2324 2955
118 120 194 158 565

117 211 151 238 et
167 203 253 237 alios
270 203 315 237 ad
333 201 498 238 timorem
515 199 601 243 Dei,
628 201 672 235 ad
687 200 791 235 fidem
808 209 841 236 et
856 199 1104 235 celebrandum

117 255 232 290 Deum
250 254 390 289 invitas.

219 306 281 341 26.
322 304 456 348 Quinta
480 302 772 337 commonefacito
797 310 863 338 est:
910 302 964 337 Ne
992 300 1105 336 honos

116 354 192 390 Deo
215 356 358 401 proprie
381 355 595 389 conveniens
621 354 799 388 tribuatur
818 354 885 388 ulli
905 354 976 393 rei,
1017 364 1105 398 quae

117 419 192 441 non
208 405 379 445 estDeus‚
403 406 499 440 iuxta
515 406 622 440 illud:
648 404 729 438 Non
746 403 892 438 habebis
908 403 1002 438 Deos
1019 404 1106 437 alie-

116 469 191 492 nos.
244 455 350 490 Item:
371 455 567 491 Dominum
576 456 692 491 Deum
707 463 807 489 tuum
826 456 1000 496 adorabis,
1025 461 1057 488 et
1074 454 1105 486 ei

116 508 180 540 soli
209 507 347 543 servies.
418 507 563 541 Tribuit
589 513 706 540 autem
740 506 916 541 invocatio
950 504 1103 540 absentis

113 558 407 603 omnipotentiam
423 559 485 600 iis,
511 558 572 603 qui
588 558 810 592 invocantur.

219 608 339 652 Quare
357 607 521 644 homines
535 607 667 642 mortui
690 619 916 653 nequaquam
939 613 1022 641 sunt
1046 606 1103 638 in-

116 660 280 695 vocandi.

217 709 278 746 27.
314 710 467 744 Memini
489 709 741 746 Reverendum
764 708 809 743 D.
830 706 1027 743 Lutherum
1049 707 1105 740 di-

116 771 209 794 cere:
236 760 275 795 Si
298 762 398 795 nulla
423 762 492 796 alia
516 773 619 796 causa
641 767 729 795 esset
753 759 936 793 execrandi
961 759 1101 791 invoca-

114 812 247 845 tionem
264 818 505 854 mortuorum,
533 811 624 846 hanc
646 824 752 847 unam
776 811 859 844 satis
884 821 1047 853 magnam
1072 814 1105 841 et

115 873 255 904 gravem
272 874 412 897 causam
430 875 521 905 esse,
548 876 610 898 cur
625 864 703 907 piae
720 868 853 895 mentes
870 861 973 894 valde
989 859 1104 893 odisse

120 919 154 946 et
177 913 342 947 detestari
366 926 445 947 eum
471 915 579 947 ritum
597 915 764 952 debeant,
793 912 887 956 quod
904 909 1104 944 obscuravit

116 970 363 1007 argumentum
394 966 438 997 de
463 964 614 998 Messiae
639 963 826 996 divinitate
851 973 952 1005 saepe
975 960 1106 1004 repeti-

117 1020 191 1047 tum
217 1014 255 1047 in
282 1012 481 1058 Prophetis.
547 1013 637 1048 Cum
663 1014 785 1047 iubent
809 1011 976 1046 Messiam
1001 1012 1105 1044 invo-

115 1075 214 1104 care,
256 1065 455 1108 significant
477 1065 756 1109 omnipotentem
782 1070 816 1097 et
843 1070 969 1097 natura
990 1061 1106 1097 Deum

113 1125 198 1150 esse.

218 1168 283 1202 28.
317 1165 505 1200 Horrenda
531 1167 659 1199 scelera
683 1171 785 1205 sunt,
811 1164 1003 1210 pugnantia
1028 1176 1106 1197 cum

115 1217 231 1260 primo
248 1224 434 1262 praecepto
446 1244 455 1259 ,
481 1218 610 1260 fingere
628 1216 788 1257 numina,
816 1227 905 1261 quae
922 1227 995 1248 nou
1013 1222 1106 1258 sunt,

114 1268 171 1301 vel
189 1265 317 1302 habere
340 1268 541 1312 epicuraeas
558 1268 758 1312 opiniones,
785 1267 839 1299 vel
858 1266 893 1298 in
912 1278 995 1298 vero
1013 1266 1106 1299 culta

116 1324 260 1351 externo
277 1318 351 1350 veri
366 1318 452 1355 Dei,
478 1325 517 1348 ut
540 1319 577 1347 in
604 1317 828 1350 invocatione
853 1317 927 1350 veri
943 1315 1029 1357 Dei,
1052 1328 1108 1348 re-

117 1367 231 1399 tinere
247 1365 492 1400 diffidentiam.
528 1364 624 1407 Quid
644 1366 751 1408 petis,
778 1378 857 1396 cum
874 1365 969 1400 Deus
985 1373 1017 1400 te
1035 1378 1107 1399 non

118 1417 282 1460 recipiat,
307 1423 340 1449 te
357 1428 430 1448 non
453 1415 641 1448 exaudiat?
667 1414 721 1447 vel
751 1415 881 1457 fingere
906 1414 1020 1447 cultus
1042 1426 1109 1446 no-

117 1477 198 1507 vos,
224 1466 360 1499 etiarnsi
378 1466 528 1500 intentio
550 1472 618 1506 est,
641 1465 732 1497 velle
753 1476 833 1497 vere
848 1463 922 1497 Deo
941 1465 1026 1498 tales
1043 1462 1109 1496 lio-

81 1542 84 1546 .
118 1527 222 1551 nores
239 1516 407 1550 tribuere.
459 1513 506 1549 Et
525 1515 638 1548 maior
662 1514 821 1557 impietas
846 1521 912 1552 est,
942 1526 1020 1547 cum
1046 1515 1108 1547 ad-

118 1569 216 1601 ditur
237 1566 416 1612 persuasio
442 1566 485 1599 de
509 1565 636 1600 merito
660 1571 721 1598 aut
744 1564 961 1608 placatione,
992 1571 1031 1598 ut
1049 1564 1108 1598 lu-

118 1618 197 1652 daei
232 1617 461 1651 cumulabant
493 1616 680 1654 sacrificia,
729 1615 929 1648 condebant
963 1615 1107 1648 excelsa.

120 1669 179 1702 Sic
202 1674 281 1702 vota
305 1665 561 1701 monachorum
584 1666 673 1699 facta
695 1672 797 1706 sunt,
825 1665 879 1698 vel
904 1677 984 1698 cum
1010 1665 1108 1706 sigua

122 1725 309 1752 vertuntur
326 1718 363 1750 in
378 1716 489 1758 Deos,
515 1724 554 1750 ut
568 1716 693 1750 Persae
712 1717 827 1760 ignem
854 1715 1015 1750 sacrificii
1041 1716 1109 1748 fin-

122 1770 252 1813 gebant
266 1779 337 1802 esse
354 1768 470 1812 ipsum
488 1766 616 1802 Deum.
976 1767 984 1771 ’

222 1820 284 1855 29.
319 1817 503 1853 Caeterum
529 1819 671 1863 prodest
687 1818 906 1851 narrationes
923 1829 1002 1850 vere
1023 1817 1109 1850 scri-

120 1878 196 1915 ptas
221 1871 264 1904 de
287 1870 433 1910 sanctis,
473 1876 506 1903 et
530 1869 672 1914 quidem
707 1869 909 1903 continuam
934 1866 1110 1902 Ecclesiae

121 1920 305 1956 historiam
323 1921 490 1954 omnibus
508 1928 627 1954 notam
647 1931 736 1960 csse,
765 1927 798 1953 et
818 1931 919 1963 saepe
939 1919 1110 1951 multum-

123 1984 190 2017 que
208 1971 364 2015 cogitari.
418 1971 576 2004 Primum
596 1977 634 2004 ut
653 1971 846 2008 discamus,
875 1970 1053 2015 quomodo
1073 1981 1107 2002 se

122 2021 216 2057 Deos
232 2022 444 2066 patefecerit,
468 2029 501 2055 et
520 2033 581 2065 per
596 2032 684 2066 quos
701 2022 886 2055 tradiderit
900 2020 1112 2060 doctrinam,

124 2081 158 2108 ct
175 2085 265 2119 quae
283 2072 460 2114 doctrina,
488 2085 557 2118 quo
576 2072 720 2111 ordine,
747 2072 877 2116 quibus
901 2071 1113 2104 testimoniis

123 2124 250 2158 tradita
268 2124 324 2158 sit.
367 2122 505 2156 Deinde
530 2129 569 2155 ut
593 2121 721 2164 gratias
737 2133 880 2165 agamus
896 2121 990 2162 Deo,
1017 2122 1111 2165 quod

123 2187 158 2209 se
193 2174 373 2219 patefecit,
412 2174 505 2219 quod
540 2178 708 2217 perpetuo
741 2173 875 2216 colligit
907 2170 1114 2214 Ecclesiam,

124 2226 219 2272 quod
264 2224 426 2258 excitavit
463 2225 623 2257 doctores
661 2230 693 2257 et
727 2225 888 2257 custodes
921 2223 1115 2265 doctrinae,

125 2277 220 2322 quod
244 2287 342 2310 suam
367 2276 599 2320 praesentiam
623 2274 659 2306 in
683 2271 838 2307 Ecclesia
866 2273 1021 2308 ostendit
1046 2274 1109 2306 mi-

125 2327 246 2361 randis
262 2326 531 2360 liberationibus
544 2353 552 2367 ,
578 2325 673 2371 quod
693 2325 983 2369 pulcerrimarum
1001 2325 1110 2359 virtu-

127 2386 202 2413 tum
231 2377 387 2420 exempla
419 2377 455 2410 in
487 2377 615 2410 sanctis
648 2377 841 2420 proposuit.
910 2375 1114 2409 Videndum

128 2429 233 2464 etiam
258 2427 342 2473 quid
370 2428 518 2474 quisquc
541 2427 719 2468 docuerit,
760 2428 939 2472 quomodo
968 2427 1115 2460 invoca-

128 2480 224 2515 tione
247 2490 309 2512 sua
334 2485 367 2512 et
390 2479 608 2512 consessione
630 2489 695 2511 nos
721 2478 914 2513 confirmet.
965 2476 1035 2510 Pro
1062 2475 1116 2511 his

129 2531 232 2564 donis
254 2528 330 2563 Deo
356 2530 510 2572 agendae
535 2536 619 2564 sunt
638 2529 786 2573 gratiae,
825 2535 859 2562 et
883 2529 1073 2573 petendum
1098 2540 1116 2562 a

129 2579 226 2622 Deo,
250 2587 290 2614 ut
305 2591 370 2614 nos
385 2592 524 2625 quoque
538 2581 586 2615 sic
609 2586 704 2623 regat
728 2586 761 2614 ct
785 2580 898 2620 iuvet,
930 2585 964 2612 et
988 2579 1117 2612 confir—

131 2637 274 2665 mentur
289 2631 328 2664 in
344 2630 447 2664 nobis
462 2630 582 2673 Fides,
607 2630 713 2676 Spes,
739 2631 944 2670 tolerantia,
973 2630 1116 2663 illorum

131 2681 292 2716 doctrina
320 2688 354 2716 et
383 2682 559 2727 exemplis.
626 2681 810 2717 Imitemur
839 2688 872 2716 et
898 2681 1118 2726 diligentiam

759 112 1021 151 P111L1PP1
1055 109 1507 151 MELANTHONIS.

2074 121 2148 159 566

1159 209 1280 232 eorum
1305 198 1344 232 in
1367 210 1429 232 sua
1456 198 1604 244 quisque
1626 200 1828 241 vocatione,
1868 209 1900 237 et
1927 202 1965 236 in
1988 207 2149 248 regendis

1159 249 1330 285 moribus.
1382 248 1565 283 Laudetur
1588 257 1621 284 et
1644 251 1681 284 in
1707 251 1792 295 ipsis
1816 250 1899 287 haec
1922 266 2024 294 cura,
2053 259 2149 301 quod

1159 311 1233 333 non
1256 300 1414 334 furenter
1439 300 1640 335 effuderunt
1665 302 1758 336 dona
1781 301 1868 344 Dei,
1908 306 1967 338 sed
1990 304 2065 339 Deo
2090 319 2149 341 eos

1159 351 1372 393 gubernanti
1391 351 1528 384 adsensi
1544 359 1644 393 sunt,
1667 359 1699 386 et
1723 360 1890 398 tanquam
1917 356 2148 402 obsequentes

1158 402 1307 445 remiges
1325 402 1446 436 labore
1462 413 1524 435 suo
1537 415 1678 437 cursum
1702 415 1721 437 a
1737 402 1814 438 Deo
1838 404 2024 440 incitatum
2048 409 2148 442 adiu-

1158 460 1297 487 verunt.
1354 453 1433 499 Θεῷ
1451 449 1554 492 δόξα.

1158 567 1316 614 (LXII.)
1350 570 1460 603 Alia
1497 568 1789 614 disputatio:
1821 571 1866 605 cle
1895 575 2080 619 Ecclesia,
2111 583 2146 610 e!

1154 623 1312 666 propria
1348 622 1541 655 Ecclesiae
1578 620 1774 663 doctrina,
1817 624 2066 668 respondente
2096 629 2148 662 M.

1157 672 1325 707 Iohanne
1338 670 1596 717 Aurifabro
1618 673 1886 708 Vratisluvien.
1915 676 2019 709 Anno
2039 676 2146 712 1550.

1157 724 1218 757 die
1249 722 1309 758 19.
1334 726 1435 757 Iuni.
1499 725 1629 763 (Prodiit
1660 727 1702 755 sic
1735 728 1894 766 inscripta:
1947 728 2148 768 „Disputatio

1158 775 1294 816 Magistri
1309 775 1452 806 Iohannis
1470 775 1626 805 Aurifabri
1643 775 1884 808 Vratislaviensis
1910 779 1945 808 de
1969 779 2100 810 Ecclesia
2123 790 2149 811 et

1158 829 1279 867 propria
1302 827 1450 857 Ecclesiae
1473 828 1618 857 doctrina.
1661 826 1869 869 Wi'itebergae,
1904 828 1953 860 Ex
1976 831 2052 861 offic.
2080 830 2147 864 loli,

1414 877 1510 911 Luss't.
1527 877 1569 910 Μ.
1588 877 1627 908 D.
1644 876 1702 909 L.''
1740 880 1759 909 2
1778 882 1822 920 pl.
1851 880 1895 918 8.)

1157 951 1383 993 Testimonia
1415 959 1458 991 de
1485 957 1560 991 Deo
1593 959 1704 991 multa
1735 966 1768 992 et
1798 961 1950 995 illustria
1984 964 2150 1008 impressa

1160 1018 1243 1045 sunt
1274 1017 1307 1044 et
1337 1008 1526 1043 hominum
1553 1009 1730 1042 mentibus
1757 1016 1789 1043 et
1811 1012 1966 1056 reliquae
1993 1022 2151 1055 naturae,

1161 1074 1251 1108 quae
1276 1061 1500 1094 considerare
1524 1059 1611 1092 utile
1637 1066 1697 1092 est.
1750 1059 1820 1094 Sed
1846 1074 1910 1095 nos
1933 1063 1970 1095 in
1996 1062 2151 1099 Ecclesia

1162 1113 1356 1156 singulares
1372 1110 1622 1155 patefactiones
1636 1108 1702 1143 Dei
1720 1110 1941 1154 intueamur,
1976 1121 2008 1147 et
2031 1128 2150 1149 causas

1162 1164 1443 1200 consideremus,
1486 1173 1548 1194 cur
1579 1172 1615 1194 se
1639 1159 1736 1195 Deus
1759 1159 1915 1197 humano
1939 1166 2056 1206 generi
2084 1168 2151 1199 cle-

1161 1214 1377 1248 mentissime
1394 1211 1616 1257 patefecerit,
1640 1218 1674 1245 et
1696 1224 1802 1257 quam
1826 1214 2024 1248 doctrinam
2042 1218 2152 1250 tradi-

1162 1265 1269 1305 derit,
1296 1264 1475 1310 quomodo
1491 1261 1685 1296 Ecclesiam
1703 1274 1722 1295 a
1741 1265 1885 1297 caeteris
1908 1266 2071 1308 gentibus
2100 1279 2152 1301 se-

1163 1323 1300 1360 greget,
1331 1322 1364 1348 et
1381 1326 1470 1359 quae
1487 1313 1654 1346 beneficia
1676 1314 1819 1357 propria
1837 1313 2014 1349 Ecclesiae
2033 1319 2150 1353 donet.

1264 1368 1300 1400 2.
1340 1364 1428 1398 Vult
1450 1364 1544 1397 Deus
1567 1374 1603 1395 se
1630 1364 1792 1404 agnosci,
1827 1365 1903 1398 vult
1928 1373 2051 1399 notum
2082 1380 2153 1401 esse

1163 1418 1295 1454 silium,
1331 1415 1407 1446 vult
1430 1413 1579 1455 intelligi
1596 1424 1704 1455 genus
1722 1411 1916 1448 humanum
1935 1428 2008 1450 non
2025 1418 2153 1453 frustra

1163 1465 1345 1498 conditum
1364 1474 1454 1503 esse,
1481 1474 1545 1495 nec
1564 1469 1701 1495 tantum
1719 1465 1762 1496 ad
1780 1462 1841 1497 has
1862 1466 2020 1500 miserias
2046 1471 2154 1509 nasci,

1163 1515 1221 1548 sed
1240 1513 1357 1556 colligi
1373 1511 1565 1545 Ecclesiam
1584 1512 1641 1545 cui
1659 1513 1695 1544 in
1715 1514 1813 1548 omni
1832 1517 2036 1551 aeternitate
2059 1532 2155 1553 com-

1163 1565 1318 1598 municet
1361 1575 1459 1596 suam
1494 1563 1700 1598 bonitatem.
1774 1563 1927 1610 Ideoque
1956 1568 2154 1602 doctrinam

1163 1626 1269 1660 quam
1294 1614 1464 1651 tradidit,
1506 1613 1582 1646 vult
1608 1614 1767 1646 exaudiri
1795 1626 1814 1647 a
1838 1621 1911 1650 toto
1939 1628 2064 1660 genere
2089 1618 2156 1654 hu-

1167 1677 1285 1700 mane.

1267 1717 1300 1750 3.
1360 1713 1507 1759 Semper
1543 1714 1651 1757 igitur
1686 1721 1872 1760 postquam
1911 1721 2038 1764 recepti
2076 1730 2154 1756 sunt

1164 1766 1279 1801 Adam
1307 1773 1339 1799 et
1358 1764 1477 1806 lleva,
1498 1765 1587 1805 suit,
1615 1772 1683 1805 est,
1710 1772 1743 1799 et
1769 1767 1836 1800 crit
1860 1768 1977 1814 aliqua
2004 1771 2155 1806 visibilis

1164 1817 1339 1857 Ecclesia,
1373 1816 1538 1850 distincta
1560 1828 1577 1849 a
1604 1816 1740 1861 reliqua
1765 1818 1994 1853 multitudine
2019 1825 2155 1865 generis

1166 1866 1332 1908 humani,
1374 1879 1458 1900 voce
1482 1865 1668 1909 Evangelii
1693 1874 1726 1901 et
1752 1866 2005 1911 Sacramenfis,
2044 1875 2156 1907 conti-

1166 1931 1253 1952 nens
1268 1925 1403 1951 coetum
1423 1924 1513 1951 recte
1532 1924 1740 1951 sentientem
1757 1925 1788 1951 et
1805 1927 1896 1953 recte
1921 1922 2155 1962 invocantem,

1166 1970 1251 2003 alias
1267 1969 1455 2009 maiorem,
1479 1968 1565 2001 alias
1581 1968 1770 2002 minorem.
1823 1969 1922 2004 Sicut
1943 1972 1979 2004 in
1997 1975 2155 2011 svmbolo

1166 2021 1382 2054 affirmamus
1406 2030 1470 2052 nos
1495 2019 1656 2059 credere,
1686 2030 1758 2052 esse
1784 2027 1939 2054 sanctam
1963 2013 2156 2058 Ecclesiam

1167 2069 1389 2105 catholicam.

1268 2120 1303 2154 4.
1338 2120 1408 2153 Nec
1426 2120 1652 2164 cogitandum
1669 2128 1731 2163 est,
1746 2119 1939 2155 Ecclesiam
1955 2135 2025 2157 esse
2042 2125 2156 2159 ideam

1168 2172 1406 2212 Platonicam,
1434 2172 1469 2203 id
1494 2179 1562 2211 est,
1591 2178 1748 2211 coetum,
1778 2172 1838 2218 qui
1859 2184 2031 2218 nusquam
2051 2177 2158 2213 cerni,

1168 2230 1201 2257 et
1223 2234 1396 2268 nusquam
1421 2222 1536 2256 audiri
1567 2223 1688 2266 possit.
1754 2221 1980 2267 Conspicitur
2006 2226 2100 2259 enim
2127 2235 2156 2260 et

1169 2275 1283 2308 audiri
1308 2274 1541 2307 ministerium
1560 2279 1715 2317 oportet,
1743 2278 1775 2305 et
1791 2274 1948 2307 exaudiri
1968 2277 2159 2310 consessio—

1168 2337 1248 2358 nem
1261 2353 1269 2366 ,
1294 2326 1383 2357 sicut
1399 2323 1424 2369 ¹)
1441 2324 1608 2367 scriptum
1627 2328 1693 2356 est:
1722 2321 1764 2355 111
1783 2335 1923 2357 omnem
1942 2332 2070 2360 terram
2088 2329 2159 2361 exi-

1170 2377 1218 2410 vit
1237 2388 1344 2409 sonus
1365 2387 1497 2408 eorum.

1273 2425 1306 2459 5.
1340 2424 1385 2459 Et
1409 2436 1546 2468 semper
1569 2424 1664 2458 Deus
1691 2425 1884 2469 segregavit
1899 2424 2091 2462 Ecclesiam
2116 2431 2159 2462 ab

1171 2477 1249 2512 aliis
1274 2475 1478 2509 bominibus
1504 2476 1666 2509 doctrina
1691 2476 1733 2509 de
1758 2477 1906 2510 essentia
1924 2476 2011 2520 Dei,
2037 2481 2080 2512 de
2106 2492 2158 2513 rt·-

1171 2528 1349 2562 demtione
1377 2526 1514 2569 generis
1542 2524 1706 2566 humani,
1750 2533 1783 2560 et
1815 2539 1895 2561 vera
1927 2529 2160 2563 invocatione.

1173 2578 1261 2613 Item
1278 2577 1514 2611 sacramentis
1533 2577 1812 2620 significantibus
1830 2579 2008 2613 decretum
2025 2581 2159 2613 redem—

1208 2694 1232 2726 1)
1253 2693 1333 2722 Pcuc.
1349 2692 1448 2719 edidit:
1467 2691 1683 2724 consessionem.
1705 2691 1768 2725 5103
1787 2692 1925 2719 mendose.

1471 2728 1559 2765 36*
