2324 2955
109 99 181 133 813
802 96 828 130 1.

110 181 310 217 Phocenses
327 188 359 215 et
376 180 568 215 Locrenses
584 180 820 216 dirimeretur.
875 180 996 214 Postea
1015 192 1094 213 cum

111 231 276 266 Thebani
295 232 466 265 auxilium
488 238 666 276 peterent,
694 230 942 277 Thrasybulus
961 243 1096 264 memor

111 282 272 317 beneficii
293 280 545 315 Thebanorum
570 293 693 315 suasor
716 289 786 323 est,
814 289 853 316 ut
876 283 1095 322 iuvarentur,

111 341 146 368 et
164 334 334 366 accedunt
352 333 480 365 auxilia
497 332 646 365 aliarum
665 333 859 368 civitatum.
906 331 956 366 lta
974 343 1094 365 rursus

112 384 150 417 in
163 382 310 417 Graecia
329 395 369 415 ex
387 383 455 415 levi
474 394 574 415 cansa
593 383 716 426 ingens
736 383 885 424 bellum,
907 390 939 417 et
956 382 1094 416 exitiale

109 433 416 471 Lacedaemoniis,
444 440 560 466 ortum
586 440 646 467 est.
701 433 811 468 Duxit
834 440 970 478 partem
996 444 1092 466 exer-

109 484 198 518 citus
214 483 379 517 Laconici
396 483 587 529 Lysander.
641 483 674 516 Is
691 484 728 516 in
745 484 1006 527 oppugnatione
1015 482 1091 516 Ha-

108 534 203 567 liarti
215 561 224 575 ,
251 534 517 578 erumpentibus
534 532 716 568 Thebanis
732 541 826 567 extra
844 535 1027 579 oppidum,
1054 534 1092 566 in

107 596 225 629 pugna
248 584 452 618 interfectus
479 591 541 618 est.
603 583 671 617 Hic
694 585 806 618 exitus
831 592 881 618 est
906 584 1092 630 Lysandri,

109 635 172 680 qui
189 632 347 668 Athenas
371 641 547 678 coeperat,
574 635 673 668 cuius
689 635 818 669 virtute
835 634 1001 679 Spartani
1023 634 1091 666 im-
1117 639 1119 654 ¹

108 684 208 728 perio
231 685 335 729 potiti
357 685 507 718 fuerant.
572 683 642 718 Sed
668 686 870 730 superbiam
896 696 1008 730 poena
1037 695 1091 717 se-

110 741 219 780 quuta
236 741 297 770 est.
350 734 527 770 Scribitur
542 736 657 777 enim,
685 734 768 770 huic
793 735 906 781 primo
930 734 1089 769 omnium

881 93 1173 132 CIIRONlCON
1201 94 1442 133 CARIONIS.

115 783 335 819 Graecorum
353 786 494 819 divinos
510 783 663 819 honores
680 784 820 820 habitos
834 797 918 820 esse.

212 833 324 870 Erant
345 843 461 870 autem
479 844 549 870 tam
575 837 656 870 laeti
681 848 857 870 successus
875 835 1029 879 Agesilai
1053 835 1089 867 in

108 883 193 919 Asia
205 912 213 925 ‚
240 893 280 920 ut
296 887 484 930 procedere
501 887 538 920 in
557 899 704 930 regnum
714 887 893 920 Persicum
911 886 1089 929 cogitaret.

108 934 179 970 Sed
198 935 364 979 Spartani
389 942 563 969 crescente
581 938 737 979 potentia
756 935 1010 968 Thebanorum
1033 946 1089 967 re·
1115 931 1118 940 ’

109 992 236 1019 vocant
261 997 359 1027 eum,
385 986 488 1019 missa
511 985 663 1030 Scytala.
714 984 782 1018 Hic
805 992 901 1019 tanta
923 985 990 1018 fuit
1011 996 1090 1018 mo-

109 1035 219 1068 destia
236 1033 409 1078 Agesilai,
432 1042 471 1069 ut
495 1035 614 1069 relicta
632 1036 785 1068 maxima
809 1047 869 1079 spe
892 1035 1087 1079 occupandi

106 1083 287 1119 Persicum
314 1085 521 1130 imperium,
561 1098 642 1119 mox
676 1086 714 1118 in
749 1086 899 1130 patriam
933 1085 1117 1124 redierit„

108 1133 195 1168 haec
226 1136 397 1169 modestia
421 1136 459 1168 in
483 1142 580 1169 tanta
604 1136 759 1179 potentia
783 1136 830 1168 ita
854 1136 1088 1180 praedicatur,

109 1192 150 1219 ut
182 1185 286 1229 longe
320 1186 488 1219 omnibus
523 1186 633 1229 ipsius
668 1186 825 1220 victoriis
860 1186 1088 1220 anteferatur.
1115 1195 1116 1206 ¹

108 1234 225 1269 Tanta
243 1242 358 1269 autem
377 1236 444 1270 suit
466 1237 508 1269 de
532 1237 606 1269 eius
632 1236 789 1276 iusticia,
823 1236 1033 1270 fortitudine
1056 1242 1089 1269 et
1114 1228 1117 1267 i

108 1286 280 1319 modestia
311 1286 453 1331 opinio,
491 1293 530 1320 ut
552 1286 822 1320 Lacedaemonii
849 1299 1025 1320 summurn
1057 1286 1089 1319 ei

107 1335 296 1379 imperium
328 1341 361 1368 et
391 1337 580 1368 exercitum
612 1337 650 1369 in
686 1344 798 1375 terra,
839 1343 872 1368 et
903 1338 1027 1370 classes
1051 1337 1088 1369 in

108 1384 217 1426 mari,
245 1385 579 1419 commendaverint.
632 1384 679 1420 Et
695 1383 1089 1432 scribitTheopompns,
1115 1378 1117 1399 ³

106 1435 213 1468 fuisse
229 1447 307 1468 eum
325 1447 501 1468 summum
519 1436 634 1468 virum
653 1448 734 1469 suae
751 1437 882 1471 aetatis.

209 1483 300 1519 Cum
317 1492 432 1519 autem
447 1486 484 1518 in
503 1484 586 1519 Asia
607 1486 761 1519 triennio
780 1487 918 1526 suisset,
944 1493 977 1520 et
995 1486 1090 1519 mul-

108 1543 160 1570 tas
184 1536 290 1569 urbes
313 1535 428 1569 Persis
455 1543 609 1580 ereptas,
652 1537 801 1580 imperio
824 1536 1001 1570 Laconico
1027 1537 1090 1569 ad-

108 1586 262 1625 iecisset,
306 1592 340 1620 et
364 1586 467 1619 sociis
496 1586 585 1620 iuste
610 1593 644 1620 et
666 1588 846 1620 moderate
874 1588 1090 1631 imperasset,

107 1636 289 1670 discedens
307 1636 449 1681 reliquit
466 1636 519 1668 sui
535 1637 723 1670 dissimiles
735 1664 744 1677 ‚
770 1648 896 1671 avaros
916 1644 947 1668 et
964 1638 1091 1667 crude-
1116 1633 1117 1644 ¹

108 1687 159 1719 les
181 1685 400 1719 Harmostas.
459 1684 570 1718 Classi
591 1692 707 1719 autem
732 1686 942 1730 praefecerat
965 1684 1089 1718 Pisan-

110 1737 215 1770 drum
234 1735 353 1768 uxoris
375 1735 530 1770 fratrem.

212 1783 300 1819 Erat
323 1797 363 1818 eo
391 1792 548 1830 tempore
571 1779 721 1824 Conon,
759 1786 839 1818 exul
861 1783 1090 1820 Atheniensis
1116 1806 1117 1819 t

108 1836 201 1881 apud
212 1833 408 1880 Evagoram
426 1848 544 1878 regem
562 1835 689 1880 Cypri,
717 1835 779 1879 qui
796 1847 875 1868 cum
893 1842 970 1869 octo
990 1836 1091 1868 navi-

109 1889 176 1922 bus
192 1887 327 1930 fugerat
345 1898 385 1919 ex
403 1897 520 1930 pugna
542 1886 584 1918 ad
603 1885 719 1928 Aegos
737 1884 913 1918 Potamos.
965 1884 1034 1918 Hic
1058 1892 1091 1919 et

109 1936 292 1981 Evagorae
315 1943 345 1970 et
370 1936 460 1979 regis
477 1935 609 1969 Persici
633 1935 779 1979 pecunia
804 1943 838 1969 et
861 1936 1009 1969 navibus
1034 1936 1092 1968 in-

108 1994 277 2028 structus,
319 1987 473 2020 mittitur
505 1993 627 2019 contra
656 1985 971 2027 Lacedaemonios,
1011 1999 1088 2019 cum
1115 1999 1118 2014 ι

109 2038 233 2071 Persae
251 2037 410 2071 viderent
430 2037 579 2070 nimium
597 2048 750 2070 crescere
771 2038 962 2080 potentiam
980 2036 1091 2070 Laco-
1116 2025 1119 2066 l

109 2088 225 2122 nicam
250 2088 286 2120 in
310 2087 405 2122 Asia.
472 2086 539 2120 llic
562 2085 688 2120 Conon
721 2099 847 2130 magno
883 2087 1015 2131 praelio
1047 2088 1089 2120 ad

108 2137 262 2173 Cnidum
296 2138 379 2172 vicit
409 2137 620 2172 Laconicam
652 2138 812 2179 classem,
854 2145 887 2172 et
920 2137 1091 2171 interfecit

109 2188 334 2224 Pisandrum.
406 2187 482 2222 Hac
519 2188 616 2221 clade
651 2195 788 2232 accepta
820 2188 1091 2224 Lacedaemonii

111 2240 233 2273 rursus
262 2239 370 2272 maris
400 2238 587 2284 imperium
617 2239 830 2280 amiserunt,
865 2246 897 2273 et
923 2239 1090 2284 paulatim

112 2290 293 2324 civitatum
311 2289 457 2323 desectio
475 2296 619 2334 sequuta
640 2296 700 2323 est.

214 2338 309 2373 Haec
326 2340 442 2373 clades
461 2340 672 2373 denunciata
701 2346 750 2372 est
764 2338 925 2382 Agesilao
953 2339 989 2371 in
1017 2339 1091 2383 ipso
1116 2367 1120 2377 ,

1119 2424 1120 2430 ¹
1145 2388 1272 2421 celebri
1309 2389 1543 2432 appellatione
1576 2390 1782 2423 nominatur
1808 2391 1878 2426 Pax
1906 2395 2124 2434 Antalcitlae.

114 2441 152 2473 in
176 2438 359 2473 Boeotiam
386 2440 423 2474 in
449 2442 522 2486 ipsa
545 2440 638 2475 Solis
664 2441 783 2484 eclipsi
809 2441 1022 2484 pervenisset
1049 2440 1091 2472 ad
1120 2473 1121 2484 ¹

114 2491 237 2525 urbem
254 2488 469 2532 Coroneam,
495 2503 573 2524 cnm
591 2488 772 2524 Thebanis
791 2497 821 2523 ct
844 2502 966 2523 eornm
991 2490 1094 2522 sociis

111 2389 228 2424 reditu
241 2416 249 2430 ‚
277 2395 310 2423 et
327 2391 368 2423 ad
386 2388 476 2424 hanc
492 2391 558 2423 alia
575 2390 690 2423 clades
705 2390 856 2425 accessit.
890 2388 980 2422 Cum
999 2390 1091 2421 enim

115 2540 286 2574 dimicans
313 2541 516 2576 vulneratus
538 2547 598 2576 est.
661 2539 713 2574 Ac
735 2542 856 2574 scribit
882 2538 1094 2583 Xenophon,

116 2598 186 2625 tam
204 2602 281 2624 acre
296 2591 466 2635 praelium
482 2592 604 2632 fuisse,
631 2599 670 2625 nt
695 2592 833 2625 nullum
857 2603 919 2624 suo
939 2598 1094 2634 tempore

116 2641 223 2675 suerit
239 2641 364 2678 acrius.

1115 1133 1118 1167 ἶ
1141 1131 1388 1167 honestissimo
1414 1134 1615 1168 testimonio
1639 1144 1740 1170 ornat
1767 1137 1966 1182 Xenophon
1993 1143 2053 1177 lili.
2071 1145 2092 1177 4

1116 1691 1117 1695 ’
1142 1681 1269 1716 Conon
1287 1684 1365 1718 suit.

1120 2586 1122 2623 l
1148 2589 1263 2622 conati
1281 2595 1371 2621 suut.

417 2639 470 2676 Ex
495 2653 535 2675 eo
558 2642 689 2686 praelio
714 2654 792 2676 cum
818 2642 919 2675 multi
947 2642 981 2673 in
1008 2648 1094 2674 tem·
1120 2675 1124 2686 ι

2067 108 2138 142 814

1149 180 1246 223 plum
1272 181 1427 214 vicinum
1452 182 1637 225 fugissent,
1670 184 1769 219 iussit
1793 187 1888 231 parci
1914 190 2064 233 templo,
2100 202 2129 227 et

1150 230 1279 264 dimitti
1313 232 1508 265 incolumes
1539 245 1678 275 omnes,
1722 237 1783 280 qni
1815 249 1853 270 eo
1889 240 2129 283 confugerant,

1121 272 1123 295 ³
1148 279 1326 314 Concessit
1346 289 1377 316 et
1394 280 1576 317 Thebanis
1603 287 1800 328 petentibus
1826 290 1993 323 cadavera
2020 293 2127 328 inter-

1121 336 1123 350 '=
1147 330 1317 364 sectorum
1337 333 1379 365 ad
1401 334 1627 376 sepulturam.
1672 335 1772 369 Adeo
1793 350 1863 370 non
1881 339 2027 376 indulsit
2045 345 2126 386 irae,

1150 393 1351 426 quanquam
1371 383 1573 417 vulneratus
1594 392 1678 418 erat.

1249 431 1322 465 lam
1348 445 1430 465 vero
1452 434 1487 465 in
1507 433 1590 467 Asia
1617 435 1845 470 inclinatione
1868 439 1955 473 facta
1974 441 2125 477 Laconi-

1146 493 1204 514 cae
1225 483 1421 526 potentiae,
1456 484 1560 517 rediit
1583 482 1740 519 Athenas
1764 485 1908 530 Conon,
1942 499 1971 525 et
1994 496 2124 535 patriae

1146 532 1282 566 donans
1317 533 1572 578 quinquaginta
1609 535 1758 577 talenta,
1801 538 1834 570 id
1867 546 1935 580 est,
1980 543 2121 585 triginta

1118 599 1121 608 ι
1144 582 1254 616 millia
1271 590 1538 625 coronatorum,
1566 597 1685 618 muros
1710 598 1747 619 ea
1772 590 1919 630 pecunia
1944 592 2037 624 refici
2063 607 2123 628 cu-

1143 633 1252 671 ravit,
1290 645 1310 666 a
1331 633 1515 678 Lysandro
1539 647 1688 671 eversos.
1755 636 1806 671 Ita
1829 635 2067 686 Thrasybuli
2090 654 2122 678 et

1143 678 1306 716 Cononis
1331 685 1459 719 virtute
1484 685 1651 729 paulatim
1667 684 1827 721 Athenae
1851 701 1972 724 rursus
1993 702 2123 728 erectae

1143 740 1234 766 sunt.
1295 733 1367 768 Nec
1396 735 1509 768 multo
1542 741 1620 778 post
1648 737 1801 770 reditum
1825 737 2000 780 Cononis,
2044 756 2123 777 cum

1142 782 1411 817 Lacedaemonii
1454 785 1595 818 classem
1641 795 1861 832 repararent,
1916 792 2040 826 missus
2074 803 2123 829 est

1143 831 1388 878 Thrasybulus
1408 836 1449 867 ad
1470 835 1710 879 impediendos
1722 837 2035 882 Lacedaemonios,
2062 846 2122 889 qui

1116 909 1117 917 ,
1142 882 1351 919 Byzantium
1371 885 1521 928 recepit,
1551 892 1582 918 et
1603 898 1656 918 res
1674 888 1800 921 multas
1819 890 1990 925 foeliciter
2008 895 2121 935 gessit.

1143 932 1212 966 Sed
1239 945 1317 965 cum
1345 936 1388 966 ad
1406 932 1611 977 Aspendum
1636 937 1766 970 milites
1789 939 1863 972 eius
1889 944 2045 985 populati
2069 957 2122 977 es-

1142 990 1219 1017 sent
1241 994 1359 1026 agros,
1400 984 1571 1027 Aspendii
1605 985 1730 1019 irritati
1763 995 1867 1021 noctu
1900 1002 2122 1036 erumpentes

1141 1033 1259 1066 subito
1280 1034 1435 1066 tumultu
1463 1040 1496 1066 et
1520 1032 1784 1079 Thrasybulum
1810 1038 1845 1070 in
1873 1051 1934 1073 suo
1960 1046 2123 1084 tentorio,

1142 1090 1175 1117 et
1195 1084 1324 1116 milites
1340 1084 1475 1129 aliquot
1491 1084 1752 1121 interfecerunt.
1794 1086 1900 1122 Hunc
1918 1092 2035 1131 brevi,
2063 1096 2121 1128 sed

1145 1181 1409 1229 Θρασύρόυλος
1431 1183 1499 1229 μέν
1524 1198 1580 1219 τοι
1601 1183 1701 1229 μάλα
1720 1185 1842 1223 δοκῶν
1861 1189 1956 1237 ἀνὴρ
1976 1191 2122 1240 ἀγαθὸς

1141 1232 1252 1276 εἶναι,
1288 1233 1405 1273 οὕτως
1429 1233 1667 1281 ἐῑελέυτησεν.

1246 1284 1291 1319 Ut
1324 1293 1438 1319 autem
1460 1286 1730 1320 Lacedaemonii
1762 1301 1881 1324 rursus
1912 1302 2122 1329 crescentem

1141 1336 1334 1378 potentiam
1351 1333 1622 1370 Atheniensium
1647 1344 1680 1371 et
1701 1339 1924 1374 resectionem
1941 1356 2123 1379 murorum

1142 1385 1373 1428 impedirent,
1407 1392 1568 1419 accusant
1593 1386 1747 1420 Atticam
1771 1389 1965 1431 civitatem,
2003 1402 2033 1428 et
2058 1408 2123 1429 no-

1142 1435 1303 1468 minatiin
1319 1434 1502 1468 Cononem
1527 1437 1620 1480 apud
1636 1437 1840 1472 Tiribazum
1866 1443 1989 1475 ducem
2009 1445 2124 1479 Persi-

1143 1497 1241 1525 cum,
1287 1496 1325 1518 ac
1357 1492 1521 1526 monent,
1561 1487 1794 1529 periculosam
1825 1491 1899 1524 sore
1929 1497 2122 1537 potentiam

1141 1533 1416 1569 Atheniensium
1438 1547 1545 1579 regno
1565 1535 1722 1577 Persico,
1758 1543 1959 1580 praesertim
1987 1557 2065 1578 cum
2090 1555 2123 1581 et

1116 1623 1117 1627 Ἰ
1142 1583 1339 1627 Evagoram
1349 1585 1473 1619 Persae
1490 1593 1695 1623 metuerent.
1731 1588 1880 1624 Mittunt
1897 1593 2003 1635 igitur
2013 1594 2122 1629 Athe-

1143 1647 1208 1668 nae
1223 1636 1370 1676 Legatos
1386 1637 1428 1666 ad
1446 1635 1651 1668 Tirihazum
1668 1639 1888 1680 placandum.
1945 1642 1984 1676 ln
2012 1642 2063 1678 his
2090 1655 2122 1681 et

1419 1683 1524 1717 Ilunc
1542 1684 1727 1720 Tiribazus
1746 1697 1865 1723 contra
1890 1692 1943 1726 ius
1966 1697 2122 1736 gentium

1144 1740 1281 1778 captum
1300 1734 1336 1768 in
1350 1733 1505 1767 Persiam
1522 1736 1633 1776 ducit,
1660 1738 1720 1770 ubi
1738 1738 1773 1771 in
1791 1752 1925 1775 carcere
1943 1755 2001 1777 seu
2021 1758 2123 1779 neca-

1143 1791 1200 1817 tus
1224 1792 1293 1823 est,
1322 1796 1381 1817 seu
1401 1786 1534 1818 morbis
1560 1787 1743 1822 extinctus.
1796 1788 1990 1827 Accusator
2007 1804 2122 1830 autem

1143 1834 1254 1868 suerat
1271 1834 1498 1876 Antalcidas,
1525 1836 1719 1880 Spartanus
1739 1840 1883 1883 legatus.
1938 1843 1970 1876 Is
1996 1846 2122 1880 deinde

1117 1894 1119 1927 g
1143 1896 1161 1917 a
1179 1896 1256 1927 rege
1272 1884 1412 1918 Persico
1424 1913 1432 1926 ‚
1460 1886 1541 1930 quia
1559 1887 1651 1920 bello
1665 1887 1837 1924 Thebano
1852 1891 2123 1930 Lacedaemonii

1145 1935 1294 1978 impares
1311 1943 1428 1977 erant,
1457 1936 1658 1980 impetravit
1683 1939 1853 1982 edictum,
1881 1954 1951 1986 quo
1977 1957 2036 1978 rex
2061 1960 2123 1990 pa-

1144 1997 1216 2017 cem
1232 1985 1377 2018 Graecis
1396 1986 1561 2019 omuibus
1575 1987 1742 2031 imperat,
1772 1998 1803 2025 et
1818 1992 1948 2026 bellum
1968 1996 2124 2031 minatur

1144 2036 1206 2075 iis,
1234 2036 1382 2080 quinon
1401 2036 1470 2069 sint
1487 2037 1773 2081 obtemperaturi.
1823 2042 1876 2076 Ac
1899 2043 2003 2077 simul
2023 2059 2123 2080 man-

1145 2087 1202 2118 dat
1227 2084 1427 2125 Thebanis,
1461 2093 1500 2120 ut
1519 2099 1614 2121 arma
1639 2089 1833 2133 deponant,
1866 2100 1898 2126 et
1923 2094 2123 2131 civitatibus

1144 2136 1328 2180 pristinam
1355 2137 1551 2170 libertatem
1577 2140 1737 2174 reddant.
1798 2141 1890 2184 Quia
1916 2156 1996 2177 vero
2015 2146 2122 2180 Lace-

1144 2187 1412 2221 (laemoniocum
1432 2188 1580 2221 consilio
1598 2186 1681 2223 haec
1703 2201 1767 2233 pax
1793 2192 1974 2235 impetrata
2001 2196 2124 2238 suerat,

1117 2271 1119 2289 ἱ
1145 2245 1177 2271 et
1195 2235 1309 2270 adhuc
1329 2249 1453 2281 magna
1473 2246 1545 2272 erat
1566 2240 1720 2283 ipsorum
1740 2243 1916 2283 potentia,
1951 2252 1983 2278 et
2000 2245 2123 2290 Agesi-

1145 2288 1189 2320 lai
1217 2289 1399 2331 praecipna
1425 2290 1611 2329 autoritas,
1652 2289 1922 2326 Lacedaemonii
1946 2306 1981 2328 se
2005 2305 2122 2331 osten-

1146 2340 1273 2371 derunt
1296 2339 1370 2371 sore
1394 2336 1499 2371 huius
1526 2338 1629 2371 edicti
1655 2340 1740 2382 regii
1769 2342 1986 2386 defensores,
2029 2351 2123 2392 qnod

1148 2438 1269 2472 lurant
1288 2439 1393 2481 igitur
1411 2438 1564 2471 Graecae
1582 2439 1738 2473 civitates
1756 2454 1897 2488 ornnes,
1933 2457 1968 2478 se
1989 2449 2124 2481 obteni-

1147 2496 1327 2533 peraturas
1353 2501 1433 2522 esse.
1502 2490 1570 2521 Sed
1595 2496 1706 2523 astute
1728 2490 1996 2529 Lacedaemonii
2022 2496 2124 2531 huius

1148 2541 1239 2584 pacis
1258 2545 1435 2582 praetextu
1451 2550 1549 2571 suam
1572 2541 1762 2582 potentiam
1782 2555 1900 2578 rursus
1920 2549 2125 2580 confirmare

1426 2588 1611 2632 Occupant
1635 2591 1756 2624 fraude
1776 2592 1964 2628 Cadmeam
1986 2597 2124 2630 Thelia-

1426 2639 1479 2672 lbi
1507 2647 1539 2674 et
1565 2641 1729 2685 ‹·0niuges
1747 2651 1777 2677 et
1795 2645 1881 2678 silias
1900 2645 2124 2681 honestorum

1452 2687 1520 2724 *52

1149 2652 1227 2672 rum
1246 2651 1371 2675 arcem.
