2324 2955
84 115 159 151 237

558 112 718 148 DECL.
753 112 826 148 DE
869 109 1150 149 ERNESTO
1184 110 1335 148 DUCE
1369 114 1609 152 BRUNSV.

2018 122 2088 154 238

84 195 340 232 controversias
366 194 622 231 haereditatum
645 204 679 231 et
701 204 943 232 contractuum
976 210 1065 242 quo—
1087 208 1091 241 5
1115 196 1267 231 ciuntur.
1308 197 1447 232 Iusticia
1465 201 1548 242 suit,
1575 214 1647 235 non
1665 201 1818 236 adimere
1835 210 2005 237 vetustam
2025 205 2090 236 im—

83 248 147 282 ties
181 247 317 291 potuit,
357 247 501 280 diremit
530 248 848 289 transactionibus,
892 249 1063 293 aequitate

79 297 247 342 utrinque
271 296 469 341 proposita,
495 304 528 331 et
551 309 699 331 monens
722 306 760 332 ut
779 299 954 342 litigantes
972 299 1059 331 mal-

78 348 153 381 lent
170 354 301 391 partem
325 347 368 379 de
391 357 453 379 suo
475 347 693 392 relinquere,
730 361 833 393 quam
853 350 955 391 longa
973 360 1060 381 con-

78 397 236 432 tentione
252 402 431 439 sumptus,
457 396 612 436 labores,
640 405 671 431 et
689 410 789 431 curas
813 399 879 431 sibi
899 399 1059 432 cumula-

78 459 134 488 re,
158 453 191 481 et
209 446 379 490 impedire
396 446 464 479 alia
480 458 541 481 sua
560 448 702 491 negocia
719 449 828 491 magis
854 448 1059 489 necessaria,

77 503 113 531 et
125 497 313 530 accendere
331 496 412 529 odia
429 497 654 538 familiarum,
681 510 768 542 quae
785 505 901 542 postea
922 499 1057 542 reipub.

77 546 273 591 perniciosa
298 546 389 586 sint,
430 547 582 592 denique
616 559 703 592 quae
730 549 832 582 etiam
861 549 1057 582 invocatio-

75 608 156 630 nem
184 595 251 630 Dei
283 596 490 640 impediant.
551 596 591 629 ln
628 596 692 631 hac
726 610 763 631 re
788 599 918 632 multos
944 610 1056 631 annos

75 647 273 681 adiutorem
302 644 425 679 habuit
451 647 674 680 excellentem
699 648 813 681 virum
838 649 1006 692 sapientia
1023 655 1055 681 et

75 696 214 731 iusticia
247 702 497 740 praestantem,
540 697 661 730 multis
691 699 795 731 bonis
827 698 1054 742 Principibus

73 744 238 787 charum,
283 743 527 779 Balthasarum
567 746 745 781 Clammer
783 748 1053 784 Cancellarium.

73 796 170 831 Utile
195 801 311 829 autem
339 807 412 829 esse
437 796 481 829 ad
502 799 874 833 commonesactionem
900 799 1051 832 aliorum

70 846 219 880 recitare
239 846 405 891 quasdam
432 846 542 890 ipsius
565 849 739 892 sapienter
755 850 920 892 cogitatas
935 856 1051 882 trans-

70 896 244 937 actiones,
278 897 336 929 sed
358 897 527 931 brevitate
551 899 719 941 temporis
742 899 933 943 impedior,
968 901 1052 932 uni-

72 958 149 980 cam
181 953 319 981 tantum
346 944 528 980 historiam
559 948 740 988 adiiciam,
774 961 879 994 quam
906 950 1051 982 audive-

70 1004 154 1031 runt
170 996 273 1030 multi
294 1008 333 1029 ex
352 997 439 1040 ipso.
475 996 661 1031 Praedium
679 1006 728 1032 est
748 999 903 1033 vicinum
919 1001 1049 1044 oppido

68 1046 204 1086 Cellae,
228 1047 324 1091 quod
343 1046 546 1080 nominatur
559 1046 774 1090 Lutherloh,
800 1049 896 1094 quod
926 1062 1050 1094 perpe-

68 1104 163 1131 tuam
182 1093 304 1129 habuit
319 1096 587 1134 immunitatem.

144 1145 234 1180 Cum
251 1153 367 1180 autem
385 1154 548 1192 quaestor
569 1149 669 1182 illum
686 1150 836 1183 fundum
854 1161 944 1183 nova
963 1162 1049 1193 pen—

68 1197 166 1231 sione
188 1203 399 1230 oneraturus
422 1205 526 1239 esset,
553 1201 684 1234 accedit
708 1200 855 1233 colonus
880 1201 923 1233 ad
941 1199 1047 1233 Priu-

67 1248 197 1292 cipem,
224 1254 343 1280 narrat
359 1247 464 1280 fuisse
485 1256 687 1292 perpetuam
712 1250 989 1288 immunitatem,
1015 1257 1049 1283 et

67 1309 205 1330 causam
221 1297 327 1336 addit,
343 1297 424 1340 quia
441 1297 478 1328 in
495 1310 535 1329 eo
553 1299 662 1344 fundo
683 1306 785 1331 natus
799 1300 843 1331 sit
859 1298 1049 1331 Lotliarius

69 1346 276 1390 Imperator,
301 1352 421 1378 narrat
437 1345 553 1387 etiam,
570 1358 604 1379 se
622 1354 655 1380 et
669 1347 818 1380 maiores
833 1360 912 1380 suos
929 1349 1048 1380 multis

67 1396 192 1431 seculis
208 1395 358 1429 tenuisse
374 1393 468 1428 hunc
484 1396 647 1436 fundum,
673 1403 706 1429 et
722 1397 960 1429 narrationem
977 1405 1047 1430 tra-

66 1447 174 1480 ditam
190 1455 262 1477 esse
277 1456 296 1476 a
312 1444 521 1482 maioribus,
544 1447 589 1478 ab
604 1447 724 1478 eadem
739 1446 846 1489 stirpe
866 1452 899 1479 et
914 1444 1045 1479 Lotha-

65 1496 155 1529 rium
183 1501 217 1528 et
248 1493 418 1526 familiam
444 1505 541 1526 suam
566 1501 660 1528 ortos
686 1506 774 1535 esse,
813 1507 851 1528 ac
876 1502 971 1535 orat,
1006 1503 1045 1528 ut

65 1541 377 1590 propter-Lotharii
394 1544 599 1577 memoriam
616 1551 765 1578 veterem
785 1545 1043 1579 immunitatem

64 1597 162 1630 locus
178 1594 253 1628 eius
274 1594 400 1628 natalis
415 1594 572 1628 retineat.
624 1595 823 1630 Delectatus
842 1593 904 1628 hac
922 1607 1045 1629 narra—

64 1647 161 1681 tione
187 1644 372 1689 Princeps,
398 1645 481 1690 quia
506 1642 714 1679 Lotharium
738 1653 881 1690 propter
905 1646 1044 1680 virtutis

63 1695 313 1742 praestantiam
329 1701 363 1729 et
378 1695 496 1739 stirpis
513 1696 618 1728 decus
635 1708 735 1740 saepe
751 1696 959 1736 celebrabat,
987 1709 1042 1729 ac-

63 1747 166 1781 cersit
185 1752 423 1791 quaestorem,
450 1746 642 1789 interrogat
658 1747 701 1780 de
719 1747 942 1780 immunitate
959 1746 1042 1780 fun-

61 1798 118 1839 di,
143 1796 241 1831 iubet
264 1803 297 1830 et
321 1795 438 1830 vocari
461 1807 560 1829 senes
583 1797 735 1837 vicinos,
762 1809 850 1842 quos
866 1804 898 1831 et
915 1797 957 1830 de
974 1797 1042 1829 im—

62 1847 253 1888 munitate,
286 1853 319 1882 et
342 1847 385 1880 de
410 1846 527 1880 coloni
553 1847 685 1881 familia
710 1848 913 1891 interrogat.
966 1846 1042 1881 Ho-

63 1910 142 1933 rum
156 1896 312 1931 narratio
327 1909 406 1931 cum
423 1905 628 1940 congrueret
645 1910 722 1932 cum
750 1898 868 1931 coloni
885 1910 1040 1932 comme-

61 1948 278 1987 moratione,
312 1947 479 1992 Princeps
510 1948 638 1986 laetus‚
669 1949 762 1994 quod
789 1949 886 1982 locus
913 1949 1040 1982 natalis

60 1997 222 2034 Lotharii
244 1997 467 2042 imperatoris
481 1998 648 2043 sapientia
663 2006 696 2033 et
714 2000 842 2033 virtute
862 2006 1040 2043 praestan-

61 2050 106 2084 tis
121 2049 189 2082 sibi
204 2055 416 2082 monstratus
433 2055 521 2089 erat,
548 2055 580 2083 et
603 2051 695 2094 quod
723 2050 859 2083 vicinus
873 2057 959 2084 esset
976 2062 1038 2082 suo

60 2099 261 2140 domicilio,
285 2110 403 2132 severe
420 2099 517 2133 iubet
532 2099 570 2132 in
585 2100 685 2133 libris
702 2099 917 2143 Quaesturae
933 2100 1039 2133 scribi

60 2157 168 2186 totam
185 2147 276 2182 hanc
294 2149 546 2188 narrationem,
574 2156 608 2184 et
624 2151 732 2192 addit,
755 2163 789 2184 se
809 2152 916 2191 velle,
942 2158 980 2184 ut
996 2151 1037 2183 ad

61 2212 201 2235 omnem
219 2199 454 2244 posteritatem
471 2198 527 2233 hic
544 2200 674 2234 fundus
689 2202 733 2235 sit
755 2201 933 2242 immunis,
955 2201 1038 2247 quia

62 2252 106 2286 sit
129 2251 226 2284 locus
250 2250 376 2284 natalis
394 2248 553 2284 Lotharii
571 2249 806 2295 Imperatoris,
860 2252 1037 2286 Colonum

59 2302 167 2335 etiam
182 2301 278 2335 iubet
294 2312 409 2334 secum
425 2303 596 2345 prandere
608 2329 617 2342 ,
648 2309 679 2335 et
697 2300 876 2344 hortatur,
902 2309 941 2336 ut
958 2315 1037 2336 cum

61 2351 281 2395 cognationis
297 2351 511 2385 mentionem
531 2352 661 2393 fecerit,
687 2352 775 2385 filios
791 2360 882 2387 recte
900 2353 1038 2386 erudiat

59 2403 102 2436 de
119 2401 193 2435 Deo
212 2408 245 2435 et
270 2401 430 2436 debonis
448 2403 622 2443 moribus,
657 2410 689 2437 et
713 2415 770 2436 eos
795 2404 838 2436 ad
870 2404 1036 2443 virtutem

60 2452 288 2491 adsuefaciat‚
316 2460 349 2486 et
374 2454 486 2486 tradat
514 2454 662 2486 fundum
688 2454 833 2497 posteris
855 2456 1037 2494 tuendum,

60 2514 95 2536 se
110 2515 250 2548 quoque
264 2502 291 2534 si
308 2503 385 2547 quis
402 2515 440 2536 ex
457 2503 536 2536 siliis
555 2504 661 2538 discet
679 2505 812 2544 literas,
839 2504 870 2537 ei
887 2517 959 2538 nou
976 2506 1037 2537 de-

59 2554 218 2587 futurum
237 2564 309 2586 esse
325 2554 496 2588 adfirmat.
537 2553 675 2587 Deinde
693 2554 885 2587 discedenti
909 2555 1035 2588 colono

60 2604 157 2636 iubet
179 2604 255 2636 dari
282 2615 418 2647 pannos
448 2605 491 2636 ad
525 2604 721 2638 vestiendos
750 2605 841 2637 filios
872 2611 905 2638 et
934 2605 1034 2638 filias.

59 2652 256 2687 Multarum
272 2654 443 2688 virtutum
461 2654 497 2687 iu
515 2652 581 2688 hoc
599 2656 756 2701 exemplo
773 2656 871 2698 signa
894 2656 1034 2700 conspi-

1115 246 1341 288 munitatem,
1369 249 1494 291 pietas,
1521 253 1715 286 reverentia
1743 254 1876 297 stirpis,
1903 261 1938 287 et
1964 266 2090 287 monu-

1114 303 1312 329 mentorum
1338 298 1569 333 laudatissimi
1586 302 1780 346 Principis,
1807 304 1968 343 comitas,
1996 306 2089 349 quod

1113 346 1334 380 familiariter
1349 360 1428 380 cum
1448 351 1573 383 colono
1599 353 1773 397 loquitur,
1800 361 1832 386 et
1859 355 2001 387 abeunti
2029 356 2089 388 dat

1112 396 1267 430 xenium.
1322 397 1415 439 Quia
1440 400 1546 441 igitur
1570 409 1602 435 et
1626 403 1736 437 iustus
1753 411 1827 437 erat
1843 411 1875 437 et
1900 405 2086 445 beneficus,

1111 446 1324 488 diligebatur
1358 460 1377 480 a
1414 449 1516 483 bonis
1550 453 1733 494 omnibus,
1767 461 1799 487 et
1835 452 1900 487 hoc
1929 455 2086 487 munitus

1110 496 1282 539 praesidio
1301 498 1535 533 formidabilis
1552 509 1625 535 erat
1641 503 1881 538 ferocioribus.
1924 503 2085 538 Omnino

1110 546 1405 588 gubernatoribus
1424 552 1588 585 omnibus
1605 563 1665 584 seu
1684 554 1849 593 summis,
1876 566 1934 587 seu
1951 555 2087 587 medio·

1108 596 1226 629 cribus
1250 609 1338 641 opus
1360 606 1410 632 est
1432 601 1534 634 sociis
1558 609 1590 635 et
1614 603 1841 635 consiliorum
1867 610 1898 636 et
1915 605 2086 639 laborum.

1106 644 1178 679 Nec
1193 658 1286 680 unus
1303 655 1363 682 aut
1380 650 1498 683 videre
1524 652 1664 693 omnio,
1689 659 1748 685 aut
1771 664 1870 695 agere
1895 660 2022 696 potest,
2048 661 2087 687 ut

1106 696 1285 730 verissime
1309 699 1441 732 dictum
1472 708 1537 734 est:
1570 704 1657 745 μιᾶς
1686 700 1760 749 γὰρ
1780 704 1901 749 χῶρος
1926 701 2087 746 (ἰσθιιη),ν

1106 743 1219 791 μάχη.
1273 747 1471 791 Singularis
1507 751 1615 794 igitur
1650 753 1819 785 foelicitas
1854 752 2086 796 Reipublicae

1105 804 1172 837 est,
1199 809 1278 830 cum
1298 797 1465 844 Princeps
1483 798 1584 836 habet
1607 802 1737 836 amicos
1753 803 1942 847 sapientes,
1967 804 2087 843 iustos,

1104 847 1366 890 magnanimos,
1393 851 1454 894 qui
1478 858 1511 884 et
1533 852 1646 895 ipsum
1672 853 1708 885 in
1730 854 1886 887 consiliis
1903 854 2010 886 multa
2030 866 2085 886 re-

1085 903 1156 930 -cte
1174 906 1339 932 moneant
1352 926 1361 940 ,
1387 908 1420 934 et
1436 902 1658 936 autoritatem
1676 904 1706 936 ei
1724 904 1760 936 in
1778 905 1908 948 populo
1927 910 2086 947 augeant,

1103 958 1141 979 ac
1158 947 1363 993 plerumque
1383 951 1503 994 quales
1520 960 1602 986 sunt
1619 953 1732 994 amici,
1749 955 1826 987 talis
1843 962 1891 989 est
1907 954 2085 997 Princeps,

1103 1004 1140 1030 ut
1157 997 1217 1030 illa
1234 999 1466 1032 vetustissima
1481 1002 1571 1035 dicta
1586 1003 1798 1045 significant:
1821 1003 1950 1048 ὅμοιον
1968 1002 2084 1048 &uolgo

1103 1045 1224 1092 ([ίλον,
1241 1054 1272 1081 et
1288 1046 1410 1083 ὁποῖαι
1425 1048 1611 1086 δέσποιναι
1628 1054 1723 1087 τοῖαι
1734 1052 1793 1087 καὶ
1810 1052 2084 1099 θεραπαινίδες.

1101 1096 1187 1131 Erat
1207 1098 1364 1141 sapiente
1379 1108 1411 1134 et
1428 1113 1554 1145 magno
1571 1102 1667 1145 Rege
1688 1104 1816 1147 dignus
1832 1104 1982 1138 Senatus
2005 1116 2083 1136 cum

1102 1149 1333 1182 consederant
1363 1149 1551 1196 Princeps,
1591 1153 1765 1187 Ascanius
1793 1153 1956 1187 Cramius
1991 1155 2084 1187 iuter

1101 1198 1264 1231 ductores
1280 1200 1494 1234 exercituum
1514 1202 1550 1235 in
1569 1202 1772 1243 Germania,
1790 1206 1996 1249 praecipuus
2013 1204 2084 1236 vir-

1100 1253 1173 1281 tute
1195 1255 1229 1282 et
1256 1251 1462 1291 autoritate,
1491 1259 1523 1285 et
1546 1254 1605 1285 alii
1635 1254 1701 1286 viri
1725 1255 1831 1288 sortes
1851 1261 1883 1288 et
1902 1255 2022 1298 periti.
2051 1261 2083 1288 θῑ

1101 1295 1270 1330 Oratores
1287 1300 1461 1341 sapientes
1473 1300 1658 1335 Fui-sterus
1675 1311 1707 1337 et
1723 1304 1953 1338 Clammerus.
2004 1304 2080 1337 lloc

1100 1351 1214 1378 tantos
1233 1347 1328 1379 viros
1345 1350 1557 1383 verebantur
1572 1352 1697 1392 etiam,
1720 1354 1746 1385 si
1766 1355 1825 1398 qui
1850 1361 1949 1387 erant
1973 1354 2080 1386 efferi.

1101 1393 1140 1426 ln
1162 1393 1226 1428 bac
1244 1400 1575 1434 commemoratione
1592 1402 1731 1445 longior
1748 1415 1856 1436 essem
1868 1430 1877 1444 ,
1900 1404 1928 1437 si
1946 1410 2081 1447 tempus

1099 1447 1316 1479 concederet.
1368 1447 1491 1481 Dicam
1510 1451 1617 1493 igitur
1632 1464 1742 1495 pauca
1760 1454 1802 1486 de
1822 1454 1988 1487 interiore
2008 1454 2078 1487 vita

1098 1500 1131 1526 et
1153 1494 1341 1528 domestica
1364 1501 1639 1540 consuetudine,
1672 1502 1709 1533 in
1733 1515 1802 1546 qua
1837 1504 1954 1536 nullae
1981 1511 2078 1537 eraut

1097 1543 1269 1584 latebrae,
1295 1546 1415 1579 nullae
1431 1549 1691 1591 occultationes,
1717 1552 1856 1585 vivebat
1874 1553 1910 1585 in
1930 1554 2017 1593 luce,
2044 1555 2079 1585 iu

1097 1593 1208 1626 oculis
1225 1595 1402 1637 omnium,
1430 1599 1596 1640 patebant
1611 1602 1655 1633 ad
1680 1613 1759 1635 eum
1784 1603 1900 1635 aditus
1923 1601 2079 1636 honestis

1096 1644 1262 1677 omnibus
1282 1647 1453 1690 quotidie.
1505 1647 1591 1684 Erat
1614 1651 1708 1684 enim
1734 1659 1767 1685 et
1784 1653 1972 1686 domestica
1991 1665 2079 1685 cou-

1095 1695 1243 1728 suetudo
1262 1696 1364 1739 plena
1379 1699 1593 1742 optimorum
1610 1703 1859 1746 exemplorum.
1887 1701 1974 1737 Erat
1991 1710 2078 1735 teni-

1095 1756 1255 1803 peranS,·
1274 1754 1406 1804 castus,
1451 1751 1609 1791 sobrius,
1645 1752 1905 1800 φιλόστοργος,
1943 1761 1976 1788 et
2005 1761 2077 1786 erat

1094 1802 1256 1837 gravltati
1271 1804 1378 1831 mixta
1397 1800 1559 1835 suavitas.
1612 1803 1693 1836 Erat
1714 1816 1836 1836 amans
1859 1804 2016 1843 ordinis,
2043 1811 2075 1837 et

1094 1852 1185 1879 recte
1210 1852 1366 1891 tempora
1391 1849 1624 1885 distribuebat
1650 1854 1890 1897 precationum
1917 1854 2075 1899 publica-

1094 1907 1172 1929 rum
1187 1902 1219 1929 et
1237 1898 1521 1942 domesticarum,
1544 1903 1732 1937 lectionum
1751 1905 1976 1947 privatarum,
1991 1917 2075 1937 cou-

1093 1946 1253 1979 siliorum
1287 1949 1528 1991 publIcorum‚
1570 1954 1818 1996 prandiorum,
1864 1967 2073 1994 coenarum,

1092 1997 1225 2037 somni,
1253 1999 1492 2035 venationum.
1523 2000 1716 2045 Coniugem
1736 2001 1858 2037 babuit
1877 2012 2072 2037 matronam

1093 2044 1385 2089 honestissimam,
1412 2050 1518 2083 filiam
1536 2051 1644 2085 Ducis
1657 2052 1958 2097 Megalburgeusis
1974 2053 2073 2086 Hen-

1092 2097 1175 2137 rici,
1201 2098 1262 2142 qui
1291 2099 1461 2143 sapientia
1484 2102 1667 2143 excelluit,
1694 2110 1809 2137 natam
1836 2116 1876 2137 ex
1901 2104 1969 2137 filia
1986 2102 2071 2137 Phi-

1092 2148 1178 2192 lippi
1197 2147 1347 2182 Palatini
1371 2148 1556 2187 Elector-is.
1611 2152 1762 2198 Fuitque
1786 2154 1987 2196 coniugium
2013 2167 2070 2187 ca-

1091 2205 1203 2239 stum,
1236 2200 1356 2238 dulce,
1388 2202 1621 2243 foecundum,
1652 2210 1683 2236 et
1701 2204 1790 2236 tilios
1814 2211 1846 2237 et
1869 2204 1956 2237 filias
1980 2211 2071 2238 recte

1091 2249 1222 2282 erudiri
1248 2251 1291 2283 de
1316 2249 1409 2291 Deo,
1443 2260 1475 2285 et
1499 2254 1542 2285 de
1568 2254 1733 2286 munibus
1765 2251 1920 2288 honestis
1945 2255 2068 2287 officiis

1090 2308 1188 2344 pater
1202 2306 1235 2333 et
1251 2307 1362 2334 mater
1377 2310 1598 2340 curaverunt,
1616 2304 1774 2348 quotidie
1789 2305 1893 2338 etiam
1911 2305 1953 2337 ad
1970 2316 2068 2337 meu-

1090 2362 1162 2384 sam
1187 2350 1249 2382 filii
1276 2358 1307 2384 et
1327 2352 1417 2385 tiliae
1432 2365 1510 2385 cum
1529 2354 1733 2396 parentibus
1749 2355 1964 2399 precationes
1979 2356 2068 2387 reri-

1089 2408 1220 2437 tarunt.
1258 2401 1528 2446 praeceptorum
1547 2404 1627 2436 filiis
1649 2411 1747 2448 pater
1763 2405 1859 2438 dedit
1877 2405 1991 2438 virum
2013 2406 2068 2437 iu-

1089 2460 1243 2496 tegrum‚
1270 2452 1505 2500 §luilielmum
1528 2453 1727 2497 Megalum‚
1755 2467 1857 2500 quem
1883 2455 2067 2488 familiari-

1090 2511 1142 2538 ter
1156 2503 1286 2537 erudiit
1301 2500 1500 2536 Ioacltimus
1518 2503 1750 2545 Camerarius,
1774 2506 1871 2539 cuius
1889 2513 1938 2539 est
1955 2507 2066 2538 excel-

1090 2555 1164 2587 lens
1195 2554 1366 2594 eruditio,
1410 2553 1579 2598 sapientia
1610 2561 1643 2588 et
1673 2555 1855 2600 integritas
1880 2556 1916 2589 in
1945 2557 2063 2588 omnio

1087 2605 1212 2638 officio.
