2324 2955
116 116 189 151 957

117 201 270 235 ditiones
296 206 518 244 pepererunt.
585 199 684 234 Sicut
711 198 876 235 historiae
902 201 1101 240 Clementis,

117 248 312 296 Epiphanii
345 258 378 284 et
409 249 573 290 Eusebii,
607 251 689 283 inde
717 263 826 296 usque
857 264 875 284 a
906 251 1101 285 Marcionis

118 308 277 345 tempore
306 307 467 341 narrant,
501 300 537 332 in
569 301 698 345 quibus
725 302 891 335 scribitur
913 301 1099 335 colluviem

117 351 314 385 Blarcionis
333 351 502 394 oppidum
522 349 693 396 Phrygiae
712 351 885 396 Pepuzam
902 352 1101 385 nominasse

119 401 388 446 lerosolymam,
413 407 446 434 et
471 400 520 434 ibi
541 402 749 435 seditionem
766 403 933 442 movisse,
959 413 1100 446 prorsus

117 459 156 486 ut
173 450 424 495 Anabaptistae
442 452 650 485 seditionem
671 453 707 485 in
724 453 811 486 urbe
828 452 1101 486 Monasteriensi

115 508 314 537 moverunt.

220 551 381 585 Tandem
410 564 492 585 vero
517 551 641 586 Manes
667 553 797 586 dicitur
820 550 886 586 hoc
911 554 1016 586 modo
1039 565 1100 597 pe—

116 602 227 636 riisse.
275 602 362 636 Cum
380 615 414 635 se
430 615 493 645 pro
509 604 645 636 medico
662 604 858 637 venditaret
874 605 964 648 apud
984 614 1099 645 regem

117 651 313 693 Persicum,
345 660 378 686 et
403 653 514 686 filium
539 653 612 686 eius
638 654 675 686 in
699 655 898 694 curatione,
933 665 993 686 seu
1017 653 1099 685 dolo

117 714 178 735 seu
206 702 346 735 inscitia
375 710 547 744 necasset,
581 716 640 736 rex
664 703 824 737 Persicus
847 711 960 737 cutem
984 703 1015 737 ei
1040 704 1100 736 de-

117 750 209 786 trahi
227 752 343 793 iussit,
370 759 403 786 et
421 754 468 786 sic
484 765 562 787 eum
582 754 740 787 interfici.

219 800 511 837 Cohorrescamus
540 811 655 837 autem
681 802 766 837 haec
790 811 987 838 monstrosa
1014 804 1100 845 dog-

117 858 209 886 mata
248 853 418 896 legentes,
461 860 493 887 et
532 855 794 888 considerantes
823 862 953 899 quanta
979 854 1101 887 multi-

117 903 203 936 tudo
228 903 479 937 fascinatorum
498 904 535 936 in
553 917 590 937 ea
607 911 696 938 secta
715 904 841 944 suerit,
867 911 899 938 et
915 916 1020 949 quam
1038 904 1100 936 diu

116 951 202 986 haec
218 953 323 997 pestis
339 954 530 989 duraverit.
581 954 669 987 Nam
685 961 723 987 ut
734 954 928 987 Marcionis
944 961 1100 997 tempora

117 1003 297 1044 omittam,
342 1011 421 1048 post
451 1003 685 1036 Aurelianum
716 1000 919 1036 Manichaei
955 1015 1101 1046 magnos

117 1060 234 1086 coetus
264 1053 303 1086 in
329 1053 466 1093 Persia,
499 1052 678 1098 Aegypto,
711 1052 831 1086 Africa
861 1054 954 1086 etin
980 1054 1100 1087 multis

115 1102 221 1136 Asiae
236 1103 323 1136 locis
340 1101 561 1142 habuerunt,
588 1103 740 1147 amplius
757 1104 918 1136 ducentis
935 1104 1049 1137 annis.

217 1151 313 1185 Haec
331 1154 521 1196 cogitantes
538 1164 765 1195 agnoscamus
782 1160 814 1186 et
829 1164 902 1187 esse
918 1154 1101 1194 Diabolos,

117 1209 150 1236 et
172 1200 394 1236 horribiliter
420 1203 582 1236 insidiari
600 1201 796 1244 Ecclesiae,
823 1210 856 1237 et
879 1216 953 1237 non
975 1204 1101 1237 adsen-

116 1253 246 1286 tiamur
275 1253 504 1297 inexploratis
535 1254 777 1295 dogmatibus,
811 1254 871 1286 sed
902 1254 1101 1287 doctrinam

115 1300 292 1336 Ecclesiae
316 1310 408 1336 recte
431 1304 622 1343 discamus,
649 1310 683 1337 et
706 1304 855 1337 assiduis
878 1304 968 1337 votis
990 1317 1007 1337 a
1025 1303 1100 1337 Deo

116 1359 296 1397 petamus,
328 1360 366 1386 ut
391 1365 456 1386 nos
479 1354 601 1387 doceat
625 1360 656 1386 et
681 1354 872 1396 gubernet,
905 1354 994 1387 sicut
1014 1354 1101 1387 Pro—

117 1400 222 1446 pheta
248 1403 391 1437 clamat:
417 1403 486 1437 Fac
510 1415 588 1437 cum
615 1415 715 1436 servo
740 1410 801 1437 tuo
822 1405 1014 1437 secundum
1034 1404 1101 1436 mi-

117 1453 344 1486 sericordiam
368 1460 482 1494 tuam,
510 1461 542 1487 et
566 1454 826 1487 iustificationes
845 1461 921 1487 tuas
936 1456 1019 1487 doce
1036 1466 1101 1488 me.

117 1503 267 1548 Sintque
280 1504 318 1536 in
334 1511 521 1547 conspectu
537 1504 655 1536 firmae
672 1505 916 1548 refutationes,
943 1511 1101 1548 sumptae

117 1565 156 1586 ex
182 1554 374 1597 perspicuis
398 1554 606 1587 testimoniis
633 1554 783 1594 divinis,
815 1567 903 1599 quae
926 1554 1101 1588 affirmant

117 1615 188 1636 esse
206 1615 317 1636 unum
332 1610 364 1637 et
380 1610 560 1637 aeternum
576 1604 791 1647 principium
808 1605 960 1644 bonum,
986 1604 1099 1638 Deum

117 1665 240 1686 verum
267 1660 457 1686 creatorem
492 1654 652 1686 omnium
681 1661 918 1687 creaturarum
954 1661 987 1687 et
1018 1655 1100 1686 uni-

117 1714 236 1736 versae
257 1702 424 1735 materiae
449 1715 652 1746 corporum:
688 1716 752 1736 nec
777 1715 848 1737 esse
870 1704 965 1736 aliud
990 1710 1101 1736 aeter-

117 1765 202 1786 num
221 1752 433 1796 principium
452 1763 612 1796 pugnans
629 1764 709 1785 cum
725 1754 831 1794 bono,
848 1765 911 1786 nec
922 1760 1099 1796 peccatum

118 1810 235 1837 ortum
252 1814 324 1836 esse
341 1803 385 1835 ab
402 1809 541 1835 aeterna
557 1808 695 1840 natura,
723 1814 786 1835 nec
804 1815 843 1835 ex
859 1803 1014 1841 materia,
1041 1805 1100 1836 sed

117 1865 137 1888 a
162 1853 343 1886 voluntate
366 1851 602 1886 Diabolorum
625 1858 657 1885 et
682 1852 878 1896 primorum
903 1859 1100 1896 parentum,

117 1904 178 1950 qui
202 1914 238 1936 se
255 1904 364 1937 libere
380 1909 583 1936 averterunt
601 1914 618 1935 a
636 1901 726 1943 Deo,
753 1903 835 1947 quia
853 1902 1020 1946 scriptnm
1036 1910 1099 1936 est:

117 1953 198 1988 Non
208 1954 306 1987 Deus
322 1953 443 1986 volens
459 1953 671 1996 impietatem
690 1959 728 1985 tu
745 1964 790 1987 οε.
842 1951 946 1993 ltem,
969 1951 1101 1986 lohan-

118 2005 173 2038 nis
193 2004 242 2037 8.:
270 2003 424 2046 Quando
441 2003 662 2036 mendacium
680 2001 852 2036 Diabolus
866 2003 1034 2047 loquitur,
1061 2015 1100 2036 ex

118 2056 271 2099 propriis
288 2054 462 2100 loquitur,
489 2054 569 2098 quia
586 2054 735 2086 mendax
752 2060 813 2094 est,
840 2059 872 2086 et
889 2060 986 2097 pater
1001 2066 1100 2087 men-

118 2105 219 2138 dacii.

222 2154 364 2188 Falsum
385 2161 434 2188 est
451 2154 555 2188 etiam
572 2159 715 2198 propter
731 2153 909 2186 materiam
927 2153 1101 2186 diversam

122 2207 210 2240 alios
242 2216 340 2249 posse
371 2205 548 2243 converti,
583 2204 671 2236 alios
704 2215 775 2236 non
808 2215 909 2248 posse
933 2204 1102 2244 converti,

121 2249 204 2302 quia
235 2262 367 2289 certum
392 2262 443 2289 est
466 2267 539 2288 non
563 2265 634 2287 esse
654 2254 843 2287 discrimen
869 2254 906 2286 iu
931 2265 1102 2298 propaga-

122 2307 219 2340 tione
239 2304 442 2346 hominum,
470 2311 612 2349 propter
628 2305 782 2337 diversas
798 2304 979 2345 materias,
1007 2305 1102 2349 quod

123 2357 167 2390 ad
183 2362 362 2400 peccatum
378 2356 517 2397 attinet,
542 2356 600 2389 sed
617 2367 738 2388 omnes
753 2352 914 2388 homines
930 2366 970 2387 ex
986 2352 1101 2388 Adam

123 2414 158 2442 et
173 2405 271 2439 Heva
293 2413 516 2450 propagatos,
543 2418 582 2439 ex
598 2405 845 2439 commixtione
861 2405 968 2438 maris
983 2411 1015 2438 et
1029 2405 1102 2438 soe-

123 2457 240 2491 minae
270 2463 467 2497 nascentes,
501 2457 636 2489 adferre
666 2463 842 2500 peccatum
869 2455 1032 2497 originis,
1064 2462 1103 2489 ut

124 2507 237 2552 capite
281 2506 406 2552 quinto
447 2507 489 2540 ad
526 2506 706 2541 Romanos
744 2506 925 2550 perspicue
962 2506 1102 2539 dicitur.

125 2556 264 2592 Rursus
287 2557 390 2590 etiam
415 2569 553 2598 omnes,
581 2557 641 2602 qui
662 2557 698 2589 iu
714 2557 806 2589 veris
821 2556 1002 2589 doloribus
1020 2568 1103 2589 voce

124 2605 331 2650 Evangelii,
358 2608 394 2640 id
418 2614 484 2647 est,
509 2607 739 2651 promissione
762 2607 892 2650 gratiae
910 2606 1104 2649 eriguntur,

125 2658 215 2692 fiunt
236 2655 402 2691 haeredes
419 2664 578 2692 aeternae
594 2658 731 2699 salutis,
757 2669 819 2691 nec
837 2657 1030 2691 consolatio
1046 2668 1104 2690 ex-

684 115 712 150 1.
754 113 1046 151 CIIRONICON
1072 113 1318 152 CARIOMS.
1373 117 1497 154 PARS
1524 118 1568 154 11.

2056 125 2128 160 958

1154 201 1317 234 cutienda
1351 209 1399 237 est
1430 201 1484 236 his
1514 204 1845 247 imaginationibus,
1879 219 1967 252 quae
1996 208 2130 251 fingunt

1153 251 1339 285 discrimen
1362 253 1399 285 in
1425 251 1609 287 hominum
1635 257 1778 290 materia
1803 269 1894 298 esse,
1920 265 1980 292 aut
2003 259 2040 291 in
2057 259 2130 293 Deo

1156 301 1479 349 προσωποληψίαν.
1534 305 1603 339 Sed
1620 313 1766 351 utraque
1784 308 1905 341 concio
1922 309 2130 344 universalis

1155 360 1219 385 est:
1249 354 1432 387 Accusatio
1456 357 1585 399 peccati
1611 357 1646 388 in
1671 358 1853 399 omnibus,
1880 360 1940 403 qui
1959 361 2033 393 nati
2051 368 2132 394 sunt

1155 414 1193 434 ex
1216 405 1465 438 commixtione
1490 407 1594 438 maris
1618 414 1649 440 et
1674 408 1866 449 foeminae,
1895 416 1928 443 et
1946 411 2130 453 promissio

1154 453 1300 495 gratiae,
1334 455 1428 488 iuxta
1459 452 1542 489 haec
1572 457 1679 490 dicta:
1715 457 1842 491 Venite
1864 460 1906 491 ad
1933 471 1987 491 me
2012 473 2132 494 omnes

1154 503 1215 546 qui
1240 504 1405 538 laboratis
1430 512 1461 538 et
1485 507 1619 539 onerati
1636 507 1735 546 estis,
1762 515 1794 541 et
1813 520 1875 551 ego
1892 509 2041 542 reficiam
2061 523 2131 545 νος.

1155 551 1322 587 lobannis
1341 555 1390 589 3.:
1426 555 1483 588 Sic
1506 555 1601 589 Deus
1625 557 1745 590 dilexit
1768 559 1957 599 mundum,
1991 567 2030 593 ut
2053 563 2134 594 uni-

1154 604 1308 646 genitum
1339 605 1451 637 filium
1480 606 1635 644 dederit,
1667 614 1705 640 ut
1734 608 1848 640 omnis
1880 609 1941 653 qui
1964 611 2071 643 credit
2096 612 2132 644 in

1154 665 1232 686 eum
1271 666 1343 687 non
1383 662 1518 698 pereat,
1562 657 1618 688 sed
1656 654 1780 691 habeat
1808 658 1916 691 vitam
1947 667 2134 696 aeternam.

1154 703 1257 736 Item:
1298 705 1396 737 Deus
1435 706 1509 738 vult
1548 718 1668 739 omnes
1705 705 1865 740 homines
1902 709 2015 742 salvos
2049 710 2135 751 fieri,

1155 752 1259 787 Item:
1288 755 1367 787 Non
1385 762 1435 788 est
1451 755 1487 787 in
1502 754 1576 788 Deo
1592 755 1902 802 προσωποληψία,
1931 765 1994 794 etc.

1256 804 1359 846 Quod
1379 806 1480 838 etiam
1498 805 1699 840 Manichaei
1715 808 1896 841 dixerunt:
1925 806 2056 842 Omnia
2075 821 2136 842 ne-

1154 855 1300 887 cessario
1326 855 1420 893 fieri,
1447 856 1557 889 bonas
1580 863 1612 889 et
1633 857 1740 890 malas
1756 858 1929 897 actiones„
1958 865 2086 892 tetrum
2104 867 2137 893 et

1153 904 1368 937 diabolicum
1393 906 1615 939 mendacium
1638 913 1704 948 est,
1739 909 2030 942 contumeliosum
2052 922 2137 942 con-

1153 961 1205 987 tra
1224 953 1358 994 Deum,
1380 962 1413 988 et
1434 956 1668 998 perniciosum
1684 958 1854 994 moribus.
1907 958 2137 993 Manifestum

1153 1010 1204 1037 est
1223 1004 1317 1036 enim
1335 1003 1485 1038 Paulum
1504 1006 1687 1039 adfirmare
1704 1019 1775 1040 esse
1791 1009 1945 1052 aliquam
1964 1009 2137 1042 iusticiam

1154 1054 1286 1094 carnis,
1321 1066 1409 1098 quae
1442 1062 1493 1088 est
1517 1062 1657 1089 externa
1682 1057 1909 1099 gubernatio,
1942 1070 2009 1102 qua
2031 1057 2137 1092 homo

1154 1105 1263 1137 libere
1293 1105 1382 1146 regit
1408 1111 1550 1138 externa
1580 1107 1756 1145 membra,
1789 1119 1834 1139 ne
1866 1107 1995 1141 saciant
2019 1117 2139 1142 contra

1154 1155 1262 1195 legem
1296 1153 1374 1188 Dei.
1438 1154 1520 1188 Ideo
1553 1156 1686 1200 inquit:
1721 1156 1793 1190 Lex
1825 1156 2049 1201 Paedagogus
2081 1166 2138 1191 est.

1154 1203 1284 1248 Aliqua
1303 1204 1410 1247 igitur
1425 1205 1567 1238 libertas
1584 1214 1648 1246 est,
1676 1214 1709 1241 et
1725 1207 1761 1240 in
1778 1219 1852 1240 non
1868 1209 2015 1249 renatis,
2043 1209 2135 1241 vide-

1154 1255 1234 1287 licet
1250 1255 1393 1296 regendi
1411 1262 1569 1288 externas
1584 1257 1757 1296 actiones,
1784 1269 1862 1298 seu,
1889 1265 1927 1291 ut
1943 1270 2007 1291 nos
2023 1259 2139 1304 loqui-

1154 1317 1251 1344 mur,
1293 1306 1437 1347 regendi
1469 1306 1728 1340 locomotivam.
1790 1307 1909 1341 Multo
1940 1309 2056 1341 verius
2088 1317 2138 1343 est

1154 1355 1297 1387 libertas
1334 1355 1371 1387 in
1401 1356 1548 1395 renatis,
1590 1354 1713 1400 Ioseph
1745 1358 1933 1391 adiuvatur
1957 1371 1975 1391 a
2001 1358 2137 1402 Spiritu

1154 1412 1292 1443 sanem,
1320 1412 1358 1437 ut
1383 1402 1460 1437 heri
1485 1406 1669 1449 coniugem
1690 1407 1818 1450 fugiat,
1846 1415 2009 1442 ettamen
2026 1409 2136 1442 libere

1154 1462 1187 1488 et
1211 1455 1332 1487 volens
1355 1467 1427 1488 non
1451 1463 1588 1489 coactus
1605 1457 1703 1499 sugit.
1757 1458 1875 1491 David
1895 1459 2003 1491 libere
2021 1466 2054 1492 et
2074 1472 2135 1492 vo—

1154 1506 1228 1538 lens
1255 1518 1326 1538 non
1351 1513 1490 1539 coactus
1514 1507 1605 1549 rapit
1630 1507 1773 1541 alterius
1791 1509 1994 1551 coniugem,
2023 1516 2055 1542 et
2074 1521 2136 1552 po-

1154 1562 1242 1589 terat
1268 1556 1439 1599 imperare
1464 1557 1614 1589 externis
1639 1558 1825 1599 membris,
1852 1571 1896 1591 ne
1915 1559 2064 1592 alienam
2084 1566 2136 1593 at—

1154 1606 1320 1648 tingeret,
1347 1607 1549 1649 praesertim
1577 1619 1655 1640 cum
1680 1614 1778 1640 antea
1803 1609 2023 1643 domicilium
2048 1610 2135 1642 suis-

1153 1662 1203 1688 set
1235 1655 1387 1698 Spiritus
1422 1657 1546 1690 sancti.
1618 1656 1724 1690 Posse
1754 1658 1862 1701 igitur
1896 1659 1966 1692 labi
1998 1666 2137 1692 renatos

1153 1707 1344 1738 ostendunt
1373 1707 1527 1748 exempla
1559 1704 1771 1747 Pharaonis,
1808 1708 1942 1749 Saulis,
1975 1709 2137 1749 Davidis,

1154 1754 1247 1788 Petri
1271 1762 1303 1788 et
1327 1755 1478 1789 aliorum
1497 1756 1831 1798 innumerabilium,
1858 1771 2009 1803 quorum
2026 1760 2135 1803 aliqui

1154 1816 1275 1838 rursus
1299 1806 1342 1837 ad
1363 1804 1477 1838 Deum
1500 1813 1774 1848 convertuntur,
1805 1815 1844 1841 ut
1866 1806 2031 1848 Almron,
2064 1808 2136 1842 Da-

1154 1855 1224 1889 vid.
1284 1853 1406 1899 Aliqui
1435 1862 1545 1888 ruunt
1576 1856 1612 1888 in
1645 1864 1825 1891 aeternum
1856 1859 2019 1897 exitium,
2063 1871 2135 1892 nou

1154 1905 1248 1949 quod
1275 1905 1345 1938 sint
1368 1906 1411 1938 ab
1435 1906 1502 1938 alia
1521 1906 1666 1939 materia
1685 1907 1773 1948 orti,
1799 1909 1856 1941 sed
1876 1919 1956 1941 suae
1972 1909 2135 1942 volunta-

1153 1955 1197 1988 tis
1213 1954 1362 1989 malicia.

1254 2003 1402 2037 Errores
1419 2003 1709 2039 Manichaeorum
1736 2007 1778 2040 de
1801 2007 1963 2051 coniugio
1987 2016 2018 2042 et
2042 2010 2135 2053 poli-

1154 2056 1221 2089 tico
1242 2056 1385 2095 ordine,
1412 2067 1488 2087 cum
1507 2056 1687 2089 manifeste
1704 2056 1803 2100 impii
1822 2059 1908 2098 siut,
1935 2059 2135 2094 testimonia

1154 2111 1236 2138 sunt
1259 2118 1333 2138 eam
1359 2111 1484 2138 sectam
1510 2112 1541 2137 et
1564 2107 1714 2146 similes,
1747 2106 1978 2141 Diabolorum
2003 2121 2133 2153 organa

1155 2168 1240 2189 esse.
1291 2154 1380 2188 Cum
1404 2156 1512 2198 igitur
1534 2156 1625 2190 filius
1640 2155 1705 2189 Dei
1730 2158 1812 2192 velit
1839 2159 1989 2192 discerni
2015 2172 2134 2193 veram

1154 2204 1346 2239 Ecclesiam
1375 2206 1418 2238 ab
1443 2206 1548 2250 impia
1572 2207 1740 2247 colluvie,
1771 2209 2011 2242 doctrinarum
2036 2222 2133 2251 voce,

1154 2256 1241 2289 sicut
1265 2256 1431 2299 scriptum
1456 2263 1521 2289 est:
1555 2254 1650 2289 Oves
1676 2269 1770 2290 meae
1793 2271 1911 2291 vocem
1936 2271 2047 2292 ineam
2069 2272 2132 2294 au-

1154 2307 1269 2340 diunt.
1323 2306 1425 2338 Item:
1454 2304 1506 2338 Ex
1524 2306 1824 2341 fructibuseorum
1837 2310 2051 2352 cognoscetis
2063 2323 2132 2346 eos,

1155 2356 1313 2390 Sciamus
1330 2354 1559 2388 Manichaeos
1577 2363 1607 2390 et
1626 2357 1755 2390 similes
1770 2370 1848 2391 cum
1868 2360 2050 2394 manifeste
2067 2362 2134 2393 im-

1154 2407 1231 2450 pios
1249 2407 1385 2440 furores
1402 2406 1611 2447 defendant,
1635 2419 1855 2453 nequaquam
1872 2421 1943 2443 esse
1960 2410 2050 2444 cives
2065 2410 2133 2444 Ec-

1155 2457 1279 2490 clesiae
1300 2457 1388 2495 Dei,
1423 2463 1455 2489 et
1484 2457 1657 2500 fugiamus
1686 2465 1718 2492 et
1735 2463 1948 2493 'execremur
1972 2473 2030 2494 eos
2055 2468 2132 2494 tan-

1155 2519 1259 2552 quam
1285 2505 1400 2540 hostes
1425 2507 1514 2547 Dei,
1549 2514 1582 2541 et
1606 2509 1743 2551 agmina
1766 2507 2008 2543 Diabolorum.
2061 2511 2133 2545 Ex-

1155 2564 1231 2591 tant
1253 2564 1368 2590 autem
1392 2558 1518 2601 scripta
1541 2559 1584 2590 de
1607 2559 1771 2602 coniugio
1795 2568 1827 2593 et
1850 2561 1992 2604 politico
2009 2561 2131 2593 ordine

1156 2608 1191 2640 in
1210 2608 1338 2641 nostris
1355 2605 1518 2641 Ecclesiis
1537 2609 1646 2649 edita,
1672 2622 1760 2654 quae
1775 2609 2011 2644 Manicliaeis,
2037 2609 2132 2643 Ana-

1156 2659 1314 2703 baptistis
1331 2664 1363 2691 et
1378 2658 1455 2692 aliis
1471 2658 1631 2693 fanaticis
1645 2660 1777 2705 opponi
1794 2661 1884 2696 volo.
1923 2660 2011 2693 Nam
2028 2657 2134 2694 liuius

1521 2709 1611 2744 61*
