2324 2955
138 93 209 127 761
821 91 847 127 Ι.

139 177 313 213 bernatio.

137 228 273 273 Spretis
298 228 475 261 seniorum
503 227 677 268 consiliis,
705 239 782 261 cum
810 241 882 261 non
903 228 1008 261 vellet
1027 228 1122 260 leva-

902 89 1195 129 CIIRONICON
1228 91 1473 129 CARIONIS.

381 175 578 211 creverunt
607 176 672 210 sub
705 188 744 210 co
780 177 955 211 idolorum
997 177 1121 211 cultus.
1149 180 1152 188 ’

2093 109 2165 146 762

1177 179 1349 222 completa
1367 186 1448 213 sunt
1463 180 1529 214 tria
1547 182 1656 217 millia
1671 196 1844 219 annorum
1863 199 1880 220 a
1899 191 2040 225 condito
2058 205 2160 227 mun-

1175 229 1233 264 do.
1286 228 1337 262 Ita
1355 229 1451 263 Deus
1468 243 1540 264 non
1558 232 1671 276 longis
1690 235 1884 271 intervallis
1901 240 2074 276 Doctores
2090 245 2157 277 mi-

137 279 270 313 tionem
285 290 432 312 onerum
451 278 674 322 publicorum
690 279 893 323 admittere,
919 279 1122 312 defecerunt
1172 278 1234 318 sit,
1262 280 1391 323 quibus
1409 282 1547 316 addidit
1566 283 1716 318 illustria
1737 287 1952 323 testimonia:
1981 291 2063 327 Post
2079 294 2155 328 Noe

134 330 178 363 ab
203 342 242 363 eo
266 330 386 362 decern
416 329 548 369 tribus,
582 335 615 362 et
639 328 736 362 aliud
759 341 904 372 regnum
928 329 1120 362 constitue-

135 387 231 416 runt.
293 378 410 412 Gessit
440 379 531 412 bella
562 378 775 413 infoeliciter
805 392 882 413 cum
912 391 990 422 :ege
1024 378 1120 412 lero-

133 431 236 464 hoam
261 435 296 462 et
319 441 397 462 cum
422 426 615 474 Aegyptiis.
679 429 730 463 Ita
754 437 831 473 post
855 442 996 464 auream
1024 437 1117 464 aeta—

133 487 202 514 tem
247 479 447 514 Salomonis
489 487 523 513 et
565 486 702 523 peccata
736 481 911 513 cumulata
944 486 1043 521 sunt,
1084 487 1118 513 et

131 541 277 573 magnae
290 530 512 576 calamitates
530 537 679 564 secutae.
715 529 810 564 Haec
828 531 983 575 exempla
1000 536 1117 564 osten-

133 581 242 622 dunt,
265 592 329 614 nec
347 580 554 614 diuturnum
573 592 647 614 esse
664 581 824 614 foelicem
841 588 969 615 statum
989 591 1115 624 regno-

133 643 231 672 rum,
257 643 321 664 nec
339 632 454 664 sedem
473 632 620 664 eandem
637 631 866 675 imperiorum
883 632 944 665 diu
960 642 1115 674 manere,

131 681 222 715 sicut
245 681 282 714 in
307 680 466 715 Siracide
482 681 627 714 dicitur:
654 681 819 725 Regnum
845 694 863 716 a
881 688 982 726 gente
999 687 1115 714 trans-

131 731 245 765 fertur
261 731 304 764 ad
320 739 457 775 gentem
477 738 620 776 propter
636 731 862 768 iniusticiam.
899 731 1113 776 Quanquam

129 789 246 816 autem
278 788 312 816 et
338 780 516 815 Ecclesiae
552 789 680 816 nocent
712 783 940 826 imperiorum
979 782 1115 823 ruinae,

129 838 247 865 tamen
262 831 357 866 Deus
371 833 506 876 potenti
523 834 642 866 dextra
664 833 831 878 reliquias
849 839 1052 873 conservat,
1079 838 1114 865 et

129 889 274 927 propter
294 894 350 915 eas
372 883 629 928 aliquantisper
652 883 797 927 imperia
818 884 962 923 retinet,
989 894 1033 915 ne
1050 883 1113 915 de-

129 933 200 967 sint
236 930 402 977 hospitia.
468 933 570 967 Hanc
608 934 883 967 consolationem
914 930 1113 977 Prophetae

129 994 230 1028 saepe
251 990 426 1027 repetunt.

230 1031 349 1065 Abia
374 1033 467 1066 filius
488 1032 651 1067 Roboam
676 1033 836 1076 regnavit
858 1039 928 1066 tres
946 1044 1057 1066 annos
1074 1033 1112 1065 in

282 1082 377 1116 Vicit
391 1094 516 1126 magno
532 1083 665 1127 praelio
683 1083 871 1116 exercitum
889 1082 1085 1117 Ieroboam.

229 1129 323 1165 Asa
349 1134 508 1175 regnavit
534 1134 571 1165 in
599 1132 686 1166 Iuda
714 1145 825 1165 annos
853 1132 913 1168 41.
972 1132 1113 1167 Delevit

128 1183 241 1223 idola,
276 1183 379 1216 etiam
414 1194 495 1216 suae
518 1183 639 1216 matris
669 1183 797 1227 impios
822 1183 937 1216 cultus
962 1183 1112 1217 sustulit.

128 1231 224 1267 Vicit
239 1230 442 1277 Aethiopes.
495 1232 564 1266 Sed
582 1239 702 1277 postea
719 1239 874 1266 mutatus
892 1233 973 1266 fecit
988 1233 1113 1267 foedus

129 1294 209 1316 cum
229 1294 308 1326 rege
324 1282 468 1328 Syriae,
493 1289 526 1317 et
541 1284 747 1327 obiurgatus
762 1281 978 1328 Prophetam
997 1283 1112 1318 inclu-

128 1333 172 1368 sit
187 1332 224 1366 in
239 1345 423 1367 carcerem.

229 1379 467 1430 Ios-aphni
490 1383 569 1427 pius
589 1390 621 1417 et
636 1383 752 1417 foelix.
805 1382 982 1427 Regnavit
998 1384 1034 1417 in
1053 1383 1112 1418 Iu-

127 1435 171 1467 da
193 1445 305 1468 annos
329 1434 457 1477 viginti
484 1433 653 1478 quinque.
713 1433 856 1468 Fecerat
886 1436 1010 1469 foedus
1033 1447 1112 1468 cum

126 1495 206 1527 rege
230 1483 341 1529 impio
365 1481 510 1524 Achab,
538 1490 681 1527 propter
701 1483 796 1528 quod
813 1495 833 1517 a
849 1483 925 1518 Deo
944 1485 1111 1528 obiurga-

125 1540 182 1568 tus
206 1541 268 1569 est.
322 1533 448 1568 Postea
471 1534 568 1567 domi
583 1533 714 1567 iudicia
736 1534 939 1575 constituit,
966 1541 1000 1568 et
1019 1535 1113 1568 iudi-

128 1585 226 1618 cibus
239 1584 297 1628 pia
312 1585 477 1617 mandata
495 1584 612 1625 dedit,
637 1594 726 1628 quae
742 1584 935 1618 recitantur
950 1587 986 1621 2.
1005 1584 1112 1618 Para-

126 1635 189 1678 lip.
215 1634 276 1669 19:
318 1633 401 1668 Non
436 1632 592 1668 hominis
628 1634 792 1667 exercetis
824 1634 1015 1676 iudicium,
1051 1636 1111 1669 sed

125 1682 214 1720 Dei.
271 1682 320 1718 Et
347 1684 527 1718 vobiscum
553 1691 604 1717 est
637 1684 675 1716 in
707 1685 858 1724 iudicio,
890 1685 1055 1718 videlicet
1080 1691 1113 1718 et

125 1735 268 1769 adiutor
292 1741 325 1767 et
348 1734 489 1767 vindex.
550 1733 604 1766 Sit
625 1733 732 1766 timor
756 1733 901 1768 Domini
917 1734 1112 1775 vobiscum,

126 1792 219 1819 recte
252 1783 450 1828 cognoscite
476 1790 509 1817 et
542 1782 617 1816 sitis
641 1789 850 1818 executores.
908 1783 1002 1818 Vicit
1024 1783 1112 1818 Am-

125 1835 280 1870 monitas
299 1834 374 1868 sine
396 1833 549 1878 praelio,
575 1839 615 1866 ut
635 1833 781 1866 victoria
800 1834 1039 1868 testimonium
1059 1847 1112 1868 es-

126 1893 177 1922 set
194 1885 408 1932 praesentiae
425 1883 488 1917 Dei
508 1884 544 1916 in
564 1883 629 1917 isto
646 1884 778 1927 populo
790 1910 798 1924 ,
821 1891 855 1918 et
871 1885 1062 1918 doctrinae.

232 1935 410 1980 Tempore
426 1932 589 1979 Iosophat
607 1934 675 1967 suit
692 1931 837 1967 Elias
853 1933 1031 1978 Propheta
1043 1963 1052 1976 ,
1080 1942 1113 1970 et

127 1987 336 2032 aliquandiu
357 1986 532 2029 deinceps.
586 1984 758 2019 Successit
790 1982 871 2018 huic
896 1984 1112 2028 Eliseus,

129 2049 217 2083 quos
251 2036 412 2070 excitavit
436 2035 532 2069 Deus
561 2034 731 2068 immensa
755 2036 912 2069 bonitate
939 2036 975 2069 in
1002 2048 1110 2080 regno

128 2088 239 2134 impio
267 2088 386 2121 decem
417 2086 592 2126 tribuum,
625 2092 665 2119 ut
693 2086 776 2119 inde
801 2087 968 2132 reliquias
988 2085 1112 2121 Eccle-

129 2139 198 2173 siae
222 2143 465 2182 excerperent,
500 2143 533 2170 et
558 2136 653 2169 idola
679 2137 854 2178 delerent,
889 2145 921 2171 et
945 2138 1111 2173 docerent

127 1081 226 1126 Iuda.

129 2248 183 2274 tus
207 2241 242 2272 in
269 2238 500 2283 lerosolyma‚
530 2244 562 2271 et
588 2238 812 2272 ostenderent
843 2240 1042 2272 testimonia
1068 2241 1110 2273 de

131 2301 212 2324 vera
232 2290 411 2329 doctrina,
438 2301 476 2322 ac
497 2295 536 2321 ut
554 2288 735 2333 aliquanto
755 2289 888 2322 diutius
912 2288 976 2323 hae
991 2291 1109 2324 decem

131 2341 243 2375 tribus
264 2340 301 2373 in
317 2340 429 2384 patria
456 2339 704 2373 retinerentur.
760 2337 848 2372 Nam
867 2348 943 2385 post
960 2339 1023 2374 hos
1040 2348 1110 2375 sta-

131 2392 193 2426 tim
220 2391 389 2424 abductae
413 2397 505 2425 sunt.

130 2449 278 2487 uterque
303 2447 405 2474 natus
429 2447 497 2482 est,
529 2452 603 2473 non
627 2441 692 2473 sub
716 2452 794 2483 rege
820 2440 924 2480 luda,
960 2443 1018 2475 sed
1045 2444 1110 2476 sub

131 2493 270 2537 regibus
295 2490 485 2526 Samariae.
538 2488 636 2525 Elias
662 2491 699 2523 in
720 2491 850 2536 oppido
867 2489 1001 2525 Thesbi
1018 2494 1109 2527 ultra

132 2543 316 2577 Iordanem
329 2569 338 2583 ‚
365 2540 524 2575 Elisaeus
539 2541 574 2574 in
592 2540 758 2584 Galgala‚
786 2554 858 2575 non
876 2543 998 2586 procul
1020 2556 1038 2577 a
1057 2543 1110 2577 le-

132 2592 244 2630 richo.
298 2592 428 2626 Incidit
451 2599 565 2626 autem
589 2593 798 2636 gubernatio
826 2605 948 2627 eorum
973 2594 1011 2627 in
1035 2607 1110 2628 me-

134 2646 227 2678 diam
255 2650 399 2678 aetatem
428 2643 562 2676 mundi.
624 2642 711 2677 Nam
741 2645 805 2678 sub
829 2652 925 2689 patre
948 2643 1110 2691 Iosapbat

184 2697 359 2729 Marma.
386 2696 487 2728 Ormi.
516 2695 596 2726 Vox..
614 2695 688 2727 XII.

557 2388 609 2422 Ac
634 2396 672 2422 ut
696 2390 864 2423 autoritas
884 2391 998 2425 maior
1013 2399 1110 2433 esset,
1135 2410 1137 2421 ι

1173 327 1372 371 Abraham,
1414 330 1558 375 Ioseph,
1603 334 1747 376 Mosen,
1786 336 1905 380 Iosue,
1943 341 2154 386 Samuelem,

1169 378 1360 419 Davidem,
1388 387 1420 414 et
1443 394 1521 414 mox
1544 384 1645 417 valde
1665 385 1818 429 insignes
1834 387 1951 424 Eliam
1971 399 2003 425 et
2017 391 2153 428 Elisae-

1169 441 1241 464 um.
1294 428 1473 464 Elisaeum
1499 433 1635 466 audivit
1657 432 1790 472 Esaias,
1844 438 1948 474 Hunc
1974 441 2149 481 Ieremias.

1169 479 1355 513 leremiam
1379 480 1518 518 Daniel.
1570 482 1752 518 Danielem
1781 486 1941 531 Aggaeus
1966 499 1998 526 et
2015 493 2150 530 Zacha-

1167 530 1247 565 rias.
1300 529 1439 564 Deinde
1455 532 1601 567 fuerunt
1616 533 1826 577 Malachias‚
1852 536 1983 580 Onias‚
2011 543 2150 580 Macca-

1167 581 1264 621 baei,
1291 580 1448 622 Simeon,
1475 581 1675 624 Zacharias,
1703 583 1879 621 Iohannes
1894 588 2061 634 Baptista,
2089 598 2149 640 qui

1166 631 1377 665 monstravit
1413 630 1595 666 Christum
1632 643 1861 677 praesentem.
1927 639 2149 680 Gubernatio

1167 688 1283 715 autem
1308 679 1425 714 Elia
1437 694 1469 721 e,
1496 690 1667 728 quantum
1694 697 1733 718 ex
1752 688 1880 731 scripta
1897 687 2042 726 historia
2058 698 2149 729 sumi

1165 737 1290 775 potest,
1317 733 1564 776 complectitur
1580 745 1692 767 annos
1709 736 1834 779 viginti
1854 739 2000 775 circiter.
2039 741 2149 778 Eli-

1165 793 1216 814 sa
1228 781 1267 814 ei
1289 783 1495 824 gubernatio
1513 784 1651 818 circiter
1668 797 1780 820 annos
1797 792 2027 834 septuaginta.
2068 794 2149 831 Fuit

1165 840 1281 866 autem
1306 833 1430 875 ingens
1448 834 1674 876 beneficium,
1700 837 1785 870 tales
1801 840 1961 874 doctores
1978 850 2049 876 tam
2070 846 2149 879 lon-

1165 894 1206 926 go
1234 890 1389 927 tempore
1414 881 1559 925 habere,
1586 886 1646 930 qui
1670 887 1712 920 de
1742 889 1861 922 dubiis
1884 895 2148 936 quaestionibus

1166 934 1377 977 respondere
1407 940 1579 977 poterant.
1641 935 1692 969 Ac
1722 948 1909 982 propagata
1944 951 1993 977 est
2019 942 2145 980 horum

1165 983 1325 1017 doctrina
1352 984 1393 1016 ad
1412 991 1588 1027 posteros»,
1618 986 1700 1031 quia
1718 995 1835 1023 coetus
1861 992 2071 1028 discentium
2090 1009 2147 1030 eos

1166 1031 1328 1066 habuisse
1345 1035 1570 1068 manifestum
1587 1043 1646 1070 est.

1267 1083 1413 1117 Necesse
1437 1091 1486 1118 est
1509 1092 1647 1127 autem,
1674 1093 1781 1121 totam
1810 1091 1933 1125 seriem
1952 1092 2147 1139 Propheta-

1165 1145 1262 1174 rum,
1288 1146 1408 1167 eorum
1428 1147 1564 1176 vocem,
1591 1149 1800 1172 consensum
1815 1141 2015 1185 doctrinae,
2039 1149 2148 1181 mira-

1165 1184 1263 1224 cula,
1304 1185 1589 1218 coniunctionem
1630 1188 1724 1221 inter
1758 1190 1871 1233 ipsoS,
1913 1196 2147 1234 considerare.

1164 1233 1253 1267 Nam
1279 1235 1502 1269 consentiens
1527 1248 1592 1269 vox
1619 1238 1799 1273 doctrinae
1824 1243 1940 1278 erudit
1963 1253 1995 1279 et
2019 1250 2148 1282 confir-

1165 1291 1236 1318 mat
1260 1285 1334 1328 pias
1365 1292 1517 1326 mentes,
1554 1293 1587 1320 et
1620 1288 1717 1322 illius
1739 1289 1969 1333 pulcherrimi
1999 1299 2148 1338 agminis

1166 1335 1368 1368 coniunctio
1401 1337 1573 1378 ostendit,
1612 1344 1646 1372 et
1674 1350 1746 1372 esse
1778 1338 1972 1377 Ecclesiam
1997 1345 2082 1389 Dei,
2115 1357 2148 1383 et

1165 1385 1276 1430 qualis
1295 1385 1350 1420 sit.
1404 1385 1529 1420 Monet
1544 1388 1706 1422 docentes
1719 1416 1727 1430 ‚
1761 1397 1800 1424 ut
1818 1392 1885 1436 ipsi
1904 1407 2044 1441 quoque
2063 1411 2149 1432 con-

1165 1436 1380 1468 iunctionem
1405 1436 1497 1470 inter
1519 1448 1591 1471 sese
1614 1444 1789 1475 tueantur.
1844 1442 1940 1485 Quid
1967 1446 2150 1489 pulchrius

1165 1492 1213 1518 est
1230 1486 1291 1518 tali
1308 1486 1474 1529 collegio,
1499 1488 1602 1532 quale
1616 1496 1665 1522 est
1682 1488 1813 1523 Elisaei
1832 1499 1866 1526 et
1881 1495 2149 1542 discipulorum,

1164 1535 1201 1568 in
1238 1547 1307 1580 quo
1341 1535 1437 1570 Deus
1472 1534 1627 1579 habitat,
1669 1546 1703 1573 et
1736 1542 1919 1578 manifesta
1948 1547 2149 1584 testimonia

1164 1586 1337 1626 ostendit,
1363 1587 1446 1619 etin
1466 1599 1535 1632 quo
1553 1589 1667 1622 studia
1692 1599 1775 1625 sunt
1792 1605 1892 1626 verae
1910 1596 2091 1633 doctrinae
2108 1602 2150 1634 de

1164 1636 1238 1669 Deo
1267 1643 1299 1669 et
1325 1637 1368 1668 de
1396 1634 1519 1671 natura
1537 1640 1680 1672 rerum?
1720 1639 1767 1675 Et
1786 1644 1911 1678 ordine
1933 1647 2049 1692 aliqua
2067 1651 2150 1684 talia

1164 1684 1423 1729 Prophetarum
1449 1689 1592 1731 collegia
1617 1690 1769 1727 suerunt.
1830 1693 1872 1727 In
1903 1693 1987 1730 haec
2013 1699 2150 1735 intuea-

1165 1747 1262 1776 mur,
1291 1743 1517 1780 quaerentes,
1545 1750 1634 1783 quae
1650 1747 1682 1774 et
1697 1742 1756 1775 ubi
1774 1742 1879 1778 suerit
1898 1743 2053 1783 Ecclesia
2068 1752 2149 1785 Dei.

1165 1786 1378 1831 Quanquam
1410 1787 1541 1821 interea
1567 1789 1603 1822 in
1631 1790 1693 1824 illo
1720 1793 1795 1837 ipso
1819 1806 1927 1838 regno
1954 1796 2148 1836 Isra'e'litico

1164 1844 1302 1880 praeter
1327 1835 1412 1870 haec
1444 1839 1589 1882 collegia
1619 1841 1686 1875 suit
1711 1855 1836 1887 magna
1863 1849 2056 1885 multitudo
2083 1853 2150 1886 im-

1163 1887 1303 1930 piorum
1328 1888 1624 1931 sacrificulorum,
1652 1893 1754 1927 multi
1777 1906 1873 1938 reges
1894 1899 2046 1935 cultores
2070 1903 2151 1936 ido-

1163 1937 1300 1978 lorum,
1326 1938 1429 1970 multi
1452 1940 1609 1973 seditiosi
1637 1942 1761 1985 duces,
1789 1947 1850 1990 qui
1875 1959 2021 1991 reguum
2043 1964 2147 1987 occu·-

1163 1988 1310 2032 pabant,
1338 1994 1369 2021 et
1385 1990 1535 2032 patriam
1552 1991 1800 2030 dilacerarunt.
1853 1996 1911 2030 Sic
1929 1999 2020 2034 inter
2037 2004 2149 2037 varias

1164 2038 1389 2072 confusiones
1407 2037 1599 2074 Ecclesiam
1622 2049 1737 2077 tamen
1752 2044 1848 2080 Deus
1864 2058 1997 2091 servat,
2023 2052 2061 2086 in
2079 2066 2147 2098 qua

1163 2089 1213 2133 pii
1234 2099 1373 2129 omneS‚
1400 2100 1439 2122 ac
1457 2092 1641 2135 praecipue
1659 2095 1839 2137 doctores,
1867 2111 1906 2131 eo
1924 2102 2147 2138 coniunctio-

1163 2151 1243 2173 nem
1267 2139 1378 2182 magis
1403 2151 1539 2181 amare,
1572 2149 1604 2176 et
1621 2145 1786 2180 omnibus
1801 2147 1926 2183 officiis
1942 2151 2061 2186 fovere
2085 2156 2147 2188 de..

127 2189 299 2234 populum
325 2199 492 2233 quaerere
514 2198 631 2220 veram
653 2187 848 2221 doctrinam
868 2195 900 2222 et
919 2200 1018 2222 veros
1036 2190 1110 2222 cul·
1137 2193 1138 2198 ’

1163 2191 1263 2228 bent,
1299 2197 1337 2223 ut
1368 2190 1442 2234 ipsa
1472 2193 1676 2228 coniunctio
1701 2197 1806 2230 decus
1837 2199 1981 2244 aliquod
2006 2203 2146 2247 afferat,

1162 2247 1264 2274 ornet
1278 2241 1474 2274 doctrinam
1492 2250 1524 2276 et
1540 2255 1668 2278 nomen
1683 2245 1766 2286 Dei,
1789 2255 1822 2283 et
1837 2251 2018 2286 confirmet
2033 2255 2122 2297 pios.

1264 2288 1318 2324 Io
1330 2303 1421 2324 ram
1445 2294 1603 2335 regnavit
1630 2294 1666 2327 in
1694 2295 1779 2329 Iuda
1805 2309 1919 2333 annos
1944 2301 1978 2337 8.
2031 2303 2145 2339 Dissi-

1161 2342 1257 2375 milis
1295 2342 1386 2386 patri
1418 2341 1592 2387 Iosaphat.
1654 2344 1833 2382 Interfecit
1865 2362 1986 2386 omnes
2021 2354 2144 2390 fratres

1162 2404 1262 2431 suos,
1289 2392 1399 2426 coluit
1417 2393 1510 2426 idola
1535 2396 1693 2438 exemplo
1716 2405 1886 2436 materno.
1938 2400 2025 2438 Erat
2048 2407 2142 2439 enim

1162 2450 1264 2476 natus
1287 2455 1326 2476 ex
1352 2450 1460 2477 matre
1476 2443 1548 2477 filia
1566 2446 1655 2486 regis
1670 2446 1850 2483 Samariae
1872 2450 2008 2488 Achab.
2063 2455 2143 2490 Fuit

1163 2494 1307 2527 infoelix
1330 2494 1404 2526 eius
1424 2495 1642 2536 gubernatio.
1694 2496 1796 2533 Tunc
1821 2502 1914 2534 enim
1932 2501 2066 2539 Arabes
2085 2506 2142 2539 lu-

1163 2545 1283 2577 daeam
1302 2550 1502 2585 vastarunt,
1529 2552 1560 2579 et
1579 2546 1668 2580 filios
1687 2546 1801 2582 loram
1821 2551 2080 2588 interfecerunt.

1264 2590 1503 2628 ochozias
1528 2598 1684 2640 regnavit
1709 2599 1746 2632 in
1769 2599 1854 2635 Iuda
1872 2615 2003 2637 annum
2021 2618 2142 2644 unum,

1136 2678 1139 2686 .
1164 2651 1282 2689 captus
1299 2657 1315 2679 a
1334 2656 1411 2689 rege
1428 2645 1607 2681 Samariae
1623 2645 1703 2682 Iela
1715 2662 1736 2683 υ
1748 2675 1756 2689 ,
1783 2659 1815 2686 et
1832 2665 1869 2685 ex
1888 2655 2030 2687 vulnere
2048 2668 2140 2689 mor-

1586 2698 1633 2733 49
