2324 2955
209 110 280 145 727

200 208 288 233 esse,
325 201 358 227 ct
382 192 585 225 ardentibus
610 190 699 222 votis
722 196 900 233 petamus,
934 196 973 223 ut
995 190 1088 223 filius
1110 189 1176 224 Dei

200 257 262 279 nos
275 246 309 276 in
322 242 385 276 hac
402 241 559 285 squalida
577 247 711 273 senecta
730 240 911 282 gubernet,
934 247 973 273 ut
983 239 1106 274 Esaiae
1117 242 1177 276 26.

199 297 343 328 dicitur:
370 290 487 324 Etiam
506 291 543 322 in
560 297 695 323 senecta
713 302 773 323 vos
788 291 940 333 gestabo,

301 342 431 376 Scribit
456 340 560 374 etiam
586 338 773 384 Iosephus,
808 337 952 372 Adam
978 340 1064 373 duas
1088 340 1178 384 lapi-

200 397 279 427 deas
304 392 440 425 tabulas
462 391 665 431 collocasse,
701 391 736 423 in
762 391 890 435 quibus
919 390 1056 434 scripsit
1077 390 1178 425 initia

200 443 400 481 creationis,
435 442 570 485 lapsum
599 439 805 482 hominum,
841 448 875 474 et
898 440 1179 485 promissionem.

202 494 272 527 llas
287 493 421 527 tabulas
446 491 605 525 existimo
622 497 788 536 tanquam
805 492 974 534 templum
995 491 1119 532 fuisse,
1147 498 1180 525 et

199 545 285 578 certi
309 543 376 576 loci
401 542 558 585 signum,
590 542 628 574 in
652 554 755 586 quem
781 541 905 574 solitus
922 548 971 575 est
988 552 1179 575 convocare

201 606 299 628 suam
323 592 529 632 Ecclesiam,
562 599 594 625 et
616 592 679 624 ubi
709 592 875 625 sacrificia
899 592 989 625 sacta
1014 598 1114 632 sunt,
1148 598 1182 625 et

201 645 344 678 recitata
358 643 528 676 doctrina.
570 641 723 686 Fuitque
741 654 807 674 vox
826 642 1069 685 promissionis
1084 642 1182 676 testi-

201 695 361 728 monium
377 693 577 726 discernens
593 704 709 724 veram
726 690 918 725 Ecclesiam
936 704 955 725 a
971 699 1071 726 coetu
1082 691 1183 732 Cain,

203 746 264 791 qui
282 750 465 778 secesserat
482 754 501 775 a
518 748 624 785 patre,
649 749 681 775 et
698 740 821 775 habuit
835 753 915 775 suos
931 742 1019 775 ritus
1036 749 1068 775 et
1084 753 1181 775 suam

203 802 342 829 sectam.
394 792 446 826 lta
472 792 587 825 statim
613 792 715 825 initio
740 804 841 825 verae
865 792 1045 825 doctrinae
1062 803 1182 824 vocem

203 853 237 879 et
255 855 374 877 veram
393 841 584 875 Ecclesiam
604 854 683 885 pars
701 841 847 875 humani
864 842 999 885 generis
1022 842 1184 882 deseruit,

203 902 236 929 et
255 893 525 939 promissionem
549 892 657 925 oblita
681 899 746 926 est:
775 899 809 926 et
831 899 947 926 tamen
971 892 1110 926 condita
1136 892 1185 925 ci-

202 947 309 979 vitate
331 954 468 977 necesse
498 948 567 982 est,
601 954 659 976 eos
685 943 839 988 aliquam
866 943 951 985 legis
976 942 1184 986 particulam

206 995 403 1029 retinuisse.

305 1044 428 1077 Postea
454 1043 493 1076 in
517 1042 632 1076 Moise
657 1041 809 1074 breviter
829 1048 996 1074 annotata
1012 1048 1062 1074 est
1080 1041 1185 1073 series

205 1106 381 1130 annorum
414 1105 524 1137 usque
554 1094 598 1125 ad
629 1091 815 1125 diluvium.
877 1091 988 1132 Quia,
1022 1097 1185 1133 utsupra

207 1148 340 1180 dictum
355 1151 423 1184 est,
450 1144 525 1176 vult
549 1141 643 1175 Deus
659 1141 740 1173 sciri
765 1140 865 1173 initia
883 1152 1022 1180 rerum,
1049 1146 1081 1173 et
1098 1147 1187 1173 tem-

206 1208 292 1241 pora
309 1206 449 1227 suarum
467 1192 748 1236 patefactionuin.
803 1189 855 1223 Ac
878 1202 933 1223 res
950 1190 1111 1223 miranda
1130 1201 1187 1223 re-

207 1248 335 1280 citatur
350 1242 433 1276 haec
457 1243 529 1276 sola
553 1243 595 1275 de
617 1237 825 1279 Henoclz‚
853 1241 1005 1285 quinon
1025 1247 1074 1274 est
1092 1252 1187 1272 rnor-

206 1305 286 1331 tuus
299 1322 308 1335 ,
335 1295 394 1327 sed
410 1294 532 1325 vivens
549 1292 586 1324 in
610 1291 744 1324 coelum
764 1292 951 1324 translatus
967 1297 1028 1326 est.
1081 1290 1186 1333 Quod

206 1358 281 1379 non
305 1344 541 1377 existimemus
561 1342 650 1375 clam
682 1341 823 1374 nemine
853 1347 1030 1385 spectante
1058 1341 1188 1375 factum

207 1408 298 1436 esse,
329 1395 388 1427 sed
405 1394 458 1426 vel
475 1393 511 1425 in
528 1392 702 1426 Ecclesiae
722 1391 1008 1434 congregatione,
1036 1391 1090 1424 vel
1111 1402 1188 1435 spe—

207 1446 382 1481 ctantibus
398 1444 531 1488 aliquot
549 1443 709 1487 patribus
728 1442 794 1474 fide
813 1442 940 1484 dignis.
987 1440 1082 1484 Quia
1098 1439 1190 1475 hanc

208 1495 475 1532 translationem
492 1493 603 1526 voluit
619 1491 714 1525 Deus
731 1492 972 1525 testimonium
989 1503 1061 1524 esse
1077 1492 1120 1525 de
1135 1491 1190 1524 vi-

208 1556 242 1582 ta
271 1553 303 1579 et
326 1546 436 1579 salute
458 1550 617 1583 aeterna,
650 1543 764 1575 danda
785 1539 859 1582 his,
886 1542 946 1587 qui
964 1543 1082 1575 Deum
1099 1549 1191 1575 recte

208 1597 420 1631 invocabant
453 1594 490 1626 in
520 1593 698 1635 agnitione
730 1592 893 1635 promissi
924 1592 1078 1625 seminis.
1138 1590 1191 1626 Ac

209 1649 280 1681 duo
317 1645 445 1679 similia
483 1643 679 1677 testimonia
716 1642 834 1684 generi
871 1640 1026 1675 humano
1055 1649 1191 1675 ostensa

211 1705 293 1732 sunt
327 1702 406 1729 ante
435 1695 624 1726 adventurn
657 1692 820 1725 Messiae:
862 1692 1011 1725 alterum
1042 1689 1191 1724 Ilenoch

210 1755 291 1782 ante
331 1745 526 1783 diluvium,
576 1743 723 1775 alterum
759 1741 858 1774 Eliae
891 1749 970 1785 post
1004 1742 1191 1776 diluvium.

211 1798 259 1831 Hi
278 1794 472 1840 Prophetae
491 1793 603 1828 testati
622 1799 721 1830 sunt,
749 1791 915 1824 Messiam
932 1792 1061 1825 abolita
1080 1798 1192 1825 morte

213 1848 433 1882 redditurum
457 1856 529 1877 esse
550 1845 657 1876 vitam
682 1849 878 1882 aeternam,
911 1848 944 1875 et
968 1842 1194 1875 conculcatu-

213 1910 295 1933 rum
314 1902 416 1939 caput
434 1895 613 1938 serpentis.

313 1947 452 1981 Citatur
479 1952 512 1977 et
534 1941 719 1988 prophetia
745 1940 914 1983 Ilenoch,
947 1942 991 1975 de
1018 1949 1193 1986 postremo

214 1998 344 2033 iudicio
370 1997 407 2029 in
429 1994 587 2038 Epistola
612 1995 733 2027 Iudae:
764 1991 878 2026 Ecce
902 1992 1023 2026 venit
1048 1991 1195 2026 domi-

215 2061 296 2082 nus
321 2059 401 2081 cum
425 2052 543 2079 sancto
562 2044 714 2077 exercitu
737 2055 820 2084 δυο,
845 2050 885 2077 ut
901 2044 1006 2077 faciat
1025 2044 1195 2077 iudicium

214 2106 335 2134 contra
350 2107 487 2136 omnes,
513 2101 546 2128 et
563 2101 685 2137 arguat
700 2105 821 2127 omnes
840 2094 967 2138 impios
983 2101 1045 2129 etc.

216 2147 398 2195 prophetia
417 2145 510 2179 haud
529 2145 636 2178 dubie
659 2141 910 2188 comprehensa
933 2145 1000 2178 fuit
1021 2145 1197 2189 copiosior

218 2200 378 2234 doctrina
395 2199 437 2231 de
453 2195 704 2240 promissione,
733 2196 776 2227 de
797 2191 1003 2234 Massia,
1031 2202 1065 2230 et
1081 2197 1124 2230 de
1140 2196 1197 2230 fu-

217 2251 306 2284 turis
319 2247 572 2283 mutationibus
591 2246 728 2289 generis
744 2243 903 2280 humani.

595 2332 815 2365 Diluvium.

321 2394 428 2429 Anno
448 2406 467 2428 a
490 2395 632 2429 condito
655 2395 790 2428 mundo
814 2393 1003 2427 millesimo
1020 2401 1197 2429 sexcente-

221 2449 309 2483 simo
326 2446 615 2491 quinquagesimo
636 2451 749 2486 sexto,
776 2457 855 2480 cum
874 2442 977 2478 Noha
1001 2443 1199 2480 inchoasset

222 2509 356 2533 annum
369 2496 653 2529 sexcentesimum
664 2522 673 2536 ‚
698 2507 817 2529 mense
841 2496 994 2529 secundo
1011 2496 1086 2530 eius
1101 2497 1198 2538 anni,

223 2550 280 2584 die
295 2547 443 2592 septimo
459 2545 595 2580 decimo
607 2573 616 2586 ,
643 2546 818 2589 ingressus
833 2554 883 2581 est
898 2544 1001 2580 Noha
1017 2559 1096 2581 cum
1112 2559 1198 2581 con-

222 2601 303 2644 iuge
320 2605 351 2631 et
368 2596 449 2630 filiis
473 2596 510 2628 in
536 2607 669 2633 arcam,
697 2603 730 2629 et
756 2597 793 2630 in
815 2609 853 2631 ea
876 2597 1006 2631 mansit
1022 2597 1197 2642 integrum

225 2661 358 2684 annum
374 2647 530 2682 solarem.
584 2644 721 2680 Rursus
735 2647 828 2680 enim
845 2659 1000 2691 egressus
1015 2655 1065 2683 est
1079 2661 1198 2683 mense

447 107 654 144 SCRIPTA
681 107 755 139 PH.
782 103 900 140 MEL.
927 103 996 140 AD
1022 104 1146 141 HIST.
1174 104 1315 142 PROF.
1338 104 1403 139 ET
1431 103 1620 143 PHILOS.
1646 106 1965 144 SPECTANTIA.

1099 2094 1222 2128 lneaz

2135 107 2209 143 728

1228 191 1382 224 secundo
1409 190 1560 234 proximi
1585 191 1690 229 anni,
1718 191 1775 224 die
1798 192 1946 235 septimo
1971 199 2004 226 et
2029 193 2205 226 vicesimo.

1230 241 1318 274 Nam
1355 241 1398 272 ad
1441 251 1577 273 menses
1618 242 1758 274 lunares
1800 242 1986 274 duodecim
2026 243 2206 276 addendae

1229 298 1310 324 sunt
1334 292 1453 323 decem
1475 291 1566 330 dies,
1593 292 1653 335 qui
1679 293 1909 326 nominantur
1931 289 2093 335 Epactae.
2154 292 2206 326 lta

1230 341 1392 383 congruit
1410 341 1498 374 ratio
1518 341 1561 374 ad
1579 341 1663 374 anni
1681 342 1804 375 solaris
1827 342 2024 386 periodum.
2076 340 2123 375 Et
2139 354 2207 376 nu-

1229 403 1345 424 merus
1380 391 1553 424 mensium
1595 398 1628 424 et
1662 391 1799 425 dierum
1834 393 1872 425 in
1909 391 1972 426 hac
2007 393 2208 426 narratione

1231 441 1402 481 ostendit,
1436 453 1568 474 annum
1599 441 1748 474 solarem
1778 443 1996 486 complexum
2021 454 2092 476 esse
2120 443 2210 475 duo-

1231 492 1342 525 decim
1369 503 1503 524 menses
1527 492 1686 532 lunares,
1713 498 1746 525 et
1770 492 1842 524 dies
1868 494 1998 526 decem.
2052 493 2135 527 ldeo
2153 493 2210 525 di-

1231 543 1340 583 citur,
1376 539 1477 574 Noha
1506 553 1660 584 egressus
1684 553 1757 575 esse
1790 553 1829 574 ex
1860 553 1937 575 arca
1965 553 2058 576 anno
2089 543 2210 577 aetatis

1232 604 1312 626 suae
1329 592 1578 625 sexcentesimo
1598 592 1729 635 primo,
1757 592 1919 626 videlicet
1940 604 2034 625 anno
2053 604 2072 626 a
2088 593 2210 626 condi-

1233 650 1269 677 to
1292 643 1444 682 mundo,
1478 642 1665 676 millesimo
1689 642 1936 676 sexcentesimo
1959 643 2211 688 quinquagesi-

1233 706 1289 726 mo
1307 692 1468 736 septimo.

1336 742 1471 776 Interea
1495 743 1580 776 (lum
1603 743 1640 775 in
1663 754 1741 776 arca
1761 740 1902 776 vehitur
1925 742 2058 776 familia
2078 740 2213 784 Nohae,

1235 799 1345 825 totum
1371 804 1479 835 genus
1505 791 1701 826 humanum
1725 793 1916 826 universali
1940 794 2076 827 diluvio
2095 793 2211 837 periit.

1234 842 1328 876 Haec
1344 854 1456 886 poena
1474 844 1625 887 primum
1642 843 1822 885 significat,
1847 844 2022 877 conditam
2042 855 2113 877 esse
2123 841 2214 877 hanc

1235 905 1353 926 rerum
1370 900 1531 927 naturam
1543 918 1552 932 ,
1581 900 1619 927 ut
1637 893 1763 927 serviat
1781 894 1898 927 electis
1913 901 1945 927 et
1966 894 2077 929 iustis.
2130 892 2213 927 Ideo

1236 949 1466 987 sequuturum
1483 955 1553 976 esse
1564 944 1799 977 universalem
1815 944 1996 978 interitum
2014 943 2216 988 impiorum,

1237 1000 1269 1025 et
1302 992 1410 1025 iustos
1444 1005 1628 1025 mansuros
1660 1005 1731 1025 esse
1767 994 1805 1026 in
1831 994 2048 1038 possessione
2075 1000 2216 1027 aeterna

1236 1053 1382 1084 operum
1413 1043 1548 1074 mundi.
1610 1043 1750 1075 Deinde
1783 1041 1849 1077 hoc
1877 1045 2035 1086 exemplo
2071 1050 2217 1077 testatur

1237 1091 1343 1131 Deus,
1370 1102 1404 1123 se
1422 1092 1585 1134 deinceps
1602 1104 1742 1135 quoque
1759 1100 1895 1134 peccata
1910 1094 2117 1136 puniturum
2134 1104 2217 1133 esse,

1238 1152 1441 1184 quanquam
1469 1141 1517 1173 sic
1541 1141 1680 1183 mitigat
1703 1141 1809 1181 iram,
1837 1148 1875 1174 ut
1901 1143 2078 1184 promittat
2093 1142 2216 1174 condi-

1238 1198 1272 1224 ta
1289 1188 1400 1228 Iride,
1435 1202 1471 1223 se
1495 1190 1658 1233 deinceps
1682 1202 1755 1222 non
1779 1191 1986 1233 puniturum
2014 1203 2085 1224 esse
2108 1202 2217 1234 genus

1240 1238 1434 1273 humanum
1457 1241 1650 1274 universali
1671 1240 1818 1273 diluvio.
1870 1241 1939 1275 Sed
1964 1241 2069 1274 simul
2085 1242 2218 1285 signifi-

1239 1297 1311 1328 cat,
1348 1290 1385 1322 in
1407 1297 1557 1324 extrema
1581 1302 1694 1334 poena
1726 1290 1800 1333 igni
1830 1291 2123 1334 conflagraturum
2148 1302 2219 1325 esse

1239 1343 1434 1381 mundum,
1470 1347 1504 1374 et
1527 1353 1562 1374 se
1585 1352 1625 1373 ex
1653 1353 1691 1374 ea
1714 1352 1824 1374 massa
1848 1353 1975 1375 novam
1998 1342 2123 1375 mundi
2146 1342 2220 1375 for-

1239 1403 1333 1424 mam
1358 1392 1529 1425 facturum
1556 1403 1636 1425 esse.
1693 1390 1776 1424 Ideo
1802 1391 1936 1425 colores
1961 1399 2042 1426 sunt
2064 1392 2100 1424 in
2125 1390 2219 1425 Iride

1240 1443 1323 1475 duo.
1381 1440 1549 1475 Ceruleus
1575 1441 1744 1484 significat
1768 1453 1876 1484 genus
1902 1439 2096 1475 humanum
2121 1442 2221 1486 aquis

1240 1492 1394 1535 periisse.
1453 1491 1578 1534 lgneus
1611 1503 1670 1524 seu
1702 1503 1900 1535 purpureus
1937 1499 2056 1535 postea
2086 1492 2220 1535 peritu-

1240 1554 1319 1574 rum
1347 1553 1418 1574 esse
1440 1541 1531 1585 igni,
1557 1548 1597 1575 ut
1618 1541 1656 1573 in
1681 1543 1832 1575 secunda
1856 1542 2001 1586 epistola
2022 1542 2118 1576 Petri
2133 1542 2221 1576 scri-

1240 1598 1339 1636 ptum
1362 1597 1422 1626 est.

1341 1639 1478 1674 Eodem
1504 1653 1596 1674 anno
1629 1653 1649 1675 a
1677 1642 1811 1676 mundo
1835 1641 1976 1675 condito
2007 1637 2114 1676 1657.
2135 1638 2222 1674 'cum

1242 1688 1342 1723 Nohe
1360 1702 1515 1734 egressus
1531 1698 1618 1724 esset
1635 1704 1674 1724 ex
1691 1704 1786 1731 arca,
1812 1703 1933 1725 rursus
1950 1689 2125 1725 Ecclesiae
2141 1691 2223 1725 data

1243 1747 1325 1773 sunt
1341 1741 1559 1781 testimonia,
1586 1753 1666 1774 cum
1689 1742 1897 1774 sacrificium
1918 1743 1961 1774 de
1984 1742 2080 1774 coelo
2100 1741 2222 1775 incen-

1244 1802 1322 1824 sum
1339 1797 1407 1831 est,
1435 1797 1468 1823 et
1491 1790 1693 1823 testimonio
1709 1790 1886 1824 Ecclesiae
1909 1791 1998 1824 duae
2011 1803 2067 1825 res
2081 1791 2223 1825 additae

1244 1847 1343 1874 sunt:
1377 1840 1568 1874 promissio
1593 1841 1636 1873 de
1658 1852 1824 1875 mansuro
1848 1848 1994 1875 naturae
2016 1841 2156 1875 ordine:
2190 1848 2224 1875 et

1245 1891 1421 1924 institutio
1456 1891 1619 1934 politicae
1652 1892 1929 1935 gubernationis.
1990 1891 2094 1925 Tunc
2128 1891 2223 1925 enim

1245 1952 1402 1985 expresse
1432 1941 1500 1975 lata
1524 1948 1574 1974 est
1596 1941 1671 1982 lex,
1704 1949 1743 1976 ut
1779 1939 2015 1979 homicida
2044 1941 2224 1976 occidatur

1245 1992 1289 2025 ab
1306 1989 1461 2030 homine,
1489 1991 1548 2036 qui
1565 1999 1698 2036 praeest
1712 1993 1856 2026 caeteris
1870 1991 2088 2027 hominibus.
2130 1990 2225 2025 Haec

1246 2042 1304 2076 lex
1336 2041 1521 2086 praecipua
1546 2042 1583 2074 in
1608 2043 1733 2076 ordine
1767 2043 1910 2087 politico
1934 2050 2002 2084 est,
2037 2050 2070 2077 et
2095 2053 2223 2076 nervus

1247 2090 1422 2126 humanae
1445 2092 1628 2126 societatis.
1682 2092 1733 2127 lta
1756 2094 1868 2128 cernis
1886 2105 2007 2128 rursus
2028 2093 2129 2128 initia
2153 2090 2224 2125 Ec-

1247 2143 1371 2177 clesiae
1390 2149 1423 2176 et
1437 2142 1589 2186 politiae.
1642 2142 1780 2177 Deinde
1797 2145 1989 2179 recitantur
2003 2144 2147 2177 nomina
2163 2154 2223 2175 eo-

1248 2206 1349 2235 rum,
1377 2193 1439 2238 qui
1464 2205 1504 2226 ex
1527 2194 1609 2227 filiis
1632 2192 1755 2228 Nohae
1772 2195 1952 2239 propagati
1966 2200 2065 2234 sunt,
2091 2199 2125 2226 et
2142 2192 2223 2226 stir-

1247 2256 1309 2289 pes
1331 2244 1549 2278 diversarum
1570 2245 1740 2288 gentium.
1792 2245 1915 2280 Voluit
1929 2251 2044 2279 autem
2064 2241 2155 2276 hanc
2170 2253 2224 2276 se—

1248 2295 1336 2328 riem
1351 2293 1447 2328 Deus
1462 2302 1581 2329 notam
1599 2307 1686 2335 esse,
1711 2303 1750 2331 ut
1765 2296 1948 2335 sciremus,
1977 2306 2017 2327 ex
2032 2306 2099 2339 qua
2116 2293 2224 2338 stirpe

1248 2345 1401 2379 voluerit
1417 2345 1512 2379 Deus
1528 2346 1623 2379 nasci
1644 2343 1893 2384 Messium,
1917 2351 1951 2379 et
1964 2345 2027 2378 ubi
2043 2344 2150 2378 fuerit
2165 2355 2224 2377 ex-

1248 2397 1439 2441 pectandus
1456 2403 1491 2430 et
1506 2397 1785 2441 conspiciendus.
1834 2394 1947 2429 Nobis
1969 2396 2012 2428 ad
2029 2392 2096 2429 hoc
2117 2394 2223 2429 etiam

1247 2448 1390 2492 prodest
1405 2458 1506 2481 nosse
1522 2454 1660 2492 patrum
1677 2446 1832 2487 nomina,
1854 2452 1893 2480 ut
1908 2445 2057 2480 sciamus
2067 2444 2224 2490 gentium

1248 2498 1421 2542 origines,
1455 2499 1551 2544 quod
1579 2510 1653 2532 non
1685 2497 1799 2531 solum
1826 2497 2020 2531 iucundum
2053 2502 2123 2537 est,
2162 2495 2223 2529 sed

1248 2549 1353 2583 etiam
1369 2549 1467 2585 utile.
1506 2548 1621 2583 Series
1636 2548 1730 2581 enim
1743 2553 1904 2590 testatur,
1929 2547 2078 2592 primam
2093 2545 2223 2581 doctri-

1249 2612 1331 2633 nam
1348 2601 1391 2633 de
1409 2598 1484 2633 Deo
1500 2610 1571 2632 esse
1590 2596 1699 2640 hanc,
1726 2610 1815 2644 quae
1833 2599 1871 2632 in
1890 2597 2031 2642 scripsis
2053 2596 2162 2631 Moisi
2189 2603 2222 2629 et

1250 2651 1412 2695 deinceps
1432 2650 1468 2683 in
1487 2646 1741 2693 Prophetarum
1757 2649 1895 2695 scriptis
1911 2648 2040 2684 tradita
2063 2654 2125 2682 est.
2175 2644 2221 2679 Et
