2324 2955
70 142 138 176 501

70 219 374 271 ἀριστοκρατίαν,
402 220 604 266 praesertim
623 220 658 252 in
682 232 748 264 qua
767 220 873 264 possit
890 218 962 251 fieri
982 217 1055 250 col-

69 275 153 309 latio
169 273 381 307 iudiciorum
399 284 476 305 cum
495 271 598 305 bonis
616 278 649 304 et
664 271 775 303 doctis
793 270 886 303 xii-is.

170 323 240 357 Nec
271 331 386 357 tamen
414 322 524 355 defuit
553 321 631 354 aliis
660 322 832 364 gentibus.
894 320 983 359 Sed,
1017 325 1056 351 ut

68 375 152 410 olim
172 375 447 408 nominabantur
464 371 726 415 Evangelistae‚
757 372 816 416 qui
835 372 870 403 in
895 371 1055 414 pluribus

630 132 788 170 DECL.
831 131 902 169 DE
937 130 1078 165 VITA
1114 128 1501 165 BUGENHAGII.

69 426 154 459 locis
179 425 370 464 docebant,
403 431 435 457 et
458 421 632 456 Ecclesias
662 423 942 461 constituebant,
978 420 1055 453 talis
1080 455 1082 461 Ι

68 477 133 509 suit
152 482 183 508 et
202 476 273 519 ipse
293 472 536 518 Evangelista,
563 480 703 507 vocatus
716 472 912 512 Lubecam,
936 470 1055 504 Brun-

67 526 218 569 svigani,
271 524 532 568 Hamburgam,
589 525 625 556 in
660 522 905 556 Pomeraniam
950 529 981 555 et
1018 521 1054 553 in

67 587 213 619 regnum
238 575 435 616 Danicum‚
463 576 701 618 incorruptam
722 571 906 616 Evangelii
924 572 1055 605 doctri·
1081 602 1082 606 ,

1081 619 1082 628 ’
1108 634 1147 654 eo
1165 623 1199 653 in
1217 620 1416 665 precatione
1435 620 1573 663 publica
1590 618 1770 655 coronari,
1799 618 1841 649 ad
1860 629 1962 660 quam
1985 617 2098 648 nerni-

68 639 148 660 nam
167 626 215 660 ibi
231 627 369 667 docuit,
397 626 525 659 delevit
542 625 635 657 idola
653 632 685 657 et
701 636 835 657 errores
858 624 1056 668 papisticOS,
1081 657 1082 663 χ

67 684 100 711 et
117 677 191 711 Deo
210 677 351 711 iuvante
369 675 540 709 Ecclesias
559 676 614 719 pie
641 675 839 715 constituit,
868 686 955 718 quae
975 673 1054 718 qui-

67 729 148 761 dem
165 739 275 760 annos
285 727 423 760 circiter
439 726 581 769 triginta
596 723 764 759 hactenus
781 726 924 758 eandem
936 722 1056 757 Evan-

67 779 148 822 gelii
167 790 284 811 vocem
303 778 360 822 pio
377 788 550 810 consensu
571 777 736 810 retinent.

169 828 334 872 Legimus
352 829 396 861 ab
412 826 558 862 Othone
573 826 825 870 Bombergensi
850 825 952 859 initio
971 836 1056 857 con-

67 879 204 913 stitutas
218 891 290 912 esse
309 877 483 912 Ecclesias
501 878 765 917 pomeranicas,
801 889 902 922 quem
923 882 1056 909 constat

65 930 171 963 fuisse
196 930 311 962 virum
334 930 508 969 nobilem,
537 930 700 962 comitem
730 927 989 966 Andecensem,
1017 939 1056 959 ex
1082 965 1083 972 ἵ

66 981 199 1013 familia
222 980 359 1014 Ducum
379 980 577 1020 Meraniae,
603 979 665 1024 qui
685 985 875 1013 tenuerunt
896 977 1058 1010 Voitlan-

66 1031 178 1070 diam,
214 1038 248 1064 et
272 1038 456 1073 cognatum
482 1029 668 1073 Hedwigis
690 1029 882 1070 Slesiacae‚
919 1035 952 1062 et
980 1027 1056 1061 Eli·
1081 1039 1083 1074 ξ

509 1080 589 1114 Non
614 1087 748 1114 constat
775 1081 859 1125 quid
886 1080 1058 1119 docuerit,
1082 1103 1083 1107 ,

66 1082 205 1114 zabetae
230 1080 456 1125 Turingicae.

66 1133 159 1176 quod
186 1131 330 1176 quidem
358 1134 507 1165 maxime
537 1132 618 1165 sciri
641 1133 842 1176 oportebat,
876 1132 934 1164 sed
963 1131 1056 1175 quod

65 1183 111 1215 sit
136 1183 317 1216 doctrinae
341 1195 466 1225 genus,
502 1184 595 1228 quod
621 1195 733 1215 unum
761 1190 791 1216 et
812 1183 1056 1225 incorruptum

66 1232 102 1264 in
120 1233 286 1266 omnibus
308 1234 393 1266 locis
419 1234 565 1267 tradidit
583 1233 705 1267 Pastor
723 1232 900 1266 Ecclesiae
919 1238 1058 1263 nostrae
1082 1267 1084 1277 .

1082 1281 1084 1292 ¹
1109 1279 1286 1321 ingentem
1313 1279 1471 1309 dolorem
1499 1277 1575 1308 viro
1594 1277 1728 1319 optimo
1748 1276 1783 1306 in
1810 1273 1873 1307 hac
1891 1281 2026 1307 senecta
2045 1281 2101 1307 at-

67 1282 216 1316 loannes
232 1282 500 1323 Bugenhagius‚
528 1288 651 1313 notum
671 1288 720 1313 est
741 1288 772 1312 et
793 1293 831 1313 ex
855 1281 950 1312 illius
973 1280 1057 1311 scri-

66 1333 146 1376 ptis,
172 1339 205 1365 et
221 1344 261 1364 ex
277 1332 516 1364 monumentis
532 1331 671 1362 illarum
691 1329 944 1368 Ecclesiarunn,
973 1341 1058 1372 qua-

66 1394 146 1415 rum
170 1382 237 1415 fuit
269 1379 444 1426 οἶκίστης,
480 1381 516 1413 ἰη
544 1381 673 1425 quihus
704 1380 869 1412 omnibus
901 1391 1084 1423 expresse<

68 1431 134 1466 lioc
156 1433 333 1471 adfirmat,
367 1444 403 1464 se
432 1432 594 1474 amplecti
623 1431 877 1462 confessionem
910 1442 926 1461 a
962 1430 1057 1462 Duce

66 1482 238 1516 saxoniae
255 1480 418 1514 Electore
435 1479 627 1513 exhibitam
648 1479 854 1522 Imperatori
874 1480 1000 1512 Carolo
1021 1479 1056 1510 in

65 1530 251 1565 Conventu
269 1531 475 1573 Augustano
494 1529 591 1563 Anni
610 1530 717 1564 1530.
770 1529 847 1562 Hoc
864 1535 975 1562 totum
995 1530 1058 1561 ‹lo-

65 1582 199 1616 ctrinae
216 1593 324 1625 genus
341 1588 464 1615 notum
482 1589 531 1615 est
549 1593 589 1614 ex
607 1581 823 1614 confessione
847 1592 935 1625 qnae
955 1587 1058 1619 extat,

65 1640 97 1667 et
121 1632 196 1666 Deo
229 1633 371 1666 iuvante
402 1633 443 1665 ad
477 1644 617 1665 omnem
644 1633 881 1676 posteritatem
910 1643 1057 1674 perven-

65 1691 142 1718 tura
169 1689 229 1718 est.

166 1733 246 1767 Non
271 1734 418 1768 instituo
443 1733 668 1773 collationes,
695 1741 734 1767 ut
760 1734 796 1768 fit
821 1734 857 1766 in
874 1731 1058 1765 Declama-

65 1784 242 1826 tionibus,
269 1796 435 1828 magnum
460 1786 565 1818 decus
581 1786 684 1818 estin
700 1785 804 1818 bonis
821 1783 1058 1827 Principibus,

65 1834 250 1870 honestam
275 1836 423 1869 sormam
446 1835 608 1880 politiae,
641 1836 732 1878 leges
760 1842 793 1869 et
821 1835 950 1868 iudicia
977 1835 1057 1866 red-

64 1888 146 1920 dere
173 1887 339 1928 urbibus,
366 1894 405 1920 ut
428 1886 530 1920 multi
551 1884 689 1920 honesti
714 1887 863 1920 victores
889 1886 1057 1919 fecerunt.

64 1936 174 1971 Aliud
197 1938 367 1983 quiddam
390 1944 459 1978 est,
494 1944 527 1970 et
548 1938 659 1970 maius
676 1936 743 1971 Dei
768 1937 975 1970 beneficium
996 1943 1057 1974 est,

62 1987 238 2022 Ecclesias
269 1996 360 2022 recte
393 1988 579 2026 constitui,
623 1989 659 2021 in
684 2001 754 2033 quo
785 1987 954 2021 beneficio
979 1999 1056 2019 cum

64 2036 314 2081 Bugenhagius
333 2040 433 2073 fidele
455 2050 626 2082 organum
647 2038 713 2072 Dei
737 2040 860 2079 suerit,
889 2049 1055 2081 magnum

65 2090 100 2122 id
119 2091 225 2122 decus
247 2101 335 2130 esse,
360 2097 392 2124 et
410 2090 659 2134 gratitudinem
679 2090 709 2123 ei
727 2090 976 2134 sempiternam
996 2089 1057 2121 de-

63 2140 158 2181 beri,
185 2140 409 2174 manifestum
435 2148 496 2175 est.

165 2189 313 2225 Prodest
335 2198 368 2225 et
392 2189 458 2225 hoc
478 2190 720 2226 testimonium
748 2193 791 2225 de
809 2192 882 2225 eius
899 2190 1057 2223 moribus

63 2241 277 2287 posteritati,
308 2244 401 2287 quod
428 2244 530 2283 sciet,
559 2242 637 2275 talis
655 2242 720 2275 viri
741 2255 858 2276 vocem
882 2239 971 2274 hanc
992 2242 1056 2272 ‹lo-

63 2293 212 2326 ctrinam
242 2293 364 2333 fuisse,
399 2294 498 2327 cuius
520 2305 634 2326 mores
661 2294 797 2337 probati
817 2293 947 2326 suerint
964 2291 1054 2336 opti-

62 2343 128 2376 mis
146 2341 303 2386 Regibus
320 2343 482 2384 Danicis,
513 2344 693 2378 Friderico
718 2351 749 2376 et
769 2342 972 2378 Christiano
987 2370 994 2382 ‚
1024 2349 1053 2375 et

63 2393 208 2438 optimis
233 2393 459 2439 Principibus
480 2395 639 2429 Ducibus
668 2394 915 2435 pomeraniae,
950 2401 981 2427 et
1006 2400 1056 2427 tot
1080 2421 1081 2432 ,

62 2445 206 2478 urbium
220 2444 467 2487 Senatoribus,
495 2447 664 2491 sapientia
682 2453 714 2480 et
730 2446 858 2479 virtute
875 2451 1054 2490 praestan-

64 2495 178 2536 tibus,
207 2496 267 2540 qui
294 2496 362 2528 nisi
390 2510 503 2532 mores
528 2495 633 2531 huius
660 2497 724 2529 viri
760 2497 867 2530 iustos
890 2505 921 2530 et
945 2503 1054 2528 castos

64 2557 136 2579 esse
152 2547 352 2584 scivissent,
382 2560 453 2581 non
478 2549 723 2593 expetivissent
748 2561 844 2587 eum,
873 2560 934 2580 nec
957 2547 998 2579 ad
1020 2557 1054 2578 se

64 2604 97 2631 et
121 2598 162 2630 ad
195 2609 275 2630 suos
302 2607 494 2634 vocassent.
554 2599 716 2644 Cumque
752 2611 805 2631 res
838 2598 1054 2631 difficilimae

63 2647 150 2687 sint,
187 2648 398 2681 constituere
422 2648 614 2688 Ecclesias,
650 2652 801 2683 refutare
824 2649 1055 2688 adversarios,

64 2710 135 2731 non
154 2699 279 2732 abduci
296 2700 338 2732 ab
356 2700 470 2733 officio
485 2702 696 2742 ambitione,
726 2701 925 2741 iracundia,
954 2699 1052 2743 cupi-
1078 2711 1079 2737 3

2023 127 2095 161 302

1105 217 1213 249 ditate
1241 216 1412 248 vindictae
1435 222 1494 248 ant
1521 214 1708 258 pecuniae,
1743 225 1846 246 nemo
1872 213 1946 245 sine
1964 212 2095 246 auxilio

1106 266 1170 300 Dei
1191 273 1302 299 tantas
1319 266 1538 298 difficultates
1555 277 1717 308 superare
1737 271 1859 308 potest.

1210 317 1291 349 Fuit
1318 324 1432 348 autem
1460 328 1579 348 cursus
1600 316 1752 348 Pastoris
1776 315 1887 348 nostri
1912 315 1987 347 sine
2010 313 2100 351 labe,

1108 375 1141 401 et
1167 368 1282 401 foelix.
1337 366 1454 408 Quare
1477 366 1648 399 divinitus
1673 367 1905 409 gubernatum
1933 376 2022 404 esse,
2049 365 2101 396 fa-

1108 420 1254 453 tendum
1273 423 1341 457 est,
1369 418 1504 449 illustre
1523 417 1761 450 testimonium
1781 418 1823 448 de
1842 417 1914 448 eius
1930 415 2100 455 moribus,

1109 476 1140 503 et
1165 467 1231 501 hoc
1254 475 1320 507 est,
1347 469 1440 512 quod
1465 480 1523 500 rex
1548 466 1701 499 Danicus
1725 465 1948 499 Christianus
1975 473 2007 498 et
2035 477 2091 498 re-

1109 521 1187 563 gina
1207 519 1342 553 Danica
1355 545 1364 558 ,
1393 531 1469 551 cum
1488 518 1630 563 quidem
1647 517 1816 550 excellant
1832 518 1971 560 pietate,
1999 516 2100 549 iusti-

1109 572 1178 610 cia,
1208 570 1361 603 castitate
1379 576 1408 601 et
1435 569 1600 601 omnibus
1620 567 1830 605 virtutibus,
1859 567 2036 599 voluerint
2054 566 2097 598 ab

1109 684 1188 705 nem
1205 678 1295 704 certe
1316 668 1511 704 adhibituri
1533 676 1650 708 erant,
1679 667 1746 699 nisi
1766 679 1868 712 quem
1888 667 2099 699 iudicassent

1108 722 1222 756 Deum
1250 728 1339 755 recte
1365 733 1480 754 secum
1507 720 1687 758 invocare,
1720 725 1752 751 et
1775 717 1979 750 ardentibus
2009 716 2098 748 votis

1109 775 1256 807 salutem
1283 784 1389 816 regno
1417 778 1552 816 petere,
1587 776 1619 803 et
1639 767 1768 802 habere
1791 775 1918 801 castam
1944 773 2096 800 mentem

1109 832 1141 858 et
1159 832 1266 858 castas
1289 835 1422 856 manus.

1210 875 1388 908 Hactenus
1412 873 1618 907 brevissime
1649 872 1721 906 dixi
1746 873 1788 906 de
1819 883 1922 905 cursu
1945 870 2100 904 Pastoris

1110 926 1239 965 nostri,
1268 926 1327 970 qui
1354 926 1421 958 fuit
1445 931 1476 958 et
1501 924 1590 958 vitae
1608 924 1717 968 ipsius
1737 930 1768 956 et
1790 921 1895 956 huius
1916 922 2028 955 nostri
2047 933 2100 954 se-

1082 983 1083 989 *
1109 978 1178 1010 culi
1199 978 1295 1009 velut
1319 988 1420 1008 aurea
1445 982 1557 1014 aetas,
1585 987 1662 1007 cum
1680 974 1843 1007 videlicet
1870 981 1948 1006 ante
1967 972 2099 1005 bellum

1108 1028 1226 1062 Caroli
1254 1026 1505 1060 Germanicum
1531 1024 1707 1058 Ecclesiae
1733 1025 1928 1057 floruerunt
1949 1030 1980 1056 et
2005 1030 2102 1055 tran-

1110 1080 1240 1124 quillae
1261 1079 1416 1111 suerunt.
1478 1076 1601 1109 Secuta
1635 1083 1684 1108 est
1713 1075 1841 1107 deinde
1863 1076 1972 1106 ferrea
1999 1079 2102 1111 aetas,

1082 1139 1083 1142 ’
1110 1131 1146 1162 in
1167 1142 1234 1174 qua
1254 1128 1383 1161 multae
1407 1126 1630 1159 confusiones
1645 1137 1684 1158 ex
1702 1123 1908 1168 Principum
1933 1130 1963 1156 et
1981 1120 2101 1156 Theo—

1078 2645 1079 2653 *
1105 2655 1220 2681 tamen
1248 2644 1458 2678 necessarios
1487 2643 1623 2675 labores
1652 2655 1722 2675 non
1749 2642 1877 2675 omisit.

1110 1182 1269 1224 logorum
1288 1179 1389 1211 bellis
1407 1184 1502 1210 ortae
1521 1183 1612 1210 sunt.
1668 1175 1707 1208 In
1727 1173 1780 1207 his
1795 1174 1976 1218 captivitas
1996 1172 2099 1206 Prin-

1110 1232 1238 1273 cipum,
1265 1228 1371 1262 huius
1389 1228 1508 1271 oppidi
1528 1227 1678 1266 obsidio,
1706 1232 1738 1259 et
1756 1233 1888 1259 caetera
1905 1224 1991 1257 belli
2010 1224 2100 1256 mala

1110 1330 1287 1366 tulerunt,
1313 1333 1352 1359 ut
1376 1323 1572 1369 Prophetae
1601 1325 1786 1365 1eremiae,
1815 1326 1929 1357 clades
1949 1332 1981 1357 et
2007 1335 2100 1356 mors

1110 1379 1235 1422 optimi
1254 1377 1342 1419 regis
1365 1376 1483 1409 [osiae.

1210 1428 1281 1461 Nec
1300 1435 1415 1460 tamen
1436 1427 1480 1459 ita
1499 1427 1628 1459 fractus
1646 1433 1695 1460 est
1712 1426 1849 1466 animo,
1874 1433 1914 1460 ut
1928 1432 1987 1459 aut
2002 1426 2100 1468 fuge-

1110 1486 1179 1518 ret,
1206 1485 1265 1510 aut
1281 1478 1474 1522 quidquam
1494 1477 1530 1508 in
1547 1475 1702 1510 Ecclesia
1720 1483 1888 1515 mutaret,
1913 1477 1971 1509 sed
1993 1477 2101 1509 erexit

1110 1542 1143 1561 se
1160 1529 1305 1561 adsidua
1327 1528 1539 1570 precatione,
1568 1533 1599 1558 ct
1616 1525 1680 1559 hac
1698 1526 1940 1559 consolatione
1957 1526 2101 1559 moesti-

1110 1580 1196 1612 ciam
1222 1578 1338 1612 leniit.
1365 1578 1460 1621 quod
1484 1576 1573 1608 vidit
1592 1583 1708 1610 tamen
1726 1577 1820 1609 inter
1843 1582 1960 1609 tantos
1975 1577 2103 1609 fluctus

1108 1629 1277 1676 Cymbam
1296 1625 1429 1661 Christi
1448 1627 1658 1662 mirabiliter
1680 1640 1698 1660 a
1715 1626 1790 1661 Deo
1811 1627 1960 1667 servari,
1985 1626 2039 1660 cui
2059 1626 2103 1659 sit

1110 1682 1184 1714 laus
1202 1687 1233 1713 et
1251 1679 1442 1722 gratiarum
1460 1678 1563 1712 actio.

1209 1730 1347 1764 Deinde
1371 1736 1466 1762 moto
1491 1728 1638 1762 dissidio
1664 1726 1802 1762 Flacico
1826 1729 1894 1763 fuit
1917 1729 1954 1761 in
1979 1728 2103 1762 dolore

1109 1794 1183 1815 non
1219 1789 1289 1814 tam
1325 1792 1386 1814 sua
1424 1791 1542 1820 causa,
1583 1790 1688 1823 quam
1721 1786 1864 1823 propter
1898 1778 2103 1813 Ecclesiam.

1108 1832 1333 1867 Conscientia
1353 1831 1446 1863 enim
1467 1831 1577 1874 ipsius
1601 1842 1672 1863 non
1692 1836 1765 1863 erat
1782 1831 1956 1869 sauciata,
1986 1837 2017 1863 et
2036 1830 2104 1862 im-

1109 1886 1284 1928 pudenter
1309 1888 1509 1926 sparserant
1537 1881 1680 1926 quidam
1706 1881 1890 1914 manifesta
1910 1881 2106 1918 mendacia,

1109 1948 1198 1980 quae
1234 1935 1363 1967 sciebat
1399 1932 1544 1965 refutari
1578 1938 1746 1975 tempore.
1807 1931 1896 1964 Nam
1928 1943 2041 1976 neque
2066 1931 2103 1962 in

1109 1987 1221 2026 bello,
1256 1996 1370 2029 neque
1394 1990 1509 2026 postea
1534 1994 1653 2014 vocem
1677 1982 1876 2022 doctrinae,
1906 1993 1970 2014 nec
1987 1981 2101 2014 ullum

1109 2038 1144 2069 in
1164 2035 1319 2069 Ecclesia
1346 2034 1453 2067 ritum
1472 2032 1636 2072 mutavit;
1665 2039 1697 2065 et
1714 2044 1916 2077 quanquam
1935 2032 1975 2063 ad
1995 2032 2105 2064 alium

1108 2088 1293 2120 dominum
1321 2083 1405 2118 haec
1423 2084 1518 2127 regio
1538 2083 1704 2116 translata
1730 2090 1795 2123 est,
1824 2089 1942 2116 tamen
1966 2093 2103 2126 semper

1108 2138 1221 2171 voluit
1244 2148 1386 2169 manere
1413 2135 1559 2168 eandem
1577 2132 1790 2173 Ecclesiam,
1819 2141 1851 2167 et
1875 2145 1977 2176 saepe
1997 2133 2102 2166 dixit:

1107 2188 1196 2223 Date
1211 2188 1306 2228 Deo,
1342 2199 1429 2231 quae
1446 2184 1511 2218 Dei
1535 2191 1635 2222 sunt,
1672 2191 1703 2217 et
1720 2182 1880 2223 Caesari,
1908 2196 1997 2229 quae
2023 2190 2104 2216 sunt

1107 2239 1275 2274 Caesaris,
1348 2236 1534 2281 Utrunque
1566 2236 1658 2267 enim
1685 2242 1886 2268 constanter
1919 2234 2105 2278 praestitit,

1107 2291 1173 2325 fuit
1198 2289 1433 2324 alienissimus
1458 2300 1474 2320 a
1501 2286 1675 2319 seditiosis
1701 2286 1876 2323 consiliis,
1901 2292 1932 2318 et
1957 2285 1993 2317 in
2018 2285 2104 2318 reti-

1107 2343 1222 2375 nenda
1247 2340 1428 2374 doctrinae
1463 2339 1613 2381 puritate
1644 2337 1775 2370 firmus.
1850 2336 1969 2381 ltaque
1996 2343 2033 2369 nt
2060 2337 2103 2367 de

1107 2392 1236 2426 Severo
1263 2392 1475 2435 imperatore
1495 2388 1663 2431 scriptum
1697 2394 1764 2427 est,
1799 2388 1905 2420 fuisse
1939 2399 2018 2419 eum
2047 2386 2102 2418 in—

1107 2450 1242 2478 tentum
1264 2444 1298 2475 in
1317 2455 1366 2481 ea,
1394 2452 1482 2485 quae
1499 2439 1630 2480 agenda
1649 2445 1758 2478 erant,
1785 2446 1816 2472 et
1831 2438 2023 2481 neglexisse
2040 2450 2101 2480 po-

1108 2496 1180 2538 puli
1199 2495 1362 2531 fabellas,
1392 2488 1578 2535 ’lcnigutrss
1604 2487 1648 2534 ἤι’
1671 2491 1743 2523 τῶν
1767 2487 1981 2533 πρακτέων,
2012 2487 2099 2530 ‹tm-

1105 2544 1167 2590 21),
1201 2548 1271 2579 τῶν
1302 2541 1380 2587 περὶ
1414 2540 1530 2575 αι”ιοῦ
1565 2539 1908 2588 λογοποιοιχιιέιάιν.
1947 2540 1994 2571 sic
2028 2540 2098 2582 ipse

1105 2609 1182 2629 cum
1202 2597 1280 2628 illae
1302 2589 1551 2639 sycophantiae
1575 2597 1841 2634 spargerentur,
1881 2597 2022 2634 propter
2041 2600 2095 2620 eas

1933 2641 1999 2673 stul
2026 2637 2095 2670 Et·-

1104 2699 1227 2731 clesiae
1253 2709 1352 2730 causa
1377 2695 1488 2728 doluit
1515 2694 1659 2727 accendi
1687 2694 1766 2726 odia
1794 2700 1824 2725 et
1845 2690 2036 2724 discordias
2053 2690 2095 2720 de
