2324 2955
206 136 278 173 267

313 223 483 257 Processit
507 223 622 265 itaque
647 218 816 253 foeliciter
843 220 878 251 in
905 220 1090 257 discendo,
1127 232 1189 252 nec

213 273 374 308 inchoata
405 272 520 305 studia
551 282 644 304 mors
677 277 860 314 parentum
894 271 1046 314 abrupit.
1101 270 1190 303 Sunt

213 326 306 358 enim
334 325 369 356 in
389 322 528 355 Batavis
552 328 584 354 et
610 322 645 353 in
664 320 804 364 Belgico
832 322 998 354 sodalicia
1016 322 1052 353 in
1068 333 1190 353 mona-

214 375 342 413 steriiS,
369 380 400 405 et
418 373 518 417 plura
535 378 568 405 et
587 372 694 415 magis
720 372 837 405 dedita
863 372 993 410 literis,
1021 384 1124 416 quam
1156 372 1190 403 iu

212 424 276 458 hac
299 431 417 456 nostra
442 422 650 461 Germania,
676 434 764 467 quae
789 419 1015 455 Scholasticis
1042 422 1191 455 libenter

213 475 446 519 opitulantur.

313 523 490 558 Orbatum
513 524 619 567 igitur
642 523 845 567 parentibus
860 521 1063 563 Erasmum,
1090 523 1192 556 soda-

212 577 260 609 les
276 576 327 608 illi
351 577 387 608 in
405 575 615 608 monasterio
633 574 898 613 Daveutriensi,
926 575 968 606 ad
998 585 1068 606 sese
1094 574 1189 606 invi-

211 634 305 666 tant,
333 634 364 660 et
387 624 546 670 orphano
572 638 666 669 spem
695 626 846 665 faciunt,
874 637 907 657 se
932 624 1100 657 missuros
1118 636 1188 657 esse

211 690 290 711 eum
310 677 484 712 Lutetiam
497 704 505 717 ‚
528 677 621 721 quod
639 684 671 709 et
688 677 869 720 aliquanto
887 682 963 719 post
985 676 1114 708 sactum
1131 681 1191 710 951.

213 728 252 762 ln
271 740 307 761 ea
328 728 516 761 Academia
534 739 605 759 non
623 727 736 759 solum
755 726 895 763 didicit,
925 728 981 758 sed
1009 738 1086 759 cum
1105 726 1191 759 scri-

210 786 269 823 pta
292 779 322 812 ei
345 779 478 811 aditum
500 779 543 810 ad
563 777 655 810 viros
677 779 797 810 ‹loctos
816 784 848 809 et
870 777 1005 809 nobiles
1023 778 1192 820 pateface-

211 837 308 868 rent,
336 836 368 862 et
385 840 497 861 mores
514 835 626 861 essent
650 828 818 865 modesti,
846 834 878 860 et
908 828 1051 861 comitas
1069 827 1187 859 mirifi-

211 892 260 920 ca,
288 879 510 912 familiariter
526 891 603 911 eum
622 879 757 911 nobiles
776 879 918 923 quidam
939 879 1005 912 sibi
1021 879 1190 911 adiunxe-

211 937 313 970 runt,
340 942 427 975 quos
445 930 585 963 erudiit.

308 989 436 1022 Narrat
458 989 530 1033 ipse
557 989 594 1021 in
620 989 769 1033 quadam
796 989 962 1031 epistola,
998 988 1189 1021 adsiduita-

208 1047 277 1073 tem
302 1040 407 1073 fuisse
431 1047 563 1073 tantam
588 1039 815 1079 discentium,
848 1046 886 1072 ut
912 1040 948 1071 in
972 1040 1129 1082 prandiis
1158 1046 1188 1071 et

209 1091 327 1125 coenis
351 1091 455 1124 etiam
479 1090 573 1123 soliti
598 1090 666 1122 sint
690 1087 849 1122 adhiberi
876 1090 1020 1122 lectores
1047 1089 1190 1123 Latino-

209 1154 287 1175 rum
315 1141 545 1185 scriptorum,
579 1140 615 1172 in
643 1140 771 1184 quibus
795 1152 873 1173 cum
900 1141 996 1172 locus
1020 1140 1189 1172 obscurus

209 1192 381 1230 occurrit,
409 1191 733 1235 interpretationem
752 1197 785 1223 et
802 1191 959 1235 poposcit
981 1191 1024 1224 ab
1043 1190 1131 1231 aliis,
1159 1197 1191 1223 et

209 1255 287 1276 cum
304 1254 392 1287 opus
407 1243 475 1276 fuit
490 1243 562 1285 ipse
577 1242 714 1274 adiecit.

309 1300 484 1336 Exercitia
508 1300 610 1333 etiam
640 1300 720 1343 styli
747 1300 827 1331 talia
858 1300 1020 1336 fuerunt,
1050 1311 1121 1331 non
1153 1306 1189 1331 ut

209 1352 314 1386 verba
330 1363 440 1396 pauca
461 1356 611 1383 mutaret
630 1350 662 1381 in
680 1349 796 1381 alieno
817 1350 945 1392 scripto
958 1376 966 1389 ‚
994 1350 1052 1381 sed
1079 1355 1117 1381 ut
1136 1349 1189 1380 in-

209 1411 321 1447 tegras
338 1402 513 1435 orationes
530 1406 716 1437 retexeret,
745 1406 783 1433 ut
802 1400 973 1433 discentes
998 1406 1191 1438 cernerent,

209 1455 246 1487 in
264 1460 337 1488 toto
355 1452 512 1486 aedificio
529 1451 613 1496 quid
641 1450 816 1484 defuisset.
871 1449 921 1482 Ac
943 1451 1033 1482 fama
1058 1450 1191 1491 ingenii

209 1512 242 1539 et
259 1503 444 1538 facundiae
462 1502 570 1545 ipsius
587 1501 654 1533 cito
675 1501 716 1532 ad
737 1501 852 1532 aulam
870 1499 1048 1542 Belgicam
1065 1511 1189 1543 perve—

209 1555 274 1589 nit.
326 1554 397 1588 Ubi
413 1565 490 1586 cum
509 1551 654 1585 Iacobus
663 1550 784 1584 Battus
803 1562 880 1582 eum
898 1550 1191 1592 gubernatoribus

210 1606 505 1643 commendasset,
532 1603 673 1635 adiutus
691 1607 740 1634 est
756 1601 855 1634 aulae
870 1601 1089 1636 liberalitate.

312 1665 380 1699 Sed
398 1662 505 1706 Angli
529 1674 608 1695 eum
633 1673 671 1694 ex
699 1659 817 1693 Gallia
840 1671 957 1693 secum
983 1661 1019 1692 in
1044 1660 1189 1704 patriam

210 1717 432 1751 adduxerunt
444 1739 453 1753 ‚
482 1726 551 1759 quo
570 1719 603 1746 et
619 1719 762 1756 propter
780 1710 997 1743 Graecorum
1015 1710 1189 1744 librorum

211 1767 365 1812 copiam,
401 1777 488 1810 quae
512 1765 561 1797 ibi
585 1774 709 1805 magna
733 1763 799 1794 iarn
825 1762 909 1794 olim
934 1762 1017 1794 fuit:
1053 1768 1084 1794 et
1110 1761 1190 1806 quia

210 1826 294 1852 tunc
311 1817 455 1861 plurimi
481 1821 579 1848 erant
596 1812 762 1857 Episcopi
784 1813 819 1845 in
839 1811 966 1856 Anglia
985 1812 1192 1845 excellenter

211 1868 362 1909 eruditi,
389 1868 540 1900 libenter
559 1865 732 1910 profectus
754 1871 814 1896 est.

311 1926 471 1971 Cumque
497 1933 529 1959 et
553 1925 605 1957 vis
629 1923 761 1966 ingenii
786 1933 911 1964 magna
930 1929 1034 1960 esset,
1063 1929 1094 1954 et
1113 1934 1191 1954 eru-

211 1978 298 2013 ditio
314 1978 438 2010 eximia
455 1976 627 2009 inLatina
646 1981 678 2007 et
689 1973 821 2007 Graeca
834 1974 964 2016 lingua,
981 1973 1073 2006 docti
1089 1979 1121 2006 et
1139 1985 1193 2005 sa-

211 2029 344 2073 pientes
362 2026 546 2072 Episcopi,
573 2025 837 2059 Cantuariensis
854 2030 886 2057 et
903 2024 973 2064 alii,
998 2024 1114 2057 statim
1134 2035 1192 2056 or-

212 2092 294 2113 nare
318 2092 397 2112 eum
431 2077 623 2111 liberaliter
654 2082 841 2119 ceperunt,
876 2075 1081 2118 praesertim
1113 2086 1191 2107 cum

212 2131 280 2164 iam
297 2137 389 2163 aetas
408 2129 520 2162 virilis
537 2127 672 2172 aliquid
692 2127 836 2159 adderet
854 2125 1064 2159 autoritatis.

314 2188 366 2221 lbi
385 2189 471 2221 duas
487 2185 681 2229 tragoedias
699 2182 883 2227 Euripidis
902 2184 1025 2222 vertit,
1055 2184 1097 2215 de
1113 2184 1193 2227 qui-

213 2241 278 2272 bus
296 2239 368 2282 ipse
386 2239 467 2283 quid
487 2237 632 2270 senserit
646 2263 654 2276 ,
682 2235 764 2267 iude
782 2233 930 2275 intelligi
948 2240 1068 2277 potest,
1097 2235 1190 2277 quod

212 2302 290 2322 cum
311 2289 503 2331 Longolius
527 2299 642 2321 coram
667 2285 828 2324 dixisset,
862 2284 1056 2316 orationem
1084 2284 1192 2327 ipsius

213 2339 382 2373 humilem
401 2346 431 2372 et
448 2339 665 2371 summissam
685 2348 768 2376 esse,
792 2348 830 2368 ac
847 2336 963 2367 deesse
980 2335 1010 2366 ei
1027 2334 1192 2376 splendo-

213 2403 287 2424 rem
307 2397 337 2422 et
354 2389 712 2433 grandiloquentiam‚
742 2387 842 2420 iussit
860 2398 938 2419 eum
960 2385 1121 2429 experiri,
1147 2398 1190 2418 au

212 2448 326 2486 posset
346 2440 452 2473 simili
469 2440 674 2483 splendore,
702 2437 916 2481 tragoediam
936 2434 1118 2480 Euripidis
1133 2443 1191 2469 aut

212 2490 399 2537 Sophoclis
422 2490 585 2523 Latinam
609 2491 730 2523 facere.

312 2550 423 2584 Datus
458 2556 507 2582 est
538 2549 645 2591 igitur
678 2549 707 2579 ei
741 2549 835 2579 locus
870 2547 1009 2590 publice
1041 2547 1189 2579 docendi

212 2602 345 2636 Graece
357 2608 390 2634 et
399 2599 566 2633 Latinein
580 2597 766 2631 Academia
778 2597 1070 2640 Cantabrigiensi,
1087 2610 1189 2641 quem

210 2660 248 2686 ut
258 2652 402 2686 Graecis
422 2651 522 2683 libris
538 2650 589 2682 uti
609 2656 732 2692 posset,
751 2649 918 2681 libentius
937 2648 1077 2692 accepit.
1114 2646 1190 2681 Ali-

208 2710 340 2750 quanto
373 2709 451 2748 post
480 2713 558 2735 cum
587 2698 689 2743 Regii
719 2700 843 2732 medici
870 2699 950 2732 filiis
982 2699 1017 2731 in
1053 2698 1189 2733 Italiam

765 131 920 168 DECL.
952 132 1023 168 DE
1065 132 1314 169 ERASMO
1358 132 1664 172 ROTEROD.

2150 138 2225 173 268

1217 234 1221 245 v
1246 220 1369 252 missus
1395 225 1462 260 est,
1496 220 1559 252 ubi
1578 220 1736 254 Medicos
1763 221 1900 265 saepius
1924 222 2077 262 audivit,
2118 234 2223 267 quam

1246 268 1446 312 'theologos
1475 277 1535 303 aut
1568 270 1857 310 Iurisconsultus,
1891 272 1953 304 etsi
1986 270 2050 305 hos
2084 286 2225 318 quoque

1217 313 1219 373 Ξ
1244 321 1420 353 audiebat.
1475 319 1619 353 Latinae
1637 322 1776 365 linguae
1793 321 2011 355 Professores
2037 334 2109 355 non
2123 324 2223 356 audi-

1245 371 1313 411 vit,
1345 371 1440 415 quod
1472 371 1521 403 ibi
1556 378 1691 415 praeter
1715 372 1906 416 Baptistam
1930 372 2033 406 Pium
2068 373 2225 416 ineptum

1245 419 1446 461 hominem,
1473 433 1545 454 non
1569 422 1658 454 alius
1682 422 1862 456 Professor
1884 430 1968 458 erat.
2022 422 2224 457 Monstrosa

1245 471 1356 505 oratio
1375 471 1471 505 illius
1486 471 1663 516 Baptistae
1681 473 1767 513 fuit,
1796 473 1962 507 imitatrix
1975 486 2046 507 non
2064 475 2137 507 eius
2154 486 2226 508 ser-

1245 522 1378 563 monis,
1420 523 1482 567 qui
1505 523 1653 557 usitatus
1679 523 1746 557 fuit
1769 521 1923 563 Romae,
1966 524 2048 557 inde
2073 537 2184 571 usque
2207 538 2226 558 a

1246 573 1405 606 Terentii
1431 580 1587 617 tempore
1620 575 1664 606 ad
1690 572 1840 617 Augusti
1870 580 2034 615 aetatem,
2072 578 2129 608 sed
2156 589 2225 621 quo

1245 631 1325 657 aute
1343 623 1571 657 Decemviros
1589 623 1797 657 Volscorum
1818 625 1939 658 rustici
1956 625 2011 658 usi
2027 633 2118 660 sunt.
2155 626 2226 660 De-

1245 675 1334 708 risus
1353 681 1402 708 est
1420 675 1526 717 igitur
1539 675 1632 707 ludis
1650 675 1806 709 scenicis-

1346 733 1451 767 Hunc
1468 733 1662 777 Baptistam
1682 746 1762 768 cum
1779 734 1885 767 semel
1902 734 2102 774 audivisset,
2120 735 2229 768 inter-

1244 792 1385 828 rogatus
1409 784 1578 818 Erasmus
1603 785 1646 817 ab
1677 785 1806 824 amico,
1843 785 1927 829 quid
1954 785 2139 824 iudicaret,
2174 799 2228 819 re-

1245 835 1403 878 spondit:
1434 836 1537 878 longe
1555 835 1639 868 vicit
1663 835 1869 878 opinionem
1891 847 2016 870 meam.
2071 835 2226 878 Quinam

1246 886 1362 931 inquit
1387 886 1472 919 ille?
1499 886 1646 919 subiecit
1663 883 1841 923 Erasmus,
1859 892 1958 918 antea
1977 886 2135 930 ineptum
2154 899 2225 921 esse

1245 937 1418 977 iudicavi,
1445 948 1540 970 nunc
1560 947 1703 980 prorsus
1722 936 1881 969 insanire
1907 948 1986 969 eum
2013 938 2178 980 comperi.

1345 994 1434 1029 Cum
1460 995 1567 1038 igitur
1590 995 1773 1028 Bononiae
1798 995 1976 1028 librorum
2007 996 2105 1039 copia
2130 1004 2230 1036 esset,

1245 1046 1399 1079 instituit
1445 1057 1533 1090 opus
1578 1045 1854 1078 proverbiorum
1900 1046 2086 1088 grandius,
2134 1050 2227 1092 quod

1245 1103 1364 1140 postea
1388 1095 1546 1129 Venetiis
1571 1103 1603 1130 et
1624 1103 1765 1129 auctum
1793 1102 1827 1129 et
1850 1103 2013 1129 ornatum
2037 1096 2073 1129 in
2093 1098 2229 1131 officina

1245 1146 1329 1180 Aldi
1346 1147 1467 1182 edidit.

1347 1205 1529 1239 Bononiae
1548 1205 1804 1239 consuetudine
1823 1203 1980 1239 hominis
1997 1206 2116 1239 diserti
2130 1206 2229 1241 Pauli

1244 1256 1425 1289 Bombasii
1451 1257 1642 1289 delectatus
1665 1263 1726 1289 est.
1782 1255 1938 1289 venetiis
1971 1269 2048 1289 cum
2082 1257 2117 1289 in
2144 1256 2227 1290 Aldi

1246 1308 1351 1338 domo
1385 1306 1538 1345 viveret,
1573 1307 1739 1337 omnihus
1772 1307 1939 1344 eruditis,
1973 1313 2006 1338 et
2042 1314 2168 1347 notus,
2198 1317 2229 1341 et

1245 1353 1371 1388 charus
1388 1355 1466 1393 fuit,
1483 1355 1543 1387 sed
1561 1354 1750 1398 praecipue
1767 1353 1889 1387 Marco
1906 1353 2056 1388 Musuro
2073 1355 2230 1390 Cretensi

1246 1405 1446 1438 doctissimo
1473 1406 1573 1445 viro,
1601 1416 1705 1449 quem
1734 1412 1851 1447 postea
1872 1405 1943 1438 Leo
1970 1405 2131 1440 Pontifex
2155 1407 2229 1443 Ro-

1246 1468 1336 1488 mam
1370 1456 1567 1495 accersivit,
1620 1455 1661 1487 ad
1698 1453 1853 1487 Graecae
1886 1455 2026 1497 linguae
2059 1469 2229 1502 propaga-

1246 1513 1389 1539 tionem.

1347 1565 1388 1597 In
1406 1562 1595 1597 Academia
1614 1563 1763 1597 Senensi
1780 1563 1883 1596 etiam
1902 1564 2013 1597 filium
2031 1567 2120 1609 regis
2129 1566 2230 1603 Scot-

1245 1623 1361 1649 torum
1387 1614 1501 1647 lacobi
1526 1615 1767 1647 Alexandrum
1793 1614 1931 1655 docuit,
1959 1616 2057 1649 cuius
2081 1626 2227 1653 mortem

1246 1667 1406 1710 deplorat
1431 1666 1467 1697 in
1494 1664 1698 1709 proverbio:
1725 1664 1886 1709 Spartam
1911 1673 2033 1700 nactus
2059 1679 2112 1709 es,
2141 1667 2229 1703 hanc

1246 1729 1341 1750 orna.

1346 1773 1453 1808 Edito
1472 1786 1575 1818 opere
1587 1773 1861 1808 proverbiorum
1881 1776 1915 1808 in
1928 1774 2093 1820 Angliam
2114 1781 2227 1814 rediit.

1247 1825 1405 1871 Cumque
1431 1832 1574 1869 propter
1598 1837 1673 1857 eam
1704 1825 1895 1859 editionem
1926 1828 2028 1861 multi
2056 1830 2229 1873 sapientes

1246 1884 1278 1910 et
1308 1878 1401 1910 docti
1436 1876 1502 1909 viri
1539 1888 1618 1909 eum
1652 1876 1763 1919 magis
1792 1877 2070 1920 admirarentur,
2119 1883 2228 1925 magis

1247 1928 1488 1971 expetiverunt
1509 1927 1582 1960 eius
1597 1926 1869 1961 familiaritatem
1887 1927 2069 1973 Principes
2092 1938 2124 1964 et
2142 1930 2230 1977 Epi—

1247 1980 1351 2022 scopi.
1393 1978 1461 2012 Sed
1482 1989 1617 2021 semper
1633 1977 1730 2010 aulas
1747 1978 1922 2021 sapienter
1937 1979 2036 2022 fugit.
2077 1979 2122 2015 Et
2142 1995 2228 2016 con-

1247 2037 1363 2063 tentus
1381 2028 1550 2061 VVarami
1574 2035 1606 2061 et
1623 2027 1793 2061 Montioii
1814 2029 2042 2070 liberalitate,
2077 2044 2227 2076 quorum

1247 2080 1417 2124 sapientia
1436 2086 1468 2112 et
1486 2079 1597 2113 virtus
1615 2079 1681 2112 fuit
1699 2079 1880 2120 excellens,
1902 2081 2008 2114 rediit
2024 2082 2061 2114 in
2081 2081 2228 2122 ltaliam,

1246 2138 1284 2164 ut
1301 2130 1435 2165 Romae
1453 2131 1637 2163 doctorum
1653 2131 1907 2163 consuetudine
1920 2132 2105 2165 frueretur.
2158 2134 2227 2168 Ubi

1245 2181 1427 2215 Cardinali
1451 2180 1623 2214 Grimano
1648 2180 1782 2214 Veneto
1807 2181 1989 2214 familiaris
2013 2182 2100 2223 fuit,
2127 2185 2225 2219 cuius

1246 2233 1371 2265 domus
1388 2231 1597 2265 Academiae
1614 2231 1738 2264 similis
1756 2239 1848 2272 erat,
1875 2232 1955 2276 quia
1971 2239 2003 2265 et
2019 2232 2091 2276 ipse
2107 2237 2228 2268 erudi-

1245 2283 1340 2317 tione
1367 2295 1404 2316 ac
1431 2283 1601 2316 modestia
1621 2282 1764 2316 caeteris
1779 2280 2028 2315 Cardinalibus
2042 2287 2228 2320 antecelle-

1244 2335 1313 2368 bat.

1346 2382 1398 2417 Eo
1415 2391 1591 2428 tempore,
1620 2384 1700 2428 quia
1720 2383 1855 2416 viderat
1875 2382 2009 2424 ltaliae,
2039 2392 2070 2417 et
2090 2385 2227 2420 Galliae

1244 2435 1477 2475 calamitates,
1504 2442 1597 2468 ortas
1624 2435 1667 2467 ab
1695 2445 1735 2465 eo
1752 2433 1864 2473 bello,
1892 2435 1986 2478 quod
2005 2434 2116 2469 Iulius
2133 2436 2227 2470 Pon-

1243 2487 1325 2520 tifex
1343 2486 1508 2519 adversus
1526 2484 1746 2519 Ludovicum
1765 2482 1945 2518 Gallicum
1971 2497 2086 2529 regem
2104 2499 2226 2521 accen-

1244 2538 1361 2576 derat,
1389 2537 1527 2580 scripsit
1544 2535 1720 2580 querelam
1747 2534 1849 2578 pacis.

1344 2595 1444 2628 Hanc
1462 2607 1540 2629 cum
1558 2593 1735 2638 praecipui
1753 2593 1819 2626 viri
1848 2595 2029 2637 legissent,
2056 2596 2117 2640 qui
2136 2597 2225 2631 bella

1243 2659 1315 2679 non
1340 2646 1532 2679 necessaria
1560 2644 1694 2677 moveri
1717 2644 1905 2685 dolebant,
1933 2657 2110 2680 sermones
2135 2654 2167 2681 et
2183 2650 2225 2682 de

1243 2696 1408 2740 Erasmo,
1436 2703 1468 2730 et
1486 2697 1528 2729 de
1547 2693 1732 2729 hominum
1750 2695 1888 2729 iudiciis
1905 2697 1947 2730 ad
1966 2695 2094 2731 Iulium
2112 2700 2223 2742 perfe-
