2324 2955
134 97 208 131 809
814 96 840 130 Ι.

134 182 199 215 bus
224 187 256 214 et
273 180 407 214 ultimis
427 181 547 225 poenis
567 181 816 224 opprimuntur
834 181 875 219 ii,
903 183 963 227 qui
988 182 1116 216 iniusta

132 232 223 265 bella
250 239 454 272 moverunt,
482 243 539 264 seu
564 231 646 263 odio
673 243 731 264 seu
758 233 948 276 cupiditate
974 233 1116 265 maioris
1142 225 1144 265 ἶ

129 282 316 326 potentiae.
354 281 495 315 Initium
514 279 617 314 huius
636 282 719 314 belli
737 282 801 315 suit
818 290 932 316 ortum
950 283 993 316 ab
1005 281 1115 315 Athe-

129 332 331 372 iliensibus,
358 332 418 376 qui
443 332 617 364 adiunctis
634 332 815 378 (jort-yrcis
841 333 1031 376 potentiam
1050 346 1111 366 au-

129 394 207 425 gere
241 383 477 419 conabantur,
517 388 548 415 et
580 382 875 416 Lacedaemonios
909 390 1113 417 contemne-

127 433 224 466 bant.
278 430 432 465 Accessit
449 439 481 465 et
501 433 620 465 odium
643 433 677 465 in
697 432 829 466 Pericle
848 435 1014 467 adversus
1032 434 1111 467 Me·

124 493 296 525 garenses·
332 481 439 516 Venit
456 483 561 526 igitur
578 483 614 515 in
631 484 763 516 tristem
780 485 980 518 servitutem
995 482 1110 518 Attica
1135 463 1138 515 l

125 533 257 566 civitas.
309 531 355 566 Et
373 540 410 566 ut
431 533 580 576 intelligi
599 540 733 576 posset,
761 534 930 576 singulari
951 535 1107 578 exemplo

125 583 325 627 superbiam
356 584 517 628 punitam
548 595 636 623 esse,
674 586 717 617 ad
751 593 892 618 cantum
921 584 1107 618 Tibiarum

124 633 217 667 muri
234 634 344 667 eversi
361 641 460 675 sunt,
487 641 520 667 et
536 646 641 667 naves
658 642 840 670 crematae.

224 683 420 727 Scriptores
441 684 628 718 nominant
651 683 741 718 hanc
763 683 983 720 Athenarum
1007 685 1107 718 dedi-

121 734 254 767 tionem
286 734 390 768 finem
422 735 507 768 belli
531 733 841 779 Peloponnesiaci,
877 736 957 780 quia
981 735 1106 768 caeteri
1131 743 1133 775 ζ

122 783 250 817 Graeci
281 784 535 829 aliquantisper
564 787 793 830 quieverunt,
836 798 915 819 cum
948 786 1105 830 potentia
1131 823 1132 828 ¹

120 832 480 869 Lacedaemoniorum
514 837 750 870 formidabilis
784 843 888 876 esset,
924 844 957 871 et
985 848 1104 879 aspera
1130 832 1132 863 ,¹

120 891 234 917 essent
251 885 409 927 imperia.
461 886 533 920 Nec
549 888 661 920 multo
683 893 761 931 post
776 885 958 929 Agesilaus
974 887 1103 919 exerci-

118 940 193 968 tum
213 934 250 966 in
267 932 386 967 Asiam
405 935 515 968 duxit.
551 933 747 968 Atticarum
766 946 847 967 vero
864 935 1102 968 calamitatum

118 985 279 1017 nondum
295 985 374 1018 finis
389 985 466 1018 suit.
514 984 604 1017 Nam
623 984 765 1027 triginta
784 985 936 1029 tyranni,
964 985 1006 1018 de
1024 986 1103 1030 qui-

118 1035 184 1068 hus
207 1046 287 1067 mox
312 1035 466 1074 dicetur,
494 1035 612 1078 plures
637 1035 728 1068 cives
750 1035 841 1068 intra
867 1042 944 1068 octo
967 1047 1103 1069 menses

115 1083 350 1126 trucidarunt,
378 1097 482 1130 quam
500 1085 670 1117 decennio
689 1087 733 1118 ab
751 1083 912 1118 hostibus
930 1086 1101 1120 interfecti

114 1135 272 1173 fuerant,
299 1142 339 1168 ut
357 1142 476 1168 narrat
495 1133 707 1178 Xenophon.
743 1133 866 1168 Postea
884 1136 1101 1180 recuperatio

115 1184 287 1218 libertatis
313 1186 490 1219 mirabiles
509 1196 606 1218 casus
624 1183 741 1220 habet.
793 1184 895 1219 Nune
911 1198 1021 1220 annos
1038 1199 1101 1221 an-

111 1236 325 1270 notabimus.

395 1310 525 1353 Captae
544 1318 625 1343 sunt
641 1308 816 1344 Athenae:

217 1377 252 1410 2.
279 1373 386 1409 Anno
405 1373 607 1409 Artaxerxis
626 1375 839 1411 Mnemonis,

217 1426 278 1460 27.
304 1426 433 1466 Anno,
461 1437 579 1458 mense
600 1433 714 1467 sexto,
741 1427 784 1460 ab
806 1427 909 1460 initio
933 1428 1017 1462 belli
1033 1428 1101 1463 Pe-

317 1476 570 1520 loponnesiaei.

214 1527 275 1561 77.
303 1524 410 1560 Anno
426 1538 444 1559 a
461 1525 652 1559 Salaminia
673 1527 831 1563 victoria.

215 1576 272 1611 19.
298 1575 406 1610 Anno
431 1583 511 1609 ante
531 1583 666 1619 captam
690 1576 842 1611 Romam
864 1591 883 1613 a
902 1578 1033 1621 Gallis,
1060 1586 1100 1613 ut

314 1626 485 1671 Polybius
502 1627 632 1659 scribit.

215 1679 322 1710 Anno
344 1676 471 1709 mundi
490 1674 600 1710 3563.

304 1772 371 1805 De
406 1772 616 1816 triginta
656 1773 897 1815 Tyranni&

212 1839 259 1875 Ut
282 1846 398 1873 autem
418 1838 565 1870 victores
586 1835 855 1869 Lacedaemonii
875 1837 1007 1882 ubique
1033 1851 1097 1882 po-

107 1892 252 1928 tentiam
278 1888 390 1934 plebis
415 1888 678 1924 diminuebant‚
707 1894 738 1920 et
764 1884 988 1930 Oligarchias
1012 1900 1096 1922 con-

109 1942 314 1978 stituebant:
357 1939 402 1972 ita
427 1945 459 1971 et
482 1935 633 1971 Athenis
657 1938 804 1970 sormam
831 1938 1095 1979 gubernationis

108 1998 309 2029 mutarunt,
345 1996 377 2022 et
403 1989 545 2031 triginta
573 1988 658 2020 viris
686 1985 964 2022 Atheniensibus
988 1990 1095 2023 dede-

109 2049 194 2078 runt
213 2052 384 2075 summam
409 2046 634 2083 potestatem,
660 2045 692 2072 et
710 2039 923 2072 addiderunt
943 2038 1094 2073 Laconi-

108 2105 188 2129 cum
213 2091 438 2137 praesidium.
492 2088 539 2122 Iti
563 2089 705 2131 triginta
731 2089 833 2122 initio
855 2101 916 2122 suo
935 2091 1093 2132 consilio,

108 2145 184 2179 sine
202 2142 415 2186 cognitione,
439 2140 662 2174 turbulentos
682 2140 783 2181 cives,
812 2152 900 2185 quos
915 2141 1021 2174 fuisse
1039 2154 1093 2175 se-

108 2195 284 2230 ditionum
301 2199 438 2226 autores
453 2197 576 2224 notum
595 2198 684 2230 erat,
708 2190 967 2224 interfecerunt.
1019 2192 1091 2226 Nec

108 2246 146 2280 id
160 2256 260 2288 aegre
277 2243 356 2278 tulit
375 2242 538 2287 populuS,
564 2241 646 2286 quia
667 2252 769 2274 nemo
788 2241 970 2284 ignorabat
986 2243 1091 2277 fuisse

108 2295 309 2335 seditiosos,
335 2300 368 2327 et
384 2303 521 2325 necesse
538 2298 622 2332 erat,
650 2291 766 2335 palam
783 2292 965 2326 seditiosos
984 2304 1001 2325 e
1018 2305 1091 2327 me-

107 2347 168 2382 dio
197 2345 330 2379 tollere.
384 2342 453 2377 Sed
486 2343 713 2375 immoderata
745 2342 900 2386 potentia
931 2355 1001 2375 non
1028 2344 1088 2377 diu

895 95 1188 133 CHROMCON
1222 96 1466 135 CARIONIS.

104 2402 225 2432 manet
248 2395 340 2428 intra
364 2394 470 2429 iustas
491 2400 609 2427 metas.
664 2391 856 2438 Aliquanto
880 2401 958 2436 post
983 2394 1090 2436 igitur

104 2446 145 2482 hi
160 2446 305 2490 triginta
323 2444 390 2477 viri
406 2444 509 2478 etiam
530 2442 694 2476 honestos
713 2444 822 2484 cives,
849 2455 935 2488 quos
954 2452 1086 2478 metue-

104 2499 192 2533 bant
215 2503 275 2531 aut
293 2495 459 2535 oderant,
486 2494 693 2538 expulerunt
715 2494 872 2534 civitate,
902 2501 961 2527 aut
978 2495 1087 2528 inter-

105 2549 273 2584 fecerunt.
302 2543 348 2580 Et
364 2551 402 2578 ut
420 2556 454 2578 se
471 2545 650 2578 munirent
667 2545 799 2577 maiore
817 2545 1003 2588 praesidio,
1030 2558 1087 2578 ca-

106 2599 261 2642 talogum
278 2596 509 2640 scripserunt,
536 2595 602 2629 tria
621 2595 730 2628 millia
746 2595 896 2633 civium,
924 2607 1011 2639 quos
1026 2598 1087 2629 de-

107 2650 214 2684 lectos
236 2660 276 2681 ex
299 2646 442 2680 caeteris
458 2645 702 2680 existimabant
716 2646 782 2680 sibi
803 2646 876 2680 sore
893 2646 1027 2687 fideles,
1054 2654 1086 2681 et

157 2701 333 2733 Mutuum
361 2699 462 2731 Orza.
490 2697 663 2731 vouxlt.

2087 118 2160 154 810

1170 180 1318 266 cumillis
1338 185 1430 218 hona
1450 187 1715 231 damnatorum,
1740 198 1771 226 et
1790 194 1982 229 multorum
2006 199 2156 235 aliorum

1169 240 1278 276 partie
1309 243 1421 271 antur.

1268 283 1353 318 Erat
1381 286 1473 320 inter
1497 284 1560 321 hos
1586 290 1727 332 triginta
1745 289 2007 339 Theramenes,
2036 301 2151 344 quint

1139 343 1141 351 ¹
1167 339 1239 365 erat
1256 342 1400 376 astutus,
1429 344 1460 370 et
1475 346 1573 371 antea
1591 341 1803 375 mutationes
1820 348 1987 388 quasdam
2005 360 2149 393 rexerat,

1164 389 1197 415 et
1212 390 1284 417 arte
1302 386 1492 420 deduxerat
1511 400 1582 421 rem
1602 391 1642 423 ad
1659 392 1873 427 deditionem
1886 422 1894 435 ,
1917 405 1953 431 ut
1972 401 2055 432 urbs
2075 414 2147 435 ser-

1164 440 1315 470 varetur.
1369 435 1437 469 Hic
1456 439 1621 482 cogitans,
1650 438 1741 474 hanc
1756 445 1938 478 saeviciam
1958 460 2028 482 non
2048 463 2146 493 posse

1163 484 1367 517 diuturnam
1386 498 1473 525 esse,
1503 495 1535 521 et
1559 490 1670 523 sciens
1688 495 1933 534 praestantiam
1952 499 2092 534 virtutis
2109 504 2144 535 in

1162 531 1385 580 Thrasybulo
1416 538 1514 570 exule
1530 563 1537 576 ,
1588 540 1653 573 fuit
1690 538 1848 576 hortator
1882 548 2145 588 moderationis.

1133 598 1134 602 ¹
1161 583 1324 618 Metuens
1344 586 1606 629 igiturCritias,
1633 591 1692 634 qui
1712 592 1802 625 inter
1817 593 1958 636 triginta
1976 602 2145 634 crudelis-

1160 634 1268 667 simus
1287 643 1376 677 erat,
1400 649 1459 678 ne,
1487 645 1525 671 ut
1543 646 1614 672 erat
1632 641 1755 674 artifex
1779 641 2034 689 Theramenes,
2057 663 2142 684 con-

1159 691 1210 717 tra
1237 683 1330 719 hunc
1353 693 1481 720 statum
1506 688 1640 733 aliquid
1673 691 1876 734 moliretur,
1905 706 2039 732 accusat
2062 712 2141 734 eum

1159 736 1251 778 apud
1279 737 1449 779 collegas,
1478 745 1510 771 et
1529 740 1614 782 petit
1631 752 1708 772 eum
1734 742 1892 777 interfici.
1947 745 2142 784 Therame-

1157 796 1219 817 nes
1233 797 1268 817 se
1287 794 1435 828 excusat,
1456 795 1489 821 et
1506 791 1702 832 respondet,
1727 803 1786 825 sua
1805 795 2039 831 consilia-non
2058 813 2143 835 con-

1156 835 1262 868 traria
1288 834 1368 869 huic
1391 839 1513 878 statui,
1543 841 1601 872 sed
1628 842 1742 884 potius
1760 843 1925 879 salutaria
1941 858 2031 889 esse,
2059 852 2142 895 quia

1130 893 1131 907 ³
1157 885 1285 918 iniusta
1304 888 1449 920 saevicia
1467 901 1538 921 non
1556 891 1662 932 possit
1680 903 1752 925 esse
1769 894 1948 931 diuturna.
1975 896 2020 932 Et
2039 912 2138 935 nosse

1155 945 1190 967 se
1215 934 1329 979 inquit
1351 939 1630 979 magnitudinem
1657 942 1766 976 animi
1792 950 1824 977 et
1854 947 1991 980 consilii
2019 950 2055 982 in
2081 963 2140 984 ex-

1155 985 1256 1028 pulso
1276 983 1521 1032 Thrasybuh),
1549 988 1609 1031 qui
1631 997 1753 1023 nactus
1776 995 1915 1027 exulum
1939 999 2139 1034 multitudi-

1155 1046 1253 1075 nem,
1288 1047 1360 1069 non
1397 1038 1441 1071 sit
1473 1038 1667 1072 omissurus
1700 1042 1846 1075 consilia
1879 1052 2137 1089 recuperandae

1128 1093 1129 1112 1
1155 1086 1298 1130 patriae.

1255 1134 1418 1180 Denique
1443 1136 1497 1169 lex
1524 1138 1688 1172 tuebatur
1714 1138 1990 1186 Theramenem,
2018 1159 2137 1184 recens

1155 1186 1239 1218 lata:
1275 1185 1326 1219 Ne
1343 1187 1514 1230 collegae,
1539 1195 1599 1222 aut
1616 1189 1688 1231 illi,
1715 1192 1774 1236 qni
1794 1193 1829 1225 in
1847 1196 2001 1237 catalogo
2019 1201 2137 1244 scripti

1153 1243 1272 1276 erant,
1300 1237 1374 1269 sine
1399 1237 1531 1271 iudicio
1557 1239 1845 1278 interficerentur.
1898 1244 1945 1278 At
1972 1258 2052 1290 eg0,
2080 1252 2137 1283 in-

1154 1287 1230 1331 quit
1253 1285 1400 1328 Critias,
1427 1300 1471 1321 ne
1496 1285 1554 1322 hic
1578 1290 1652 1332 lege
1678 1303 1713 1324 se
1738 1294 1827 1326 tueri
1853 1296 1979 1338 possit,
2007 1311 2135 1335 nomen

1154 1337 1227 1369 eius
1246 1338 1366 1378 deleo,
1396 1345 1427 1371 et
1452 1350 1531 1371 eum
1556 1342 1764 1376 condemno.
1818 1342 1950 1379 Tacent
1974 1349 2136 1393 collegae,

1153 1386 1235 1431 quia
1254 1387 1376 1420 vident
1393 1394 1544 1420 armatos
1560 1400 1599 1421 ex
1625 1391 1780 1434 catalogo
1803 1393 2035 1430 circumstare.
2088 1399 2135 1435 Et

1154 1449 1233 1469 cum
1261 1437 1303 1470 ad
1338 1449 1434 1470 aram
1462 1439 1665 1482 confugeret
1692 1439 1951 1486 Theramenes,
1987 1448 2136 1492 imperat

1154 1487 1337 1520 lictoribus
1355 1486 1501 1526 Critias,
1529 1496 1568 1522 ut
1595 1502 1673 1524 eum
1701 1492 1744 1524 ab
1771 1504 1828 1525 ara
1856 1495 2078 1540 abstrahant,
2104 1509 2137 1535 et

1152 1537 1374 1573 interficiant.
1426 1537 1634 1572 Abstractus
1651 1541 1792 1576 ducitur
1807 1545 1848 1576 ad
1867 1545 2060 1581 bibendum
2081 1564 2139 1584 ve-

1152 1600 1303 1628 nenum,
1331 1589 1425 1633 quod
1452 1601 1530 1622 cum
1558 1587 1792 1634 exhausisset,
1820 1601 1853 1628 et
1877 1596 2135 1640 aliquantulum

1152 1639 1247 1678 quod
1281 1639 1456 1680 reliquum
1493 1647 1581 1678 erat,
1617 1641 1814 1682 effudisset,
1849 1644 1967 1679 iocans
2003 1648 2135 1693 inquit:

1152 1683 1230 1717 Hoc
1258 1685 1409 1728 propino
1435 1685 1577 1722 Critiae.
1631 1687 1699 1722 Hic
1727 1692 1836 1725 exitus
1865 1701 1913 1727 est
1942 1694 2135 1734 Therame-

1151 1736 1224 1775 nis,
1253 1735 1428 1770 interfecti
1447 1737 1595 1771 saevicia
1621 1739 1773 1783 collegae
1797 1751 1940 1787 propter
1955 1749 2134 1784 moderata

1150 1786 1310 1819 consilia.

1251 1835 1379 1870 Fuerat
1395 1843 1511 1871 autem
1535 1845 1566 1872 et
1584 1846 1684 1873 antea
1704 1842 1939 1878 mutationum
1962 1847 1997 1880 in
2015 1848 2137 1894 Repu-

1149 1886 1240 1919 blica
1268 1894 1301 1921 et
1324 1893 1425 1920 autor
1451 1895 1484 1921 et
1507 1889 1698 1924 dissolutor
1721 1893 1886 1935 callidus,
1912 1908 1971 1930 seu
1994 1905 2030 1932 ut
2048 1899 2135 1934 Rei-

1149 1937 1328 1980 publicae,
1355 1948 1415 1970 seu
1433 1945 1471 1971 ut
1487 1939 1553 1971 sibi
1573 1942 1788 1981 consuleret,
1817 1951 1855 1977 ut
1879 1945 1916 1978 in
1933 1946 2134 1985 Comoediis

1148 1988 1360 2028 exagitatur,
1393 1989 1487 2032 quod
1513 1996 1587 2023 arte
1612 1991 1735 2024 solitus
1760 1992 1803 2026 sit
1827 2005 1862 2027 se
1895 2007 1934 2028 ex
1969 2000 2134 2041 periculis

1147 2039 1323 2078 evolvere,
1350 2044 1382 2071 et
1401 2050 1436 2071 se
1452 2039 1495 2071 ad
1512 2040 1711 2073 occasiones
1737 2042 1926 2079 inflectere.
1983 2047 2084 2084 [Tude
2100 2059 2131 2086 et

1145 2085 1351 2121 Cothnrnus
1385 2089 1588 2123 nominatus
1622 2098 1680 2126 est.
1740 2090 1786 2126 Et
1810 2093 2065 2140 Aristophanes
2094 2102 2129 2135 in

1144 2137 1258 2172 Ram's
1273 2140 1331 2177 ait,
1358 2151 1436 2172 cum
1455 2141 1550 2174 venit
1567 2141 1603 2173 in
1626 2142 1825 2185 discrimen,
1852 2153 1926 2179 arte
1940 2148 2130 2185 eluctatum

1145 2199 1233 2222 esse:
1273 2188 1476 2224 Πέπτωκεν
1506 2189 1573 2230 ἐξω
1603 2194 1731 2227 κακῶν
1747 2192 1791 2227 οὐ
1809 2196 1890 2237 χῖος
1913 2194 2003 2232 ἀλλὰ
2021 2203 2128 2245 κῶος,

1144 2240 1304 2272 alludens
1324 2242 1366 2273 ad
1395 2241 1517 2274 ludum
1542 2242 1711 2281 talorum,
1738 2254 1811 2275 non
1835 2246 1969 2288 unitas,
1994 2252 2054 2283 sed
2075 2263 2129 2285 se-

1142 2290 1202 2322 nio
1223 2290 1344 2326 victor.
1380 2288 1519 2324 Accidit
1537 2299 1651 2325 autem
1671 2289 1737 2324 hoc
1756 2293 1791 2325 in
1812 2295 1976 2330 civilibus
1990 2300 2127 2335 dissen-

1142 2341 1320 2379 sionibus,
1347 2348 1384 2374 ut
1409 2342 1582 2374 moderati
1608 2353 1626 2373 a
1652 2339 1976 2382 vehementioribus
2002 2354 2126 2397 oppri—

1141 2398 1302 2431 mantur,
1330 2398 1369 2425 ut
1394 2391 1462 2423 dici
1489 2392 1593 2424 solet:
1629 2390 1742 2438 ²0<ng
1766 2392 1882 2441 (ἲνμν)
1902 2395 2004 2446 φάγῃ
2027 2401 2126 2448 distr,

1139 2439 1190 2487 μή
1207 2455 1292 2476 ποτε
1308 2439 1497 2488 γὲνήσειαι
1514 2438 1678 2487 δράκων.
1983 2435 1988 2444 ’

1252 2526 1317 2559 De
1347 2524 1638 2571 Thrasybulo
1675 2532 1716 2562 et
1747 2525 2013 2579 ’Aievqore'sp

1240 2589 1316 2626 Etsi
1343 2599 1458 2625 autem
1483 2600 1560 2636 post
1594 2591 1683 2627 hauc
1716 2595 1850 2629 cladem
1875 2610 1939 2631 nec
1969 2603 2124 2643 potentia

1141 2644 1242 2688 prior
1260 2641 1502 2685 Athenarum,
1530 2655 1591 2676 nec
1615 2645 1725 2679 virtus
1748 2658 1811 2680 nee
1834 2650 2000 2683 autoritas
2025 2653 2125 2684 resti-

1506 2693 1611 2743 ,52
