2324 2955
104 99 176 135 417

104 186 133 219 si
149 183 227 229 quis
243 182 348 223 dicit,
377 193 440 215 nos
458 186 593 215 tantum
612 177 711 225 loqui
728 179 772 213 de
797 179 1003 223 imaginaria
1023 178 1091 211 im—

102 234 305 280 putatione,
329 245 403 266 non
421 233 464 266 de
481 231 765 275 regeneratione,
794 243 882 276 quae
907 231 944 263 fit
959 228 1035 263 Deo
1052 228 1089 261 in

102 285 205 319 nobis
222 281 462 321 inhabitante,
490 282 605 326 palam
624 282 778 316 refutant
793 294 873 316 eum
889 279 1089 315 testimonia

104 335 267 369 omnium
283 341 481 368 nostrarum
496 331 745 367 Ecclesiarum.

203 409 271 443 Sed
291 408 379 440 sacta
395 407 463 440 iam
481 407 542 440 tali
560 407 788 440 conversione
806 412 838 440 et
853 403 1089 448 regeneratio-

102 472 158 500 ne,
174 464 291 492 tamen
307 456 391 491 haec
411 458 567 503 quaestio
584 464 716 491 manet:
746 456 937 499 Quomodo
953 457 1087 500 placeas

103 508 198 548 Deo,
224 521 302 543 cum
321 509 449 543 sentias
464 516 597 543 tantam
620 508 861 541 infirmitatem
880 514 913 541 et
930 507 1086 540 immun-

101 560 248 593 ditiem?
283 559 451 593 Sentiunt
474 559 585 593 sancti
610 558 789 592 interdum
813 558 950 603 aliquos
975 567 1087 590 novos

101 617 239 651 motus,
265 610 325 643 alii
342 611 470 650 minus,
495 609 557 642 alii
576 609 686 652 magis
702 609 865 649 illustres,
891 609 950 641 sed
969 614 1086 641 tamen

100 661 215 694 multo
240 661 377 704 saepius
402 671 523 693 omnes
548 660 706 694 sentiunt
730 671 809 693 suas
832 658 1086 703 trepidationes

101 717 135 745 et
157 711 296 744 dolores
321 717 466 754 propter
490 716 689 754 praesentes
712 711 849 755 lapsus,
872 716 905 742 et
922 719 1086 753 praesen—

99 768 170 795 tem
187 761 444 800 infirmitatem,
470 768 502 794 et
521 761 677 804 singulos
693 761 730 793 in
757 760 961 806 quotidiana
982 759 1086 791 invo-

102 811 240 845 catione
275 811 426 854 cogitare
463 812 506 844 de
539 809 603 845 hac
630 812 832 845 infirmitate
859 820 997 843 necesse
1025 815 1086 849 est,

100 873 179 895 cum
203 861 345 907 quidem
370 869 401 894 et
433 862 586 896 sentiant
609 874 644 895 se
674 861 871 895 conflictari
892 872 970 894 cum
993 859 1085 894 tristi

100 912 336 946 dubitatione.
364 911 432 945 Hic
449 913 662 956 proponitur
679 910 763 945 haec
778 911 972 945 consolatio
990 922 1086 944 com-

98 960 272 1007 prehensa
290 963 327 995 in
343 960 398 995 his
422 963 554 1002 verbis,
579 961 704 997 Roma.
721 961 773 998 5.;
810 961 991 995 lustificati
1017 961 1085 993 fide

97 1025 219 1058 pacem
238 1011 408 1045 habemus
423 1014 516 1056 apud
534 1011 661 1048 Deum.
699 1012 787 1046 Fide
803 1019 941 1056 oportet
956 1018 1086 1044 statue-

99 1075 155 1104 re,
178 1063 314 1106 placere
330 1074 517 1107 porsonam
534 1070 677 1107 propter
693 1063 803 1096 filium
822 1062 887 1097 Dei
914 1062 1086 1095 mediato-

101 1125 190 1155 rem,
217 1120 250 1146 et
264 1125 440 1147 summum
457 1115 684 1154 sacerdotem,
701 1112 815 1146 Deum
833 1120 866 1147 et
891 1110 1085 1155 hominem,

101 1164 164 1209 qui
191 1176 253 1208 pro
278 1170 312 1196 te
336 1164 517 1204 satisfecit,
558 1171 590 1197 et
620 1165 687 1197 iam
715 1176 778 1208 pro
802 1171 834 1197 te
862 1165 1086 1207 deprecatur,

101 1215 191 1247 sicut
218 1214 334 1258 inquit
358 1214 509 1253 Paulus,
538 1212 643 1249 Rom.
662 1214 714 1247 8.:
750 1214 821 1256 Qui
840 1221 873 1246 et
894 1226 957 1256 pro
983 1213 1086 1245 nobis

100 1264 311 1309 interpellat.
371 1263 466 1298 Ilaec
490 1265 574 1297 fides
598 1271 648 1298 est
672 1265 799 1297 fiducia
825 1263 1087 1297 misericordiae

99 1320 245 1359 propter
274 1314 505 1346 mediatorem
541 1314 742 1356 promissae.
804 1313 855 1346 Ita
890 1311 1086 1356 Prophetae

100 1364 318 1398 mentionem
342 1363 478 1397 faciunt
502 1363 784 1402 misericordiae,
817 1362 931 1396 David
950 1363 1089 1403 clamat,

101 1414 240 1448 Psalmo
252 1412 329 1447 51.:
346 1413 516 1446 Bliserere
532 1412 705 1446 meiDeus
721 1414 912 1446 secundum
926 1424 1088 1454 magnam

99 1462 378 1497 misericordiam
397 1469 504 1505 tuam.
548 1461 635 1494 Item
654 1462 846 1496 Psalm.6.:
870 1461 1024 1494 Domine
1044 1473 1088 1493 ne

101 1514 140 1547 in
163 1513 282 1546 surore
306 1518 367 1545 tuo
394 1523 518 1555 arguas
541 1523 615 1552 me,
642 1512 777 1544 salvum
803 1523 858 1543 me
875 1512 927 1544 fac
946 1517 1089 1554 propter

100 1563 277 1598 iusticiam
302 1569 409 1597 tuam.
463 1559 509 1595 Et
526 1559 616 1595 Dan.
635 1561 685 1595 9.:
729 1561 809 1594 Non
827 1567 972 1605 propter
988 1561 1088 1594 iusti-

99 1615 169 1649 cias
185 1620 338 1653 nostras,
366 1612 425 1645 sed
444 1612 480 1644 in
498 1611 739 1645 misericordia
758 1619 816 1646 tua
833 1612 945 1645 multa
964 1611 1088 1644 exaudi

100 1676 184 1704 ιιοε,
217 1670 362 1708 propter
382 1661 589 1697 Dominum.
648 1662 707 1697 Sic
736 1663 868 1708 ubique
896 1663 1090 1707 loquuntur

103 1712 314 1758 Prophetae.
381 1712 517 1746 Docent
551 1713 658 1756 igitur
686 1725 873 1746 conversos
904 1724 1090 1755 agnoscere

103 1765 285 1811 propriam
301 1763 540 1796 infirmitatem
552 1790 560 1803 ,
588 1770 621 1797 et
638 1764 704 1797 fide
722 1765 884 1797 accedere
903 1765 946 1796 ad
963 1762 1092 1803 Deum,

102 1823 138 1851 et.
154 1814 245 1849 hanc
262 1815 368 1848 fidem
383 1825 455 1846 esse
476 1814 638 1846 fiduciam
662 1815 938 1859 acquiescentem
965 1814 1001 1846 in
1018 1826 1089 1846 me-

103 1868 251 1901 diatore.
303 1864 405 1897 Hanc
426 1864 531 1896 fidem
556 1871 693 1908 oportet
718 1866 919 1908 praelucere
941 1865 1089 1897 inomni

102 1916 328 1952 invocatione
349 1915 436 1950 etin
461 1915 627 1949 omnibus
650 1916 858 1949 actionibus.

204 1991 307 2026 Hanc
324 1991 600 2025 consolationem
620 1992 781 2025 traditam
798 2003 870 2025 esse
888 1992 922 2024 in
934 1988 1092 2035 Prophe-

103 2045 148 2078 tis
172 2050 205 2077 et
220 2041 401 2086 Apostolis
418 2042 643 2075 manifestum
660 2050 718 2076 est.
761 2041 806 2076 Et
825 2054 903 2076 cum
921 2039 986 2075 hac
1006 2054 1092 2075 con-

107 2094 279 2128 solatione
297 2094 401 2126 corda
420 2093 624 2135 eriguntur,
650 2093 752 2126 simul
771 2093 807 2127 fit
825 2093 1013 2126 vivificatio
1031 2104 1094 2136 per

106 2145 238 2183 fllium,
266 2144 360 2178 iuxta
379 2143 485 2183 illud,
514 2141 646 2177 Ilabac.
663 2144 713 2178 Q:
744 2143 858 2177 lustos
874 2144 941 2177 fide
958 2155 1018 2176 sua
1037 2143 1093 2175 vi-

106 2203 175 2232 vet.
224 2194 325 2228 Hanc
341 2194 538 2227 doctrinam
555 2194 615 2238 qui
633 2192 896 2237 reprehendunt
911 2201 943 2228 et
956 2194 1093 2235 dicunt,

106 2239 211 2280 fidem
231 2257 304 2278 non
324 2244 522 2288 significare
539 2244 703 2277 fiduciam
722 2245 994 2280 misericordiae.
1023 2243 1094 2278 Po-

106 2305 178 2331 stea
204 2297 327 2330 dicunt
351 2294 513 2328 homines
537 2295 647 2328 iustos
674 2306 746 2328 esse
760 2294 835 2329 Deo
859 2294 1093 2335 inhabitante,

107 2348 169 2393 qui
185 2347 286 2387 facit,
312 2353 351 2380 ut
369 2346 459 2380 iusta
480 2345 623 2380 faciant.
676 2344 724 2378 lli
749 2358 852 2391 quam
879 2347 1094 2380 consolatio-

108 2410 189 2432 nem
226 2397 404 2431 conversis
436 2395 668 2442 proponunt?
711 2403 772 2430 aut
807 2409 877 2442 quo
914 2397 1094 2442 pertinent

108 2448 229 2484 omnia
255 2448 315 2481 illa
338 2447 431 2481 (licta
452 2448 496 2481 de
518 2447 780 2486 misericordia,
822 2447 859 2481 in
883 2447 1035 2482 Psalmis
1062 2454 1095 2481 et

109 2499 208 2540 alibi,
232 2498 260 2532 si
278 2498 363 2531 fides
378 2510 449 2532 non
466 2498 637 2541 significat
654 2498 817 2531 fiduciam
832 2499 1095 2532 misericordiae

110 2550 385 2595 acquiescentem
403 2549 440 2581 in
464 2549 666 2584 mediatore.
719 2549 790 2582 Nec
805 2556 989 2594 propterea
1006 2550 1095 2583 dici-

110 2611 209 2640 mus,
234 2611 299 2633 nos
319 2611 380 2644 per
397 2606 573 2634 creaturas
585 2626 594 2641 ,
622 2611 685 2645 per
702 2599 805 2634 fidem
822 2607 882 2636 aut
904 2601 991 2635 alias
1008 2612 1096 2645 qua-

110 2652 225 2686 litates
242 2650 357 2684 salvos
381 2649 468 2685 fieri.

169 2703 346 2736 alcman«.
370 2702 498 2736 orum.
530 2701 704 2737 vonxll.

866 87 1362 130 PROPOSITIONES.

2052 99 2124 134 418

1242 173 1485 210 Certissimum
1501 184 1551 212 est
1567 177 1684 213 Deum
1701 179 1817 223 ipsum
1834 192 1905 215 esse
1924 182 2121 217 effectorem

1141 225 1235 259 vitae
1263 233 1297 260 et
1323 227 1579 262 iustificationis
1605 236 1638 263 et
1659 231 1961 266 sanctificationis:
1990 235 2049 267 sed
2073 241 2126 268 ta·

1140 288 1221 309 men
1245 277 1397 310 discerni
1413 290 1550 312 causam
1569 287 1603 313 et
1627 280 1768 315 effectus
1781 307 1789 321 ,
1818 284 1878 328 qui
1896 283 1986 317 fiunt
2002 283 2039 316 in
2058 296 2124 317 no-

1139 326 1215 367 bis,
1243 334 1398 371 oportet,
1425 329 1513 363 sicut
1541 329 1671 364 Paulus
1699 332 1814 377 inquit
1843 335 1876 367 2.
1894 332 2057 370 Corinth.
2073 336 2122 371 3.:

1140 375 1453 412 Transsormamur
1474 391 1493 412 a
1509 379 1655 414 Domini
1669 383 1809 426 spiritu.
1862 385 1960 418 Deus
1984 392 2032 418 est
2049 386 2123 418 effi-

1140 439 1220 469 cax,
1248 429 1306 468 ita,
1333 436 1372 462 ut
1388 429 1461 473 ipse
1475 430 1578 464 fidem
1597 439 1628 464 et
1647 432 1754 465 vitam
1771 434 1808 466 in
1827 435 1930 468 nobis
1947 437 2122 472 accendat.

1240 476 1379 513 Omitto
1416 488 1531 515 autem
1574 482 1834 522 cavillationes,
1879 492 1911 518 et
1952 484 2123 520 adhortor

1137 540 1449 575 unumquemque,
1476 538 1514 565 ut
1539 533 1717 565 intueatur
1741 545 1838 566 suam
1870 535 2122 578 infirmitatem,

1138 586 1171 612 et
1187 580 1325 623 cogitet,
1352 582 1447 615 unde
1466 594 1545 616 vera
1562 583 1755 617 consolatio
1773 586 1920 627 petenda
1937 586 1990 620 sit.
2024 587 2123 620 Con-

1137 630 1265 665 sideret
1290 632 1393 665 etiam
1417 633 1509 666 dicta
1533 631 1757 677 prophetica,
1782 634 1820 667 in
1845 636 1972 679 quibus
1991 643 2022 669 et
2037 650 2123 670 con-

1137 681 1239 714 sessio
1265 689 1315 716 est
1341 690 1481 717 nostrae
1499 684 1734 725 infirmitatis,
1761 691 1794 718 et
1811 687 1943 719 mentio
1963 687 2121 720 iusticiae

1135 730 1223 772 Dei,
1251 732 1391 767 Psalmo
1420 735 1492 768 18.;
1529 734 1664 768 Delicta
1689 735 1767 780 quis
1791 736 1975 780 intelligit,
2003 738 2046 771 ab
2063 750 2123 771 oc—

1136 782 1238 815 cultis
1263 784 1348 816 meis
1371 786 1503 817 munda
1529 797 1594 818 me.
1647 784 1788 820 Psalmo
1806 787 1882 822 32:
1917 787 2017 821 Beati
2032 801 2121 833 quo—

1137 845 1216 866 rum
1239 835 1402 867 remissae
1427 841 1509 868 sunt
1538 835 1759 881 iniquitates,
1796 844 1829 870 et
1856 850 2007 883 quorum
2033 847 2120 873 tecta

1137 890 1219 917 sunt
1245 892 1381 927 peccata
1396 910 1406 925 ,
1435 884 1562 919 Beatus
1585 887 1640 919 cui
1666 899 1739 920 non
1764 888 1912 932 imputat
1928 887 2022 922 Deus
2041 902 2122 934 pec-

1138 941 1265 969 catum.
1317 934 1493 979 Loquitur
1512 935 1672 970 Psalmus
1696 939 1739 970 de
1762 940 1939 972 conversis
1964 952 2023 973 seu
2043 952 2122 974 san-

1137 984 1219 1026 ctis,
1246 991 1280 1018 et
1299 986 1456 1019 continet
1470 987 1744 1028 consessionem,
1770 990 2062 1029 consolationem,
2090 1000 2120 1025 et

1137 1035 1386 1080 precationem.
1444 1035 1626 1070 Confessio
1653 1045 1722 1079 est,
1766 1051 1835 1083 qua
1861 1041 2015 1073 fatentur
2037 1053 2123 1074 con-

1137 1086 1226 1118 versi
1243 1087 1363 1119 adesse
1381 1084 1495 1120 adhuc
1519 1094 1718 1131 peccatum,
1747 1096 1891 1133 propter
1914 1092 2006 1135 quod
2026 1090 2121 1126 Deus

1139 1137 1229 1169 iuste
1255 1144 1368 1180 posset
1393 1135 1573 1171 hominem
1595 1139 1775 1173 damnare.
1820 1139 1902 1175 Ideo
1927 1150 2044 1185 postea
2067 1144 2122 1175 in-

1139 1187 1231 1231 quit:
1267 1186 1368 1227 Dixi,
1406 1188 1599 1221 confitebor
1622 1190 1807 1223 adversum
1832 1203 1887 1224 me
1911 1192 2123 1226 iniusticiam

1140 1249 1250 1270 meam
1268 1236 1434 1272 Domino.
1480 1238 1575 1272 Haec
1591 1241 1763 1274 confessio
1783 1248 1831 1274 est
1849 1242 1884 1274 in
1904 1255 1984 1276 vero
2002 1245 2124 1278 dolore

1139 1294 1173 1321 et
1188 1299 1269 1320 vera
1284 1289 1498 1322 contritione
1514 1290 1636 1330 fateri,
1664 1292 1758 1335 quod
1776 1292 1885 1325 simus
1910 1294 1959 1325 rei
1976 1300 2008 1327 et
2027 1295 2124 1337 digni

1141 1349 1269 1380 poena,
1299 1344 1331 1370 et
1355 1350 1428 1370 non
1455 1339 1602 1371 fremere
1628 1341 1796 1374 adversus
1813 1340 1927 1375 Deum
1946 1343 1982 1376 in
2001 1357 2126 1388 poena,

1140 1388 1197 1419 sed
1218 1387 1389 1420 subiicere
1407 1400 1466 1420 cor
1485 1387 1581 1428 Deo,
1608 1389 1697 1423 sicut
1724 1392 1816 1434 apud
1839 1391 2021 1427 Danielem
2038 1396 2127 1429 dici-

1141 1444 1215 1476 tur,
1243 1436 1382 1471 Daniel.
1401 1437 1451 1470 9.:
1488 1438 1573 1471 Tibi
1592 1439 1743 1473 Domine
1762 1442 1918 1484 iusticia,
1945 1446 2047 1479 nobis
2063 1458 2128 1479 au-

1141 1494 1209 1520 tem
1228 1487 1388 1518 confusio
1406 1488 1517 1522 faciei.
1550 1487 1644 1522 Iluic
1661 1491 1872 1524 confessioni
1890 1495 2032 1528 additur
2048 1509 2127 1540 pre-

1142 1536 1248 1569 catio:
1274 1534 1345 1568 Pro
1365 1533 1428 1569 hac
1443 1538 1558 1570 orabit
1574 1540 1617 1571 ad
1634 1545 1667 1572 te
1683 1542 1800 1574 omnis
1819 1550 1957 1577 sanctus
1982 1546 2019 1578 in
2038 1554 2128 1579 tem-

1142 1598 1225 1630 pore
1243 1593 1430 1630 oportnno.
1483 1586 1655 1632 Expresse
1672 1592 1832 1625 nominat
1852 1591 1945 1627 hunc
1964 1608 2129 1640 praesen-

1142 1644 1210 1670 tem
1235 1643 1413 1677 sanctum,
1440 1645 1478 1672 nt
1505 1641 1685 1681 ostendat,
1714 1654 1748 1674 se
1764 1643 1862 1687 loqui
1879 1646 1922 1678 de
1946 1658 2128 1687 converso,

1142 1687 1202 1732 qui
1228 1695 1367 1721 sanctus
1394 1695 1461 1730 est,
1489 1690 1523 1722 id
1541 1697 1610 1730 est,
1638 1693 1874 1727 sanctificatur
1892 1708 1910 1728 a
1928 1695 2002 1730 Deo
2024 1697 2129 1733 inha-

1144 1738 1296 1779 bitante,
1324 1745 1357 1771 et
1385 1745 1502 1772 tamen
1529 1740 1596 1773 iam
1623 1743 1776 1777 sentiens
1801 1746 1968 1790 reliquias
1987 1751 2128 1792 peccati,

1144 1789 1280 1833 quaerit
1313 1789 1558 1823 remissionem
1588 1799 1621 1825 et
1654 1793 1952 1838 insufflationem,
1992 1802 2128 1844 quaerit

1144 1846 1260 1872 autem
1275 1839 1357 1872 fide:
1374 1851 1456 1874 nam
1471 1842 1583 1875 oratio
1601 1844 1675 1875 sine
1692 1844 1759 1877 fide
1775 1853 1824 1880 est
1842 1847 1945 1881 inane.
1959 1862 2131 1890 murmur,

1144 1897 1176 1922 et
1191 1890 1274 1922 fides
1292 1890 1365 1934 ipsa
1382 1898 1431 1924 est
1448 1892 1574 1925 fiducia
1599 1894 1859 1929 misericordiae
1871 1923 1879 1935 ,
1907 1901 2129 1944 acquiescens

1146 1941 1181 1972 in
1205 1941 1398 1974 mediatore
1421 1949 1561 1976 ostenso
1586 1943 1622 1976 in
1644 1947 1949 1987 promissionibus.
2002 1951 2053 1984 lta
2072 1950 2129 1985 hic

1144 1998 1284 2025 sanctus
1308 1992 1394 2035 petit
1418 1993 1680 2032 remissionem,
1715 2002 1748 2029 et
1771 1998 1837 2030 fide
1863 2001 1982 2033 statuit
2000 2013 2034 2034 se
2054 2003 2128 2045 pla-

1144 2054 1220 2075 cere
1241 2040 1316 2075 Deo
1342 2050 1485 2086 propter
1505 2044 1753 2086 mediatorem,
1793 2060 1993 2093 quanquam
2018 2054 2129 2088 cernit

1146 2092 1364 2126 tristissimos
1390 2094 1506 2137 lapsus
1533 2096 1756 2138 praeteritos,
1783 2105 1815 2131 et
1840 2108 2056 2141 praesentem
2073 2104 2129 2137 in-

1145 2143 1358 2184 firmitatem,
1376 2144 1454 2177 ideo
1468 2145 1602 2189 inquit:
1627 2144 1721 2185 Dixi,
1739 2149 1930 2183 confitebor
1943 2153 2128 2188 adversum

1145 2206 1200 2239 me
1221 2194 1433 2227 iniusticiam
1452 2207 1566 2228 meam
1584 2195 1758 2238 Domino,
1784 2206 1817 2232 et
1841 2207 1877 2233 tu
1894 2203 2043 2236 remittis
2061 2205 2130 2238 iin-

1145 2245 1309 2288 pietatem
1333 2246 1461 2289 peccati
1486 2246 1567 2281 mei.
1620 2245 1672 2280 Ac
1705 2248 1807 2282 initio
1831 2249 1960 2285 Psalmi
1993 2265 2129 2291 summa

1145 2293 1252 2329 huius
1278 2296 1532 2329 consolationis
1556 2297 1740 2339 recitatur,
1775 2312 1863 2344 quae
1887 2310 1935 2337 est
1955 2307 2128 2346 generalis

1146 2346 1326 2387 doctrina,
1356 2353 1388 2380 et
1408 2347 1592 2390 promissio
1608 2348 1650 2380 ad
1669 2361 1791 2383 omnes
1815 2353 1994 2388 credentes
2019 2359 2129 2400 perti-

1146 2409 1251 2431 nens:
1276 2396 1375 2431 Beati
1393 2409 1543 2442 quorum
1562 2399 1725 2432 remissae
1741 2408 1821 2435 sunt
1841 2402 2064 2449 iniquitates,
2091 2409 2128 2441 id

1147 2454 1216 2489 est,
1241 2460 1363 2481 omnes
1387 2449 1474 2482 tales
1499 2455 1597 2487 sunt,
1623 2455 1662 2483 ut
1689 2462 1761 2484 non
1781 2452 1851 2486 sint
1874 2455 1986 2497 beati,
2013 2457 2049 2491 id
2067 2466 2129 2496 est.

1146 2499 1228 2533 iusti
1240 2526 1249 2539 ,
1276 2505 1308 2531 et
1326 2499 1455 2542 accepti
1472 2497 1549 2532 Deo
1566 2501 1608 2532 ad
1627 2500 1733 2534 vitam
1751 2510 1942 2545 aeternam,
1970 2508 2037 2540 nisi
2053 2508 2126 2542 Deo

1145 2550 1345 2582 remittente
1375 2555 1576 2593 peccatum,
1604 2550 1784 2594 videlicet,
1819 2565 2036 2598 praesentem
2063 2560 2127 2591 im—

1145 2599 1368 2633 munditiem.
1427 2597 1474 2633 Et
1505 2606 1541 2633 ut
1568 2602 1752 2645 promissio
1778 2605 1991 2647 declaretur,
2029 2610 2125 2642 addit

1146 2651 1252 2684 verba
1279 2650 1418 2693 tegendi
1443 2656 1476 2685 et
1502 2662 1574 2684 non
1602 2653 1820 2698 imputandi,
1848 2657 2044 2700 significans
2065 2661 2126 2692 ad-

1537 2701 1586 2737 27
