2324 2955
105 132 180 168 573

204 213 265 250 54.
306 212 355 249 Et
379 211 507 249 Ezech,
531 211 591 246 20.
624 211 770 245 dicitur:
827 211 869 245 In
901 209 1093 256 praeceptis

102 274 240 313 patrum
265 272 460 300 vestrorum
481 263 592 297 nolite
618 262 795 303 incedere,
830 275 893 296 nec
911 261 1016 295 idolis
1032 272 1092 294 eo-

101 331 181 353 rum
206 315 428 363 polluamini.
478 313 554 358 Ego
572 312 748 348 Dominus
764 312 860 347 Deus
882 319 1015 353 vester,
1049 310 1091 344 In

102 369 296 414 praeceptis
311 366 398 399 meis
414 365 604 401 ambulate.

203 417 262 452 55.
304 416 363 451 Sic
388 416 491 450 initio
515 423 547 450 et
574 415 740 460 deinceps
760 414 894 449 'obruta
930 421 980 448 est
1009 423 1090 446 vera

101 469 278 509 doctrina,
307 479 386 500 cum
403 467 604 511 superstitio
622 464 776 500 humana
799 467 944 499 adderet
968 471 1001 498 ct
1024 464 1091 496 fin-

99 526 193 564 geret
211 530 323 552 novos
342 519 473 558 cultus,
500 529 591 551 nova
608 517 794 557 sacrificia,
822 523 856 550 et
879 516 946 549 alia
972 526 1090 560 opera,

98 572 212 604 donec
230 576 366 603 secutae
390 575 472 602 sunt
491 568 718 602 mactationes
738 565 942 607 hominum,
968 572 1001 599 et
1021 565 1088 598 alia

96 619 275 654 horrenda
306 620 447 654 scelera.
515 618 566 652 Ita
600 618 636 650 in
665 615 730 651 hac
752 625 928 662 postrema
952 622 1087 649 senecta

96 672 223 706 mundi
241 670 429 713 excogitata
448 675 481 702 et
496 669 671 703 cumulata
696 675 778 702 sunt
801 669 897 701 idola
913 665 1086 709 multipli-

97 722 168 762 cia,
195 722 299 756 etiam
314 721 350 753 in
369 718 432 753 hac
449 719 523 763 ipsa
540 726 638 763 parte
654 719 790 762 generis
803 717 969 758 humani,
996 727 1086 761 quae

96 772 240 806 titulum
254 769 358 805 habet
368 769 555 805 Ecclesiae.
593 769 639 804 Ut
656 769 832 803 invocatio
849 775 1086 807 mortuorum,

96 822 255 856 adoratio
284 828 496 862 statuarum,
522 817 758 865 prophanatio
784 831 910 853 coenae
928 817 1086 858 Domini,

95 870 337 912 monachatus,
354 872 439 904 falsa
457 871 579 916 opinio
597 872 728 910 meriti,
745 870 921 904 dubitatio
932 867 972 915 ³),
987 880 1085 901 com-

95 930 254 957 mentum
285 923 576 957 satisfactionum.
637 919 817 954 Adversus
847 918 933 953 haec
965 918 1084 952 omnia

95 974 246 1008 tenenda
263 980 314 1008 est
328 985 394 1006 vox
413 973 550 1006 divina:
578 969 654 1015 Ego
664 970 839 1005 Dominus
849 969 944 1005 Deus
961 975 1084 1010 vester,

97 1023 137 1058 ln
157 1024 351 1069 praeceptis
369 1024 456 1056 mcis
475 1022 661 1055 ambulate.

196 1073 257 1109 56.
291 1073 385 1107 Fieri
408 1080 525 1107 autem
547 1073 641 1106 bona
667 1084 773 1116 opera
795 1079 943 1116 possunt
967 1071 1004 1103 in
1029 1083 1083 1103 re—

95 1125 205 1164 natis,
233 1132 374 1158 externa
392 1136 432 1157 cx
450 1124 619 1157 interiora
631 1147 639 1161 ‚
663 1123 745 1168 quia
763 1123 831 1156 iam
850 1121 1083 1156 certissimum

96 1182 164 1216 cst,
190 1181 345 1220 petentes
372 1174 485 1207 iuvari
506 1186 524 1206 a
545 1173 683 1218 Spiritu
698 1179 829 1208 sancto.
881 1172 981 1206 Sicut
998 1172 1084 1205 scri—

94 1233 194 1270 ptum
213 1233 280 1260 est:
314 1224 456 1268 Quanto
476 1224 585 1267 magis
600 1230 698 1268 pater
715 1230 828 1257 vester
844 1222 1004 1257 coelestis
1021 1223 1083 1256 da-

95 1277 146 1310 bit
163 1275 337 1321 Spiritum
354 1282 513 1309 sanctum
532 1274 745 1318 petentibus.

195 1325 255 1362 57,
299 1325 366 1357 Hic
392 1335 474 1356 vero
498 1332 676 1367 utrunque
700 1325 998 1358 considerandum
1023 1329 1084 1358 est.

94 1376 267 1410 immensa
283 1374 423 1408 bonitas
440 1373 504 1406 Dei
521 1379 587 1411 est,
615 1373 732 1417 quint
747 1375 887 1416 agnosci
906 1381 938 1406 et
957 1385 1083 1415 appre—

94 1425 204 1459 hendi
225 1425 354 1469 possit,
389 1430 532 1467 propter
562 1423 672 1455 filium
704 1423 855 1456 effundit
878 1423 916 1454 in
944 1428 1084 1465 pectora

94 1482 213 1509 nostra
239 1474 410 1518 Spiritum
445 1480 616 1506 sanctum.
685 1471 732 1506 Et
764 1473 918 1515 agendae
952 1471 1083 1514 gratiae

93 1532 195 1565 sunt,
222 1526 318 1570 quod
336 1522 402 1557 hoc
418 1535 563 1556 munere
579 1523 721 1555 divinae
737 1522 906 1555 essentiae
930 1533 994 1554 nos
1015 1521 1083 1553 sibi

93 1576 251 1620 copulat,
278 1586 343 1608 nos
361 1574 519 1606 infirmos
534 1574 654 1613 docet,
680 1573 851 1617 gubernat
876 1578 909 1606 et
931 1571 1083 1606 custodit

94 1634 215 1660 contra
231 1627 360 1659 multas
377 1623 521 1658 Diaboli
539 1623 701 1657 insidias.

196 1675 257 1711 58.
293 1675 405 1709 Valde
421 1675 526 1708 etiam
545 1681 580 1708 et
595 1675 798 1708 detestanda
817 1680 850 1707 et
864 1672 1083 1718 deploranda

95 1734 144 1760 est
168 1726 330 1770 segnities
353 1732 492 1765 nostra,
521 1726 617 1770 quod
642 1725 798 1769 pericula
828 1724 954 1758 leviter
981 1735 1082 1757 cura-

94 1788 191 1818 mus,
216 1778 310 1822 quod
335 1788 407 1809 non
431 1776 596 1809 ardenter
611 1776 762 1819 petimus
778 1774 1083 1819 gubernationem,

95 1829 188 1873 quod
210 1828 426 1870 negligenter
447 1837 662 1870 pugnamus,
691 1828 786 1871 quod
804 1826 998 1859 diffidimus
1018 1835 1082 1857 nos

95 1878 272 1922 exaudiri,
297 1878 391 1922 quod
410 1875 622 1920 ingratiDeo
639 1884 709 1911 tam
727 1878 916 1911 clementer
933 1875 1082 1920 promit-

93 1929 182 1963 tenti
212 1929 401 1969 auxilium,
436 1928 655 1972 suspicamur
680 1934 796 1962 tamen
820 1939 884 1961 nos
909 1925 1080 1961 frustrari.

93 1979 256 2025 Denique
274 1979 492 2024 profundum
508 1976 614 2011 chaos
631 1985 680 2012 est
700 1978 932 2022 negligentiae
955 1984 989 2011 et
1014 1977 1081 2010 du-

93 2030 306 2065 bitationum
326 2030 362 2062 in
381 2028 536 2063 humano
555 2035 705 2073 pectore.
742 2028 839 2062 Haec
854 2029 944 2061 mala
963 2039 1083 2060 emen-

93 2082 210 2115 danda
229 2087 329 2122 sunt,
356 2087 389 2114 et
411 2080 624 2122 cogitatione
646 2080 921 2123 promissionum
940 2077 1026 2118 Dei,
1050 2084 1084 2111 et

94 2132 333 2177 exemplorum
350 2131 570 2165 accendenda
587 2130 690 2172 fides,
716 2142 810 2175 spes,
837 2128 1024 2169 invocatio,
1050 2134 1084 2161 et

92 2183 284 2227 gratiarum
302 2181 392 2216 actio
410 2188 475 2217 etc.

152 2247 157 2252 ·
193 2230 254 2267 59.
281 2231 358 2266 Etsi
374 2240 490 2266 autem
507 2232 544 2264 in
561 2231 691 2266 renatis
708 2231 745 2264 in
760 2227 825 2265 hac
840 2230 910 2266 vita
926 2227 1083 2276 manet⁴)

96 2286 218 2329 ingens
233 2283 430 2323 infirmitas,
448 2290 482 2317 ct
497 2289 642 2316 manent
658 2288 807 2327 peccata,
822 2289 940 2316 tamen
958 2280 1083 2315 discri-

94 2347 176 2369 men
200 2341 421 2380 peccatorum
447 2334 534 2367 scire
557 2345 696 2367 necesse
719 2339 778 2367 est.
837 2332 960 2366 Manet
983 2344 1080 2365 mor-

94 2387 179 2427 bus,
203 2385 265 2431 qui
282 2385 437 2420 nascitur
454 2384 658 2423 nobiscum,
686 2390 717 2418 et
744 2384 856 2427 multi,
873 2383 995 2418 viciosi
1019 2383 1084 2416 ad-

94 2438 225 2478 fectus,
250 2436 379 2481 quibus
396 2448 473 2470 cum
491 2442 688 2480 repugnant
704 2435 817 2469 renati
835 2435 901 2468 fide
917 2441 951 2469 et
965 2435 1083 2475 timor,

96 2499 170 2521 non
188 2486 384 2523 effunditur
400 2485 552 2532 Spiritus
566 2493 706 2521 sanctus
718 2512 727 2526 ‚
753 2498 817 2521 nec
833 2483 1082 2530 amittuntur⁵)

130 2619 156 2651 3)
179 2618 312 2646 Peucerus
327 2619 459 2645 mendose
474 2619 562 2647 dedit:
584 2622 679 2648 meriti
690 2620 785 2646 debiti.

129 2662 157 2694 4)
178 2661 259 2688 Pcuc.
276 2667 400 2688 manent.

131 2704 158 2737 5)
179 2704 367 2739 Archetypon:
387 2706 537 2736 ami'uitur,

744 123 1006 163 PIIILIPPI
1036 119 1491 158 MELANTHONIS.

2070 120 2144 156 574

1148 208 1305 250 iusticia,
1333 216 1366 243 et
1385 206 1582 242 haereditas
1602 206 1693 240 vitae
1708 213 1889 248 aeternae,
1915 207 2011 240 iuxta
2036 206 2141 240 illud:

1145 258 1251 293 Nulla
1275 272 1370 293 nunc
1396 258 1645 293 condemnatio
1671 264 1720 292 est
1744 255 1817 300 his,
1851 258 1912 303 qui
1940 258 1977 290 in
1999 254 2140 291 Christo

1143 310 1226 344 Iesu
1245 311 1440 344 ambulant.

1246 361 1306 397 60.
1348 361 1418 395 Sed
1444 368 1584 395 ruentes
1611 367 1733 394 contra
1766 360 2037 397 conscientiam,
2079 366 2139 393 aut

1142 423 1260 444 errore
1292 420 1351 446 aut
1382 412 1523 444 levitate
1557 412 1807 455 amplectentes
1838 411 1965 443 falsum
1996 411 2134 452 dogma,

1141 473 1303 506 pugnans
1337 474 1414 496 cum
1447 463 1697 501 fundamento,
1729 461 1939 494 contristant
1965 468 1997 493 et
2022 461 2137 493 effun-

1141 514 1233 546 dunt
1257 512 1429 556 Spiritum
1451 519 1631 552 sanctum,
1658 518 1690 544 et
1718 511 1885 545 amittunt
1906 511 2079 544 iusticiam
2104 517 2136 544 et

1140 560 1390 597 haereditatem
1411 564 1501 596 vitae
1518 570 1688 596 aeternae.

1242 614 1301 648 61.
1341 614 1409 648 Sed
1434 614 1494 659 qui
1515 625 1635 646 rursus
1660 618 1921 645 convertuntur
1946 613 1987 644 ad
2006 611 2132 650 Deum,

1140 677 1219 698 vera
1235 665 1452 710 poenitentia
1470 675 1591 697 rursus
1609 665 1697 696 fiunt
1714 663 1795 696 iusti
1812 671 1843 697 et
1855 660 2023 696 haeredes
2041 662 2133 695 vitae

1138 722 1317 758 aeternae,
1344 717 1433 749 sicut
1448 715 1563 748 Adam
1575 741 1584 754 ,
1604 712 1726 747 Aaron
1744 711 1785 758 ¹²).

1241 766 1299 802 62.
1333 765 1497 809 Cognitio
1521 764 1726 798 discrimine
1748 771 1992 808 peccatorum,
2019 763 2132 808 qualis

1137 817 1182 850 sit
1197 817 1400 850 obedientia
1418 817 1454 849 in
1473 815 1604 849 renatis
1620 815 1769 848 iudicari
1788 821 1912 858 potest.
1954 812 1999 847 Et
2017 825 2131 858 quan-

1138 879 1243 913 quam
1273 865 1359 900 haec
1388 865 1589 900 obedientia
1618 866 1655 898 in
1686 865 1817 900 renatis
1840 865 1963 909 procul
1991 865 2089 897 abest
2112 875 2131 896 a

1137 917 1367 963 perfecti0ne'
1388 917 1491 960 legis,
1533 923 1567 949 et
1589 927 1715 959 magna
1740 916 1927 949 infirmitas
1953 912 2067 948 adhuc
2092 915 2129 946 in

1137 968 1240 1002 nobis
1256 965 1396 1008 haeret,
1421 975 1455 1001 et
1473 966 1605 999 multae
1626 967 1745 998 sordes
1766 978 1804 999 ac
1828 973 1985 1009 peccata,
2012 973 2129 998 tamen

1137 1020 1249 1064 placet
1271 1029 1418 1063 persona
1440 1018 1508 1049 fide
1533 1023 1675 1060 propter
1700 1016 1938 1049 mediatorem.
1992 1013 2039 1048 Et
2054 1015 2131 1058 pla-

1137 1077 1190 1104 cet
1214 1069 1417 1103 obedientia
1434 1068 1471 1100 in
1489 1067 1551 1101 tali
1570 1078 1719 1111 persona
1738 1072 1882 1110 propter
1899 1066 2129 1098 mediatorem

1136 1122 1215 1155 fide.
1268 1119 1368 1154 Sicut
1383 1118 1508 1152 Petrus
1532 1118 1668 1162 inquit:
1702 1114 1840 1150 Offerte
1864 1115 1997 1150 hostias
2025 1115 2129 1160 spiri-

1137 1171 1266 1211 tuales,
1293 1176 1450 1214 acceptas
1465 1167 1540 1202 Deo
1560 1179 1622 1212 per
1637 1167 1753 1201 Iesum
1771 1165 1966 1202 Christum.

1231 1221 1295 1255 63.
1329 1218 1378 1255 Et
1402 1217 1488 1253 haec
1512 1218 1713 1252 obedientia
1737 1224 1884 1251 ornatur
1909 1217 2073 1261 praemiis
2093 1217 2130 1248 in

1137 1274 1208 1308 vita
1227 1279 1367 1306 aeterna
1380 1297 1392 1312 ,
1420 1277 1453 1304 et
1469 1270 1505 1302 in
1522 1267 1587 1302 hac
1604 1269 1694 1309 vita,
1722 1268 1817 1301 iuxta
1842 1268 2030 1301 consilium
2047 1266 2128 1302 Dei.

1137 1324 1231 1366 Quia
1248 1323 1395 1356 omnino
1420 1320 1571 1354 docendi
1595 1326 1677 1353 sunt
1700 1316 1881 1356 homines,
1907 1317 2044 1352 etiamsi
2060 1316 2130 1350 Ec-

1137 1374 1240 1409 clesia
1258 1373 1354 1406 cruci
1371 1372 1524 1405 subiecta
1543 1376 1610 1410 est,
1638 1374 1755 1401 tamen
1781 1368 1912 1401 servari
1931 1380 2007 1401 eam
2033 1375 2066 1400 et
2092 1368 2130 1400 in

1138 1423 1202 1456 hac
1218 1424 1310 1461 vita,
1338 1423 1433 1454 iuxta
1458 1420 1565 1452 illud:
1603 1418 1683 1452 Non
1712 1418 1843 1452 mortui
1868 1419 2066 1452 laudabunt
2097 1424 2129 1451 te

1135 1471 1305 1506 Domine.

1239 1520 1300 1555 64.
1331 1520 1458 1554 Custos
1474 1526 1524 1553 est
1538 1519 1646 1562 igitur
1659 1517 1756 1553 Deus
1780 1527 1813 1553 et
1837 1518 1943 1553 huius
1964 1531 2130 1562 corpora-

1136 1573 1180 1606 lis
1203 1572 1315 1612 vitae,
1350 1578 1382 1605 et
1405 1576 1525 1603 tuetur
1543 1567 1716 1613 hospitia,
1756 1570 1906 1610 victum,
1950 1570 2131 1603 educatio-

1136 1635 1238 1663 nem,
1265 1629 1298 1655 et
1314 1621 1383 1654 alia
1401 1621 1492 1654 vitae
1506 1619 1711 1655 necessaria.
1764 1618 1813 1654 Et
1838 1620 1914 1653 vult
1937 1618 2022 1653 haec
2048 1632 2066 1653 a
2093 1631 2128 1653 se

1136 1673 1226 1718 peti,
1253 1672 1331 1706 vult
1350 1672 1454 1705 fidem
1476 1670 1626 1704 exerceri
1644 1670 1813 1714 petitione
1831 1682 1949 1704 rerum
1970 1682 2129 1704 necessa-

1136 1725 1269 1758 riarum
1287 1723 1391 1757 etiam
1415 1721 1575 1766 corpori,
1600 1721 1695 1755 iuxta
1720 1721 1827 1755 illud:
1856 1720 2066 1765 Invocame
2091 1721 2128 1753 in

1135 1776 1192 1809 die
1210 1772 1462 1809 tribulationis.

1237 1824 1295 1861 65.
1332 1823 1560 1868 Conspicitur
1576 1821 1753 1856 Ecclesiae
1773 1823 1963 1856 discrimen
1981 1834 1998 1856 a
2016 1829 2128 1856 caete—

1135 1877 1184 1909 ris
1202 1873 1428 1915 hominibus‚
1455 1882 1493 1908 ut
1513 1874 1646 1907 dictum
1664 1881 1733 1915 est,
1761 1875 1864 1907 etiam
1890 1874 1927 1906 in
1951 1885 2016 1907 usu
2042 1873 2128 1915 legi-

1135 1927 1222 1961 timo
1248 1926 1579 1964 Sacrameutorum,
1621 1936 1711 1968 quae
1734 1931 1815 1958 sunt
1837 1925 1935 1967 signa
1960 1923 2128 1960 visibilia,

1136 1977 1308 2011 divinitus
1325 1976 1444 2009 addita
1463 1974 1688 2019 promissioni
1707 1975 1856 2018 gratiae,
1879 1981 1918 2007 ut
1941 1974 2010 2007 sint
2029 1985 2126 2006 com-

1137 2027 1412 2061 monefactiones
1437 2032 1470 2059 et
1495 2025 1694 2059 testimonia
1723 2026 1766 2058 de
1792 2024 2047 2069 promissione,
2091 2031 2122 2056 ct

1135 2079 1205 2113 sint
1221 2078 1321 2111 nervi
1340 2076 1631 2120 congregationis.

1237 2128 1296 2163 66.
1334 2127 1508 2162 Usitatum
1527 2133 1576 2160 est
1601 2124 1776 2160 humanae
1795 2125 2036 2169 superstitioni
2064 2126 2126 2157 de-

1136 2192 1283 2226 pravare
1319 2185 1352 2212 et
1383 2178 1563 2212 cumulare
1597 2176 1812 2210 ceremonias
1846 2173 1912 2208 hac
1945 2175 2126 2219 opinione,

1136 2232 1231 2277 quod
1249 2235 1451 2264 mereantur
1468 2228 1710 2262 remissionem
1733 2232 1975 2271 peccatorum,
2002 2232 2034 2259 et
2057 2225 2126 2258 alia

1136 2284 1242 2319 bona.
1297 2281 1355 2315 Sic
1372 2277 1517 2313 Ethnici
1534 2285 1562 2311 et
1585 2277 1701 2310 ludaei
1721 2276 1947 2310 mactationes
1966 2276 2126 2309 cumula·

1136 2340 1239 2375 runt,
1282 2332 1392 2371 adeo,
1433 2337 1471 2363 nt
1499 2328 1699 2371 saepissime
1730 2327 1834 2361 etiam
1860 2325 2023 2360 homines
2045 2333 2124 2360 tan-

1137 2396 1242 2431 quam
1261 2380 1398 2416 hostiae
1416 2385 1663 2414 mactarentur.

1237 2433 1298 2469 67.
1331 2430 1377 2465 Et
1395 2429 1550 2473 exempla
1569 2426 1764 2467 horrenda,
1791 2440 1881 2474 quae
1898 2428 2063 2462 diabolus
2087 2429 2123 2459 in

1136 2486 1196 2519 illa
1228 2484 1425 2529 sapientum
1461 2486 1495 2513 et
1528 2486 1728 2513 sanctorum
1759 2486 1899 2524 patrum
1922 2478 2125 2523 posteritate

1135 2535 1279 2581 sparsit,
1313 2530 1598 2578 perterrefaciant
1622 2542 1708 2571 nos,
1741 2542 1786 2563 ne
1809 2530 1921 2564 securi
1949 2529 2123 2562 existime-

1134 2598 1212 2621 mus
1240 2597 1313 2619 non
1340 2594 1413 2617 esse
1440 2581 1588 2616 viciosos
1622 2581 1736 2617 cultus
1772 2588 1831 2616 aut
1867 2580 1962 2615 idola
1991 2580 2026 2612 in
2063 2577 2126 2611 hac

1168 2700 1195 2732 6)
1216 2698 1359 2733 Archetyp.
1379 2698 1503 2724 Aharon.
