2324 2955
151 106 224 141 975

258 189 357 222 Hanc
383 186 670 230 tranquillitatem
696 191 729 217 et
753 182 894 227 imperii
911 188 944 215 et
958 180 1131 215 Ecclesia-

160 252 237 273 lum
264 238 418 273 turbavit
441 236 629 275 Diabolus,
664 233 724 278 qui
755 234 838 267 odio
862 231 928 265 Dei
957 232 1000 264 ab
1029 232 1131 265 initio

160 297 237 334 post
260 290 394 331 lapsum
420 285 630 319 contumelia
656 284 771 317 affecit
794 282 926 323 Deum,
953 288 986 314 et
1011 282 1134 325 primis

163 338 365 383 parentibus
382 336 524 368 exilium
542 333 758 367 machinatus
776 340 834 367 est.
888 309 985 365 Idem
1000 343 1135 375 semper

166 389 245 430 agit.
300 386 351 420 Ac
380 393 463 420 tunc
489 397 628 430 quoque
652 382 822 416 horribile
860 382 1064 415 incendIum
1099 382 1137 414 in

168 438 324 482 Aegypto
345 436 521 475 excitavit,
556 435 651 478 quod
676 440 837 477 vagatum
862 439 913 465 est
939 443 1000 475 per
1025 438 1138 465 totum

170 485 366 519 Οτίιηῑοιη
420 485 564 529 Impulit
586 484 835 529 Presbyterum
859 481 1139 516 Alexandrinum

171 535 318 574 Arium,
350 543 389 569 ut
414 542 541 569 sereret
566 535 712 578 impium
735 535 879 577 dogma,
911 539 1021 566 astute
1044 532 1142 565 fuca-

172 595 246 620 tum
262 593 382 619 contra
401 586 619 619 divinitatem
637 583 780 617 Christi.
833 582 1000 616 Scribunt
1017 589 1144 622 autem,

173 637 295 669 dolore
310 637 468 679 repulsae
487 642 620 668 motum
640 646 711 667 esse
729 632 856 667 Arium
869 659 878 673 ,
905 645 984 666 cum
1002 644 1075 664 non
1091 643 1145 665 es-

173 694 223 720 set
246 687 357 719 factus
383 686 595 730 Episcopus,
628 693 667 718 ut
700 685 942 717 adversaretur
960 681 1134 727 Episcopo

173 737 388 770 Alexandro.

276 785 448 819 Existimo
475 792 592 818 autem
610 783 735 817 Arium
754 783 866 827 reipsa
881 783 972 815 idem
990 782 1148 823 sensisse,

177 838 270 880 quod
288 843 470 868 senserunt
486 835 603 868 Ebion
619 861 626 874 ‚
657 834 920 873 Samosatenus,
954 839 986 865 et
1008 833 1149 872 similes,

176 888 265 919 sicut
288 892 321 918 et
338 886 535 918 Alexander
551 883 744 928 Episcopus
762 881 1021 916 Alexandrinus
1043 883 1085 915 de
1110 894 1148 915 eo

178 935 313 969 scribit:
348 935 452 969 Scitis
484 946 603 968 recens
632 940 762 966 motam
802 933 996 966 doctrinam
1029 940 1149 965 contra

178 984 352 1018 Ecclesiae
384 985 568 1029 pietatem,
610 995 681 1016 esse
706 981 884 1022 Ebionis,
923 980 1089 1014 Artemae
1119 989 1151 1015 et

180 1034 416 1068 Samosaleni
431 1035 641 1077 contagium,
664 1034 723 1076 qui
742 1033 778 1064 in
796 1032 842 1076 ς)
847 1032 948 1064 nodis
965 1038 998 1064 et
1014 1032 1152 1064 iudiciis

182 1084 438 1130 Episcoporum
460 1085 592 1128 ubique
616 1095 655 1115 ex
672 1081 827 1115 Ecclesia
842 1081 940 1114 eiecti
957 1088 1050 1114 sunt.

281 1135 350 1168 Sed
374 1147 450 1166 cum
476 1146 547 1166 nou
571 1134 713 1166 auderet
729 1129 836 1164 Atius
851 1141 1007 1174 explesse
1027 1141 1152 1172 negare

184 1183 247 1231 2.(39
252 1197 294 1218 01¹
310 1196 381 1217 esse
397 1180 605 1229 &porcium
608 1195 670 1225 ον,
698 1188 808 1215 astute
834 1181 900 1213 alia
921 1181 1033 1224 specie
1050 1179 1154 1213 struit

183 1235 344 1267 iusidias:
377 1235 475 1267 Dicit
496 1246 568 1266 non
591 1245 661 1266 esse
685 1238 905 1265 coaeternum
924 1231 1012 1273 patri
1031 1226 1096 1276 ὶό9
1099 1242 1152 1269 oz,

184 1286 242 1317 sed
266 1296 436 1317 summam
463 1291 657 1316 creaturam
680 1294 720 1314 ex
736 1279 848 1314 nihilo
866 1281 1056 1320 condit-un,
1108 1278 1156 1312 Et

183 1346 265 1368 usus
283 1341 331 1367 est
346 1332 400 1366 his
416 1334 536 1366 formis
553 1332 736 1377 loquendi:
766 1328 809 1375 ἧν
827 1328 927 1372 πότε,
953 1329 1011 1363 ὅτε
1029 1328 1096 1363 οὐκ
1112 1325 1155 1374 ἦν

187 1382 250 1430 λό9
255 1397 306 1424 og,
340 1382 405 1417 hoc
429 1391 493 1417 est.
525 1382 611 1416 Erat
627 1389 742 1426 pater,
772 1393 850 1414 cum
878 1382 1036 1412 nondum
1070 1386 1157 1412 esset

188 1432 251 1481 2ό9
255 1447 302 1472 ος.
355 1434 461 1471 Item,
489 1434 577 1466 dixit
602 1429 844 1479 ε55εχν1ό9ον,
874 1430 910 1469 ἐξ
932 1429 999 1464 οὐκ
1017 1429 1158 1472 bifrons,

188 1498 227 1517 ex
246 1497 318 1517 non
336 1484 583 1521 existentibus,
613 1483 647 1515 id
664 1490 731 1520 est,
759 1494 798 1514 ex
816 1479 940 1513 nihilo.
996 1480 1041 1512 Il
1043 1492 1090 1512 lec
1109 1487 1159 1512 est

187 1546 319 1567 summa
337 1534 526 1567 sententiae
544 1532 642 1573 Arii,

190 1586 273 1624 ciet,

191 1635 369 1677 impietati.
421 1634 530 1676 Negat
552 1641 666 1666 autem
690 1633 800 1675 reipsa
823 1631 933 1663 filium
959 1642 1030 1662 esse
1048 1632 1090 1662 de
1108 1641 1161 1661 es-

191 1685 299 1717 sentia
323 1684 447 1726 patris,
482 1690 516 1716 et
539 1683 834 1725 omnipotentem,
877 1680 957 1724 quia
982 1680 1068 1711 dicit
1091 1690 1162 1711 esse

193 1735 227 1772 ἐξ
242 1734 308 1768 οὐκ
326 1733 456 1767 ὄντων.

195 1834 338 1867 dicitur:
383 1830 445 1865 καὶ
479 1830 566 1869 θεὸς
596 1835 638 1875 ijsl
671 1829 689 1864 ὁ
717 1827 770 1876 loy
774 1842 832 1867 ος.

669 1544 772 1576 quam
799 1532 827 1564 si
850 1531 927 1575 quis
943 1542 1051 1573 prope
1067 1530 1159 1573 aspi·
1183 1550 1184 1554 =

307 1582 544 1628 deprehendet
573 1595 645 1615 eam
672 1583 820 1614 vicinam
846 1593 917 1613 esse
942 1580 1159 1613 samosateni
1184 1594 1186 1600 ι

396 103 599 141 SCRIPTA
625 100 698 136 PH.
725 98 841 136 MEL.
868 97 934 133 AD
959 96 1083 134 HIST.
1110 95 1252 135 PROF.
1280 95 1345 131 ET
1370 91 1563 130 PHILOS.
1590 92 1909 131 SPECTANTIA.

2082 95 2156 130 976

1181 179 1393 215 testimoniis
1419 190 1522 212 verae
1547 179 1740 214 sententiae
1757 179 1913 222 legamus
1928 186 1961 214 et
1973 178 2156 214 historiam

1182 237 1216 265 et
1233 237 1435 264 certamma.

1285 278 1375 313 Cum
1396 285 1511 312 autem
1527 276 1634 312 Arius
1655 279 1812 313 traxisset
1836 279 1874 312 in
1898 289 1995 312 suam
2011 285 2159 325 ⁶senten-

1185 330 1268 364 tiam
1283 329 1417 373 aliquot
1426 327 1630 372 Episcopus,
1647 335 1681 362 et
1697 330 1764 361 iam
1780 341 1853 362 non
1868 329 2015 363 obscura
2030 329 2162 362 discor—

1187 380 1245 413 dia
1264 385 1369 420 esset,
1393 377 1649 412 Constantinus
1672 379 1824 412 edictum
1847 379 1956 413 mittit
1978 379 2016 411 in
2041 389 2163 412 omnes

1189 430 1358 472 regiones,
1375 440 1444 473 quo
1459 435 1627 462 convocat
1640 440 1762 462 omnes
1772 426 1963 473 Episcopos
1977 430 2020 462 ad
2038 429 2162 462 urbem

1189 477 1378 524 Bithyniae
1397 476 1552 512 [Viceam
1568 503 1577 517 ,
1612 485 1652 512 ut
1680 478 1731 511 ibi
1755 478 1793 512 in
1817 478 1962 523 Synodo
1993 479 2164 512 confessio

1192 530 1425 572 singulorum,
1453 535 1487 561 et
1502 528 1730 561 confessionis
1745 528 1942 562 testimonia
1959 529 2164 562 audiantur:

1194 588 1226 614 et
1243 585 1412 624 quantum
1436 578 1510 611 fieri
1532 585 1667 621 posset,
1693 579 1865 611 discordia
1890 578 2044 612 tollatur.
2095 578 2167 613 Cu·

1194 637 1249 663 rat
1264 637 1295 663 et
1313 629 1464 673 publicis
1479 626 1650 661 vehiculis
1674 640 1732 662 eos
1750 625 1889 662 advehi.

1296 679 1549 712 Convenerunt
1572 679 1678 721 igitur
1700 679 1866 719 trecenti,
1893 679 2011 711 decern
2033 685 2067 712 et
2091 686 2168 713 octo

1197 727 1376 774 Episcopi.
1431 728 1526 762 Inter
1541 726 1605 762 hos
1622 735 1790 774 martyres
1815 728 1915 762 multi
1930 729 2074 762 fuerunt
2089 741 2170 762 mu·

1198 780 1287 814 tilati
1304 780 1420 824 aliqua
1441 779 1596 822 corporis
1611 786 1724 823 parte,
1751 790 1829 812 cum
1854 777 1968 811 adhuc
1987 779 2170 812 saeviciam

1199 836 1395 863 exercerent
1419 829 1636 862 Maximinus
1659 835 1691 862 et
1715 828 1885 862 Licinius.
1942 827 2172 863 Advenerunt

1199 879 1418 925 Presbyteri,
1450 879 1553 921 legati
1570 878 1846 922 Episcoporum,
1879 878 1939 923 qui
1961 886 2102 922 propter
2119 891 2173 912 se-

1199 936 1335 963 nectam
1360 936 1394 962 et
1417 931 1556 962 morbos
1582 930 1744 962 accedere
1760 941 1832 962 non
1848 935 2044 972 potuerant.
2097 928 2175 962 Ad-

1200 980 1344 1012 fuerunt
1366 985 1400 1011 et
1422 979 1500 1011 laici
1522 979 1645 1019 multi,
1676 979 1743 1011 viri
1771 979 1865 1012 docti
1897 985 1932 1012 et
1966 979 2028 1022 pii.
2079 978 2175 1012 Haec

1202 1029 1366 1073 Synodus
1390 1026 1553 1061 inchoata
1570 1035 1619 1061 est
1635 1040 1728 1060 anno
1747 1029 1990 1061 trecentesimo
2008 1029 2172 1062 vicesimo

1202 1085 1325 1110 octavo
1363 1074 1516 1117 Christi,
1555 1088 1647 1110 anno
1687 1078 1825 1120 imperii
1856 1077 2081 1111 Constantini
2114 1081 2176 1112 de-

1203 1139 1292 1160 Clmo
1310 1139 1418 1161 UOssO.

1304 1175 1369 1210 Est
1390 1183 1504 1210 autem
1531 1177 1777 1219 dignissimum
1799 1189 1887 1221 opus
1913 1178 2129 1222 sapientibus
2145 1186 2179 1213 et

1178 1247 1180 1258 <
1204 1227 1339 1270 magnis
1359 1227 1518 1270 regibus,
1547 1227 1637 1260 iusto
1655 1228 1760 1260 modo
1777 1234 1811 1261 et
1831 1228 1956 1261 ordine
1971 1229 2093 1262 tollere
2107 1229 2179 1262 dis-

1185 1651 1186 1662 i
1211 1629 1275 1660 bus
1293 1627 1462 1670 praecipit
1483 1627 1605 1660 tollere
1630 1625 1863 1671 blasphemias
1886 1636 1920 1661 et
1937 1629 2042 1661 idola.

195 1883 448 1927 ‹nnnipotentia
471 1883 552 1921 filii,
579 1889 617 1914 ut
641 1893 720 1913 mox
744 1877 912 1912 lobannis
937 1878 1051 1921 ptimo
1078 1877 1165 1910 dici-
1189 1881 1190 1889 ¹

949 1927 1052 1961 Item:
1089 1926 1164 1969 Ego

702 1978 762 2012 Et:
791 1978 876 2012 Sine
893 1990 946 2010 me
962 1976 1052 2010 nihil
1069 1985 1167 2021 pote-

196 1943 271 1967 tur:
312 1932 443 1965 Omnia
469 1944 530 1975 per
553 1932 665 1975 ipsum
690 1931 776 1962 facta
801 1935 894 1962 sunt.

196 1984 302 2016 vitam
325 1989 499 2015 aeternam
522 1983 565 2013 do
591 1981 649 2013 eis.

197 2035 257 2066 stis
275 2034 395 2067 facere.

199 2091 258 2117 aut
285 2091 352 2116 tres
377 2082 572 2125 congregati
600 2081 637 2113 in
660 2079 803 2112 nornine
826 2090 920 2119 meo,
953 2078 1001 2111 ibi
1028 2090 1103 2110 sum
1131 2078 1165 2109 in

200 2134 314 2166 medio
343 2145 474 2165 eorum.
526 2131 657 2165 Adesse
679 2130 828 2173 ubique,
852 2129 1015 2161 exaudire
1040 2135 1073 2162 et
1088 2128 1166 2170 opi-

202 2185 305 2216 tulari
324 2184 451 2227 ubique
470 2182 609 2226 propria
628 2187 708 2213 sunt
731 2180 871 2212 divinae
891 2185 1048 2212 naturae.

203 2235 327 2267 lossen
349 2236 395 2268 1.·

202 2291 302 2322 sunt,
330 2291 361 2316 et
383 2284 500 2316 omnia
526 2294 586 2326 pei
607 2293 685 2314 eum
710 2280 914 2313 consistunt.

966 2276 1168 2313 Ebrae.1.:

201 2332 269 2365 Per
292 2346 391 2377 quom
416 2340 446 2366 et
472 2333 584 2365 secula
608 2332 709 2371 fecit,
736 2330 795 2374 qui
823 2336 873 2362 est
897 2330 1012 2371 fulgor
1029 2318 1196 2371 gloriae,
1220 2327 1312 2371 piam
1339 2328 1561 2360 concordiam
1587 2326 1654 2360 hoc
1676 2330 1782 2361 modo
1805 2336 1977 2364 tueantur.

1107 2374 1196 2412 Di-
1219 2377 1372 2410 serviant
1401 2377 1523 2410 alienis
1552 2378 1658 2411 odiis:

205 2439 256 2465 cta
278 2434 380 2466 etiam
399 2434 440 2464 de
457 2433 675 2465 invocatione
695 2437 866 2465 testantur
882 2430 991 2462 filium
1009 2429 1197 2472 omnipo-
1195 2416 1266 2470 ¹egl
1267 2427 1355 2460 ulios
1378 2427 1566 2470 stringant:

204 2491 333 2516 tentem
358 2493 443 2521 esse,
471 2483 557 2515 sicut
579 2480 732 2515 Ecclesia
759 2492 893 2524 semper
917 2479 1022 2512 dixit:
1046 2490 1172 2525 χριστε
1196 2523 1198 2532 1
1221 2478 1310 2510 sicut
1323 2476 1417 2510 Deus
1433 2490 1532 2520 saepe
1550 2479 1731 2522 praecepit.

204 2390 237 2416 «t
254 2383 380 2423 effigies
396 2382 606 2415 substantiae
623 2381 697 2415 eius
713 2387 908 2413 sustentans
925 2379 1054 2412 omnia.

206 2532 261 2566 ἓ).
243 2544 359 2578 mom.

307 2583 408 2616 Talin
440 2582 635 2615 testimonia
661 2582 730 2614 sint
761 2580 797 2613 in
830 2587 1032 2624 conspectn‚
1073 2586 1105 2612 et
1136 2578 1173 2610 in

207 2633 435 2679 quotidiana'
428 2645 483 2666 nn
490 2644 528 2666 oc
533 2632 646 2665 atione
663 2632 869 2675 cogitentur.
912 2631 962 2664 Ac
979 2629 1134 2664 confirm·
1137 2629 1199 2662 iti

448 2030 618 2065 Matthaei
647 2029 718 2062 18.:
747 2028 963 2086 Ubicunque
989 2035 1069 2061 sunt
1096 2029 1166 2060 duo

1205 1277 1294 1310 sidia
1312 1275 1566 1317 Ecclesiarum,
1597 1277 1752 1310 indicere
1771 1285 1803 1311 et
1822 1285 1913 1311 recte
1927 1290 2044 1321 regere
2062 1278 2178 1324 Syno-

1206 1328 1290 1370 dos,
1331 1327 1419 1360 sicut
1451 1327 1608 1361 fecerunt
1639 1327 1909 1369 Constantinus,
1958 1326 2180 1362 Theodosius

1206 1377 1340 1420 primus
1356 1384 1388 1410 et
1405 1374 1627 1411 Theodosius
1645 1379 1830 1417 secundus,
1858 1385 1890 1412 et
1908 1378 2116 1420 Martianus,
2142 1387 2181 1413 ut

1208 1428 1299 1461 infra
1314 1427 1459 1461 dicetur.

1308 1476 1380 1510 Nec
1397 1485 1487 1511 recte
1505 1478 1677 1518 sentiunt,
1704 1479 1766 1523 qui
1789 1479 1927 1520 dicunt,
1954 1477 2045 1512 hanc
2061 1489 2182 1512 curam

1209 1528 1390 1560 indicendi
1406 1527 1567 1572 Synodos
1591 1529 1634 1561 ad
1661 1529 1752 1562 solos
1775 1527 1970 1573 Episcopos
1991 1529 2180 1573 pertinere:

1211 1578 1306 1620 Quia
1330 1578 1385 1609 lex
1406 1578 1525 1610 divina
1550 1584 1583 1610 et
1601 1578 1763 1621 politicae
1779 1580 1938 1622 potestati
1967 1586 1998 1612 et
2023 1578 2182 1612 doctori-

2093 1626 2183 1660 Cum

1212 1677 1318 1718 igitur
1342 1677 1485 1708 dissidia
1511 1677 1692 1717 oriuntur,
1735 1678 1838 1710 etiam
1863 1678 2005 1720 politica
2035 1683 2185 1721 potestas

907 1778 921 1811 1
949 1776 958 1810 1
1127 1778 1148 1810 b
1186 1734 1189 1789 ἒ
1213 1732 1307 1758 curet
1322 1725 1511 1767 legitimam
1529 1726 1765 1768 coguitionem
1782 1727 1936 1765 institui,
1966 1728 2001 1760 in
2025 1740 2092 1773 qua
2120 1729 2184 1761 do-

292 1784 347 1816 Pii
364 1789 602 1826 opposuerunt
621 1787 722 1824 caput
739 1780 889 1822 primum
925 1792 944 1811 o
962 1778 1086 1819 ianuis,
1102 1790 1123 1810 u
1154 1777 1163 1809 i

886 1828 972 1861 Item
1001 1828 1092 1860 dicta
1122 1829 1164 1859 de
1188 1849 1189 1853 =

1214 1782 1324 1807 ctores
1349 1781 1381 1807 et
1406 1775 1472 1807 alia
1497 1776 1652 1807 membra
1676 1774 1851 1809 Ecclesiae
1876 1777 2021 1818 idonea,
2062 1785 2096 1812 et
2119 1778 2186 1822 ipsi

1214 1824 1409 1868 principes,
1445 1836 1482 1857 re
1505 1824 1695 1869 inquisita,
1730 1826 1847 1860 dicant
1875 1838 1953 1860 suas
1983 1828 2185 1862 sententias.

1216 1874 1308 1917 Quia
1335 1874 1506 1907 iudicium
1532 1875 1621 1908 illud
1645 1888 1717 1908 non
1742 1883 1792 1909 est
1821 1877 1927 1910 unius
1951 1879 2096 1921 gradus,
2127 1880 2187 1911 sed

1215 1925 1374 1957 omnium
1393 1925 1634 1959 membrorum
1650 1923 1836 1968 Ecclesiae,
1861 1939 1949 1972 quae
1965 1936 2046 1962 sunt
2061 1929 2186 1962 idonea

1215 1976 1258 2008 ad
1276 1975 1515 2010 iudicandum.
1568 1975 1690 2009 Postea
1707 1989 1785 2009 cum
1802 1978 1928 2011 veritas
1944 1979 2112 2022 patefacta
2128 1986 2189 2020 est,

1216 2026 1273 2058 fiat
1303 2025 1501 2070 exequutio.
1566 2024 1735 2060 Doctores
1768 2028 1921 2061 refutent
1955 2036 1987 2062 et
2020 2030 2189 2064 damnent

1191 2067 1460 2119 blisphemias.
1513 2075 1667 2109 Potestas
1690 2077 1831 2121 politica
1862 2076 2046 2121 prohibeat
2075 2087 2188 2114 exter·

1192 2159 1193 2168 ¹
1217 2138 1297 2158 nam
1316 2125 1593 2168 professionem
1584 2127 1739 2170 impiam,
1763 2135 1939 2163 removeat
1956 2128 2188 2174 blasphemos,

1196 2571 1199 2598 l

1099 2177 1168 2211 Co-
1192 2170 1193 2204 l
1217 2188 1260 2209 ne
1280 2176 1376 2208 virus
1393 2188 1494 2208 suum
1513 2177 1642 2210 adflent
1662 2178 1750 2211 aliis.

422 2230 555 2266 Omni}
574 2243 634 2275 per
652 2231 765 2274 ipsum
785 2237 817 2262 et
842 2229 877 2261 in
894 2231 1008 2272 ipsum
1027 2229 1168 2261 condita
1193 2233 1194 2261 j

1319 2225 1419 2259 Hanc
1451 2227 1658 2260 seutentiam
1689 2229 1902 2262 verissimam
1933 2241 2004 2263 esse
2026 2241 2097 2262 non
2123 2231 2189 2264 du-

1194 2276 1316 2309 bium
1349 2283 1410 2309 est.
1462 2274 1509 2311 Et
1539 2277 1666 2320 singuli
1691 2280 1864 2323 principes
1895 2281 1931 2311 in
1962 2291 2021 2312 sua
2053 2280 2188 2314 ditione

2029 2329 2096 2363 Sed
2117 2343 2188 2364 nou

1697 2378 1768 2411 Nec
1797 2380 1870 2411 sine
1901 2379 1956 2422 pia
1989 2381 2188 2422 cognitione

1600 2429 1657 2460 sed
1683 2429 1824 2461 audiant
1849 2435 2187 2473 utramquepartem,

1783 2477 1826 2510 Et
1844 2479 2077 2513 iuramentum
2095 2481 2188 2514 Atti-

1196 2544 1198 2558 i
1222 2540 1298 2560 cum
1317 2534 1404 2560 erat:
1432 2526 1566 2571 ὁμοίως
1578 2527 1719 2573 ἅιιῳοῖν
1733 2525 1955 2571 ἀκροᾶσθαι,
1971 2536 2002 2563 et
2019 2530 2088 2564 sint
2107 2543 2188 2564 nor-

1197 2590 1297 2616 ‚mae
1332 2578 1451 2611 iudicii
1483 2579 1607 2623 scripta
1640 2575 1841 2622 prophetica
1876 2587 1905 2612 et
1938 2581 2123 2623 apostolica
2157 2589 2187 2614 ιι

1223 2628 1269 2661 Sv
1275 2629 1399 2662 suboli.
