2324 2955
111 108 182 144 149

108 194 191 226 lant.
251 191 346 225 Haec
371 193 539 227 sententia
563 193 599 226 in
621 193 748 226 animis
772 194 1000 227 mediocrium
1026 190 1091 226 ho-

106 243 241 275 minum
260 243 393 276 firmior
409 255 529 276 murus
545 251 594 276 cst
613 244 854 287 imperiorum,
872 256 974 288 quam
993 255 1090 276 exer—

106 293 195 325 citus
220 300 251 326 et
274 306 389 333 arma,
423 306 510 337 quae
534 292 728 338 Dionysius
758 302 856 338 pater
885 295 1090 327 nominabat

105 342 342 377 Adamantina
360 344 457 386 regni
475 344 658 387 praesidia.
710 345 830 387 Longe
845 345 923 389 plus
940 351 1006 384 est,
1034 344 1089 377 di-

105 393 188 426 viua
207 405 288 426 voce
306 400 439 426 mentes
459 395 615 429 retineri.

204 441 326 486 Cogita
343 451 458 477 autem
476 445 588 477 sontes
599 444 739 477 Paulini
757 445 859 478 dicti:
885 444 962 478 Vox
978 445 1087 487 magi-

103 498 230 527 stratus
249 501 298 527 est
316 495 466 538 primum
489 495 542 528 lex
567 501 728 535 naturae,
751 507 839 540 quae
861 502 909 528 est
935 496 1008 538 ipsa
1032 496 1085 528 lex

99 541 179 577 Dei.
234 541 297 577 Est
314 551 428 577 autem
446 545 600 578 iusticiae
616 545 684 577 Dei
701 546 827 588 punire
845 553 984 579 ruentes
1001 558 1085 578 con-

100 598 153 626 tra
169 605 266 626 suam
288 595 416 638 legem,
444 603 482 629 ut
498 595 557 627 illa
578 606 657 628 vere
674 595 854 629 dicuntur:
883 595 978 629 Deus
995 596 1084 638 ignis

101 654 311 677 consumens
327 652 387 680 cst.
429 644 508 678 Scio
520 643 672 678 Domine
691 648 785 690 quod
803 658 874 679 non
893 646 1002 689 parcis
1021 647 1082 679 de-

99 693 294 738 linquenti,
321 701 355 728 et
378 695 458 728 illae
481 707 582 728 voces
599 693 776 736 ethnicae,
803 708 889 741 quas
903 697 1082 739 experien-

98 743 147 776 tia
171 745 430 788 comprobavit,
463 745 531 790 ἔχει
555 744 643 784 θεὸς
671 744 816 781 ἔκδικον
836 746 957 790 ὅλιιμα,
995 744 1083 784 θεὸς

98 791 174 827 οἶδε
199 791 371 836 δικάζειν.
426 794 529 830 Item:
567 795 610 830 οὐ
627 795 700 843 γὰρ
717 796 859 841 σχέτλια
885 796 974 844 ἔργα
999 795 1080 830 θεοὶ

96 840 259 889 μάκαρες
285 844 460 891 φιλέουσι.
514 846 650 879 Deinde
674 849 821 881 armavit
842 847 935 881 Deus
957 854 989 880 et
1005 859 1081 879 ma-

97 893 279 936 gistratum
308 903 475 939 potestate
499 898 652 930 addendi
675 899 841 942 quasdam
867 899 977 941 leges,
1006 910 1078 930 non

97 944 239 988 quidem
259 953 452 990 pugnantes
476 959 554 979 cum
579 948 820 987 naturalibus,
847 949 905 981 scd
930 948 1078 981 circum-

97 995 260 1027 stantiam
287 997 440 1040 aliquam
476 998 653 1039 probabili
689 999 824 1031 ratinne
859 998 1074 1032 definientes.

95 1042 161 1076 His
185 1045 320 1088 legibus
342 1047 445 1080 etiam
468 1045 561 1082 Dans
584 1048 804 1081 autoritatem
830 1049 866 1081 in
886 1046 956 1081 hoc
976 1048 1077 1081 Pauli

95 1094 188 1128 dicto
220 1096 397 1136 attribuit,
440 1104 472 1131 et
505 1098 580 1130 vult
605 1110 660 1131 eas
684 1099 798 1131 valere
822 1106 967 1142 propter
992 1100 1077 1131 duas

95 1156 232 1183 causas,
261 1154 403 1190 propter
425 1148 664 1190 magistratum
686 1149 858 1182 divinitus
874 1150 1076 1182 ordinatum

94 1201 127 1228 et
154 1202 325 1229 armatum
349 1204 439 1230 certa
463 1205 645 1241 potestate,
681 1207 712 1233 et
731 1206 881 1243 'propter
904 1200 1075 1232 rationem

93 1246 321 1288 probabilem.
375 1246 468 1280 Hinc
487 1249 594 1290 igitur
612 1249 751 1287 scimus,
779 1250 880 1293 quale
895 1250 1075 1282 vinculum

92 1295 164 1329 sint
180 1296 342 1339 politicae
357 1297 464 1339 leges,
491 1300 585 1340 quod
609 1299 696 1330 scire
721 1300 757 1329 in
783 1300 854 1330 vita
879 1306 911 1330 et
937 1307 1077 1342 propter

95 1344 244 1386 gloriam
269 1344 356 1385 Dei,
383 1352 416 1379 et
438 1353 582 1389 propter
605 1347 895 1391 tranquillitatem
922 1356 1076 1381 nostram

92 1394 316 1428 utilissimum
335 1401 395 1429 est.

192 1443 268 1476 Hac
285 1444 446 1476 doctrina
470 1445 512 1476 de
536 1444 687 1487 politicis
710 1445 846 1486 legibus
869 1445 1075 1483 confirmati,

90 1499 208 1537 postea
233 1494 492 1527 consideremus
518 1491 741 1538 κακοζῃλίαν
767 1494 996 1537 pontificiam,
1038 1496 1075 1527 in

91 1555 159 1588 qua
183 1550 263 1577 sunt
287 1544 389 1577 multi
414 1545 493 1578 tetri
512 1555 659 1577 errores.
713 1543 907 1577 Finxerunt
925 1544 1074 1578 Pontifi-

91 1605 145 1627 ces
171 1605 207 1628 se
228 1606 348 1638 regum
373 1595 504 1628 similes
526 1607 616 1635 esse,
658 1602 690 1628 et
715 1597 844 1637 regiam
871 1602 1072 1638 potestatem

91 1642 220 1678 habere
236 1645 273 1677 in
291 1646 486 1678 condendis
502 1646 649 1688 legibus.
687 1644 732 1678 Et
750 1646 891 1690 quidem
909 1646 1073 1678 scelerate

91 1695 302 1740 detorquent
327 1693 394 1728 huc
422 1696 572 1729 dictum:
609 1695 797 1728 Translato
822 1696 1013 1728 sacerdotio
1037 1696 1073 1728 fit

89 1745 174 1788 legis
193 1746 386 1779 translatio.
441 1745 620 1779 iusserunt
646 1746 753 1788 igitur
776 1746 871 1779 idola
894 1746 983 1785 coli,
1018 1746 1072 1777 in-

90 1795 280 1830 stituerunt
297 1796 384 1830 ritus
401 1797 444 1829 de
461 1797 566 1837 cibis,
593 1797 780 1838 coelibatu,
810 1796 1072 1829 enumeratione

89 1846 319 1885 delictorum,
346 1847 532 1890 epitimiis,
560 1854 591 1881 et
605 1847 682 1880 aliis
699 1847 816 1880 multis
835 1848 949 1880 rebus.
1000 1845 1073 1879 Ila-

89 1908 168 1930 rum
201 1897 315 1939 legum
346 1897 574 1930 violationem
597 1898 718 1931 dicunt
744 1905 881 1940 peccata
906 1909 996 1937 esse,
1041 1903 1072 1930 et

89 1953 224 1981 constat
245 1945 305 1980 has
326 1947 418 1990 leges
441 1948 546 1981 fnisse
572 1948 809 1982 carnificinam
840 1947 1071 1981 conscientia-

88 2009 187 2040 rum,
229 2010 316 2042 quae
349 2010 420 2031 non
450 1999 532 2031 satis
563 1999 710 2032 describi
743 2005 864 2042 potest.
924 1997 976 2031 Ac
1000 2010 1070 2030 non

89 2048 202 2081 multo
217 2055 296 2081 aute
314 2046 491 2082 Adrianus
504 2048 682 2088 Pontifex,
710 2048 828 2083 Caroli
848 2048 1072 2092 Imperatoris

87 2104 293 2142 praeceptor
315 2099 425 2131 edidit
444 2111 608 2141 magnum
634 2100 815 2139 volumen,
842 2100 970 2144 quibus
994 2099 1071 2131 illas

88 2148 180 2192 leges
195 2156 383 2192 exasperat.
416 2147 461 2182 Et
478 2150 568 2182 dicta
586 2161 672 2194 quae
689 2150 925 2183 dulcissimam
941 2149 1072 2182 doctri-

88 2210 171 2232 nam
189 2206 222 2232 et
239 2200 515 2233 consolationem
539 2200 737 2241 continent,
756 2200 920 2234 transfert
944 2201 987 2233 ad
1011 2212 1071 2233 su—

88 2249 331 2292 perstitionem
358 2255 390 2283 et
413 2250 654 2295 tyrannidem:
690 2250 761 2293 Qui
787 2262 848 2283 vos
871 2251 988 2289 audit,
1017 2262 1071 2283 me

89 2300 198 2334 audit.
251 2298 354 2333 Item:
390 2298 543 2335 Obedite
562 2301 765 2344 praepositis
783 2301 916 2334 vestris.

192 2349 364 2384 Pindarus
396 2351 529 2396 inquit:
576 2348 769 2394 εὐώνυμον
807 2349 950 2395 ἑςδίκην
986 2347 1070 2395 τρία

90 2398 175 2434 ἔπεα
193 2398 390 2443 ἐπαρκέσει.
446 2401 485 2434 ln
512 2402 603 2435 bona
626 2413 726 2434 causa
752 2402 816 2434 tria
843 2403 947 2434 verba
973 2401 1071 2433 suffi-

89 2450 197 2484 ciunt.
254 2449 396 2490 Facilis,
424 2452 527 2494 plana
554 2459 586 2485 et
612 2452 789 2496 perspicua
813 2458 863 2484 est
887 2451 1070 2495 explicatio

89 2501 127 2533 in
146 2500 236 2534 veris
253 2501 372 2534 causis.
405 2501 535 2535 Contra
554 2515 636 2536 vcro
652 2500 670 2535 ὁ
687 2500 812 2540 ἄδικος
829 2498 1070 2548 λόγοςγοσιῦν

91 2550 131 2585 ἑν
145 2548 248 2596 (iurgii
263 2548 473 2596 φαρμάκων
488 2550 603 2587 δεῖται
624 2555 763 2599 σοιμῦν.

192 2600 402 2634 Brevissima
428 2603 534 2644 igitir
553 2601 636 2636 baec
653 2610 704 2637 est
723 2609 754 2636 et
771 2614 850 2635 vera
872 2601 1069 2645 responsio:

89 2650 191 2686 Dicta
220 2651 279 2685 illa
303 2653 346 2685 de
375 2653 558 2687 audiendis
584 2654 800 2698 pastoribus,
843 2664 915 2686 non
942 2651 1072 2685 consti-

501 106 662 144 DECL.
696 106 771 142 DE
805 106 1154 144 DISCRIMINE
1187 105 1389 144 LEGUM
1423 109 1612 147 POLIT.
1650 124 1730 149 ETC.

2058 125 2127 159 150

1143 198 1247 226 tuunt
1270 193 1318 225 eis
1343 206 1487 237 regnum
1513 205 1605 232 extra
1629 197 1873 244 Evangelium.
1936 204 2124 251 Praecepta

1141 250 1222 276 sunt
1253 250 1285 275 et
1315 246 1584 289 consolationes,
1618 250 1759 292 iubent,
1792 260 1831 287 ut
1858 267 1975 288 vocem
2006 269 2024 290 a
2048 257 2123 292 Deo

1141 293 1303 326 traditam
1320 295 1521 337 audiamus,
1548 306 1579 332 et
1604 301 1790 337 adfirmant
1812 302 1924 338 Deum
1947 319 2030 340 voce
2057 310 2122 341 do-

1141 344 1293 376 centium
1315 352 1405 377 certo
1424 346 1592 380 efficacem
1616 351 1706 391 fore,
1734 354 1881 396 perinde
1902 368 1939 389 ac
1959 357 1986 389 si
2007 358 2122 400 palam

1140 405 1202 425 nos
1222 394 1292 436 ipse
1310 395 1558 440 alloqueretur.
1615 400 1699 435 Vult
1725 410 1757 436 te
1781 411 1930 438 statuere
1945 405 2057 448 Deus,
2086 421 2121 442 se

1138 444 1256 476 adesse
1281 445 1329 477 tui
1356 448 1501 489 pastoris
1530 450 1622 489 voci,
1659 464 1697 483 ac
1721 455 1892 488 efficacem
1915 469 2004 498 esse,
2033 466 2065 492 et
2088 467 2121 493 te

1138 495 1264 527 debere
1296 492 1376 528 huic
1409 499 1484 530 voci
1513 501 1694 543 assentiri,
1730 515 1793 536 nec
1823 507 2000 548 dubitare,
2033 511 2121 553 quin

1139 542 1221 577 haec
1247 558 1325 577 vere
1347 546 1388 579 sit
1411 548 1572 581 voluntas
1587 548 1671 590 Dei,
1705 564 1793 595 quae
1821 555 1885 587 tibi
1909 559 2120 601 proponitur

1137 595 1289 628 ministri
1318 596 1448 639 lingua.
1518 598 1620 633 Hanc
1644 604 1872 637 necessariam
1899 613 1932 639 et
1956 608 2120 641 dulcissi-

1136 657 1227 677 mam
1253 648 1525 681 consolationem
1547 651 1702 685 obruunt
1727 651 1915 687 Pontifices
1943 659 2121 692 translatis

1136 695 1205 728 illis
1238 697 1447 731 testimoniis
1479 701 1520 731 ad
1550 711 1628 733 suas
1662 703 1887 745 traditiones,
1925 705 1963 738 in
1991 708 2119 751 quibus

1135 746 1229 778 aliud
1250 758 1358 787 genus
1375 749 1556 782 doctrinae
1573 753 1900 790 comminiscuntur.

1237 798 1405 839 Magnum
1429 806 1479 832 est
1501 808 1615 833 autem
1640 799 1745 835 chaos
1777 805 2038 847 pontificiarum
2069 810 2119 841 le-

1133 856 1231 887 gum,
1258 848 1345 879 aliae
1363 849 1478 891 palam
1496 850 1619 884 iubent
1640 852 1732 885 idola
1752 855 1832 894 coli,
1858 863 1895 888 ut
1913 868 2001 900 quae
2019 870 2119 902 prae-

1133 897 1266 939 cipiunt
1293 900 1335 930 de
1357 899 1582 934 invocatione
1606 898 1792 936 hominum
1818 913 2057 946 mortuorum,
2086 916 2118 943 et

1133 953 1343 987 statuarum,
1371 955 1404 981 et
1430 950 1472 981 ‹le
1496 948 1756 996 ἀρτολατρεία,
1785 955 1873 988 aliae
1900 959 2118 1002 praecipiunt

1132 1009 1256 1036 onera,
1297 1011 1385 1042 quae
1407 999 1481 1032 sine
1507 1008 1646 1044 peccato
1671 1005 1835 1038 sustineri
1860 1018 1932 1038 non
1960 1017 2118 1051 possunt,

1131 1053 1169 1079 ut
1194 1048 1248 1080 lex
1274 1049 1316 1080 de
1339 1050 1532 1090 coelibatu,
1567 1052 1655 1084 aliae
1679 1061 1716 1086 ut
1742 1055 1784 1087 de
1813 1054 1915 1095 cibis,
1951 1058 2117 1092 videntur

1133 1098 1229 1142 loqui
1264 1099 1306 1130 de
1336 1100 1440 1132 rebus
1465 1112 1613 1144 quarum
1638 1115 1720 1136 usus
1745 1116 1807 1138 suo
1831 1117 1956 1148 genere
1981 1109 2117 1142 medius

1132 1155 1198 1185 cst,
1227 1150 1283 1180 sed
1306 1156 1422 1182 tamen
1441 1148 1495 1183 his
1510 1152 1636 1185 ritibus
1654 1154 1757 1187 etiam
1776 1167 1911 1189 errores
1934 1158 2036 1192 multi
2054 1161 2116 1192 ad-

1132 1206 1229 1232 mixti
1253 1206 1346 1232 sunt.

1232 1248 1458 1292 Perspicuum
1490 1258 1539 1284 est
1569 1260 1705 1293 autem,
1740 1255 1811 1289 illis
1837 1257 1990 1299 legibus,
2027 1272 2114 1304 quae

1130 1299 1311 1331 manifesta
1335 1300 1430 1332 idola
1456 1302 1658 1343 stabiliunt,
1691 1317 1910 1350 nequaquam
1935 1310 2115 1352 obtempe-

1132 1349 1280 1378 randum
1306 1360 1388 1380 esse.
1462 1349 1558 1383 Idem
1594 1354 1636 1384 de
1666 1357 1820 1387 secundo
1845 1359 1955 1398 gradu
1980 1361 2114 1403 perspi-

1130 1409 1233 1429 cuum
1251 1404 1318 1436 est,
1346 1398 1403 1429 sed
1424 1398 1466 1430 de
1483 1400 1585 1432 tertio
1604 1404 1740 1446 quaerit
1755 1403 1893 1438 Gerson
1913 1406 2112 1449 ἐπιείκειας,

1130 1457 1192 1477 uec
1207 1452 1322 1478 tamen
1339 1448 1560 1481 conscientiis
1578 1453 1746 1487 medetur.
1782 1454 1961 1490 Lutherus
1976 1460 2115 1500 rectius,

1130 1495 1207 1538 qui,
1247 1503 1283 1528 ut
1315 1497 1515 1530 Alexander
1539 1498 1715 1533 Gordium
1744 1506 1896 1543 nodum,
1939 1519 2010 1540 uno
2042 1509 2114 1543 ictu

1130 1544 1247 1576 omnia
1269 1545 1405 1577 vincula
1422 1546 1562 1580 illarum
1585 1551 1815 1585 traditionum
1841 1555 2005 1595 dissecat,
2033 1571 2114 1592 cum

1129 1595 1229 1627 docet
1255 1595 1291 1626 in
1310 1593 1505 1638 Evangelio
1530 1594 1620 1632 hanc
1646 1600 1844 1636 libertatem
1867 1616 1884 1637 a
1900 1604 1975 1639 Deo
1998 1610 2113 1641 sanci-

1129 1651 1197 1676 tam
1222 1656 1313 1684 esse‚
1341 1657 1404 1678 nec
1428 1648 1555 1680 mutari
1583 1660 1682 1692 posse
1708 1652 1780 1686 ulla
1803 1651 1956 1688 humana
1980 1660 2113 1691 autori-

1129 1701 1206 1731 tate,
1234 1695 1414 1735 videlicet,
1439 1708 1483 1729 ne
1500 1699 1706 1733 traditiones
1726 1703 1817 1736 ullae
1834 1707 2034 1740 condantur
2053 1716 2113 1742 aut

1127 1745 1342 1789 recipiantur
1360 1758 1438 1778 cum
1456 1747 1626 1791 opinione
1643 1752 1756 1785 cultus
1774 1761 1833 1787 aut
1850 1757 2075 1792 necessitatis.

1228 1794 1304 1829 Hoc
1323 1796 1444 1829 divino
1467 1798 1588 1842 clypeo
1607 1802 1764 1835 munitus
1787 1816 1860 1837 non
1885 1808 2009 1841 metuit
2033 1821 2112 1842 car-

1126 1846 1324 1885 nificinam,
1352 1859 1456 1891 quarn
1482 1847 1669 1884 Pontifices
1692 1859 1724 1885 et
1750 1853 1921 1889 Monachi
1947 1860 2111 1892 atrociter

1125 1897 1352 1931 denunciant.

1227 1946 1294 1980 Sed
1316 1945 1372 1980 hic
1396 1949 1607 1984 vociferatur
1630 1951 1833 1994 Sadoletus‚
1868 1969 1946 1990 cum
1970 1959 2109 1994 fatearis

1126 1997 1354 2030 violationem
1398 1999 1512 2041 legum
1547 2002 1772 2044 politicarum
1806 2015 1985 2048 peccatum
2020 2022 2108 2046 exse,

1125 2059 1187 2080 cur
1205 2049 1247 2079 de
1267 2056 1443 2091 pastorum
1460 2052 1634 2085 mandatis
1654 2053 1756 2087 aliter
1781 2056 1913 2089 sentis?
1953 2057 2011 2091 An
2035 2072 2108 2093 non

1126 2099 1320 2131 reverentia
1352 2099 1500 2133 debetur
1522 2099 1697 2135 Ecclesiae
1728 2105 1842 2137 maior
1873 2107 1976 2140 etiam
2002 2122 2107 2153 quam

1125 2148 1307 2192 imperiis?
1332 2147 1530 2193 Responsio
1548 2151 1647 2185 firma
1665 2160 1729 2186 est:
1754 2154 1824 2188 Sua
1839 2157 1980 2202 utrique
1991 2160 2109 2202 digni-

1125 2205 1174 2232 tas
1197 2206 1246 2232 est
1272 2205 1306 2232 et
1327 2211 1389 2232 sua
1405 2201 1592 2242 autoritas,
1618 2204 1676 2235 sed
1694 2210 1805 2237 metae
1821 2217 1961 2251 quoque
1977 2220 2107 2252 coguo-

1124 2250 1270 2282 scendae
1281 2256 1373 2285 sunt.
1410 2249 1455 2283 Et
1469 2252 1659 2285 necessaria
1676 2254 1846 2296 sapientia
1861 2263 1922 2295 est,
1950 2257 1989 2292 in
2007 2266 2105 2293 utra-

1125 2312 1192 2344 que
1209 2312 1352 2333 ceruere
1366 2299 1430 2332 Dei
1447 2301 1613 2334 beneficia
1630 2309 1662 2335 et
1681 2304 1896 2339 voluntatem
1914 2306 1992 2342 Dei.
2048 2310 2106 2344 Sic

1124 2350 1238 2383 munit
1260 2351 1420 2383 ordinem
1441 2351 1621 2393 politicum
1640 2352 1753 2394 Deus,
1779 2361 1817 2388 ut
1842 2357 2000 2393 adfirmet
2025 2372 2106 2404 pec·-

1124 2407 1237 2434 catum
1270 2412 1341 2433 esse
1371 2400 1595 2433 violationem
1621 2402 1735 2445 legum
1759 2405 1993 2448 politicarum.
2066 2410 2104 2443 ln

1122 2449 1278 2484 Ecclesia
1312 2463 1394 2483 vero
1426 2451 1536 2484 sancit
1568 2449 1657 2485 hanc
1685 2453 1901 2497 libertatem,
1940 2470 1984 2492 ne
2011 2461 2104 2493 ullae

1122 2501 1328 2534 traditiones
1352 2501 1548 2533 condantur
1578 2509 1638 2535 aut
1670 2504 1885 2548 recipiantur
1917 2520 1996 2542 cum
2027 2512 2105 2554 opi—

1123 2552 1230 2584 nione
1252 2551 1364 2584 cultus
1389 2556 1447 2583 aut
1473 2552 1702 2593 necessitatis,
1743 2556 1824 2599 quia
1853 2558 1929 2593 vult
1958 2561 2037 2593 sciri
2068 2561 2102 2593 in

1123 2600 1314 2643 Evangelio
1339 2600 1510 2634 iusticiam
1533 2603 1686 2643 adferri,
1728 2616 1801 2638 non
1829 2607 2008 2643 simulatas
2033 2618 2102 2643 tra—

1122 2652 1261 2696 goedias
1277 2657 1453 2694 gestuum,
1478 2663 1549 2684 non
1567 2653 1890 2701 ἕθελοθρησκείας,
1917 2660 1975 2692 scd
1992 2667 2103 2694 aeter-

1509 2702 1579 2737 10*
