2324 2955
67 132 116 168 45

69 219 357 262 gubernatorem,
394 217 552 250 adfirmat
578 216 670 250 filius
695 216 781 257 Dei,
817 228 895 250 cum
922 215 985 248 ait:
1015 214 1052 248 Si

69 269 146 314 quis
165 269 281 311 diligit
296 280 351 300 me
363 295 370 308 ‚
398 278 594 300 sermonem
612 280 728 300 meum
745 268 916 307 servabit,
943 272 975 299 et
992 277 1052 309 pa-

68 327 121 353 ter
145 331 241 352 meus
266 319 387 361 diliget
414 330 510 358 eum,
547 324 579 350 et
603 319 645 350 ad
682 331 762 352 eum
787 318 985 357 veniemus,
1021 323 1053 349 et

69 370 285 404 mansionem
302 369 394 411 apud
413 380 491 401 eum
507 368 685 403 faciemus.

166 420 395 453 Manifestum
414 426 463 452 est
478 426 511 452 et
530 420 707 452 mundicie
727 417 816 452 hanc
835 426 972 461 gentem
992 430 1055 451 an-

67 471 227 505 tecellere
248 470 326 503 aliis
351 468 558 507 Germanis,
587 482 674 514 quae
691 476 723 502 et
741 469 813 512 ipsa
835 482 894 512 per
916 481 986 502 sese
1005 475 1055 501 est

68 521 198 560 virtus,
236 520 348 565 posita
372 520 408 552 in
433 521 568 554 delectu
596 532 712 552 rerum
749 527 893 553 naturae
927 531 1054 553 conve-

67 572 260 612 nientium,
289 579 321 605 et
345 571 480 604 ordinis
503 571 785 609 conservatione,
812 578 843 604 et
864 571 979 604 nutrix
1007 576 1056 602 est

67 623 258 656 multarum
282 622 430 655 aliarum
464 622 654 661 virtutum,
693 622 890 655 sedulitatis
917 628 951 654 et
981 621 1055 653 fru-

67 673 228 716 galitatis.
282 671 420 705 Excitat
442 672 534 703 enim
554 684 671 704 curam
694 683 747 704 res
763 679 908 705 naturae
928 683 1056 704 conve-

67 724 204 757 nientes
215 722 365 765 eligendi
382 728 414 754 et
430 723 570 763 tuendi,
594 729 626 755 et
643 724 783 765 praebet
802 723 957 756 assiduas
972 734 1056 765 ope-

68 786 124 807 ras
142 786 220 807 cum
237 781 410 806 ornantur
425 773 566 813 domus,
595 773 690 812 lecti,
717 781 844 811 vestes,
873 773 1055 816 etreliqua

67 825 259 869 suppellex.
319 822 447 866 Ingens
470 836 551 856 vero
578 825 683 856 decus
711 824 748 856 in
775 823 838 857 hac
865 823 1056 857 domestica

68 874 323 909 consuetudine
355 881 422 915 est,
463 882 704 907 matronarum
741 875 930 913 modestia,
968 886 1057 919 quae

66 925 308 960 oeconomiam
327 926 511 969 praecipue
523 926 732 968 gubernant,
759 932 791 958 et
807 938 926 959 earum
942 937 1057 958 exem-

68 977 125 1021 pla
143 977 234 1009 filiae
253 976 445 1015 intuentes,
474 982 504 1008 et
522 977 563 1007 ad
584 976 799 1018 agnitionem
822 976 907 1016 Dei,
932 977 973 1008 ad
994 977 1057 1009 bo-

67 1039 133 1060 nos
166 1038 281 1060 mores
322 1033 355 1059 et
388 1028 430 1059 ad
477 1026 658 1059 scientiam
694 1026 956 1059 oeconomicam
992 1027 1055 1057 ad-

68 1078 228 1112 suefiunt.

170 1127 318 1171 Signum
333 1135 365 1162 et
379 1125 446 1161 hoc
463 1135 513 1162 est
531 1128 566 1160 in
584 1125 648 1161 hac
664 1128 827 1168 natione,
855 1135 888 1161 et
906 1128 1058 1171 diligen—

68 1179 138 1213 tiae
154 1178 192 1211 in
213 1179 344 1212 tuenda
370 1179 440 1212 vita
465 1179 615 1220 civium,
643 1186 675 1212 et
693 1179 822 1212 amoris
846 1191 925 1222 erga
947 1177 1058 1211 hone-

69 1237 138 1264 stas
172 1236 282 1268 artes,
317 1231 410 1275 quod
444 1230 480 1262 in
513 1230 660 1272 singulis
686 1231 835 1263 urbibus
863 1230 1058 1262 maioribus

69 1280 210 1324 publica
235 1281 410 1324 stipendia
436 1278 594 1325 Physicis
622 1280 771 1313 Medicis
797 1282 942 1320 dantur,
971 1293 1058 1325 quo-

70 1342 149 1362 rum
163 1331 335 1363 excellens
351 1337 400 1361 est
418 1329 568 1361 eruditio
589 1330 622 1361 in
643 1330 776 1362 Graeca
795 1338 827 1363 et
847 1331 969 1364 Latina
991 1332 1059 1362 lin-

71 1391 155 1422 gua,
188 1385 222 1412 et
244 1385 315 1412 tota
341 1376 590 1431 Philosoplffi,
626 1387 665 1413 ut
691 1393 744 1413 res
771 1382 942 1420 ostendit,
979 1381 1059 1425 quia

69 1429 173 1462 multi
195 1429 320 1459 aeditis
343 1425 583 1458 monumentis
604 1427 718 1459 studia
743 1428 985 1459 doctrinarum
1006 1429 1060 1459 iu-

69 1483 171 1518 vant,
208 1483 240 1510 et
265 1476 413 1520 patriam
440 1483 581 1509 ornant.
643 1475 825 1509 Notissimi
854 1484 935 1510 sunt
964 1477 1057 1509 enim

69 1528 152 1561 libri
170 1524 530 1570 GeorgiiAgricolae‚
558 1533 590 1559 et
607 1525 682 1559 Iani
699 1525 862 1560 Cot-narii
881 1528 984 1561 etiam
1003 1540 1059 1560 ex-

69 1579 151 1614 teris
166 1577 382 1611 nationibus.

171 1627 268 1662 Haec
290 1629 334 1662 de
357 1628 469 1672 patria
488 1635 600 1662 vestra
618 1627 810 1662 Auditores
827 1630 922 1662 bono
940 1629 1058 1663 studio

69 1680 162 1718 dixi,
189 1691 262 1712 non
288 1679 402 1713 solum
426 1685 465 1712 ut
482 1691 538 1712 me
556 1677 729 1724 hospitem
757 1687 895 1723 gratum
913 1692 984 1713 esse
1005 1681 1060 1713 in-

70 1730 251 1773 telligatis,
285 1731 346 1764 sed
370 1730 482 1764 multo
509 1730 618 1773 magis
651 1738 690 1765 ut
717 1742 778 1763 vos
803 1729 988 1772 adhorter,
1022 1738 1059 1764 ut

70 1781 331 1816 considerantes
348 1788 555 1815 ornamenta
571 1781 721 1825 patriae,
748 1780 861 1815 Deum
879 1782 1060 1816 ardentio-

69 1833 169 1867 ribus
186 1833 276 1866 votis
293 1832 418 1873 oretis,
442 1838 483 1866 ut
500 1844 538 1865 ea
557 1840 748 1868 conservet.
790 1832 882 1866 Vera
900 1841 950 1868 est
965 1833 1060 1866 enim

70 1896 155 1917 vox:
183 1881 259 1917 Nisi
281 1881 458 1916 Dominus
484 1883 689 1917 custodierit
708 1884 905 1925 civitatem,
932 1885 1060 1917 frustra

69 1934 190 1977 vigilat
215 1934 276 1979 qui
302 1934 456 1968 custodit
477 1946 564 1970 eam.
622 1934 761 1968 Deinde
786 1941 823 1968 ut
851 1934 980 1978 singuli
998 1947 1060 1968 suo

69 1986 147 2020 loco
172 1992 318 2030 pareant
342 1985 476 2030 patriae
501 1992 668 2030 tanquam
697 1986 919 2020 dulcissimae
947 1986 1062 2026 matri,

56 2048 89 2082 „a
105 2048 172 2082 qua
189 2036 339 2077 victum,
364 2036 474 2080 leges,
501 2036 727 2080 disciplinae,
754 2037 955 2080 religionis,
984 2037 1062 2071 lite-

72 2098 190 2121 rarum
212 2093 246 2120 et
270 2086 399 2120 artium
427 2087 645 2121 intellectum
674 2095 904 2132 acceperunt,
939 2094 973 2121 et
996 2086 1062 2121 hoc

69 2139 210 2172 foedere
234 2137 380 2181 obligati
404 2144 487 2171 sunt
509 2138 557 2178 ei,
587 2145 625 2172 ut
647 2140 766 2172 eadem
793 2140 886 2172 bona
912 2140 1060 2182 posteris

70 2190 221 2224 tradant.
284 2186 438 2222 Accedat
461 2195 494 2222 et
517 2189 698 2232 diligentia
724 2190 760 2223 in
779 2191 946 2224 cavendis
962 2202 1061 2223 occa-

71 2239 231 2274 sionibus
257 2240 516 2273 dissensionum
536 2248 568 2274 et
586 2240 743 2274 civilium
766 2248 939 2275 motuum.
993 2241 1061 2274 Ne-

70 2304 126 2325 mo
152 2292 271 2325 turbet
296 2291 427 2334 patriae
445 2291 735 2336 tranquillitatem
759 2293 906 2337 privatis
924 2292 1061 2336 cupidi-

70 2343 218 2381 tatibus,
254 2342 469 2381 ambitione,
510 2343 621 2382 odiis‚
655 2344 873 2384 curiositate,
909 2356 953 2376 ne
991 2350 1061 2377 tam

71 2393 191 2427 multis
208 2392 274 2426 Dei
291 2393 394 2427 donis
410 2401 533 2427 ornata
549 2394 645 2437 regio
667 2395 721 2427 fiat
745 2397 879 2438 ,uvou‘iv
898 2393 993 2435 λεία,
1023 2402 1062 2428 ut

70 2445 154 2478 olim
173 2444 366 2480 dicebatur.
407 2444 526 2487 Quare
541 2452 573 2478 et
586 2446 650 2489 piis
661 2446 924 2490 precibusapud
937 2445 1063 2485 Deum,

71 2503 104 2530 et
121 2496 288 2528 omnibus
304 2493 461 2529 honestis
478 2496 602 2529 officiis
619 2497 738 2529 iuvare
757 2498 904 2540 patriam
921 2499 1063 2531 studea-

71 2547 135 2586 tis,
171 2554 203 2580 et
228 2546 470 2592 unusquisque
496 2547 556 2580 tali
583 2548 627 2581 sit
651 2548 770 2580 animo
799 2560 876 2590 erga
902 2561 997 2586 eam,
1024 2555 1063 2581 ut

72 2609 152 2631 vere
170 2599 213 2630 de
239 2609 274 2630 se
298 2598 498 2641 praedicare
517 2599 627 2642 possit
648 2599 740 2632 idem
761 2600 853 2644 quod
871 2596 1061 2633 Erechthei

72 2649 225 2683 coniunx
253 2649 387 2693 inquit,
415 2661 493 2681 cum
513 2650 646 2691 patitur
669 2651 775 2683 filiam
795 2650 866 2682 lieri
885 2651 1061 2683 victimam
1087 2685 1090 2695 Ι

72 2712 135 2745 pro
153 2700 304 2733 civitatis
322 2698 459 2734 Atticae
475 2701 603 2741 salute,
632 2708 669 2735 ut
688 2709 774 2736 tunc
794 2702 998 2746 putabatur:

812 129 966 165 DECL.
1015 127 1090 164 DE
1124 127 1367 163 OlttONE.
2044 121 2092 155 46

1233 206 1275 246 ὦς
1297 212 1406 249 πατρὶς
1429 210 1493 241 εἴθε
1515 208 1626 244 πάντες
1647 207 1673 238 οἱ
1696 209 1813 237 ναίουσι
1837 216 1871 236 σε

1234 253 1314 283 οὕτω
1335 257 1449 292 φιλοῖεν
1470 251 1511 288 ὡς
1531 251 1607 291 ἐγὼ,
1638 250 1691 280 καί
1709 262 1739 290 γε
1765 249 1878 289 ῥαδίως

1230 295 1361 332 οἷ’κοιμεν
1383 294 1420 324 ἄν
1447 306 1494 331 σε,
1520 294 1550 324 κ’
1573 293 1660 324 οὖὸἑν
1682 292 1718 322 ἄν
1739 291 1867 331 πάσχοις
1887 290 1994 321 κακὸν.

1207 338 1284 373 Oro
1308 346 1424 372 autem
1454 340 1565 371 filium
1592 338 1676 378 Dei,
1710 336 1905 370 Dominum
1930 340 2091 367 nostrum

1107 390 1220 424 Iesum
1231 388 1423 430 Christum,
1440 390 1643 422 crucifixum
1657 400 1718 432 pro
1737 388 1840 421 nohis
1858 394 1889 420 et
1910 385 2093 418 resuscita-

1106 450 1200 482 tum,
1235 442 1412 474 custodem
1436 438 1612 473 Ecclesiae
1643 450 1743 478 suae,
1777 446 1809 471 et
1835 445 1874 471 ut
1900 447 2034 479 semper
2054 434 2092 468 in

1107 491 1171 525 bac
1197 493 1338 535 regione
1356 491 1421 524 sibi
1441 491 1581 533 colligat
1598 496 1775 522 aeternam
1792 487 2001 526 Ecclesiam,
2031 496 2094 518 nec

1107 544 1263 586 extingui
1288 544 1325 575 in
1343 554 1379 574 ea
1407 543 1519 575 lucem
1540 539 1724 582 Evangelii
1744 545 1775 571 et
1792 537 2020 571 honestarum
2037 548 2095 569 ar-

1108 596 1214 634 tium,
1245 607 1308 626 nec
1334 593 1442 625 deleri
1468 591 1692 635 disciplinam
1724 589 1834 628 sinat,
1871 595 1902 620 et
1924 595 1961 620 ut
1988 586 2095 620 totius

1108 645 1259 689 regionis
1276 644 1475 687 Principes,
1502 643 1753 685 gubernatores
1765 664 1773 677 ,
1800 639 1970 682 populum
1988 645 2020 670 et
2036 649 2098 670 ur-

1108 698 1187 737 bes,
1215 703 1245 728 et
1260 703 1393 728 caetera
1413 692 1564 737 hospitia
1580 692 1769 724 clementer
1785 690 1954 733 gubernet
1971 694 2002 720 et
2014 699 2096 731 pro-

1108 755 1208 790 tegat.
1259 746 1353 781 Dixi.

1922 958 1968 977 an.
1998 946 2088 975 1553.

1923 990 2092 1003 Μ

1119 950 1186 984 ΝΟ.
1207 949 1289 984 137.

1115 997 1286 1011 κ-ο-Λκ

1458 1047 1532 1086 De
1567 1044 1748 1086 Orione.

1179 1129 1207 1153 {n
1223 1127 1313 1152 select.
1328 1126 1451 1151 Declam.
1467 1125 1499 1151 T.
1515 1125 1560 1154 lv,
1582 1133 1607 1157 ι».
1621 1124 1681 1150 351.
1718 1123 1835 1149 Servest.
1850 1122 1894 1147 lV.
1913 1132 1937 1156 p.
1955 1121 2013 1147 319.
2052 1120 2102 1145 Ri-

1214 1163 1304 1188 chaid.
1321 1161 1339 1187 l.
1360 1172 1385 1195 p.
1400 1162 1458 1186 411.

1111 1252 1239 1283 Oratio
1267 1249 1312 1282 tle
1341 1250 1493 1291 Orione,
1523 1249 1718 1282 continens
1744 1243 2102 1279 commendationem

1109 1301 1321 1334 studiorum
1330 1301 1602 1340 Aeli-(momine,
1628 1303 1665 1332 et
1682 1295 1947 1342 refutationem
1960 1305 2103 1336 eorum,

1112 1355 1175 1396 qui
1195 1356 1229 1385 et
1249 1354 1489 1385 insectantur
1515 1361 1562 1382 oc
1578 1352 1819 1392 vituperant,
1847 1352 1883 1380 et
1904 1347 2104 1379 calumniis

1112 1404 1263 1433 iniustis
1291 1404 1539 1443 pimeni-avant
1570 1398 1665 1432 haec
1695 1398 1843 1441 studim
1883 1400 2045 1431 recitata
2079 1407 2101 1428 (ι

1316 1448 1560 1483 Matthaeo
1580 1448 1900 1494 Bloclzinyero.

1114 1519 1195 1557 Etsi
1223 1523 1333 1554 multa
1358 1529 1439 1555 sunt
1462 1522 1663 1555 testimonia
1692 1522 1840 1561 tradita,
1878 1533 1967 1565 quae
1984 1529 2102 1554 osten-

1112 1576 1203 1606 dunt
1225 1572 1417 1606 Ecclesiam
1449 1573 1586 1615 colligi,
1619 1572 1770 1612 servari,
1806 1572 1940 1615 protegi
1974 1584 1991 1604 a
2033 1572 2104 1604 tilio

1112 1624 1198 1664 Dei,
1234 1624 1338 1657 etiam
1367 1636 1446 1656 cum
1478 1624 1576 1656 nulla
1604 1620 1759 1656 humana
1788 1621 1968 1668 praesidia:
1988 1620 2106 1662 habet,

1111 1683 1228 1709 tamen
1257 1675 1406 1707 maxime
1436 1675 1572 1708 illustre
1605 1674 1803 1717 exemplum
1830 1681 1880 1707 est
1906 1674 2104 1717 praesentia

1113 1727 1175 1759 filii
1206 1726 1271 1759 Dei
1311 1726 1348 1758 in
1377 1726 1527 1759 flammis
1568 1725 1720 1758 fornacis
1751 1723 2009 1770 Bubylonicae,
2042 1725 2104 1757 ubi

1112 1790 1170 1811 rex
1189 1777 1351 1810 adfirmat
1369 1788 1404 1809 se
1427 1777 1546 1810 videre
1576 1783 1712 1821 praeter
1729 1783 1796 1809 tres
1814 1776 1909 1809 viros
1934 1776 2103 1818 inignem

1112 1829 1299 1866 coniectos,
1321 1836 1486 1872 quartum
1505 1828 1617 1872 specie
1635 1827 1745 1869 magis
1762 1827 1979 1866 veneranda,
2000 1838 2104 1871 quem

1113 1880 1255 1925 quidem
1275 1885 1309 1911 et
1325 1880 1486 1913 nominat
1505 1880 1615 1912 filium
1636 1879 1714 1913 Dei.
1768 1878 1815 1912 [Et
1836 1884 1951 1911 autem
1970 1885 2052 1911 tunc
2070 1878 2105 1910 in

1114 1931 1278 1964 incendio
1299 1937 1367 1962 tres
1392 1931 1472 1963 illos
1498 1930 1670 1969 servavit,
1697 1929 1746 1961 sic
1762 1929 1962 1962 universam
1982 1927 2105 1961 Eccle-

1112 1982 1220 2021 siam,
1255 1981 1359 2014 etiam
1392 1993 1470 2013 cum
1501 1981 1656 2024 pericula
1688 1992 1761 2011 non
1797 1991 1919 2011 omnes
1944 1986 2105 2017 cernunt,

1114 2044 1250 2076 semper
1288 2031 1447 2065 defendit
1484 2038 1606 2065 contra
1644 2036 1837 2073 grassantes
1875 2030 2036 2062 diabolos
2073 2037 2106 2062 et

1112 2096 1234 2117 eorum
1253 2094 1395 2125 organa.
1432 2080 1483 2115 Ac
1501 2094 1565 2115 nos
1582 2082 1724 2128 quidem
1742 2080 1925 2113 manifesta
1944 2081 2103 2124 exempla

1112 2135 1174 2168 diu
1193 2135 1261 2167 iam
1281 2134 1451 2168 videmus.

1215 2185 1372 2218 Primum
1401 2184 1507 2226 igitur
1529 2195 1592 2226 ago
1617 2183 1744 2226 gratias
1773 2183 1844 2215 filio
1864 2181 1929 2215 Dei
1948 2181 2104 2215 Domino

1113 2243 1233 2270 nostro
1255 2236 1329 2269 lesu
1350 2234 1512 2275 Christo,
1539 2235 1597 2279 qui
1622 2236 1656 2267 in
1678 2232 1731 2266 his
1750 2234 2019 2267 confusionibus
2038 2234 2105 2265 im-

1114 2288 1291 2332 periorum
1318 2288 1352 2320 in
1379 2285 1442 2320 hac
1462 2286 1603 2327 regione.
1627 2285 1819 2318 Ecclesiam
1838 2285 1990 2326 colligit,
2019 2285 2105 2318 etin

1114 2352 1150 2372 ea
1170 2351 1235 2372 nos
1253 2350 1394 2384 quoque,
1412 2339 1446 2370 in
1461 2338 1565 2369 variis
1583 2337 1763 2369 aertnnnis
1782 2336 1883 2379 tegit,
1912 2348 1974 2368 nec
1992 2336 2104 2369 lucem

1113 2391 1296 2424 doctrinae
1315 2388 1468 2431 extingui
1487 2388 1590 2428 sinit,
1618 2399 1767 2432 eumque
1786 2388 1992 2420 ardentibus
2016 2388 2105 2420 votis

1113 2454 1196 2482 oro,
1224 2449 1262 2475 ut
1277 2453 1414 2484 semper
1432 2440 1523 2472 inter
1543 2451 1606 2472 nos
1624 2438 1827 2472 docentium
1845 2445 1877 2471 et
1893 2438 2104 2471 discentium

1113 2494 1252 2535 agmina
1271 2500 1378 2525 servet
1398 2498 1427 2524 et
1444 2491 1633 2532 gubernet,
1658 2497 1695 2523 nt
1713 2490 1785 2533 ipse
1801 2502 1881 2522 vere
1899 2489 2105 2524 celebretur.

1116 2544 1287 2577 Videmus
1312 2544 1345 2575 in
1376 2541 1430 2574 bis
1455 2542 1568 2574 ruinis
1593 2542 1820 2584 imperiorum
1848 2541 1983 2573 duriter
2001 2552 2105 2584 quas-

1114 2596 1180 2629 sari
1208 2594 1400 2632 Ecclesias,
1434 2600 1466 2626 et
1490 2594 1616 2637 passini
1642 2593 1755 2625 efferri
1780 2589 1952 2625 homines.
2014 2591 2107 2623 llaec

1115 2648 1254 2692 publica
1273 2645 1360 2678 mala
1380 2645 1643 2677 consideremus
1657 2672 1664 2682 ,
1689 2651 1724 2676 ut
1744 2650 1773 2675 et
1793 2643 1974 2675 doetrinae
1991 2642 2105 2674 studia

1115 2698 1246 2731 maiore
1263 2709 1343 2730 cura
1362 2703 1537 2735 tueamur,
1566 2703 1595 2729 et
1617 2695 1768 2739 precatio
1787 2694 1829 2726 sit
1846 2693 2036 2725 ardentior.
