2324 2955
80 109 154 147 649

80 194 205 234 verbo,
231 203 305 226 non
322 191 437 225 solum
453 187 756 234 inseparabiliter,
791 190 854 224 sed
879 189 928 223 ita
953 188 1072 229 etiam,

81 251 121 280 ut
140 243 210 278 nisi
233 243 282 277 sic
306 248 580 282 sustentaretur,
621 240 682 274 illa
705 251 817 275 massa
845 251 988 286 prorsus
1014 239 1071 272 iu-

83 295 215 330 teriret.

184 344 246 380 24.
287 342 366 378 Etsi
391 343 588 388 exemplum
614 355 759 386 prorsus
783 343 899 376 simile
930 341 1071 376 nullum

84 403 146 438 est,
172 403 288 431 tamen
303 401 455 428 vetustas
470 405 531 427 usa
547 401 598 427 est
613 392 678 427 bac
693 395 946 428 similitudine:
975 392 1073 427 Sicut

84 445 192 482 homo
207 453 257 480 est
274 457 385 478 unum
404 441 678 491 ὑφιστάιιενον,
712 443 847 478 hahens
865 445 1021 478 animam
1040 449 1074 476 et

85 508 228 542 corpus,
262 496 310 530 ita
333 492 441 544 λόγος
465 503 498 530 et
524 502 701 540 assumpta
720 502 846 529 natura
863 502 945 529 sunt
961 505 1072 528 unum

85 543 362 594 ὑφιστάιιενον,
390 559 468 580 cum
489 552 642 589 gestetur
659 544 813 579 humana
830 553 956 580 natura
979 557 998 578 a
1018 544 1073 577 di-

84 599 179 631 vina.
231 596 306 631 Hac
325 597 558 632 similitudine
574 596 628 630 usi
648 603 729 630 sunt
746 594 976 636 Athanasius,
1003 594 1074 640 Cy—

85 649 188 682 rillus
205 655 237 682 et
256 647 429 687 lustinus,
456 648 517 692 qui
537 654 653 680 tamen
677 648 776 681 addit
800 647 1072 681 correctionem:

89 697 193 738 Τίνες
219 695 288 744 μὲν
317 696 386 742 τὴν
418 696 570 738 ἕνωσιν,
616 695 665 736 ὠς
695 707 725 743 ij
729 700 817 743 υχῆς
847 695 937 743 πρὸς
966 697 1074 740 σῶιια

84 746 284 795 ιοήσαντες
305 747 422 787 οὕτως
446 745 714 789 ἐκδεδωκασιν,
743 747 804 782 καὶ
828 743 1009 794 αρυόδιόν
1033 758 1075 793 γε

85 799 128 836 τὸ
143 796 399 847 παράδειγιια,
429 799 458 834 εἰ
473 797 536 834 καὶ
550 797 602 845 μὴ
618 797 715 834 κατὰ
740 796 863 834 πάντα
874 825 887 842 ,
921 795 1017 833 κατὰ
1039 794 1075 830 τί

85 853 193 899 γοῦν.

187 898 249 935 25.
282 898 503 935 Damnamus
523 908 557 935 et
575 898 781 946 Eutychen,
814 899 876 945 qui
897 898 1076 933 confusio-

87 963 168 986 nem
192 958 356 986 naturam
378 951 498 993 finxit,
540 951 630 985 dixit
650 951 872 985 divinitatem
899 956 1075 983 mortuam

87 1014 172 1038 esse·

189 1053 252 1087 26.
287 1050 439 1086 Canitur
456 1062 553 1086 nunc
577 1063 719 1097 quoque
743 1051 781 1085 in
801 1049 938 1084 Graeca
955 1048 1076 1082 Litur-

88 1104 144 1148 gia
158 1103 315 1148 precatio
332 1102 492 1147 opposita
507 1101 748 1143 Samosateno,
773 1099 875 1139 Ario,
901 1100 1077 1137 Nestorio‚

89 1161 125 1189 et
139 1151 314 1200 Eutychi,
338 1151 395 1186 his
411 1152 547 1186 verbis·
575 1149 800 1211 λ’1ονογενης
829 1149 909 1189 υἱὸς
929 1162 991 1184 και
1016 1146 1077 1183 λό-

89 1217 155 1265 γος
169 1206 237 1240 τοῦ
252 1203 366 1244 θεοῦ,
395 1199 588 1241 ἀθάνατος
604 1199 805 1249 ὑπάρχων,
833 1199 896 1236 καὶ
917 1198 1076 1235 καταδε-

90 1252 246 1301 ξάμενος
266 1252 329 1289 διὰ
349 1250 417 1298 τὴν
438 1250 620 1299 ἡιιετέραν
638 1250 826 1298 σωτηρίαν
844 1251 1038 1297 σαρκοθῆι
1042 1262 1078 1284 αι

92 1306 131 1340 ἐκ
148 1318 212 1350 της
227 1302 360 1352 ἆγνίας
376 1300 557 1338 θεοτόκον
573 1316 635 1337 και
650 1302 705 1337 ἀει
721 1301 915 1347 παρθενου
929 1313 1078 1347 μαριυς,

92 1354 280 1401 ἀτρέπτως
301 1350 597 1413 ἐνανθρωπήσας
620 1351 853 1399 σταυρωθεις
878 1365 916 1386 τε
931 1349 1080 1411 χριστὸς

94 1404 113 1442 ὅ
131 1403 236 1446 θεὸς,
263 1401 423 1450 &araim
444 1400 617 1438 θάνατον
642 1400 827 1448 πατήσας,
854 1398 1078 1443 συιδοξαζό-

93 1468 204 1501 μενος
217 1457 295 1488 τῶ
286 1452 397 1500 πατρὶ
414 1452 476 1488 καὶ
493 1452 590 1501 ἁγίω
605 1451 805 1498 auduom,
832 1455 955 1487 σῶσον
970 1451 1079 1497 ἡμᾶς.

93 1506 183 1541 Eam
210 1504 452 1550 precationem
476 1510 568 1537 recte
596 1504 809 1538 intellectam
845 1510 879 1536 et
905 1514 970 1536 nos
997 1514 1080 1546 pro-

93 1558 232 1591 bamus.

195 1607 255 1641 27.
283 1604 437 1650 Spiritus
453 1611 604 1644 sanctus,
633 1605 675 1637 de
691 1616 761 1650 quo
779 1603 924 1638 dicitur:
951 1600 1080 1636 Effun—

96 1659 177 1692 dam
208 1657 251 1689 de
277 1655 413 1699 Spiritu
443 1667 520 1688 meo
551 1667 656 1699 super
685 1666 827 1688 omnem
852 1665 992 1688 carnem
1018 1659 1081 1688 etc,

97 1707 206 1747 ltem,
232 1704 311 1741 Act.
327 1706 376 1741 2.:
409 1703 559 1738 Dextera
577 1705 643 1738 Dei
658 1706 846 1744 exaltatus,
875 1704 1081 1749 promissio-

99 1770 179 1791 nem
190 1756 342 1800 Spiritus
361 1755 471 1788 sancti
491 1755 664 1798 accipiens
680 1767 698 1788 a
718 1762 835 1798 patre,
863 1755 988 1788 effudit
1005 1762 1082 1794 etc„

100 1820 174 1842 non
195 1813 246 1841 est
263 1812 378 1839 motus
397 1813 550 1846 creatus,
578 1806 637 1838 sed
657 1812 707 1839 est
724 1802 982 1852 ὑφιστάμενον
999 1817 1081 1849 pro-

99 1859 225 1894 cedens
242 1869 261 1891 a
277 1863 373 1900 patre
389 1863 422 1890 et
439 1856 531 1897 filio,
558 1852 762 1899 ὃμοούσιαν
777 1857 867 1900 patri
885 1863 919 1890 et
936 1856 1021 1891 filio.

201 1908 261 1943 28.
295 1907 395 1941 llanc
417 1906 672 1940 consessionem
698 1906 911 1950 opponimus
935 1919 1007 1939 non
1027 1917 1084 1939 so-

100 1962 173 1995 lum
191 1957 378 1993 Serveticis
396 1965 427 1991 et
447 1957 636 2000 Stancaro,
663 1957 724 2002 qui
741 1957 845 1990 falsas
870 1964 902 1990 et
926 1957 1084 1990 virulen-

101 2019 153 2046 tas
179 2009 372 2043 calumnias
404 2009 447 2041 de
479 2008 609 2042 nostris
633 2005 798 2042 Ecclesiis
834 2007 983 2052 spargit,
1026 2008 1084 2040 sed

100 2061 206 2096 etiam
223 2059 306 2104 ipsis
322 2058 501 2100 Diabolis,
528 2065 566 2092 ut
585 2058 793 2092 asseveratio
810 2065 929 2092 nostra
953 2059 995 2090 ad
1021 2069 1085 2101 po-

100 2111 292 2147 steritatem
317 2110 499 2150 ostendat,
534 2120 600 2142 nos
631 2115 831 2143 constanter
860 2109 1023 2153 amplecti
1054 2115 1086 2142 et

100 2162 256 2197 retinere
293 2160 493 2206 symbolum
525 2158 788 2204 Apostolicum‚
838 2159 1012 2193 Nicenum
1055 2166 1086 2193 et

103 2210 397 2252 Athanasianum.

202 2261 264 2296 29.
299 2261 381 2296 Non
398 2272 500 2302 casu,
527 2272 589 2293 nec
607 2266 744 2294 tantum
769 2261 811 2294 ad
838 2261 996 2304 ingentes
1019 2260 1086 2292 mi-

105 2313 210 2346 serias
227 2311 333 2346 huius
355 2323 585 2346 aerumnosae
607 2311 698 2345 vitae
723 2311 915 2353 nascimur,
941 2311 999 2344 scd
1020 2310 1088 2344 im-

107 2374 226 2396 mensa
252 2363 406 2396 bonitate
424 2361 518 2396 Deus
539 2368 684 2406 propter
707 2362 838 2406 silium,
865 2369 899 2396 et
921 2374 982 2407 per
1008 2372 1087 2394 eum

107 2413 242 2456 colligit.
272 2420 447 2447 aeternam
478 2411 690 2453 Ecclesiam,
729 2413 821 2446 edita
854 2413 1088 2457 promissione

107 2464 257 2507 gratiae,
299 2475 403 2508 quam
434 2464 589 2507 ignotam
613 2464 779 2498 omnibus
803 2464 970 2498 creaturis
997 2463 1089 2495 silius

107 2515 255 2559 protulit
270 2525 309 2546 ex
327 2514 406 2548 sinu
426 2515 558 2548 aeterni
575 2515 694 2559 patris,

211 2565 270 2598 50.
310 2563 406 2597 Idem
431 2564 521 2598 fitius
542 2564 611 2599 Dei
637 2564 813 2599 Dominus
846 2571 965 2598 noster
994 2563 1089 2598 lesus

108 2613 269 2650 Christus
287 2615 432 2650 mittens
450 2613 657 2659 Apostolos,
684 2616 782 2650 iubet
799 2627 857 2649 eos
877 2616 913 2648 in
938 2627 1000 2648 suo
1025 2627 1089 2648 no-

108 2667 202 2700 mine
218 2666 417 2711 praedicare
435 2666 686 2711 poenitentiam
703 2673 736 2703 et
753 2666 994 2702 remissionem
1009 2677 1089 2711 pec-

712 101 975 138 PHILIPPI
1004 75 1461 137 MELANTHONIS,

2040 99 2115 138 650

1123 192 1297 221 catorum.
1361 185 1451 220 Vult
1479 185 1587 230 igitur
1611 184 1710 230 argui
1730 183 1858 220 'omnia
1892 192 2050 231 peccata,
2089 192 2123 218 et

1123 238 1233 280 legem
1254 238 1412 271 enarrari
1429 238 1466 271 in
1483 237 1680 270 ministerio
1702 237 1917 281 evangelico,
1941 236 2030 270 sicut
2048 235 2123 280 ipse

1122 287 1320 327 Dominus,
1349 288 1409 333 qui
1432 295 1482 322 est
1500 289 1578 321 sinis
1597 295 1629 322 et
1649 288 1824 332 interpres
1841 288 1927 332 legis
1944 287 2122 331 interpre—

1122 345 1217 373 tatur
1234 336 1408 373 Matthaei
1427 338 1460 374 5.
1482 346 1513 372 et
1531 339 1635 380 alibi,
1665 346 1698 372 et
1715 339 1791 372 vult
1811 336 1878 372 hoc
1897 336 2120 371 horrendum

1123 396 1304 434 peccatum
1336 390 1512 428 accusari,
1552 390 1648 435 quod
1682 387 1845 422 homines
1877 401 1949 422 non
1985 394 2122 422 norunt

1122 440 1254 480 filium,
1283 452 1346 473 nec
1365 441 1513 473 credunt
1537 441 1574 472 in
1601 452 1700 480 eum,
1727 440 1817 474 sicut
1839 440 1974 484 inquit:
2004 438 2121 483 Spiri-

1125 498 1181 525 tus
1205 498 1326 533 arguet
1349 492 1522 524 mundum
1550 492 1593 524 de
1618 497 1780 534 peccato,
1819 491 1915 535 quod
1944 501 2017 522 non
2045 501 2121 522 cre-

1125 543 1216 575 dunt
1242 541 1279 573 in
1306 553 1373 575 me.
1442 540 1672 575 Manifestum
1699 547 1749 574 est
1771 547 1887 574 autem
1913 540 2055 584 proprie
2082 540 2119 572 in

1123 590 1319 635 Evangelio
1342 592 1481 634 doceri,
1517 592 1596 638 quis
1621 591 1665 625 sit
1690 591 1803 633 filius,
1842 597 1876 624 et
1899 602 2004 634 quare
2031 590 2117 623 mis-

1125 654 1184 676 sus
1206 649 1261 677 sit.

1227 693 1288 730 31.
1322 691 1459 726 Deinde
1475 693 1550 726 vult
1568 699 1601 726 et
1619 692 1890 737 promissionem
1908 690 2056 734 gratiae,
2084 697 2118 724 et

1126 743 1249 778 salutis
1266 750 1427 777 aeternae
1443 743 1614 787 proponi,
1638 755 1705 788 qua
1730 743 1768 776 fit
1792 741 2006 779 consolatio,
2036 741 2118 785 quia

1127 794 1283 828 credenti
1305 800 1398 827 certo
1424 795 1604 827 donantur
1626 794 1732 835 gratis
1758 799 1903 837 propter
1925 792 2037 825 filium
2062 803 2120 824 re-

1126 844 1247 878 missio
1271 851 1512 889 peccatorum,
1545 845 1730 888 imputatio
1754 843 1929 884 iusficiae,
1963 842 2118 886 Spiritus

1128 902 1285 936 sanctus,
1312 902 1344 929 et
1362 892 1557 928 haereditas
1575 902 1736 928 aeternae
1754 894 1888 929 salutis.
1926 892 2023 926 Haec
2041 893 2117 926 sola

1128 947 1195 979 fide
1226 944 1472 988 accipiuntur,
1513 951 1547 978 et
1576 957 1654 977 cum
1686 945 1928 988 accipiuntur,
1963 943 2118 987 Spiritus

1127 1002 1268 1030 sanctus
1284 995 1452 1029 exuscitat
1468 995 1505 1027 in
1521 994 1686 1028 cordibus
1702 995 1875 1028 laeticiam
1892 994 2119 1039 acquiescen-

1128 1054 1199 1081 tem
1214 1047 1252 1079 in
1269 1045 1363 1087 Deo,
1391 1045 1652 1079 invocationem
1675 1051 1709 1079 et
1733 1045 1818 1077 alias
1840 1044 2006 1084 virtutes,
2028 1044 2119 1076 sicut

1128 1098 1299 1142 scriptum
1318 1103 1386 1131 est:
1423 1095 1605 1130 Iustificati
1622 1096 1689 1129 fide
1710 1107 1828 1139 pacem
1848 1092 2020 1128 habemus
2039 1104 2120 1136 erga

1128 1147 1257 1182 Deum.
1324 1147 1429 1180 Item:
1472 1144 1667 1180 Effundam
1698 1157 1803 1191 super
1827 1146 1974 1179 domum
1998 1143 2117 1178 David

1129 1198 1304 1243 Spiritum
1320 1198 1451 1241 gratiae
1470 1203 1503 1230 et
1524 1209 1678 1241 precum.

1228 1249 1289 1283 32.
1331 1247 1426 1282 Haec
1456 1248 1546 1281 fiunt
1585 1249 1692 1281 verbo
1722 1245 1790 1280 Dei
1830 1246 2000 1290 cogitato,
2047 1245 2119 1278 sive

1130 1300 1277 1340 lectum,
1317 1298 1390 1332 sive
1420 1298 1580 1332 auditum
1614 1298 1668 1333 sit.
1726 1296 1799 1331 Nec
1823 1296 2060 1330 communicat
2085 1306 2120 1328 se

1130 1350 1225 1384 Deus
1243 1350 1281 1382 in
1296 1348 1544 1383 iustificatione
1561 1348 1635 1380 sine
1653 1359 1716 1380 suo
1740 1348 1849 1380 verbo
1861 1374 1870 1388 ‚
1902 1353 1941 1381 ut
1965 1345 2120 1379 fanatica

1131 1400 1364 1434 Stenckseldii
1383 1399 1486 1433 turba
1511 1398 1610 1441 fingit
1634 1398 1783 1431 adflatus
1806 1398 1881 1431 sine
1909 1396 2120 1439 cogitatione

1130 1452 1230 1485 verbi
1246 1449 1333 1491 Dei,
1359 1461 1437 1483 cum
1456 1448 1587 1482 Paulus
1612 1460 1769 1492 expresse
1796 1448 1906 1482 dicat:
1944 1446 2051 1480 Fides
2081 1457 2121 1479 ex

1130 1502 1254 1535 auditu
1270 1507 1331 1533 est.

1233 1550 1293 1585 33.
1325 1547 1374 1583 Et
1391 1549 1534 1594 quidem
1553 1560 1654 1593 saepe
1671 1549 1906 1594 comperimus
1920 1554 2120 1581 monstrosa

1133 1601 1274 1644 ingenia
1300 1601 1388 1634 falso
1413 1600 1540 1634 iactare
1565 1600 1734 1640 adflatus,
1778 1606 1812 1633 et
1836 1599 1918 1644 quia
1942 1598 2123 1632 domicilia

1132 1658 1214 1685 sunt
1236 1651 1492 1690 Diabolorum‚
1528 1650 1642 1683 furiae
1667 1657 1699 1684 et
1724 1647 1924 1696 ἀλάστορες
1947 1649 2036 1683 fiunt
2058 1660 2120 1681 ur-

1132 1703 1231 1736 bium
1251 1708 1284 1734 et
1302 1702 1470 1745 gentium.
1507 1699 1613 1734 Tales
1632 1707 1730 1734 erant
1749 1700 1990 1740 Monetarius‚
2017 1699 2121 1732 multi

1134 1754 1170 1786 in
1195 1753 1283 1786 urbe
1300 1750 1594 1792 Monasteriensi,
1629 1758 1661 1784 et
1686 1751 1748 1784 alii
1773 1751 1876 1784 multi
1902 1750 2036 1783 similes
2062 1761 2122 1782 ve-

1132 1811 1248 1837 terum
1285 1803 1430 1837 illorum
1467 1801 1709 1847 Carpocratis‚

1134 1855 1208 1889 tani
1237 1860 1302 1889 etc.

1237 1904 1298 1938 34.
1333 1903 1489 1949 Utraque
1515 1903 1637 1936 concio
1664 1903 1874 1935 universalis
1900 1909 1967 1942 est,
2002 1902 2123 1934 concio

1135 1966 1282 1999 arguens
1302 1961 1451 1998 peccata,
1479 1961 1511 1986 et
1529 1953 1712 1997 promissio
1729 1953 1869 1996 gratiae.
1913 1951 1965 1985 De
1983 1958 2124 1996 peccato

1136 2007 1253 2051 inquit
1271 2005 1403 2038 Paulus
1420 2004 1548 2038 Roma.
1567 2004 1620 2037 3.:
1649 2002 1696 2036 Ut
1718 2015 1822 2036 omne
1847 2014 1886 2036 os
1909 2003 2126 2042 obstruatur,

1137 2063 1170 2091 et
1186 2067 1265 2089 reus
1282 2056 1325 2089 sit
1342 2062 1437 2089 totus
1452 2055 1607 2087 muudus
1624 2053 1711 2087 Deo.
1764 2053 1957 2087 Promissio
1979 2052 2124 2085 univer-

1137 2108 1218 2140 salis
1239 2113 1305 2140 est:
1349 2105 1475 2139 Venite
1492 2105 1535 2138 ad
1560 2117 1614 2137 me
1639 2115 1779 2146 omnes,
1815 2104 1874 2149 qui
1900 2103 2068 2136 laboratis
2093 2109 2125 2135 et

1137 2158 1274 2192 onerati
1298 2157 1398 2196 estis,
1426 2162 1459 2190 et
1485 2167 1547 2198 ego
1573 2155 1726 2188 reficiam
1751 2167 1823 2190 vos.
1867 2153 1914 2187 Et
1937 2151 2030 2186 nihil
2057 2155 2124 2186 du-

1138 2209 1235 2242 bium
1259 2214 1328 2251 est,
1356 2218 1531 2240 summum
1557 2213 1587 2239 et
1613 2206 1872 2238 severissimum
1900 2211 2124 2248 praeceptum

1137 2271 1227 2299 esse,
1255 2265 1294 2292 ut
1317 2270 1439 2291 omnes
1463 2255 1624 2290 homines
1649 2257 1792 2290 credant
1820 2256 1890 2288 lilio
1908 2254 1992 2293 Dei,
2030 2255 2125 2287 iuxta

1138 2311 1286 2343 dictum:
1313 2309 1468 2353 Spiritus
1482 2314 1601 2350 arguet
1617 2306 1788 2339 mundum
1805 2308 1847 2339 de
1864 2312 2014 2350 peccato,
2031 2305 2126 2349 quoii

1139 2373 1209 2394 non
1231 2360 1380 2393 credunt
1400 2360 1435 2391 in
1455 2370 1517 2391 ine.

1241 2410 1302 2444 35.
1346 2409 1545 2453 Utrumque
1577 2407 1796 2440 severissime
1830 2408 2034 2440 mandatum
2067 2414 2128 2446 est,

1139 2468 1177 2496 ut
1202 2461 1407 2495 dolentibus
1435 2458 1711 2492 consolationem
1739 2470 1997 2501 proponamus,
2033 2458 2127 2490 iuxta

1140 2511 1372 2555 Evangelium
1391 2512 1432 2543 (le
1449 2510 1520 2542 silio
1539 2509 1622 2547 Dei,
1657 2515 1689 2541 et
1713 2515 1750 2542 ut
1775 2508 1840 2552 ipsi
1863 2509 2008 2541 audiant
2035 2516 2067 2541 et
2093 2519 2127 2539 se

1140 2568 1334 2597 sustentent
1352 2561 1563 2603 cogitatione
1573 2559 1774 2602 Evangelii,
1800 2566 1831 2592 et
1850 2566 2043 2603 repugnent
2061 2560 2126 2590 ‹lu-

1140 2613 1315 2648 bitationi.
1384 2612 1460 2645 lloc
1486 2623 1564 2644 rum
1590 2610 1742 2647 faciunt,
1782 2622 1864 2643 vere
1890 2608 2080 2643 trahuntur
2109 2620 2127 2640 a

1140 2664 1227 2698 Deo.
1273 2663 1362 2698 Nam
1374 2661 1468 2696 Deus
1484 2662 1590 2696 verbo
1608 2658 1734 2702 trahit,
1762 2673 1834 2694 uon
1851 2667 1889 2694 ut
1908 2658 2037 2693 herbae
2054 2658 2129 2691 siue

1759 1801 1956 1836 Marcionis
1965 1827 1974 1842 ,
2012 1799 2122 1833 Mon—
