2324 2955
168 117 237 153 155

170 204 207 236 in
234 214 271 235 ca
305 199 454 235 familia,
490 192 638 238 praesidi
668 188 889 230 Thessaliae,
924 193 963 219 ut
994 183 1151 219 Athenas

170 258 326 296 occupet.
383 248 432 281 Ita
464 246 498 277 in
531 239 725 275 Mahometi
759 244 961 282 potestatem
991 233 1152 269 Athenae

171 303 328 335 redactae
353 304 451 335 sunt,
477 293 539 326 ubi
564 298 680 336 postea
702 296 843 333 propter
862 287 990 320 civium
1010 286 1152 318 seditio-

172 365 232 385 nes
257 360 368 383 arcem
386 353 418 378 et
437 355 596 385 magnam
617 347 749 384 partem
768 339 866 371 urbis
886 337 996 370 victor
1014 335 1153 369 delevit.

171 401 272 436 Nunc
305 404 440 431 tantum
468 390 603 437 ἐρείπια
630 391 764 434 reliqua
790 395 891 427 snut,
925 398 1019 420 casae
1043 386 1154 430 pisca-

173 459 288 484 torum
314 454 346 480 et
373 445 539 478 colluvies
562 441 828 485 peregrinorum
855 436 1060 476 homiuum,
1094 435 1155 479 qui

173 512 210 533 ex
226 497 382 532 barbaris
398 494 558 539 gentibus
576 503 656 524 casu
675 504 713 523 eo
732 489 924 522 confluunt.

274 546 342 580 Hic
368 553 416 580 est
443 543 541 578 urbis
566 542 664 574 finis.
694 552 781 584 quae
808 545 841 571 et
865 537 1019 580 exempla
1044 535 1157 567 virtu-

175 608 248 633 tum
275 597 409 641 egregia
431 592 574 632 babuit,
601 598 632 625 et
658 589 876 623 domicilium
897 587 962 620 suit
980 586 1158 618 doctrina-

174 661 274 688 rum,
301 655 333 680 ct
352 658 407 679 res
427 643 590 677 honestas
608 654 645 674 ac
662 651 803 682 magnas
822 637 996 680 sapienter
1011 643 1043 669 et
1059 635 1159 667 forti-

175 708 228 733 ter
253 698 356 741 gessit
380 701 499 728 contra
516 692 658 729 Persas,
688 698 720 724 et
747 690 782 721 iu
804 687 952 730 imperio
971 685 1160 717 modestior

175 750 242 782 suit
268 745 449 791 Spartanis
482 750 514 776 et
537 741 735 778 Thebanis,
770 745 920 781 suntque
950 736 1020 767 duo
1049 734 1159 766 millia

177 808 397 832 auuoruma
423 794 554 827 Solone
585 803 695 836 nsque
726 790 768 823 ad
799 786 892 820 bunc
916 783 1159 818 Mahometum

178 858 372 881 eversorem
389 842 623 878 Athenarum.

280 946 374 979 Ilaec
397 956 436 976 co
462 938 752 975 commemoravi,
779 944 817 970 ut
837 934 1063 969 consideratis
1082 944 1162 965 cau-

182 999 228 1032 sis
244 1009 331 1042 quae
346 991 527 1028 attrahunt
542 990 698 1033 gentium
716 994 818 1031 atque
834 986 975 1019 urbium
990 983 1164 1022 imeritus,

182 1050 291 1082 simus
308 1043 554 1081 modestiores,
578 1047 611 1073 et
626 1051 644 1071 a
661 1037 735 1071 Deo
752 1036 1039 1080 gubernationem
1057 1040 1088 1066 et
1104 1034 1165 1065 de-

182 1097 378 1131 fensionem
397 1100 564 1138 petamuS.

285 1144 448 1189 Optarim
476 1148 590 1175 autem
616 1138 846 1171 Germanicos
873 1135 1046 1179 principes
1071 1139 1103 1165 et
1129 1132 1165 1163 in

184 1195 406 1241 inquirendis
431 1190 587 1225 historiis
606 1188 767 1221 Turcicis
791 1186 1049 1228 diligentiores,
1077 1189 1109 1215 et
1130 1182 1165 1213 in

185 1246 387 1281 defensione
411 1242 543 1287 patriae
568 1238 828 1272 coniunctiores
854 1243 886 1268 et
910 1235 1060 1267 acriores
1087 1243 1167 1270 esse,

185 1310 223 1331 ac
240 1297 269 1329 si
283 1295 392 1337 magis
409 1298 551 1324 nossent
566 1301 640 1321 eam
657 1294 811 1330 gentem,
840 1292 872 1317 et
890 1286 1038 1317 sormam
1057 1283 1168 1323 impe-

186 1347 229 1380 rii
254 1347 432 1389 ipsorum,
459 1347 491 1372 et
514 1339 669 1379 exempla
686 1336 873 1372 saeviciae,
898 1340 930 1365 et
947 1331 1092 1363 militiae
1110 1341 1168 1371 ge-

187 1407 272 1435 nus,
298 1400 331 1426 et
348 1388 543 1435 praeliandi
561 1385 863 1422 consuetudinem,
890 1380 1096 1423 magnitudo
1115 1390 1170 1410 re-

187 1458 265 1480 rum
282 1443 443 1476 excitaret
459 1448 644 1482 generosos
659 1435 795 1467 animos
810 1434 852 1465 ad
872 1432 1037 1463 maiorem
1052 1439 1170 1460 curam

189 1492 401 1529 defendendi
431 1488 598 1532 patriam,
630 1483 843 1519 Ecclesiam,
879 1482 986 1522 leges,
1020 1477 1170 1510 familias

191 1545 346 1582 nobiles,
385 1538 550 1572 honestas
586 1534 744 1578 politiaS‚
788 1531 1012 1574 disciplinam
1044 1535 1076 1560 et
1108 1529 1172 1559 do-

192 1595 332 1629 ctrinas.

295 1642 389 1675 Ilaec
415 1639 508 1682 ipsa,
534 1647 622 1680 quae
647 1644 741 1666 nunc
764 1629 891 1668 recito,
918 1638 1032 1670 nuper
1048 1625 1084 1657 in
1102 1625 1173 1656 lin-

195 1706 297 1738 guam
306 1691 468 1724 Latinam
486 1682 770 1727 ebealcondyle
787 1681 861 1712 cive
871 1676 1079 1711 Atheniensi
1091 1686 1173 1707 con-

195 1755 294 1778 versa
317 1746 415 1779 sunt,
442 1738 501 1781 qui
525 1741 696 1780 spectator
719 1739 752 1765 et
768 1741 847 1773 pars
865 1728 981 1771 aliqua
998 1726 1064 1758 suit
1082 1724 1173 1756 mul-

197 1802 311 1827 tarum
338 1788 574 1823 calamitatum
599 1795 684 1828 quas
708 1786 848 1816 narrat,
877 1779 936 1822 qui
961 1777 996 1808 iu
1020 1775 1173 1818 gentium

198 1841 450 1884 descriptione,
481 1838 523 1869 de
549 1833 736 1867 Germanis
759 1829 890 1873 inquit:
924 1826 1065 1859 'Nullam
1094 1823 1175 1856 novi

198 1899 335 1935 gentem
363 1889 461 1922 cuius
484 1896 598 1919 mores
622 1884 692 1916 sint
705 1880 941 1916 honestiores,
970 1877 1030 1921 qui
1046 1875 1074 1908 si
1093 1886 1176 1907 con-

199 1943 320 1976 cordes
337 1945 467 1977 essent,
494 1941 608 1968 essent
625 1931 786 1965 invincti.

301 1989 424 2021 Yidete
446 1998 550 2031 quam
567 1983 771 2027 opinionem
790 1981 832 2011 de
851 1977 1042 2010 maioribus
1057 1973 1179 2006 vestris

201 2039 314 2075 adhuc
347 2049 466 2071 recens
490 2033 679 2068 habuerint
706 2030 815 2064 exteri
842 2026 1002 2060 homines
1029 2023 1179 2061 honesti,

201 2102 350 2137 quorum
375 2086 516 2120 iudiciis
533 2084 669 2118 utinam
687 2089 720 2116 et
736 2079 842 2114 huius
858 2077 978 2112 aetatis
995 2086 1109 2109 mores
1126 2086 1180 2107 re-

202 2142 423 2186 sponderent.

306 2240 375 2274 Sed
398 2250 467 2283 quo
491 2247 546 2269 me
571 2233 675 2268 dolor
698 2230 841 2264 abducit
860 2229 1054 2274 ingressum
1074 2228 1110 2259 in
1126 2224 1183 2258 hi-

205 2291 328 2327 storias
353 2286 544 2322 Turcicas?
587 2295 665 2317 cum
696 2282 737 2314 de
760 2279 929 2325 Byzantio
961 2279 1075 2311 dicere
1105 2289 1183 2309 coe-

206 2342 326 2387 perim.
379 2338 585 2380 Priusquam
609 2344 691 2365 vero
715 2332 757 2363 de
782 2330 915 2362 excidio
941 2329 1072 2367 dicam,
1101 2339 1182 2370 pro-

207 2399 284 2437 pter
317 2388 552 2421 adolescentes
584 2394 690 2426 pauca
722 2382 765 2414 de
791 2380 934 2412 nomine
959 2384 991 2411 et
1016 2383 1184 2410 vetustate

208 2444 282 2475 eius
298 2439 394 2472 urbis
414 2432 704 2469 commemorabo.

311 2489 405 2521 Situs
431 2492 479 2518 est
505 2484 541 2515 in
558 2480 710 2515 Thracia
735 2481 775 2512 ad
796 2479 1065 2522 Hellespontum
1085 2476 1185 2509 valde

209 2546 427 2585 opportunus
444 2532 610 2577 imperiis,
637 2530 718 2575 quia
736 2530 784 2561 ibi
803 2530 950 2562 minium
968 2528 1097 2560 distant
1113 2524 1185 2559 Eu—

210 2603 294 2635 ropa
317 2595 349 2621 et
367 2585 461 2621 Asia.
514 2582 585 2616 Nec
612 2582 646 2613 in
665 2578 819 2613 Africam
845 2579 1066 2612 incommoda
1086 2576 1186 2609 navi-

210 2640 302 2685 gatio
335 2644 403 2678 est,
445 2642 478 2668 et
510 2631 651 2678 quidem
685 2629 849 2663 scribitur
880 2635 1029 2662 veterem
1064 2626 1186 2660 urbem

627 105 788 143 DECL.
821 100 893 136 DE
928 98 1118 136 CAPTA
1144 95 1717 134 CONSTANTINOPOLL

1239 2576 1371 2611 stravit.

2109 95 2182 131 156

1203 182 1411 228 Byzantium
1427 192 1443 212 a
1455 179 1788 223 Carthaginensibus
1800 181 1975 214 conditam
1988 193 2070 220 esse,
2093 193 2181 226 quos

1205 234 1305 266 valde
1330 233 1517 264 instructos
1537 231 1659 271 fuisse,
1690 231 1838 264 navibus
1865 238 1897 263 et
1923 232 2044 274 procul
2069 239 2184 265 trans-

1206 284 1336 315 vexisse
1362 292 1508 319 merces,
1543 281 1673 313 multae
1700 279 1866 314 historiae
1888 287 2069 315 testantur.
2131 281 2184 314 Ac

1207 332 1293 365 mihi
1310 331 1451 376 quidem
1471 330 1611 362 videtur
1629 331 1781 363 nominis
1800 331 1897 373 origo
1917 342 1988 363 esse
2007 342 2046 363 ex
2065 331 2185 373 lingua

1208 381 1442 420 Phoenicum,
1480 380 1691 412 conveniens
1723 393 1814 413 novo
1840 379 2010 424 Emporio
2041 381 2078 412 in
2109 381 2185 413 loco

1209 431 1446 475 voluptatibus
1471 437 1689 474 opportunO,
1716 428 1805 463 Beth
1828 431 1942 467 Zona,
1972 431 2005 463 id
2030 438 2095 471 est,
2123 431 2187 463 do-

1209 494 1285 516 inus
1304 492 1499 524 cauponae,
1527 487 1559 513 et
1578 491 1767 522 congruere
1784 481 2054 524 appellationem
2073 492 2187 513 mores

1210 532 1334 566 vetusti
1353 531 1590 562 ostenderunt.

1314 581 1444 615 Scribit
1463 580 1556 612 enim
1575 577 1793 625 Phylarchus
1810 578 1999 624 Byzantios
2015 580 2135 613 solitos
2154 580 2189 612 in

1213 631 1379 676 cauponis
1399 630 1472 662 dies
1488 637 1521 663 et
1538 637 1655 663 noctes
1672 630 1892 669 commorari,
1918 636 1950 662 et
1967 636 2088 673 portus
2104 630 2190 662 alter

1213 683 1414 716 nominatus
1433 687 1483 713 est
1500 680 1686 713 mulierum
1710 687 1839 723 portus.

1316 731 1455 765 Deinde
1475 729 1733 772 Megarensium
1753 730 1889 762 colonia
1912 742 1950 762 eo
1969 730 2115 762 deducta
2133 736 2192 763 est.

1215 782 1267 815 Ita
1291 783 1406 815 illatae
1428 787 1509 813 sunt
1532 792 1571 811 eo
1588 779 1721 812 Graeca
1738 780 1854 822 lingua
1871 787 1903 813 et
1923 779 2076 813 Graecae
2092 780 2194 823 leges,

1216 841 1248 866 et
1281 839 1357 876 post
1383 831 1515 863 bellum
1545 830 1669 862 Xerxis
1698 830 1872 862 interdum
1897 830 2195 863 Lacedaemonio-

1217 895 1314 922 rum,
1340 882 1517 914 interdum
1536 878 1803 926 Atheniensium
1822 879 1912 911 socia
1930 880 2007 914 suit.
2059 879 2195 913 Deinde

1217 933 1289 975 regi
1314 930 1544 964 Macedonico
1571 928 1738 973 Philippo
1770 936 1847 973 post
1871 930 2076 962 diuturnam
2100 931 2196 963 obsi-

1218 984 1359 1016 dionem
1375 993 1410 1014 se
1426 980 1571 1015 dedidit.

1319 1031 1490 1065 Romanis
1516 1029 1751 1072 temporibus,
1779 1040 1856 1061 cum
1882 1029 1923 1061 de
1941 1029 2088 1071 imperio
2108 1030 2199 1063 inter

1220 1095 1254 1116 se
1280 1087 1452 1115 certarent
1468 1080 1679 1113 Pesceninus
1696 1085 1728 1111 et
1744 1078 1910 1119 Severus,
1937 1085 1969 1111 et
1987 1078 2199 1114 Pesceninus

1221 1132 1429 1178 Byzantium
1455 1131 1552 1173 prior
1574 1135 1790 1172 occupasset,
1818 1128 1965 1161 Severus
1984 1141 2059 1161 eam
2076 1131 2200 1163 urbem

1221 1182 1405 1216 obsidione
1430 1180 1538 1212 cinxit
1560 1186 1671 1212 totum
1695 1179 1886 1212 triennium
1907 1185 1938 1211 et
1957 1186 2136 1219 semestre,
2163 1192 2202 1214 ac

1222 1233 1361 1266 tandem
1382 1242 1459 1263 cum
1480 1241 1603 1271 magna
1621 1229 1809 1261 multitudo
1828 1226 2012 1260 hominum
2029 1229 2078 1261 ibi
2096 1231 2202 1263 variis

1223 1282 1359 1314 casibus
1383 1280 1559 1321 periisset,
1586 1280 1676 1309 same
1701 1278 1811 1319 coegit
1836 1279 1877 1309 ad
1904 1278 2137 1319 deditionem,
2165 1292 2203 1313 ac

1223 1341 1346 1370 magna
1380 1339 1420 1359 ex
1448 1333 1543 1370 parte
1571 1326 1700 1358 delevit
1725 1326 1834 1357 muris
1858 1326 2002 1366 dirutis,
2042 1340 2130 1371 quos
2158 1329 2205 1363 ait

1224 1377 1465 1415 Herodianus,
1495 1383 1590 1409 tanta
1620 1382 1692 1408 arte
1723 1375 1832 1407 factos
1856 1376 1979 1416 fuisse,
2012 1384 2050 1411 ut
2075 1378 2204 1412 mirum

1225 1428 1329 1461 suerit
1347 1425 1479 1459 destrui
1495 1437 1603 1468 posse.

1326 1475 1358 1509 A
1375 1475 1503 1509 Severo
1529 1487 1638 1519 usque
1661 1475 1702 1506 ad
1721 1474 1995 1508 Constantinum
2018 1478 2103 1510 anni
2125 1487 2206 1513 sunt

1226 1533 1377 1584 centum.
1401 1575 1408 1581 .
1430 1524 1565 1557 Interea
1580 1537 1643 1557 nec
1662 1526 1744 1558 urbs
1762 1525 1919 1558 restituta
1937 1532 2007 1566 est,
2035 1538 2097 1560 nec
2114 1530 2206 1562 muri

1227 1582 1410 1610 lnstauratl
1428 1582 1518 1608 sunt.

1329 1625 1395 1659 Sed
1419 1624 1672 1658 Constantinus
1701 1625 1963 1668 opportunitate
1990 1626 2057 1659 loci
2082 1635 2196 1661 motus

1228 1677 1350 1709 urbem
1375 1687 1445 1707 non
1470 1675 1582 1707 solum
1600 1674 1769 1714 restitnit,
1796 1676 1853 1707 sed
1873 1676 1975 1709 etiam
1997 1656 2209 1719 splendidis:

1229 1726 1325 1759 simis
1348 1725 1511 1769 operibus
1530 1732 1563 1758 et
1579 1725 1747 1767 dignitate
1765 1726 1921 1765 ornavit,
1949 1737 1987 1758 ac
2005 1726 2117 1761 voluit
2133 1740 2208 1762 eam

1230 1787 1372 1820 prorsus
1391 1787 1506 1818 parem
1525 1787 1595 1807 esse
1614 1775 1694 1807 urbi
1713 1774 1859 1810 Romae.

1330 1825 1453 1858 Postea
1479 1825 1584 1867 igitur
1610 1825 1657 1858 ibi
1674 1832 1706 1857 et
1722 1823 1875 1858 Ecclesia
1891 1826 1974 1866 suit,
2005 1827 2040 1859 in
2059 1839 2125 1872 qua
2142 1829 2209 1862 fuit

1232 1875 1509 1908 eruditissimum
1529 1876 1732 1918 collegium,
1760 1882 1791 1907 et
1811 1876 2007 1921 plerunque
2023 1885 2113 1911 recte
2131 1890 2210 1912 sen-

1232 1927 1356 1960 tientes
1376 1923 1562 1969 Episcopi,
1597 1933 1629 1958 et
1657 1932 1732 1969 post
1757 1924 2031 1959 Alexandrinam
2055 1926 2210 1961 scholam

1233 1987 1404 2020 nusquam
1423 1976 1500 2019 plus
1518 1976 1644 2009 artium
1659 1976 1726 2008 fuit
1743 1988 1844 2020 quam
1864 1975 2023 2021 Byzantii
2041 1989 2150 2023 usque
2167 1980 2211 2012 ad

1234 2025 1299 2059 hoc
1316 2033 1528 2070 postremum
1544 2026 1728 2058 excidium.

1337 2074 1389 2109 Ac
1413 2077 1494 2108 inde
1517 2088 1593 2108 cum
1614 2077 1648 2108 in
1666 2074 1800 2108 Italiam
1825 2076 2025 2110 intulissent
2042 2076 2210 2111 Graecam

1236 2128 1390 2169 linguam
1418 2133 1449 2158 et
1474 2124 1738 2167 Philosophiam
1757 2127 2016 2171 Argyropvlns,
2043 2127 2211 2169 Lascaris‚

1236 2175 1446 2209 Theodorus
1474 2175 1586 2216 Gaza,
1620 2175 1892 2220 Trapezontins,
1920 2165 2154 2215 Clu-vsoloras
2181 2186 2214 2212 et

1236 2228 1315 2264 alii,
1341 2224 1397 2258 hic
1414 2226 1564 2270 primum
1584 2225 1700 2267 Italia,
1725 2238 1803 2259 cum
1821 2226 1974 2260 Graecae
1990 2216 2128 2269 linguae
2144 2229 2214 2261 ele-

1237 2277 1388 2319 gantiam
1415 2278 1643 2318 degustasset,
1669 2276 1830 2310 Latinam
1856 2288 1994 2321 quoque
2013 2278 2139 2310 rectius
2158 2279 2214 2311 di—

1237 2339 1330 2360 scere
1354 2327 1486 2370 coepit,
1522 2333 1554 2359 et
1581 2325 1714 2360 Graeca
1735 2327 1853 2370 lingua
1876 2327 2010 2360 aditum
2034 2330 2076 2361 ad
2102 2328 2214 2362 sontes

1238 2374 1485 2420 Philosophiae
1503 2377 1675 2420 patefecit.

1339 2425 1460 2460 Rivuli
1484 2427 1586 2459 etiam
1606 2425 1758 2459 Graecae
1774 2426 1954 2459 doctrinae
1970 2434 2052 2460 tnnc
2070 2428 2105 2460 in
2124 2428 2215 2462 Ger-

1239 2477 1392 2509 maniam
1410 2477 1549 2510 deducti
1565 2483 1656 2509 sunt.
1707 2475 1794 2508 Nam
1812 2474 1984 2510 lohannes
1997 2477 2215 2521 Regiomon-

1239 2534 1340 2560 tanus
1373 2538 1451 2559 cum
1477 2526 1631 2559 Graecae
1661 2525 1855 2565 didicisset,
1888 2526 2105 2560 Ptolemeum
2133 2529 2216 2560 illu-

1423 2574 1634 2620 Rodolphus
1649 2574 1812 2618 Agricola
1828 2576 2007 2609 Ferrariae
2025 2575 2214 2611 Theodoro

1242 2625 1372 2664 Gaiae,
1406 2625 1640 2660 eruditissimo
1672 2631 1706 2660 et
1738 2626 1992 2660 modestissimo
2015 2627 2089 2660 seni
2114 2628 2216 2661 sami-
