2324 2955
99 112 171 148 ³41

202 194 271 228 Sed
298 191 391 239 proh
413 194 536 238 dolor,
569 195 606 227 in
632 192 696 228 hac
715 193 876 241 ἀναρχίᾳ
895 195 1007 228 iacent
1023 192 1091 227 Ec-

101 246 286 279 clesiarum
310 246 460 286 iudicia,
491 245 541 289 pii
565 252 719 289 pastores
743 259 815 279 non
842 247 1056 280 adiuvantur
1074 258 1091 278 a

99 296 322 342 potentibus,
362 308 511 341 quorum
542 296 645 330 multi
683 309 726 329 ne
760 298 888 330 iudicia
922 302 1092 336 metuant,

99 347 199 381 nulla
223 346 390 381 constitui
415 347 550 380 volunt.
610 346 718 381 Multi
743 349 856 393 specie
878 348 1090 381 iudiciorum

100 396 233 432 habent
255 397 419 431 satellitia
443 404 717 439 assentatorum,
746 400 806 444 qui
832 399 927 431 falsis
951 398 1092 442 opinio-

98 450 165 483 bus
190 448 288 482 fucos
319 448 483 489 inurant,
516 449 726 483 confirment
756 450 869 489 idola,
905 456 937 482 et
963 449 1090 481 multas

98 499 244 533 iniustas
268 498 495 533 dominorum
521 500 740 543 cupiditates.
801 499 900 533 Talis
923 507 972 533 est
997 499 1090 531 enim

97 549 236 593 generis
257 547 405 584 humani
422 550 580 589 miseria,
608 556 647 583 ut
665 550 810 583 dicitur:

224 606 293 645 βίος
313 604 450 645 μάλιστα
473 610 538 642 τοῖς
560 611 708 645 πονηροῖς
731 606 835 646 ἥδεται

222 647 349 688 πράττει
371 648 403 678 δ’
429 647 541 688 ἄριστα
565 646 580 677 ὃ
606 649 718 687 κόλαξ,
748 648 889 689 δεύτερος

355 688 371 721 ὖ
396 688 603 731 συκοφάντης.

198 751 388 798 Postquam
407 765 490 786 vero
513 753 833 794 consideravimus,
861 753 1005 798 quinam
1031 765 1087 786 ar-

96 804 200 837 cendi
216 804 288 838 sint
303 816 322 837 a
340 803 607 843 communione,
640 804 708 836 iam
732 805 881 837 addatur
902 805 1009 837 altera
1030 817 1087 837 re—

95 854 196 897 gula,
229 866 318 899 quae
346 855 466 899 paucis
498 855 643 900 syllabis
676 853 927 899 comprehendi
963 862 1088 899 potest.

94 903 204 939 Recte
230 907 352 939 doceat
369 904 511 946 Pastor,
538 912 570 938 et
593 907 737 938 damnet
753 907 871 938 omnia
890 906 973 938 vitia
996 906 1087 939 inte-

96 955 190 989 riora
216 963 248 990 et
269 956 451 990 exteriora.
512 954 672 1000 Cumque
697 957 741 988 de
773 956 910 989 arcanis
934 957 1088 990 iudicare

95 1018 168 1039 non
195 1007 320 1051 possit,
355 1007 516 1040 admittat
542 1007 584 1039 ad
612 1018 755 1039 coenam
778 1005 925 1040 Domini
952 1019 1087 1049 omnes,

94 1057 156 1101 qui
175 1064 256 1091 sunt
272 1055 499 1104 ἀνέγκλητοι.

197 1106 273 1141 Hac
295 1120 366 1141 una
389 1119 474 1141 voce
496 1107 763 1151 complectimur
794 1115 972 1142 externam
1000 1110 1085 1143 obe·

95 1158 265 1193 dientiam
289 1160 382 1192 iuxta
408 1165 595 1203 utramque
617 1159 773 1192 tabulam
799 1157 979 1201 Decalogi.
1033 1160 1087 1194 Sit

94 1209 263 1254 professio
289 1221 390 1242 verae
415 1209 597 1243 doctrinae
614 1209 752 1252 cognita
772 1211 910 1249 multis,
939 1218 971 1244 et
987 1211 1086 1244 firma

94 1260 139 1294 sit
164 1260 366 1294 coniunctio
390 1272 470 1293 cum
503 1272 584 1293 vera
605 1258 759 1292 Ecclesia
787 1260 823 1292 in
852 1261 1085 1295 invocatione.

95 1309 174 1344 Sint
200 1322 315 1343 mores
338 1310 420 1342 iusti
443 1317 476 1341 et
497 1310 600 1347 casti,
628 1310 673 1342 sit
694 1310 729 1340 in
754 1311 868 1341 osticio
892 1312 1086 1352 diligentia,

95 1360 139 1393 sit
164 1360 200 1392 in
225 1360 320 1393 victu
345 1360 594 1403 temperantia,
620 1359 663 1391 sit
687 1359 857 1392 modestia
880 1360 915 1393 in
935 1363 1084 1404 regenda

95 1410 277 1444 iracundia
297 1416 330 1442 et
348 1410 425 1442 aliis
443 1410 647 1443 adfectibus.

196 1458 301 1492 Tales
329 1459 538 1491 admittendi
573 1465 655 1491 sunt
686 1459 726 1490 ad
757 1471 901 1492 coenam
928 1459 1086 1501 Domini,

93 1522 157 1544 nec
180 1516 263 1543 sunt
287 1508 430 1542 arcendi
455 1514 598 1551 propter
623 1507 804 1549 militiam,
839 1516 898 1542 aut
931 1510 1086 1543 forenses

93 1560 360 1605 disputatione&
422 1557 509 1591 Nam
534 1556 598 1591 hae
630 1570 684 1590 res
710 1565 792 1591 sunt
814 1566 928 1603 partes
951 1561 1085 1603 politici

94 1611 251 1649 ordinis,
286 1621 390 1655 quem
415 1616 448 1642 et
470 1609 640 1647 instituit,
676 1616 709 1642 et
733 1617 936 1650 conservat,
968 1618 1001 1644 et
1023 1623 1085 1655 ap-

94 1663 219 1707 probat
242 1660 348 1695 Deus.
409 1659 563 1693 Maxime
588 1660 798 1693 admittendi
829 1668 912 1694 sunt
935 1663 976 1694 ad
1005 1674 1085 1695 coe-

93 1725 174 1747 nam
197 1711 345 1746 Domini
365 1709 619 1745 Constantinus
653 1717 686 1744 et
711 1710 771 1743 alii
801 1712 930 1744 milites
952 1712 1019 1745 iam
1048 1714 1083 1745 in

93 1765 167 1798 acie
182 1762 391 1798 trucidaturi
408 1762 585 1804 ingentem
603 1761 731 1794 Licinii
749 1762 949 1798 exercitum.

193 1813 335 1858 Excipit
364 1810 606 1846 Melchisedek
637 1813 842 1845 redeuntem
879 1826 919 1846 ex
951 1815 1083 1858 praelio

94 1862 297 1905 Abraham,
325 1871 357 1897 et
383 1875 462 1896 eum
488 1863 531 1896 ad
556 1863 762 1896 sacrificium
784 1864 954 1904 admittit,
982 1865 1083 1909 eique

94 1916 283 1951 benedicit.

197 1966 291 2000 Haec
310 1978 388 1999 cum
407 1966 450 1998 de
466 1965 639 1998 militibus
656 1965 836 1998 manifesta
856 1966 944 2004 sint,
971 1966 1083 1997 faten-

96 2020 179 2052 dum
198 2024 266 2057 est,
291 2023 324 2050 et
344 2017 496 2054 iudices,
526 2022 559 2048 et
576 2026 634 2048 eos
651 2017 709 2060 qui
730 2016 885 2049 iudicum
911 2016 1083 2058 cognitio-

96 2081 175 2103 nem
201 2068 377 2111 ssagitant,
411 2079 489 2100 cum
512 2079 549 2099 re
571 2066 701 2110 optima
725 2067 897 2101 divinitus
922 2067 1083 2100 ordinata

96 2127 260 2159 utantur,
287 2130 357 2150 non
374 2119 544 2151 arcendos
561 2129 632 2150 esse
649 2129 666 2149 a
683 2118 846 2151 societate
864 2119 1014 2162 piormn.

194 2169 242 2204 At
265 2181 367 2202 nemo
395 2169 524 2211 litigat,
558 2168 627 2200 nisi
652 2168 759 2202 iratus
783 2175 816 2202 et
840 2170 966 2202 ardens
989 2168 1084 2203 odio.

96 2222 275 2266 Scriptum
318 2227 368 2253 est
409 2226 541 2253 aulem:
594 2217 712 2261 Dilige
755 2220 953 2263 proximum
996 2220 1085 2253 sicut

96 2273 258 2317 teipsum.

197 2321 272 2356 Etsi
289 2322 391 2355 multi
407 2322 571 2354 adserunt
589 2321 688 2359 odia,
712 2321 936 2363 cupiditatem
954 2334 1083 2353 nocen-

97 2375 154 2415 di,
181 2381 214 2407 et
238 2370 483 2419 sycophantias
505 2373 546 2405 ad
576 2372 724 2409 iudicia,
753 2378 867 2404 tamen
894 2369 976 2404 baec
1003 2379 1084 2405 sunt,

98 2425 181 2459 vitia
206 2425 249 2458 ab
273 2423 358 2468 ipsis
379 2424 554 2457 accersita.
614 2422 660 2455 Ut
683 2428 797 2454 autem
823 2422 1022 2455 amicissimi
1042 2424 1086 2455 de

98 2476 260 2510 maximis
269 2475 374 2508 rebus
389 2475 576 2507 dissimiles
587 2472 718 2506 liabent
732 2473 930 2516 opiniones,
951 2481 982 2506 et
998 2474 1086 2506 alio-

99 2540 177 2560 rum
196 2532 317 2571 petunt
334 2532 367 2559 et
390 2532 569 2569 expectant
587 2526 741 2559 decreta:
773 2524 817 2556 ita
840 2525 925 2556 boni
944 2525 986 2556 de
1003 2522 1086 2557 bae-

100 2578 264 2615 reditate,
300 2578 343 2609 de
365 2577 600 2610 contractibus
622 2582 653 2608 et
676 2575 754 2607 aliis
781 2575 933 2617 negociis
952 2576 1086 2608 dissen-

100 2629 165 2661 tire
202 2634 348 2672 possunt
386 2627 459 2659 sine
494 2628 565 2660 odii
602 2626 788 2660 acerbitate
821 2630 862 2659 ‘et
897 2626 1087 2670 cupiditate.

100 2679 262 2714 nocendi.
282 2722 284 2724 ,

580 106 742 145 DECL.
777 107 852 144 DE
880 107 1182 145 ARGENDtS
1213 109 1243 144 A
1274 110 1471 148 COENA
1499 115 1535 149 S.
1563 125 1644 152 ETc.

2062 122 2136 158 342

1246 195 1298 229 De
1315 209 1351 230 re
1368 200 1516 233 maxima
1536 202 1578 233 de
1593 203 1810 236 successione
1827 204 1863 237 in
1882 217 1988 249 regno
2005 209 2134 244 floren-

1145 245 1277 279 tissimo
1294 248 1364 281 duo
1383 249 1507 283 fratres
1531 252 1595 284 filii
1611 252 1710 286 Darii
1729 255 2000 299 dissentiebant,
2028 260 2133 295 Arta-

1143 296 1292 330 bazanes
1310 305 1342 332 et
1360 298 1500 333 Xerxes.
1552 302 1623 336 Nec
1643 310 1759 337 tamen
1781 314 1900 340 mutua
1916 308 2131 345 benevolen-

1143 347 1190 380 tia
1207 348 1356 382 extincta
1375 358 1444 390 est,
1475 354 1533 385 sed
1551 354 1697 387 arbitrio
1716 357 1912 398 patris1sese
1930 370 2130 397 reverenter

1142 403 1290 443 uterque
1305 401 1473 442 subiecit,
1501 404 1635 438 frenata
1662 407 1870 449 cupiditate,
1895 421 1938 442 ne
1963 412 2053 445 ultra
2080 414 2130 447 le-

1142 459 1199 491 ges
1213 450 1406 483 efferretur.

1247 499 1407 534 Vidimus
1438 503 1502 546 ipsi
1537 505 1625 538 duos
1653 506 1776 539 fratres
1805 507 1917 543 Duces
1941 509 2129 548 Bavarieos

1143 548 1363 584 Guilelmum
1399 560 1430 586 et
1460 554 1702 596 Ludovicum,
1739 569 1816 590 cum
1852 569 1994 604 propter
2025 571 2127 598 testa-

1141 607 1298 634 mentum
1326 604 1433 646 patris
1459 605 1501 637 de
1528 606 1745 639 successione
1769 609 2015 653 dissentirent,
2052 616 2127 649 sine

1141 651 1231 684 odiis
1255 660 1433 696 expectare
1466 653 1691 699 imperatoris
1718 656 1952 693 Maximiliani
1987 672 2127 698 senten-

1142 702 1242 742 tiam,
1276 716 1338 736 nec
1362 706 1602 739 suavissimam
1630 707 1923 749 familiaritatem,
1962 725 2024 745 nec
2052 717 2128 748 osfi-

1140 753 1274 785 ciorum
1292 761 1324 787 et
1343 756 1519 789 donorum
1541 758 1820 791 vicissitudinem
1841 760 2084 800 intermittere.

1240 810 1280 844 ln
1310 814 1382 847 acie
1412 816 1482 847 duo
1502 814 1684 860 Principes
1707 818 1908 852 amicissimi
1939 821 2070 857 Hector
2093 834 2127 860 et

1140 860 1351 906 Polydamas
1380 865 1514 898 diversa
1547 867 1693 900 consilia
1721 866 1871 910 habent,
1903 883 1941 904 ac
1972 874 2125 916 primum

1140 913 1327 946 consilium
1370 914 1634 960 Polydamantis
1676 917 1807 952 Hector
1855 923 2002 957 antefert
2050 938 2125 962 suo.

1138 962 1277 996 Deinde
1310 965 1376 997 alia
1410 966 1445 998 in
1478 979 1514 999 re
1543 969 1701 1001 suadenti
1734 971 1902 1014 quiddam
1942 973 2125 1018 indignum

1140 1026 1211 1047 non
1228 1015 1463 1059 obtemperat,
1491 1029 1568 1050 cum
1590 1019 1731 1062 quidem
1751 1021 1835 1053 dicit
1852 1020 2075 1067 Polydamas:

1191 1076 1339 1114 Quamvis
1353 1089 1437 1116 aegre
1452 1079 1535 1107 audis
1554 1079 1666 1109 Hector
1680 1092 1726 1109 ine
1742 1089 1818 1111 recta
1834 1091 2004 1114 monentem
2016 1110 2023 1123 ,

1191 1127 1259 1157 Non
1276 1132 1383 1168 populi
1400 1138 1497 1159 tamen
1515 1137 1555 1159 est
1574 1142 1641 1160 cum
1658 1132 1765 1161 damno
1783 1136 1876 1171 gloria
1893 1134 2012 1174 Regum

1189 1178 1427 1219 Amplificanda,
1456 1183 1534 1210 salus
1546 1185 1646 1221 potior
1662 1186 1698 1212 sit
1713 1186 1832 1222 publica
1850 1188 1908 1214 civi

1187 1229 1248 1259 Seu
1264 1238 1334 1260 tunc
1351 1234 1511 1261 consilium
1530 1244 1597 1261 cnm
1613 1237 1708 1272 poscit
1726 1238 1805 1264 curia
1822 1243 1974 1275 nostrum,

1188 1280 1249 1310 Seu
1267 1293 1335 1310 cuin
1351 1290 1425 1312 stant
1440 1286 1599 1312 instructae
1613 1287 1706 1322 acies,
1735 1297 1911 1328 pugnaeque
1926 1292 2039 1319 cientur

1188 1331 1274 1360 Nunc
1292 1344 1412 1372 quoque
1427 1334 1550 1362 dicenda
1567 1342 1609 1362 est
1627 1338 1731 1364 melior
1748 1341 1889 1366 sententia
1904 1342 2007 1369 nobis:

1138 1384 1409 1422 Dissentiebant‘
1423 1389 1516 1422 inter
1546 1402 1580 1422 se
1607 1403 1678 1423 non
1710 1392 1753 1424 de
1784 1394 1873 1426 asini
1906 1397 2029 1429 umbra
2056 1396 2122 1430 Fa-

1137 1437 1216 1468 bius
1243 1444 1275 1469 ct
1297 1437 1436 1480 Scipio,
1469 1441 1512 1471 de
1543 1442 1749 1474 traiiciendo
1782 1445 1933 1478 exercitu
1965 1447 2000 1479 in
2026 1445 2124 1480 Afri-

1137 1497 1209 1517 cam
1222 1510 1231 1523 ,
1257 1493 1289 1519 et
1308 1499 1409 1520 senex
1428 1488 1557 1522 Fabius
1576 1491 1703 1532 prioris
1727 1492 1809 1524 belli
1829 1497 1994 1538 exemplis
2013 1504 2122 1531 terre-

1136 1536 1259 1575 batur,
1290 1538 1443 1582 denique
1467 1539 1594 1572 rectius
1610 1547 1681 1573 erat
1705 1542 1778 1574 eius
1801 1546 1997 1580 consilium.
2050 1547 2122 1582 Nec

1135 1592 1251 1619 tamen
1270 1586 1473 1631 Scipionem
1492 1590 1623 1623 oderat.
1679 1591 1858 1626 Miltiades
1879 1597 2122 1638 praeliandum

1135 1648 1207 1669 esse
1239 1639 1420 1677 censebat,
1453 1641 1578 1673 caeteri
1602 1639 1716 1674 Duces
1748 1645 1918 1687 praelium
1941 1648 2122 1681 dissuade-

1136 1688 1237 1728 bant,
1266 1701 1336 1721 non
1354 1690 1455 1730 odio,
1482 1692 1541 1723 sed
1558 1691 1624 1725 alia
1647 1694 1733 1726 moti
1751 1695 1925 1737 probabili
1942 1699 2122 1741 opinione.

1236 1748 1385 1789 Quoties
1408 1750 1568 1783 videmus
1592 1752 1821 1786 amicissimos
1845 1755 1879 1787 in
1903 1764 2026 1790 senatu
2056 1759 2121 1791 ali-

1135 1810 1204 1843 quo
1224 1800 1378 1832 diversas
1395 1802 1584 1834 sententias
1599 1804 1766 1836 acerrime
1783 1817 2023 1848 propugnare,
2050 1810 2122 1853 qui,

1134 1861 1212 1881 cum
1240 1849 1332 1882 idem
1357 1858 1528 1895 spectent,
1565 1853 1724 1887 videlicet
1757 1856 1901 1888 salutem
1932 1859 2121 1901 publicam,

1135 1899 1208 1931 vias
1228 1906 1344 1933 tamen
1360 1902 1514 1935 diversas
1539 1904 1580 1936 ad
1603 1916 1676 1936 eam
1699 1916 1770 1937 esse
1789 1914 1925 1950 putant.
1978 1908 2121 1942 Dissen-

1135 1950 1267 1984 tiebant
1285 1951 1359 1984 sine
1375 1953 1457 1984 odio
1475 1952 1607 1987 Paulus
1623 1962 1655 1988 et
1673 1954 1807 1989 Petrus.

1235 2008 1324 2042 Cum
1349 2011 1456 2052 igitur
1478 2011 1552 2044 sine
1583 2013 1665 2045 odio
1697 2021 1727 2046 et
1752 2015 1826 2047 sine
1851 2018 2041 2060 ‹upiilitate
2065 2019 2119 2051 in-

1136 2060 1224 2092 iuste
1247 2061 1414 2101 vocendi,
1442 2063 1549 2104 possit.
1573 2074 1645 2095 esse
1667 2064 1875 2107 opinionum
1898 2068 2120 2103 dissimilitu-

1134 2112 1179 2143 do
1192 2137 1201 2150 ‚
1228 2119 1261 2144 et
1277 2122 1377 2155 saepe
1394 2124 1514 2154 graves
1537 2114 1721 2146 dubitandi
1738 2128 1859 2149 causae
1876 2118 1962 2158 sint,
1991 2127 2022 2153 et
2042 2132 2119 2164 spe—

1135 2162 1225 2194 ciosa
1256 2169 1460 2204 argumenta
1496 2164 1531 2195 in
1556 2171 1703 2209 utraque
1733 2174 1843 2209 parte,
1881 2169 1958 2202 licet
1984 2171 2119 2204 deferre

1135 2214 1392 2246 controversias
1408 2215 1449 2246 ad
1468 2215 1640 2258 sapientes
1657 2217 1923 2258 gubernatores,
1950 2233 2026 2252 cnm
2040 2222 2118 2265 qui-

1134 2265 1212 2295 dem
1239 2262 1332 2296 lnmc
1355 2265 1516 2297 ordinem
1546 2273 1578 2298 et
1610 2266 1794 2300 instituerit
1822 2267 1932 2306 Deus„
1962 2279 1990 2303 et
2018 2273 2117 2304 andi—

1134 2315 1163 2347 ri
1184 2315 1285 2347 nobis
1301 2316 1546 2348 dubitantibus
1565 2317 1658 2349 velit.

1237 2374 1447 2408 Reverentia
1467 2382 1516 2408 est
1537 2375 1628 2416 Deo,
1659 2377 1791 2418 legibus
1809 2386 1837 2410 et
1860 2382 2117 2421 magistratibus

1135 2426 1272 2465 debita,
1301 2423 1426 2458 borum
1452 2438 1569 2458 vocem
1594 2428 1766 2460 anteferre
1788 2430 1939 2471 prix-atat·
1956 2433 2115 2475 opinioni

1136 2484 1169 2510 et
1193 2477 1386 2520 cupiditati.
1450 2475 1494 2509 Ut
1521 2488 1599 2509 enin
1624 2478 1791 2519 singulari
1817 2492 1929 2523 pugna
1952 2484 2115 2516 dimicant

1137 2528 1229 2560 inter
1244 2539 1314 2559 sese.
1334 2526 1419 2558 Aiax
1438 2534 1469 2559 et
1487 2526 1632 2566 llector,
1661 2530 1804 2573 quiescit
1829 2539 1974 2577 uterque.
1992 2535 2118 2566 exerei-

1110 2599 1112 2629 3
1137 2586 1193 2611 tus
1217 2584 1388 2621 spectator
1412 2578 1551 2610 virtutis
1575 2580 1725 2612 duorum
1750 2581 2019 2615 fortissimorum
2047 2584 2117 2617 Dii--

1138 2642 1232 2661 eum:
1263 2629 1307 2661 ita
1327 2629 1410 2660 dum
1430 2629 1519 2661 inter
1531 2641 1601 2662 sese
1618 2640 1820 2673 argumenta
1840 2634 2021 2677 utriusque
2041 2646 2116 2676 par-

1140 2681 1182 2712 tis
1206 2680 1379 2723 sapienter
1403 2681 1580 2723 proposita
1606 2682 1790 2720 dimicant,
1825 2684 2039 2716 retinemini·
2066 2686 2118 2715 in-

1517 2732 1592 2766 ΞΩ*
