2324 2955
175 102 247 138 467

278 187 312 221 3.
346 185 385 219 Si
400 183 582 229 promissio
598 181 683 214 novi
697 179 912 214 Testamenti
930 183 1097 226 penderet
1113 195 1152 216 ex

182 236 385 271 conditione
408 234 509 276 legis,
543 229 634 264 nihil
658 237 744 264 esset
768 231 837 265 nisi
858 232 932 271 lex,
959 244 1024 265 nec
1047 233 1156 277 magis

183 289 321 322 iuvaret
336 282 596 328 perterrefactas
613 281 842 316 conscientias
860 295 963 328 quam
980 283 1047 316 lex.

281 335 315 370 4.
356 332 414 367 Ad
446 331 530 366 haec
561 344 704 377 prorsus
727 333 825 367 irrita
849 340 881 367 et
908 333 1046 367 inutilis
1070 340 1159 368 esset

182 384 385 431 promissio,
411 381 545 416 habens
562 383 801 417 conditionem
820 384 1085 427 impossibilem.

281 433 316 470 5.
348 433 459 467 Nemo
475 433 568 467 enim
593 434 757 468 satisfacit
779 434 846 477 legi
863 434 950 475 Dei,
982 435 1071 470 sicut
1086 434 1158 469 Da-

182 486 241 520 vid
264 486 354 518 clare
378 491 542 526 testatur,
575 497 654 518 cum
676 485 739 519 ait:
767 483 848 518 Non
872 486 980 518 intres
1005 486 1042 518 in
1065 486 1159 519 iudi-

183 537 275 570 cium
304 547 383 569 cum
412 546 512 568 servo
537 541 617 576 tuo,
651 536 731 580 quia
757 547 829 568 non
851 535 1097 570 iustificabitur
1123 537 1159 569 in

183 593 370 630 conspectu
386 592 446 619 tuo
463 586 578 619 omnis
593 586 725 621 vivens.

284 637 319 670 6.
363 635 412 671 Ut
441 637 548 679 igitur
576 636 761 680 promissio
788 636 832 669 sit
855 636 970 678 firma,
1007 634 1073 670 hoc
1099 644 1161 679 est,

183 695 222 721 ut
258 693 352 720 certo
382 698 637 732 consequamur
664 687 870 731 promissam
902 688 1162 722 reconciliatio-

184 750 286 778 nem,
320 748 457 770 necesse
486 744 552 778 est,
585 738 621 770 in
651 750 705 778 ea,
739 737 813 770 sine
839 738 1043 772 conditione
1067 739 1163 782 legis,

184 795 216 821 et
231 800 305 821 non
321 795 464 832 propter
478 788 586 830 legem
597 813 606 826 ‚
632 788 750 821 offerri
770 789 1102 825 reconciliationem.

283 838 320 871 7.
362 836 414 871 Ac
438 845 574 882 oportet
596 839 846 872 conscientiam
870 846 999 873 certam
1024 851 1096 873 esse
1120 842 1163 874 de

182 887 388 922 remissione
418 895 658 932 peccatorum,
692 896 727 923 et
749 890 970 933 reputatione
995 891 1163 933 iusticiae,

184 945 216 973 et
232 939 424 972 donatione
439 939 529 972 vitae
544 946 716 975 aeternae.

285 989 320 1024 8.
360 988 450 1023 Nam
470 990 682 1023 conscientia
706 990 890 1032 dubitans,
920 1003 964 1024 an
988 990 1063 1025 Deo
1089 992 1164 1035 pla-

184 1046 276 1080 ceat,
302 1039 378 1073 odit
395 1046 427 1073 et
444 1040 531 1082 fugit
549 1039 718 1074 iudicium
737 1040 820 1079 Dei,
848 1048 881 1074 et
898 1042 968 1075 ruit
987 1042 1024 1074 in
1042 1043 1164 1085 despe-

184 1091 368 1125 rationem.

283 1140 318 1174 9.
360 1137 496 1184 Opinio
518 1137 779 1183 Sophistarum,
815 1152 903 1184 quae
936 1141 1033 1173 iubet
1057 1139 1163 1173 dubi-

183 1199 257 1225 tare
286 1190 551 1231 conscientiam,
586 1202 630 1223 an
656 1191 734 1223 Deo
764 1191 915 1234 placeat,
948 1202 1091 1234 prorsus
1115 1197 1165 1223 est

183 1242 309 1285 impia,
343 1247 375 1273 et
398 1241 491 1274 tollit
510 1241 714 1273 universum
740 1253 860 1274 verum
884 1242 1018 1275 cultum
1041 1241 1107 1274 Dei
1132 1247 1165 1273 et

183 1291 454 1325 invocationem.

183 1341 422 1375 crediderint?
456 1339 573 1385 inquit
588 1340 730 1374 Paulus,

286 1392 345 1426 10.
380 1390 492 1423 Tollit
514 1397 547 1423 et
568 1390 768 1423 universam
785 1390 1062 1424 consolationem
1081 1403 1165 1424 con-

184 1442 428 1482 scientiarum,
459 1440 611 1486 denique
633 1441 749 1474 abolet
771 1441 977 1474 universum
1002 1440 1164 1485 Evange-

183 1494 281 1529 lium.

285 1543 345 1577 11.
385 1540 452 1574 Hic
473 1540 588 1580 locus,
621 1542 714 1585 quod
739 1540 923 1584 promissio
946 1541 1069 1575 debeat
1094 1553 1164 1574 esse

184 1600 294 1633 certa,
320 1590 387 1625 hoc
406 1598 475 1630 est,
500 1590 594 1635 quod
615 1591 826 1624 conscientia
843 1592 966 1625 debeat
984 1599 1075 1625 certo
1094 1599 1164 1625 sta-

184 1652 296 1683 tuere,
323 1643 416 1687 quod
432 1648 663 1685 consequatur
676 1642 917 1674 remissionem
932 1649 1164 1685 peccatorum,

185 1702 219 1728 et
247 1693 505 1737 reputationem
537 1691 712 1732 iusticiae,
744 1693 824 1725 item
858 1693 952 1736 quod
978 1692 1162 1735 promissio

184 1758 258 1778 non
281 1742 408 1777 habeat
429 1741 666 1775 conditionem
694 1742 798 1785 legis,
830 1742 936 1775 totius
959 1749 1163 1776 controver-

185 1796 255 1829 siae
270 1795 311 1827 de
329 1792 573 1827 iustificatione
591 1789 746 1836 σύνεχον
762 1799 822 1826 est.

291 1846 347 1879 12.
381 1842 423 1876 In
445 1840 540 1876 hunc
562 1842 667 1885 igitur
690 1844 823 1883 locum,
857 1843 950 1887 quod
976 1842 1162 1887 promissio

186 1896 311 1929 debeat
332 1906 403 1928 esse
427 1899 536 1933 certa,
563 1893 646 1925 item
669 1895 763 1937 quod
782 1891 906 1926 habeat
922 1893 1162 1926 conditionem

183 1946 286 1990 legis,
314 1956 449 1988 semper
468 1943 597 1976 intueri
619 1955 683 1976 nos
706 1949 861 1987 oportet,
889 1950 921 1976 et
943 1950 983 1977 ut
1004 1941 1088 1977 hinc
1103 1944 1163 1977 fir-

184 2009 276 2030 mam
300 2002 333 2028 et
355 2001 482 2028 certam
509 1993 782 2027 consolationem
808 2006 846 2027 ac
868 1993 1084 2035 doctrinam,
1118 1996 1162 2027 de

184 2059 266 2080 vero
291 2046 388 2079 cultu
405 2043 472 2078 Dei
494 2055 689 2083 sumamus,
716 2051 749 2078 et
773 2052 811 2080 ut
834 2045 948 2079 fontes
968 2045 1162 2079 sententiae

182 2097 282 2131 Pauli
300 2105 559 2139 cognoscamus.

285 2148 342 2183 13.
376 2146 465 2180 Nam
489 2143 573 2178 hinc
594 2144 742 2187 intelligi
761 2151 890 2188 potest,
917 2157 1024 2190 quare
1041 2147 1161 2179 doceat

184 2198 331 2237 Paulus,
364 2198 458 2242 quod
480 2196 553 2229 sola
575 2195 642 2229 fide
665 2195 747 2229 iusti
769 2202 989 2239 reputemur,
1021 2197 1161 2237 scilicet,

185 2248 266 2293 quia
298 2248 379 2280 iusti
408 2253 630 2290 reputamur,
664 2258 737 2279 non
766 2253 909 2289 propter
936 2247 1066 2291 legem,
1101 2248 1159 2280 sed

185 2305 277 2333 certo
298 2310 356 2338 per
373 2297 646 2330 misericordiam
664 2303 806 2340 propter
822 2295 1012 2332 Christum.

290 2347 345 2381 14.
381 2347 417 2381 Si
441 2348 533 2379 enim
557 2359 628 2379 non
653 2354 796 2390 propter
819 2347 947 2389 legem,
975 2348 1032 2380 sed
1054 2348 1159 2390 gratis

184 2399 460 2444 pronunciamur
489 2397 590 2435 iusti,
623 2398 780 2442 sequitur
810 2410 873 2431 nos
897 2398 1021 2431 fiducia
1051 2399 1159 2431 solius

183 2448 442 2483 misericordiae
461 2448 567 2480 iustos
582 2448 745 2490 reputari.

287 2497 344 2532 15,
381 2497 589 2541 Quanquam
607 2504 718 2530 autem
736 2499 920 2541 promissio
938 2499 1020 2532 novi
1035 2498 1158 2532 Testa-

186 2550 294 2583 menti
329 2561 401 2582 non
440 2545 542 2580 habet
572 2548 808 2581 conditionem
843 2550 945 2592 legis,
992 2557 1155 2594 tanquam

183 2612 341 2640 causam,
374 2607 488 2633 tamen
521 2598 717 2630 obediontia
751 2612 828 2642 erga
861 2601 969 2643 legem
999 2601 1183 2646 sequitur*

182 2652 468 2696 promissionem,
504 2655 669 2693 tanquam
700 2649 856 2691 effectus,
891 2663 950 2684 seu
983 2652 1181 2685 (1011110111.ι

938 95 1420 133 DISPUTATIONES

506 1290 695 1332 Quomodo
718 1291 811 1324 enim
834 1291 1069 1331 invocabunt,
1095 1291 1165 1323 nisi
1191 1316 1192 1320 ,

2113 105 2189 142 468

1207 182 1305 217 Sicut
1327 189 1443 216 ortum
1461 180 1554 216 Solis
1570 184 1729 230 sequitur
1751 186 1841 220 a'eris
1864 189 2059 231 calefactio,
2086 198 2119 225 et
2142 199 2195 225 ta-

1207 246 1288 267 men
1303 233 1480 266 calefactio
1496 234 1586 267 aeris
1600 247 1674 268 non
1690 243 1740 271 est
1755 249 1870 279 causa,
1893 250 1955 272 cur
1971 239 2033 273 Sol
2048 242 2194 276 oriatur.

1210 284 1295 317 ltem
1315 283 1532 317 connubium
1551 286 1709 330 sequitur
1725 288 1879 330 soboles,
1905 296 1940 323 et
1956 296 2071 323 tamen
2088 293 2193 326 sobo-

1210 336 1259 368 les
1275 346 1348 367 non
1366 340 1416 367 est
1434 345 1534 367 causa
1553 337 1734 371 connubii.

1313 385 1372 420 16.
1408 383 1621 430 Quanquam
1638 387 1796 431 sequitur
1811 390 2012 425 obedientia
2030 391 2091 425 illa
2110 403 2195 436 pro-

1211 435 1433 476 missionem,
1459 442 1578 469 tamen
1602 449 1675 470 non
1694 445 1744 471 est
1763 451 1863 473 031153
1880 442 2098 475 remissionis
2115 454 2196 487 pec-

1212 493 1389 526 catorum,
1426 498 1504 519 cum
1537 494 1675 530 peccata
1704 490 1837 523 remitti
1867 498 2021 535 constet,
2060 493 2196 526 etiamsi

1213 535 1328 570 adhuc
1343 536 1446 579 plena
1464 537 1508 570 sit
1523 545 1648 572 natura
1666 540 1825 582 peccatis,

1316 586 1374 622 17.
1416 586 1560 626 Praeter
1597 589 1865 633 promissionem
1898 593 2077 635 propriam
2112 594 2197 625 novi

1215 637 1451 677 Testamenti,
1486 646 1567 672 sunt
1597 646 1630 673 et
1660 640 1785 684 legales
1812 642 2079 686 promissiones,
2114 644 2198 687 quia

1216 688 1309 721 enim
1348 688 1548 723 obedientia
1586 690 1672 732 legis
1710 692 1808 737 sequi
1840 693 1960 734 debet,
2001 691 2133 726 habent
2165 702 2199 728 et

1215 750 1320 783 opera
1341 750 1418 772 suas
1436 740 1697 783 promissiones.

1321 789 1377 823 18.
1427 789 1532 823 Tales
1571 797 1670 825 sunt:
1712 790 1801 826 Date
1841 800 1874 827 et
1910 794 2054 828 dabitur
2088 795 2199 828 vobis.

1216 840 1352 883 Frange
1372 841 1537 874 esurienti
1556 853 1701 885 panem,
1729 849 1762 876 et
1779 841 1954 877 Dominus
1973 846 2135 879 exaudiet
2153 853 2200 882 te.

1321 890 1377 924 19.
1413 890 1502 924 Cum
1527 904 1630 925 nemo
1653 893 1721 936 legi
1739 893 1945 935 satisfaciat,
1974 893 2040 928 hae
2059 908 2199 941 quoque

1216 942 1465 986 promissiones
1490 942 1634 976 inutiles
1657 951 1689 977 et
1715 944 1834 977 irritae
1856 952 1987 986 essent,
2015 946 2090 978 sine
2116 958 2200 990 pro-

1218 993 1384 1025 missione
1401 990 1596 1035 Evangelii.

1316 1043 1376 1077 20.
1411 1042 1509 1076 Sicut
1531 1043 1639 1086 igitur
1660 1042 1714 1074 lex
1730 1042 1896 1086 impletur
1914 1044 2121 1088 imputative
2139 1057 2201 1088 per

1217 1089 1469 1134 Evangelium,
1503 1093 1549 1124 ita
1582 1092 1832 1136 promissiones
1864 1094 1949 1136 legis
1980 1095 2065 1129 fiunt
2097 1095 2201 1128 utiles

1218 1148 1250 1175 et
1266 1148 1359 1174 ratae
1376 1153 1436 1185 per
1452 1140 1697 1184 Evangelium.

1317 1192 1377 1226 21.
1413 1191 1601 1236 Postquam
1626 1192 1721 1224 enim
1744 1192 1811 1225 fide
1835 1190 2005 1227 habemus
2024 1195 2077 1233 id,
2106 1196 2198 1239 quod

1218 1243 1271 1275 lex
1295 1241 1443 1286 requirit
1468 1242 1692 1285 imputative,
1719 1239 1786 1275 hoc
1809 1250 1877 1281 est,
1907 1251 2090 1289 postquam
2118 1245 2202 1279 iusti

1217 1292 1516 1335 pronunciamur,
1550 1303 1655 1334 opera
1683 1292 1750 1324 iam
1783 1301 1963 1327 merentur
1994 1296 2202 1336 mercedem,

1217 1354 1256 1375 ac
1273 1342 1302 1375 si
1319 1342 1385 1384 legi
1403 1341 1617 1375 satisfactum
1633 1348 1732 1377 esset.

1319 1393 1379 1426 22.
1414 1391 1462 1425 Et
1484 1392 1625 1437 quidem
1652 1393 1719 1434 legi
1735 1393 1962 1428 satisfecimus
1982 1395 2203 1438 imputative.

1218 1442 1502 1476 Pronunciamur
1516 1443 1610 1475 enim
1631 1442 1712 1475 iusti
1729 1449 1874 1486 propter
1891 1442 2071 1477 Christum
2083 1471 2091 1485 ,
2119 1456 2201 1487 per·-

1218 1493 1300 1526 inde
1314 1504 1352 1525 ac
1369 1493 1397 1525 si
1415 1492 1481 1534 legi
1498 1491 1791 1525 satisfecissemus.

1316 1544 1377 1577 23.
1420 1541 1563 1574 Placent
1588 1541 1694 1583 igitur
1717 1542 1777 1575 illa
1800 1554 1923 1586 opera,
1959 1555 2031 1576 non
2059 1552 2201 1589 propter

1217 1604 1313 1625 suam
1336 1591 1561 1634 dignitatem,
1590 1603 1662 1623 non
1685 1592 1765 1636 quia
1787 1592 1854 1636 legi
1877 1594 2112 1635 satisfaciant,
2140 1597 2200 1629 sed

1217 1643 1356 1686 placent
1379 1648 1522 1686 propter
1537 1639 1736 1682 Christum,
1765 1655 1827 1686 per
1849 1655 1952 1687 quem
1977 1656 2125 1687 persona
2150 1652 2201 1678 est

1216 1700 1372 1737 accepta,
1399 1704 1487 1737 quae
1512 1689 1745 1736 apprehendit
1763 1693 2040 1727 misericordiam
2057 1703 2200 1740 propter

1214 1741 1394 1777 Christum
1411 1742 1629 1786 promissam.

1316 1793 1377 1828 24.
1412 1792 1492 1826 Non
1515 1792 1621 1835 igitur
1644 1791 1834 1826 iustificant
1855 1792 1915 1826 illa
1938 1806 2056 1838 opera.
2107 1795 2198 1830 Nam

1215 1851 1250 1878 et
1267 1855 1417 1887 persona
1433 1849 1483 1876 est
1498 1848 1635 1886 accepta
1650 1849 1793 1887 propter
1808 1843 1904 1877 aliud
1916 1871 1926 1885 ,
1952 1851 1985 1878 et
2003 1858 2108 1890 opera
2124 1847 2198 1892 ipsa

1215 1907 1276 1939 per
1292 1905 1363 1927 sese
1381 1894 1449 1937 legi
1466 1905 1539 1926 non
1558 1893 1784 1927 satisfaciunt.

1314 1943 1374 1980 25.
1409 1944 1528 1987 Quare
1552 1955 1686 1988 semper
1712 1944 1935 1978 statuendum
1960 1952 2029 1986 est,
2057 1948 2196 1979 1105111-

1215 1996 1334 2039 digere
1352 1995 1611 2034 misericordia,
1639 1994 1721 2039 quia
1739 2001 1772 2028 et
1790 2001 1916 2029 natura
1933 2002 1983 2029 est
2001 1996 2197 2039 immunda,

1215 2054 1248 2081 et
1264 2058 1369 2090 opera
1389 2052 1471 2079 sunt
1484 2045 1678 2086 immunda,
1695 2051 1727 2078 et
1743 2045 1965 2079 sentiendum
1982 2053 2044 2087 est,
2061 2059 2126 2080 nos
2141 2060 2197 2081 re-

1214 2097 1328 2143 putari
1344 2096 1453 2130 iustos
1470 2102 1611 2140 propter
1624 2094 1805 2130 Christum
1822 2108 1885 2140 per
1898 2097 2184 2133 misericordiam.

1313 2147 1373 2181 26.
1401 2146 1448 2181 Et
1457 2144 1541 2179 haec
1551 2146 1635 2180 fides
1647 2147 1689 2179 ad
1701 2158 1885 2191 personam
1897 2148 2076 2189 referatur,
2099 2149 2194 2192 quod

1213 2210 1362 2243 persona
1379 2198 1509 2245 placeat
1525 2209 1587 2240 per
1601 2197 1890 2231 misericordiam.

1315 2248 1377 2282 27.
1418 2247 1523 2291 Quod
1548 2247 1678 2281 Paulus
1707 2248 1812 2281 dixit:
1845 2246 1963 2282 Omne
1993 2249 2088 2292 quod
2120 2260 2192 2281 non

1214 2306 1263 2332 est
1293 2311 1332 2332 ex
1360 2300 1447 2339 fide,
1480 2305 1656 2343 peccatum
1680 2305 1749 2337 est,
1783 2299 1885 2332 fidem
1907 2305 2005 2331 vocat
2027 2298 2192 2331 fiduciam

1213 2349 1493 2389 misericordiae,
1519 2349 1607 2382 sicut
1629 2349 1726 2384 31135.
1777 2347 1857 2381 Non
1877 2355 1975 2381 vocat
1992 2348 2095 2382 fidem
2111 2355 2191 2382 tan-

1212 2407 1286 2434 tum
1302 2401 1467 2434 noticiam
1482 2400 1584 2443 legis,
1609 2406 1669 2433 aut
1683 2398 1918 2432 obedientiam
1935 2409 2014 2442 erga
2033 2399 2154 2442 legem.

1311 2451 1372 2487 28.
1406 2451 1542 2484 Noticia
1566 2450 1650 2493 legis
1672 2455 1721 2482 est
1744 2448 1868 2490 timor,
1893 2449 1978 2483 fides
2000 2450 2114 2484 autem
2138 2456 2190 2482 est

1210 2501 1334 2535 fiducia
1351 2501 1620 2535 misericordiae.

1308 2552 1366 2586 29.
1402 2552 1484 2585 Ideo
1508 2558 1622 2584 autem
1646 2556 1824 2592 peccatum
1849 2557 1920 2592 est,
1942 2551 2036 2595 quod
2061 2563 2134 2584 non
2150 2551 2188 2584 fit

1209 2612 1247 2633 ex
1270 2602 1357 2641 fide,
1392 2603 1475 2647 quia
1499 2600 1674 2634 dubitatio
1690 2600 1922 2636 conscientiae
1941 2608 1989 2635 est
2007 2609 2185 2645 peccatum

1207 2658 1240 2684 et
1256 2653 1461 2697 desperatio.
