2324 2955
195 140 268 175 543

198 232 233 260 et
254 222 354 261 fidei,
381 220 466 252 scito
492 224 524 250 te
551 216 620 248 iam
647 214 782 258 placere
799 213 899 256 Deo,
926 220 960 248 et
974 213 1090 248 Deum
1111 215 1179 250 tibi
1203 216 1207 281 ἱ

199 276 336 310 adesse,
364 269 452 301 velle
471 265 555 300 haec
579 265 684 299 initia
707 263 921 310 provehere,
947 271 981 299 et
1002 265 1091 299 velle
1113 266 1181 300 tibi

198 327 236 358 in
276 319 474 359 vocatione,
511 317 548 350 in
582 316 836 360 gubernatione
864 329 967 361 opem
999 316 1108 358 serre,
1137 329 1181 350 ne

197 375 325 408 frustra
345 369 468 403 nitaris
481 395 491 410 ,
518 380 596 401 cum
616 367 692 401 Deo
711 367 841 401 servire
863 367 975 411 cupis.

297 421 355 456 33.
383 419 457 453 Hac
474 426 546 453 tota
563 418 722 452 doctrina
739 416 926 462 Evangelii
951 429 1016 451 nos
1034 419 1077 452 ad
1096 430 1182 463 poe--

200 473 406 512 nitentiam‚
451 470 576 510 fidem,
619 468 879 502 invocationem
910 468 977 503 Dei
1013 475 1046 503 et
1081 481 1182 503 veros

197 525 311 559 cultus
338 528 371 556 et
401 522 514 554 bonos
537 520 670 553 fructus
696 520 902 561 excitemus,
940 526 1084 564 propter
1107 520 1182 564 glo-

197 575 287 609 riam
301 572 388 614 Dei,
415 579 448 606 et
463 570 611 605 Domini
636 570 749 604 nostri
766 569 845 603 Iesu
860 568 1014 611 Christi,
1039 577 1079 604 ut
1095 571 1184 604 scia-

197 637 276 659 mus
298 624 434 657 labores
457 628 596 655 nostros
619 633 691 654 non
716 621 790 654 sore
812 621 934 655 inanes
958 621 996 653 in
1018 619 1185 655 Domino.

197 674 347 710 Etiamsi
366 673 473 716 impia
490 672 680 706 multitudo
699 668 906 713 hominum,
933 683 1022 716 quae
1045 678 1096 705 est
1110 683 1184 705 ma-

198 727 313 766 xima,
340 735 404 757 nos
421 723 576 763 deridet,
604 729 663 756 aut
680 723 777 763 odit,
804 729 838 756 et
855 722 1088 767 multiplicem
1108 733 1185 755 sae-

199 776 323 810 vitiam
339 775 375 807 in
390 785 454 807 nos
472 779 625 813 exercet,
652 771 743 806 hanc
767 779 883 806 tamen
907 773 1184 806 consolationem

200 834 398 861 teneamus:
435 821 536 858 AVon
566 822 654 856 erit
688 821 825 857 labor
850 827 996 857 vester
1021 821 1185 857 inanis

201 877 246 910 in
273 874 449 909 Domin
462 886 491 907 o.
1211 869 1213 901 l

1210 904 1213 959 l

1210 962 1213 987 ι

368 1000 631 1047 Sequuntur
659 991 1023 1046 THEMATA,

201 1064 308 1105 quae
335 1055 430 1104 post
447 1055 613 1090 mortem
628 1048 854 1088 reverendi
877 1049 959 1086 viri
976 1049 1026 1087 D.
1044 1048 1187 1087 Mar-

201 1110 299 1149 tini
341 1106 569 1148 Lutheri
618 1105 662 1144 in
698 1103 924 1142 Academia
963 1102 1213 1143 number-¹

440 1162 569 1217 gensi
598 1164 695 1201 sunt
726 1159 949 1211 disputata.

202 1259 381 1307 (LYIII.)
417 1258 473 1293 Ex
502 1256 716 1303 ἀρχέτυπῳτ
758 1258 1034 1300 Propositiones
1057 1259 1188 1292 Petri
1212 1262 1214 1280 ³

202 1310 483 1347 Malvendae
512 1310 729 1352 propositae
753 1310 793 1341 in
815 1307 992 1351 colloquio
1017 1309 1189 1352 Ratispo-
1213 1309 1215 1338 ἴ

202 1365 327 1404 nen-Si,
355 1362 457 1394 Anno
481 1358 592 1395 1546.
646 1361 701 1390 His
726 1362 881 1400 oppositae
898 1362 1119 1399 propositiones
1135 1373 1189 1390 re-

204 1428 270 1454 rae,
315 1415 480 1454 disputatae
506 1424 521 1442 a
546 1411 588 1444 M.
613 1411 822 1441 maximiliano
850 1409 956 1441 Mauro
980 1410 1190 1451 Yitebergensi

202 1469 326 1498 docente
342 1465 487 1504 Evangel.
509 1467 541 1493 in
565 1465 632 1492 aula
655 1462 768 1493 Illustr.
787 1461 883 1491 Ducis
910 1460 1060 1491 Saxoniae
1076 1461 1189 1492 Iohan-

204 1521 249 1549 nis
277 1517 395 1547 Ernesti
426 1523 481 1544 etc.
534 1513 593 1543 Die
626 1512 727 1542 Martii
758 1513 931 1543 undecimo.

418 1566 497 1605 apud
514 1563 623 1594 Vitum
640 1563 794 1594 creutzer.
836 1562 929 1593 1546.
955 1563 985 1593 8.

986 1511 1167 1553 Vitebergae
1181 1537 1189 1552 ‚

204 1655 477 1698 Propositiones
494 1654 524 1685 P
534 1653 625 1685 etri
643 1651 667 1684 d
678 1661 697 1684 e
716 1651 789 1684 ssIa
801 1650 813 1684 l
824 1661 843 1684 υ
853 1661 872 1684 e
883 1662 906 1684 η
919 1649 943 1684 cl
954 1661 976 1683 α
1003 1652 1043 1684 in
1063 1651 1189 1696 colloq.

206 1708 349 1748 Ratisp.
378 1714 473 1736 anno
493 1700 603 1737 1546.
631 1702 855 1744 propositae.
909 1700 1085 1742 (Leguntur
1101 1705 1191 1732 etiam
1215 1713 1217 1727 ν

307 1761 338 1786 iu
355 1768 426 1796 opp.
445 1754 572 1785 Lutheri
595 1757 680 1785 latin.
697 1753 817 1783 W'iteb.
835 1751 873 1782 T.
891 1750 934 1782 Π.
951 1764 980 1792 p.
998 1752 1091 1791 506.)

206 1815 252 1854 In
272 1819 514 1853 iustificatione
528 1817 718 1862 peccatoris
733 1816 924 1850 remittitur
938 1822 1113 1860 peccatum
1130 1828 1192 1860 per
1216 1853 1217 1859 ἵ

205 1870 387 1904 Christum
404 1870 645 1908 mediatorem,
669 1875 701 1900 et
717 1867 826 1909 gratia
844 1866 1056 1909 infunditur,
1085 1865 1191 1912 idque

207 1921 245 1954 fit
263 1933 302 1954 ex
320 1932 415 1953 mera
431 1918 497 1952 Dei
516 1919 625 1962 gratia
644 1918 751 1951 nullis
768 1917 901 1950 meritis
921 1917 1063 1950 nostris.

307 1973 344 2007 2.
386 1968 443 2003 Ad
461 1967 552 2002 hanc
576 1968 857 2002 iustificationem
876 1968 912 1999 in
928 1967 1078 2008 adultis,
1105 1980 1191 2001 con—

207 2028 356 2056 currunt
377 2021 481 2054 etiam
506 2026 603 2053 actus
627 2019 730 2051 liberi
755 2018 915 2059 arbitrii,
942 2018 1062 2051 motia
1080 2019 1189 2062 gratia

207 2071 458 2118 praeveniente
478 2077 509 2103 et
528 2069 633 2103 simul
652 2069 850 2102 comitante.

309 2122 345 2158 3.
379 2121 483 2154 Fides
499 2132 566 2167 qua
586 2120 760 2153 credimus
778 2117 945 2153 historiae
962 2119 1192 2163 evangelicae,

210 2180 242 2206 et
256 2171 371 2206 Deum
395 2179 530 2217 patrem
554 2170 689 2204 misisse
713 2170 815 2203 nobis
840 2170 950 2203 filium
978 2170 1191 2215 propiciato-

211 2235 283 2256 rem
311 2235 375 2267 pro
399 2222 548 2267 peccatis
572 2221 719 2259 nostris,
746 2227 778 2254 et
796 2232 857 2264 per
872 2221 968 2254 illius
984 2221 1191 2264 sanguinem

210 2273 342 2306 remitti
368 2280 527 2316 peccata,
554 2278 604 2307 est
627 2272 665 2305 in
688 2271 818 2306 adultis
840 2272 884 2305 ad
909 2272 1190 2306 iustificationem

210 2323 413 2357 necessaria.

311 2372 346 2408 4.
382 2372 461 2406 Non
488 2380 602 2406 tamen
620 2374 693 2407 sola
711 2374 753 2407 ad
772 2372 1033 2406 iustificandum
1052 2373 1190 2412 sufficit,

211 2424 272 2458 sed
305 2423 535 2468 requiruntur
567 2423 671 2457 etiam
701 2435 778 2468 spes
803 2430 836 2458 et
859 2424 1002 2465 caritas,
1037 2431 1070 2459 et
1095 2430 1191 2458 actus

209 2473 446 2519 poenitentiae
463 2473 604 2507 caritate
623 2473 843 2509 informatus.

310 2522 344 2558 5.
380 2521 488 2558 Actus
514 2521 552 2556 hi
579 2525 621 2557 ad
640 2523 961 2572 iustificationem¹)
979 2524 1090 2559 adulti
1106 2536 1190 2559 con-

210 2581 410 2615 currentes,
438 2585 510 2607 non
528 2580 609 2607 sunt
625 2574 881 2610 iustificationis
905 2576 1089 2611 meritorii.

244 2709 268 2738 1)
290 2706 369 2731 Peuc.
390 2705 603 2737 iudlisxcmulum.

959 126 1445 166 DISPUTATIONES

1211 990 1213 1017 ;
1237 987 1325 1019 gem.

1210 1021 1213 1034 l

2137 134 2213 172 544

1329 216 1364 252 6.
1406 211 1485 249 Etsi
1501 222 1633 251 certum
1651 217 1713 259 sit,
1738 217 1855 251 omnia
1875 226 2014 263 peccata
2030 232 2118 265 quae
2137 222 2211 255 ullo

1206 299 1207 305 ,
1231 278 1386 312 unquam
1400 272 1557 311 tempore
1569 268 1711 302 remissa
1727 275 1820 310 sunt,
1836 276 1896 303 aut
1910 271 2138 305 remittuntur
2152 284 2213 316 per

1206 346 1207 350 ,
1232 317 1439 361 sanguinem
1458 318 1705 362 propiciatoris
1720 320 1869 353 remitti:
1899 327 2014 354 tamen
2040 333 2117 354 cum
2136 323 2214 367 quis

1206 366 1208 402 ἶ
1233 369 1378 401 firmiter
1403 374 1436 401 et
1460 375 1554 402 certo
1581 370 1699 402 statuit
1725 370 1793 403 sibi
1817 371 1961 404 remissa
1978 383 2049 404 esse
2066 379 2214 415 peccata,

1208 458 1209 463 ¹
1233 431 1306 452 non
1323 416 1457 452 habens
1472 418 1687 453 conditionis
1707 430 1788 452 suae
1815 428 1848 455 et
1871 421 2085 456 infirmitatis
2109 422 2215 456 ratio-

1234 482 1333 509 nem,
1362 469 1493 503 iudicio
1519 470 1629 513 magis
1653 470 1858 510 temerario,
1894 484 1998 517 quam
2025 473 2217 517 scripturae

1235 520 1422 554 autoritate
1439 521 1592 556 ducitur.

1339 570 1372 604 7.
1416 569 1448 603 Is
1471 571 1527 604 cui
1545 571 1688 604 remissa
1706 578 1844 615 peccata
1862 579 1960 614 sunt,
1988 579 2102 617 potest
2118 574 2217 607 auxi·

1236 622 1284 655 lio
1302 621 1431 665 gratiae
1449 622 1521 655 Dei
1537 622 1587 655 sic
1609 622 1756 666 implere
1773 620 1839 655 Dei
1862 630 2063 667 praecepta,
2088 630 2127 657 ut
2143 622 2218 658 Deo

1210 674 1213 719 Ἰ
1236 680 1268 706 et
1286 673 1443 716 proximo
1462 674 1602 713 reddat,
1632 673 1725 718 quod
1744 673 1860 709 debet.
1896 673 2003 716 Quod
2021 674 2108 707 dum
2126 674 2218 715 facit,

1210 760 1212 773 <
1236 736 1310 756 nou
1327 723 1440 757 solum
1457 735 1530 755 non
1554 729 1672 767 peccat
1693 724 1906 765 mortaliter,
1941 725 2002 758 sed
2026 724 2144 769 potius
2168 731 2220 758 est

1211 776 1212 824 J
1237 774 1348 807 iustus
1366 775 1456 818 apud
1474 773 1607 812 Deum,
1636 780 1670 807 et
1683 773 1767 816 legis
1783 774 1968 818 impletor,
1994 781 2028 809 et
2047 775 2220 808 eiusmodi

1237 822 1398 857 homines
1413 837 1492 857 vere
1511 825 1593 858 iusti
1610 830 1693 857 sunt
1708 825 1802 868 apud
1817 823 1943 866 Deum,
1971 833 2004 860 et
2018 826 2127 869 legem
2146 826 2219 858 eius

1238 875 1407 919 implent,
1436 875 1516 920 quia
1535 874 1681 918 gratiam
1698 872 1828 908 habent
1843 877 1988 910 omnino
2004 883 2140 920 peccata
2158 877 2220 909 de-

1237 926 1385 966 lentem,
1420 933 1452 959 et
1476 931 1716 969 suggerentem
1738 925 1831 959 vires
1861 927 1904 959 ad
1931 927 2146 971 implendam
2171 926 2221 958 le—

1377 974 1458 1008 Non
1477 977 1557 1020 quia
1573 982 1710 1019 peccata
1727 988 1816 1020 quae
1834 983 1910 1019 post
1932 977 2105 1010 iusticiam
2126 988 2221 1010 acce·

1236 1033 1332 1069 ptam
1356 1023 1471 1059 adhuc
1495 1032 1676 1066 maneant,
1711 1025 1781 1058 illis
1804 1038 1877 1059 non
1900 1027 2136 1071 imputentur,
2163 1033 2223 1060 aut

1238 1081 1421 1118 propterea
1444 1083 1603 1115 tantum,
1631 1077 1725 1120 quod
1747 1076 1901 1116 iusticia,
1930 1089 2034 1122 quam
2051 1090 2124 1111 non
2142 1077 2220 1122 ipsi,

1212 1145 1213 1152 κ
1239 1126 1297 1157 sed
1314 1122 1474 1158 Christus
1492 1126 1590 1166 fecit,
1617 1126 1688 1157 illis
1705 1126 1898 1169 imputetur
1924 1139 1985 1170 per
2003 1126 2195 1161 Christum.

1340 1175 1373 1209 8.
1408 1174 1566 1208 Dicimus
1591 1187 1696 1219 opera
1722 1173 1826 1217 haee,
1854 1178 1982 1222 quibus
2003 1178 2113 1221 legem
2139 1177 2221 1210 iusti

1212 1217 1214 1250 Ῐ
1240 1225 1406 1268 implent,
1441 1233 1472 1258 et
1496 1224 1563 1257 Dei
1590 1226 1807 1258 voluntatem
1834 1235 2047 1272 sequuntur,
2079 1229 2127 1260 sic
2150 1239 2222 1260 esse

1240 1275 1331 1308 vitae
1357 1281 1517 1308 aeternae
1545 1275 1744 1316 meritoria,
1769 1282 1809 1309 ut
1834 1276 1882 1310 eis
1899 1276 2002 1311 Pauli
2019 1278 2221 1311 testimonio

1213 1343 1215 1354 ·
1240 1326 1418 1358 reddenda
1439 1326 1482 1358 sit
1500 1337 1630 1359 corona
1649 1325 1817 1360 iusticiae.

1343 1375 1377 1410 9.
1419 1375 1600 1409 Postremo
1623 1376 1752 1409 multae
1774 1373 1930 1410 hominis
1958 1377 2112 1412 actiones
2142 1385 2223 1412 sunt

1241 1434 1321 1460 ante
1338 1426 1639 1466 iustificationern‚
1662 1438 1751 1471 quae
1768 1438 1840 1459 non
1864 1439 1986 1470 parum
2010 1429 2222 1468 conducunt,

1214 1489 1216 1498 ¹
1240 1484 1278 1510 ut
1304 1477 1593 1510 clementissimus
1617 1476 1712 1510 Deus
1735 1477 1855 1509 oculos
1879 1488 1960 1509 suae
1990 1478 2156 1511 bonitatis
2189 1485 2221 1511 et

1215 1526 1431 1560 ¹ineffabilis
1464 1526 1724 1560 misericordiae
1759 1526 1803 1559 ad
1839 1526 2090 1570 ignoscendum
2122 1539 2221 1572 saepe

1241 1583 1431 1612 convertat.

1267 1662 1554 1695 Contrartae
1584 1665 1631 1694 et
1656 1671 1799 1694 verae
1824 1663 2199 1705 propositiones,

1242 1709 1458 1754 disputatae
1486 1709 1714 1757 Witebevyae
1741 1722 1764 1744 α
1780 1713 1968 1757 fllagistro
1984 1708 2173 1746 Maxim
2185 1716 2221 1748 i-

1241 1762 1308 1795 lia
1320 1772 1371 1794 no
1394 1756 1467 1794 Ma
1480 1770 1502 1793 u
1512 1771 1531 1793 r
1542 1772 1560 1793 o
1572 1784 1583 1801 ,
1612 1761 1766 1793 docente
1790 1763 2035 1806 Evangelium
2062 1765 2103 1796 in
2130 1764 2221 1797 aula

1240 1812 1495 1846 Illustrissimi
1524 1811 1648 1844 Ducis
1675 1812 1868 1844 Saoeoniae
1899 1810 2077 1846 Iohannis
2109 1814 2222 1847 Erne-

1240 1865 1291 1896 sti
1310 1867 1379 1896 etc.
1432 1863 1478 1894 Et
1500 1865 1655 1905 petente
1676 1861 1836 1907 yradum
1850 1859 2052 1905 Doctoris,
2074 1866 2223 1907 praesi-

1242 1912 1355 1948 dente
1386 1911 1558 1957 Philippo
1579 1911 1821 1947 Metantlwne
1830 1936 1842 1955 ,
1886 1924 1983 1948 anno
2022 1913 2131 1950 1546.
2159 1914 2220 1949 die

1625 1962 1681 1998 12.
1696 1965 1844 1998 Martii.

1214 2062 1215 2065 ,
1240 2025 1293 2067 Ut
1309 2037 1389 2065 ante
1406 2035 1598 2063 extremum
1616 2039 1763 2072 agonem
1780 2029 1872 2063 filius
1889 2027 1954 2063 Dei
1978 2037 2137 2074 precatus
2156 2038 2221 2065 est:

1241 2081 1345 2116 Pater
1359 2079 1535 2114 sanctifica
1551 2091 1610 2113 eos
1628 2080 1666 2113 in
1681 2080 1839 2120 veritate,
1866 2091 1980 2113 sermo
1999 2087 2080 2115 tuus
2096 2088 2146 2115 est
2164 2094 2221 2114 ve-

1241 2133 1339 2166 ritas:
1369 2132 1416 2165 ita
1432 2137 1465 2164 et
1482 2142 1546 2164 nos
1563 2137 1739 2174 petamus,
1766 2142 1811 2164 ne
1825 2129 1920 2164 Deus
1937 2131 2092 2174 extingui
2107 2131 2221 2164 lucem

1240 2182 1424 2226 Evangelii
1447 2181 1558 2221 sinat,
1599 2188 1632 2215 et
1655 2187 1792 2215 nostras
1822 2193 1941 2226 preces
1972 2182 2016 2215 ad
2038 2181 2220 2215 Pontifieis

1240 2234 1354 2268 nostri
1370 2232 1516 2268 Domini
1533 2231 1611 2266 lesu
1629 2229 1763 2267 Christi
1788 2232 2024 2276 precationem
2049 2232 2222 2276 adiunga-

1241 2296 1330 2320 mus.
1392 2283 1563 2316 Videmus
1597 2283 1692 2316 enim
1726 2282 1927 2327 praestigias
1961 2282 2148 2326 excogitari
2176 2285 2219 2316 ad

1241 2335 1458 2370 obruendam
1482 2331 1667 2377 Evangelii
1693 2345 1822 2366 vocem.

1309 2402 1315 2409 ι
1340 2386 1374 2420 2.
1406 2383 1607 2418 Assentitur
1624 2383 1814 2418 Malvenda
1834 2381 1967 2426 requiri
1983 2382 2098 2425 fidem,
2125 2384 2218 2418 scili-

1241 2444 1294 2472 cet
1309 2436 1475 2471 noticiam
1497 2432 1674 2475 historiae,
1701 2432 1814 2479 qualis
1830 2438 1864 2465 et
1885 2432 1922 2465 in
1941 2431 2029 2467 Iuda
2050 2441 2134 2476 erat,
2151 2446 2218 2480 qua

1240 2488 1352 2523 credit
1369 2486 1548 2532 aliquibus
1564 2483 1694 2519 remitti
1712 2489 1861 2528 peccata.
1900 2481 2039 2517 Deinde
2056 2496 2140 2519 vero
2157 2486 2219 2518 de-

1241 2540 1289 2573 let
1312 2537 1541 2583 praecipuum
1569 2534 1757 2570 articulum
1782 2533 1961 2568 doctrinae
1975 2535 2020 2568 de
2035 2534 2123 2577 fide,
2149 2547 2217 2581 qua

1241 2590 1337 2623 iubet
1351 2588 1446 2623 Deus
1469 2596 1756 2630 unumquemque
1781 2590 1940 2627 agentem
1964 2585 2217 2628 poenitentiam

1242 2647 1390 2674 statuere
1419 2638 1488 2672 sibi
1519 2636 1585 2680 ipsi
1612 2647 1693 2668 vere
1725 2635 1856 2669 remitti
1886 2642 2043 2679 peccata,
2077 2643 2218 2681 propter

1214 2718 1217 2725 ⁴
1241 2691 1486 2729 mediatorem,
1512 2698 1583 2720 non
1600 2692 1743 2732 propter
1759 2686 1844 2720 alias
1860 2686 2081 2731 placationes.
