2324 2955
77 128 151 166 685

77 210 382 251 ordinationibus,
418 211 509 258 quia}
522 209 670 256 perinde
695 218 872 246 creaturae
888 209 956 245 Dei
977 217 1058 243 sunt

76 272 182 310 atque
197 263 275 304 lux,
301 264 363 297 ae'r
377 268 441 298 etc.

178 313 278 347 Licet
307 314 415 357 igitur
439 309 643 346 Christiano
676 311 899 355 magistratus
928 320 1058 354 gerere,

77 376 236 400 exercere
262 364 411 405 iudicia,
443 363 579 404 iurare,
605 363 744 406 litigare
765 363 802 395 in
825 363 923 403 soro,
955 371 1057 394 accu—

77 427 154 450 sare
171 421 204 449 et
217 415 403 448 defendere
420 414 585 450 militare.
643 413 690 447 Et
713 413 799 447 alibi
822 413 900 446 aliis
924 411 1058 456 politiis

78 479 118 500 ac
133 465 266 508 legibus
283 465 335 499 uti
351 472 483 509 potest,
510 465 600 499 sicut
617 464 704 498 alibi
722 464 800 497 aliis
817 463 956 497 dierum
978 473 1058 506 spa-

77 516 138 549 ciis
155 515 277 549 utitur.
329 515 410 550 Non
429 516 524 549 enim
549 527 670 549 sumus
688 515 732 548 ad
756 521 884 548 certam
908 514 1056 546 sormam

74 565 218 610 politiae
252 566 385 610 alligati
417 567 506 601 sicut
534 565 676 607 Iudaei,
717 565 798 610 quia
823 562 1057 607 Evangelium

76 628 151 649 non
167 616 323 651 instituit
338 617 498 662 politiam
513 623 691 650 externam
707 617 797 650 sicut
813 616 866 649 lex
877 640 886 655 ‚
912 615 971 647 sed
987 621 1057 647 tra-

76 667 130 701 dit
145 667 317 701 iustitiam
331 674 508 702 aeternam
525 667 652 703 cordis.

178 715 312 751 Errant
343 718 404 763 qui
432 717 610 759 iudicant,
651 717 762 751 edicta
792 716 1056 760 magistratuum

75 773 213 802 tantum
229 766 359 802 habere
375 780 527 813 poenam
543 769 784 813 temporalem.
817 767 948 800 Paulus
965 766 1058 798 enim

74 817 173 851 iubet
196 818 339 852 obedire
361 831 436 852 non
459 825 596 852 tantum
620 826 764 864 propter
789 829 955 862 poenam,
999 817 1059 849 sed

75 875 219 911 propter
247 869 510 903 conscientiam.
571 869 691 912 Quare
722 876 754 902 et
779 869 874 902 Deus
906 867 1061 900 minatur

75 929 206 962 poenas
222 920 374 954 aeternis
391 918 467 963 his,
494 920 555 965 qui
576 920 712 954 violant
738 920 851 952 edicta
878 919 1061 960 magistra-

76 974 190 1004 tuum.

178 1019 271 1070 γεω
289 1027 321 1054 et
337 1021 513 1064 sapienter
530 1021 663 1053 dictum
682 1027 732 1052 est
749 1031 767 1052 a
783 1016 934 1059 Druso,
968 1030 1061 1051 rem-

74 1070 255 1114 publicam
272 1081 407 1104 sacram
422 1082 515 1111 esse,
543 1082 651 1115 quare
668 1071 711 1102 ab
731 1070 898 1103 omnibus
923 1070 954 1102 ei
980 1081 1060 1113 poe-

75 1132 142 1155 nae
159 1121 360 1159 solvantur‚
387 1121 449 1165 qui
468 1133 544 1153 eam
563 1121 710 1153 violant.

178 1169 291 1204 Causa
316 1171 545 1204 rotunditatis
568 1171 606 1203 in
624 1169 720 1202 Iride
746 1182 819 1202 non
848 1177 896 1203 est
921 1169 1063 1213 proprie

75 1221 187 1264 figura
217 1221 300 1255 solis
328 1221 487 1254 relucens
519 1226 558 1254 ut
589 1221 626 1253 in
656 1221 816 1264 speculo,
862 1222 920 1253 sed
954 1221 1063 1263 ligura

77 1272 195 1306 nubis.

455 1379 542 1426 (Π.)
586 1382 684 1415 Alsa,

270 1432 374 1474 (opp.
394 1432 466 1464 Mei.
482 1434 577 1466 Basa.
596 1434 634 1464 T.
654 1432 710 1463 ιιι.
737 1446 766 1473 p.
787 1435 877 1472 290.)

78 1507 307 1549 Aristoteles
332 1521 425 1548 recte
449 1515 575 1556 sentit,
602 1526 734 1547 usuras
758 1526 830 1548 esse
854 1522 975 1549 contra
1003 1527 1065 1549 na-

76 1572 203 1599 turam.

178 1622 290 1656 Porro
305 1633 379 1655 non
396 1621 506 1656 dubia
521 1622 640 1665 regula
657 1629 707 1656 est
728 1623 771 1655 de
798 1622 941 1666 politica
966 1623 1065 1656 iusti-

78 1673 126 1707 tia
138 1700 147 1714 ,
174 1674 229 1706 ius
247 1673 407 1706 naturale
425 1684 505 1705 vere
522 1685 593 1706 esse
609 1673 663 1706 ius
679 1673 856 1708 divinum.

180 1731 228 1766 Et
244 1738 361 1766 tamen
377 1730 520 1776 Moyses
536 1731 898 1772 conceditIIebraeis,
926 1739 965 1766 ut
983 1744 1067 1766 usu-

80 1794 136 1816 ras
155 1782 295 1826 exigant
313 1782 358 1815 ab
377 1781 597 1825 alienigenis.

181 1840 424 1875 Permiserunt
441 1840 527 1873 olim
544 1841 636 1884 leges
655 1840 912 1885 Imperatorum
931 1842 1067 1885 exigere

79 1903 216 1926 usuras.
286 1890 359 1925 Nec
391 1902 549 1936 peccasse
579 1892 776 1926 iudicamus
805 1891 1068 1937 Imperatorem,

78 1955 157 1977 cum
175 1942 334 1987 permisit
352 1953 477 1976 usuras
494 1942 594 1985 exigi.

181 2000 281 2035 Sicut
322 2001 495 2045 approbat
534 1999 770 2045 Evangelium
800 2000 1068 2044 magistratum,

78 2051 127 2085 ita
148 2052 320 2096 approbat
340 2058 561 2092 contractus,
587 2064 673 2096 quos
688 2052 820 2086 iudicat
845 2052 1069 2095 magistratus

79 2113 153 2136 esse
180 2100 350 2136 honestos
373 2109 406 2136 ct
427 2102 531 2136 utiles
554 2103 708 2146 reipubl.

180 2158 229 2194 Et
244 2160 396 2206 pertinet
412 2159 584 2193 iudicium
603 2161 647 2193 de
665 2161 904 2195 contractibus
926 2162 969 2193 ad
993 2173 1067 2193 ma-

79 2211 260 2254 gistratus,
301 2223 374 2244 non
406 2211 449 2244 ad
476 2208 662 2253 Evangelii
691 2212 885 2248 ministros.
948 2212 1067 2254 Quare

80 2261 233 2296 viderint
257 2261 414 2295 ministri
437 2259 646 2305 Evangelii,
682 2274 727 2295 ne
750 2269 880 2296 temere
903 2274 1068 2306 pronun—

82 2311 194 2351 cient,
225 2312 285 2357 qui
308 2318 506 2346 contractus
532 2313 601 2346 sint
627 2313 761 2351 vitiosi,
797 2325 841 2347 ne
867 2314 1068 2346 iudicentur

82 2362 119 2394 in
137 2361 252 2395 alieno
269 2363 409 2406 negotio
427 2364 769 2411 πολυπραγιιιονεῖν.

183 2419 365 2454 Peccatum
379 2429 430 2456 est
445 2433 569 2455 usuras
587 2423 744 2465 exigere,
771 2424 831 2456 sed
850 2434 935 2468 quas
955 2423 1067 2465 magi-

87 2478 213 2505 stratus
231 2471 360 2506 iudicat
375 2484 496 2506 usuras
513 2485 596 2508 esse.
637 2473 822 2507 Peccatum
840 2481 890 2508 est
907 2486 978 2506 uon
996 2474 1066 2506 sol-

82 2534 162 2555 vere
192 2529 308 2566 pactas
337 2534 475 2564 usuras,
517 2524 623 2558 etiarn
650 2537 728 2558 cum
753 2531 897 2569 peccant
921 2524 976 2557 isti
1003 2524 1065 2569 qui

82 2572 240 2615 exigunt.

182 2629 272 2664 Cum
299 2630 447 2664 maxima
469 2632 512 2666 sit
536 2633 785 2668 dissimilitudo
806 2641 1064 2675 contractuum,

83 2681 184 2724 longe
199 2688 315 2716 errant
330 2682 397 2723 isti,
419 2683 480 2727 qui
496 2695 615 2719 omnes
628 2687 760 2720 reditus
776 2686 868 2720 iuxta
883 2687 1062 2720 damnant.

711 123 973 160 PHILIPPI
1007 119 1454 160 MELANTIIONIS.

2027 122 2099 157 686

1214 208 1361 243 Pactum
1378 209 1420 241 de
1438 209 1645 243 redimendo
1663 220 1737 243 non
1751 208 1855 242 viciat
1872 207 2097 251 emptionem,

1111 267 1150 294 ut
1162 266 1308 294 testatur
1324 260 1366 295 L.
1384 259 1423 294 Si
1441 261 1602 296 fundum.
1631 259 1669 296 C.
1687 261 1730 294 de
1753 266 1853 304 pacto
1876 259 1969 293 inter
1990 265 2095 302 etnpt.

1111 317 1145 345 et
1161 311 1295 347 vendit.

1214 369 1363 412 Quoties
1381 376 1497 404 autem
1516 382 1595 404 vera
1614 370 1744 414 emptio
1771 369 2017 407 constituitur,
2046 369 2095 401 le—

1110 421 1252 463 gitimus
1269 428 1320 455 est
1338 428 1553 462 contractus,
1579 421 1683 454 etiarn
1702 421 1730 454 si
1753 420 1932 454 accesserit
1955 427 2095 464 pactum

1110 473 1153 505 de
1170 472 1391 505 redimendo.

1214 528 1296 563 Duo
1314 541 1440 573 genera
1460 530 1594 563 suntin
1617 540 1702 569 usu,
1730 535 1789 561 ant
1814 528 1941 561 emitur
1964 528 2096 560 fundus

1111 587 1170 615 aut
1186 581 1314 614 emitur
1330 581 1478 614 servitus
1494 581 1530 613 in
1547 580 1647 614 bonis
1665 579 1869 619 venditoris,
1898 590 1976 611 cum
1995 585 2094 622 pacto

1111 632 1339 667 revendendi.
1393 632 1435 664 In
1450 638 1601 676 utroque
1618 642 1698 663 casu
1714 641 1795 662 vera
1811 630 1940 673 emptio
1965 629 2096 661 consti-

1112 683 1163 716 tui
1181 689 1305 726 potest.
1361 682 1520 726 Utroque
1540 682 1646 724 igitur
1662 692 1786 724 genere
1801 678 2024 714 Christianus
2043 679 2095 711 uti

1112 740 1244 777 potest,
1270 741 1309 767 ut
1324 733 1403 766 aliis
1421 733 1574 777 politicis
1590 731 1887 765 ordinationibus.

1214 791 1390 825 Iudicium
1425 793 1467 824 de
1498 790 1735 824 contractibus
1768 802 1840 822 non
1875 789 2025 833 pertinet
2055 790 2099 821 ad

1115 843 1214 883 illos,
1242 843 1302 887 qui
1320 840 1704 885 docentEvangelium,
1730 842 1789 874 sed
1807 841 1848 873 ad
1867 840 2100 883 magistratus.

1216 900 1262 934 Et
1287 901 1469 941 convenit,
1502 901 1743 943 magistratum
1768 912 1840 931 non
1870 911 1942 932 esse
1966 895 2099 940 *tuosne

1116 955 1294 998 θρωπον,
1338 952 1397 983 sed
1430 952 1522 993 leges
1551 952 1593 982 ad
1626 951 1835 995 aequitatem
1870 952 2024 987 flectere,
2069 956 2102 981 et

1115 1005 1224 1038 multa
1241 1002 1458 1046 temporibus
1476 1002 1677 1034 concedere.

1217 1061 1265 1095 Et
1287 1059 1472 1102 Theologo
1508 1059 1590 1092 satis
1624 1065 1672 1091 est
1701 1059 1844 1097 (locere,
1880 1059 1972 1102 quod
1996 1056 2101 1091 Citri-

1116 1115 1230 1148 stiano
1258 1112 1360 1144 liceat
1390 1111 1441 1143 uti
1473 1110 1625 1154 politicis
1657 1109 1953 1141 ordinationibus.
2032 1109 2103 1140 Nec

1117 1170 1261 1210 quaerat
1277 1158 1559 1206 ἀκριβοδίκαιον
1578 1161 1613 1192 in
1631 1160 1777 1199 talibus,
1806 1172 1868 1192 nec
1887 1160 2004 1202 alliget
2019 1172 2102 1191 con-

1117 1214 1278 1249 scientias
1296 1214 1339 1245 ad
1357 1219 1484 1245 certam
1500 1212 1649 1244 formam
1668 1218 1701 1244 ct
1718 1222 1860 1254 prorsus
1879 1218 2044 1243 exactam.

1220 1271 1328 1307 Utilis
1347 1277 1395 1303 est
1413 1270 1544 1312 regula,
1574 1270 1608 1301 in
1628 1269 1820 1301 moralibus
1839 1270 1991 1311 negociis
2008 1269 2103 1301 susti-

1120 1337 1194 1359 cere
1212 1322 1379 1356 moralem
1400 1321 1665 1356 certitudinem,
1694 1317 1758 1351 hoc
1779 1326 1838 1357 est,
1870 1332 1939 1351 non
1959 1331 2029 1351 esse
2051 1332 2106 1351 ra-

1120 1376 1252 1409 tionem
1278 1371 1530 1405 exactissimam
1558 1370 1816 1414 quaerendam,
1857 1371 1918 1403 sed
1950 1370 2104 1402 medium

1121 1426 1159 1461 ἐν
1176 1421 1301 1459 πλάτει
1320 1422 1565 1465 accipiendum
1584 1427 1643 1453 est.

1245 1536 1348 1583 (ΙΙΙ.)
1386 1538 1444 1570 De
1473 1539 1668 1570 contractu
1695 1534 1979 1579 redemptionis.

1315 1590 1416 1630 (opp.
1434 1589 1507 1619 met.
1524 1589 1617 1620 Basa.
1635 1588 1673 1618 T.
1689 1587 1746 1619 ιιι.
1776 1602 1804 1628 p.
1821 1589 1911 1626 300.)

1119 1663 1226 1704 Bona
1245 1682 1349 1714 opera
1368 1670 1497 1703 debent
1515 1667 1645 1702 babere
1662 1670 1904 1702 testimonium
1921 1668 2017 1701 verbi
2030 1667 2108 1707 Dei,

1121 1730 1159 1756 nt
1176 1729 1246 1755 tota
1264 1727 1383 1754 nostra
1401 1720 1471 1753 vita
1490 1727 1630 1763 regatur
1648 1721 1756 1753 verbo
1767 1719 1833 1752 Dei
1850 1726 1882 1753 et
1902 1720 1984 1759 side,
2014 1719 2108 1753 iuxta

1122 1773 1228 1806 illud:
1258 1771 1443 1816 Quidquid
1464 1783 1536 1804 non
1554 1777 1657 1804 estex
1675 1771 1743 1803 fide
1758 1776 1935 1814 peccatum
1954 1777 2016 1802 est.

1224 1821 1343 1865 Quare
1375 1829 1408 1855 et
1439 1823 1482 1854 tle
1510 1822 1748 1856 contractibus
1775 1821 2016 1866 quaerendum
2049 1818 2109 1852 'est

1120 1873 1269 1906 verbum
1288 1871 1374 1911 Dei,
1401 1879 1441 1906 ut
1458 1878 1552 1906 certo
1571 1872 1738 1910 sciamus,
1766 1879 1886 1905 utrum
1903 1870 1998 1904 Deus
2027 1882 2110 1914 pro—

1122 1924 1180 1957 bet
1202 1935 1271 1958 eoS.

1225 1973 1381 2006 Tantum
1412 1970 1497 2005 haec
1528 1973 1648 2016 regula
1680 1973 1762 2006 satis
1787 1972 1903 2005 munit
1928 1971 2109 2005 conscien-

1122 2025 1206 2058 tiam
1229 2025 1272 2056 de
1292 2024 1550 2064 contractibus,
1586 2023 1771 2064 videlicet,
1810 2024 1904 2068 qnod
1929 2021 2023 2055 Dens
2046 2033 2110 2066 ap-

1122 2076 1246 2119 probet
1274 2075 1536 2107 distinctionem
1565 2074 1807 2106 dominiorum
1836 2074 1873 2106 in
1906 2080 2106 2117 praecepto:

1123 2126 1204 2159 Non
1230 2126 1363 2158 furtum
1396 2126 1519 2162 facies,
1561 2125 1621 2156 nbi
1646 2136 1784 2157 necesse
1809 2131 1876 2164 cst,
1911 2130 2111 2157 contractus

1123 2177 1227 2209 simul
1263 2176 1417 2220 probari.
1478 2174 1523 2208 Et
1544 2176 1612 2208 alio
1640 2176 1715 2208 loco
1740 2176 1911 2219 scriptura
1938 2176 2110 2218 approbat

1122 2228 1274 2271 politiaS.
1317 2225 1563 2260 Romanorum
1583 2226 1639 2258 11.
1695 2225 1736 2258 ln
1761 2237 1910 2258 summa:
1946 2223 2109 2269 Evange-

1123 2279 1209 2311 lium
1229 2289 1301 2310 non
1320 2278 1437 2310 abolet
1466 2278 1597 2319 legem,
1626 2277 1684 2309 sed
1710 2276 1859 2309 maxime
1883 2277 2054 2320 approbat
2077 2284 2110 2309 ct

1121 2329 1269 2374 requirit
1286 2329 1322 2360 in
1342 2328 1412 2362 vita
1430 2328 1604 2371 corporali
1624 2339 1661 2359 ae
1679 2327 1831 2369 politica.

1226 2379 1346 2423 ltaque
1365 2384 1564 2411 contractus
1586 2378 1667 2410 [atvs
1688 2378 1773 2410 liciti
1791 2383 1892 2417 sunt,
1925 2389 2012 2422 quos
2035 2390 2110 2411 ma-

1122 2430 1287 2473 gistratus
1306 2437 1337 2463 ct
1356 2429 1445 2471 leges
1462 2429 1671 2472 approbant.

1223 2480 1422 2513 Periculose
1456 2481 1602 2518 docent,
1640 2479 1699 2524 qui
1732 2476 1795 2512 hac
1829 2479 1949 2521 regula
1984 2479 2111 2512 omissa

1120 2538 1293 2576 quaerunt
1310 2543 1349 2562 cx
1368 2537 1491 2563 natura
1510 2530 1636 2573 operis,
1664 2542 1736 2561 nou
1755 2542 1793 2562 ex
1812 2530 1884 2572 lege
1902 2536 2011 2563 totam
2030 2540 2111 2562 cau-

1120 2594 1192 2615 sam
1212 2593 1318 2626 quare.
1338 2587 1538 2614 contractus
1554 2581 1597 2613 sit
1615 2581 1747 2613 bonum
1768 2593 1867 2624 opus.
1925 2580 2034 2621 Magis
2060 2585 2109 2610 cst

1121 2634 1172 2665 lex
1206 2632 1461 2665 consideranda
1495 2644 1598 2676 quam
1632 2639 1754 2665 natura
1783 2632 1916 2674 operis,
1949 2631 2028 2674 quia
2055 2629 2107 2660 lex·

1121 2682 1224 2717 babet
1241 2680 1489 2717 authoritatem
1512 2689 1655 2728 propter
1675 2682 1912 2716 testimonium
1930 2679 2014 2717 Dei,
2049 2691 2106 2712 ra-
