2324 2955
157 121 227 156 551

163 205 340 240 Habentes
364 201 466 234 talem
488 205 662 230 summum
674 192 917 233 Sacerdotem,
944 191 1146 225 accedamus

164 267 242 290 cum
267 251 392 285 fiducia
416 249 459 282 ad
477 244 646 280 thronum
663 243 804 287 gratiae.
858 242 1005 286 Semper
1021 248 1149 276 statuat

168 311 354 340 conversus
369 311 402 331 se
418 298 553 342 placere
563 297 637 330 Deo
652 301 796 339 propter
811 293 1052 331 mediatorem,
1076 305 1149 326 non

170 359 313 399 propter
350 348 530 393 propriam
570 345 795 389 dignitatem,
836 343 899 377 etsi
930 354 1069 376 necesse
1101 350 1152 377 est

170 402 274 438 simul
298 411 369 433 esse
394 398 618 431 dilectionem
643 402 676 429 et
697 396 831 428 bonum
855 394 1092 438 propositum,
1118 400 1153 428 et

169 453 297 488 multas
312 450 475 490 virtutes,
502 448 598 481 iuxta
612 446 718 479 illud:
747 444 819 487 Qui
834 457 907 478 non
923 444 1054 487 diligit,
1079 456 1154 478 ma-

172 510 230 537 net
252 502 289 534 in
315 507 439 536 morte.
492 497 560 532 Sed
585 508 735 542 persona
753 507 826 529 non
844 502 988 539 propter
1003 493 1065 528 has
1081 495 1154 528 vir-

171 560 282 591 tutes,
316 552 376 584 sed
406 555 548 594 propter
573 547 799 581 mediatorem
823 546 954 590 placet,
987 545 1071 591 quia
1092 546 1156 579 ad-

171 603 241 638 huc
266 602 420 647 reliquae
443 606 524 633 sunt
549 599 585 631 in
610 596 675 631 hac
699 597 770 632 vita
797 597 928 630 multae
955 603 989 630 et
1011 607 1157 639 magnae

172 654 311 693 sordes,
339 652 442 685 etiam
465 651 502 683 in
525 647 579 683 his
601 649 662 694 qui
680 660 752 681 non
769 645 899 681 habent
917 653 1054 691 peccata
1072 658 1157 680 con-

174 713 227 740 tra
243 702 503 737 conscientiam.

276 754 337 788 23.
373 751 585 786 Detestanda
606 756 657 784 est
672 748 872 792 arrogantia
888 754 921 781 et
938 746 1103 781 securitas
1120 746 1158 779 in

174 805 340 839 omnibus
357 803 417 848 qui
435 802 503 835 sibi
519 800 773 840 blandiuntur,
799 806 832 833 et
847 810 920 832 non
938 810 1018 832 vere
1038 798 1159 831 dolent

174 862 318 899 propter
347 859 484 898 peccata
517 863 605 897 quae
635 848 751 884 adhue
783 847 928 883 haerent
958 849 1060 883 etiam
1081 855 1159 892 post

175 904 440 939 conversionem
468 902 504 935 in
530 901 710 939 cordibus,
739 900 868 934 scilicet
892 906 1035 944 propter
1052 898 1159 932 dubi-

173 956 343 996 tationes,
367 964 521 994 errores,
547 959 686 997 peccata
710 950 929 994 ignorantiae
946 961 981 982 es
998 949 1159 983 omissio-

174 1007 249 1047 nis,
281 1006 377 1050 quod
406 1004 519 1037 levius
550 1003 676 1037 timent
701 1003 805 1034 corda
829 1001 916 1034 iram
941 999 1028 1040 Dei,
1063 999 1158 1044 quod

174 1069 249 1089 non
272 1057 395 1089 ardent
417 1053 622 1094 dilectione,
655 1052 747 1089 zelo,
774 1052 869 1094 quod
891 1051 1082 1081 multarum
1105 1049 1159 1080 vi-

176 1107 348 1139 ciosarum
373 1104 603 1147 cupiditatum
625 1099 775 1133 {lammis
793 1099 1053 1139 accenduntur,
1080 1096 1159 1142 qui-

176 1157 242 1190 bus
260 1165 452 1198 repugnare
471 1153 571 1185 valde
589 1150 730 1184 difficile
748 1155 808 1182 est.

277 1205 338 1239 24.
379 1202 552 1238 Omnium
577 1199 762 1233 hominum
786 1205 922 1242 peccata
945 1205 977 1231 et
1002 1197 1158 1230 immun-

176 1256 300 1290 diciem
331 1254 445 1297 arguit
475 1264 540 1286 vox
565 1250 706 1291 divina,
742 1256 778 1283 ut
802 1249 933 1282 Paulus
955 1248 1086 1293 inquit:
1120 1254 1160 1281 ut

177 1317 281 1339 omne
305 1317 343 1338 os
362 1305 560 1340 obturetur,
588 1308 621 1334 et
637 1307 731 1334 totus
748 1301 901 1333 mundus
917 1310 996 1332 reus
1012 1300 1055 1331 sit
1073 1298 1159 1333 Deo.

175 1356 281 1390 Item:
314 1355 393 1389 Non
417 1351 662 1387 iustificabitur
685 1351 722 1384 in
748 1356 936 1395 conspectu
962 1356 1022 1383 tuo
1044 1348 1159 1382 omnis

174 1407 306 1440 vivens.

276 1454 336 1490 25.
362 1454 445 1489 Ideo
462 1465 599 1497 semper
616 1453 652 1485 in
670 1449 734 1485 hac
753 1451 823 1485 vita
838 1451 942 1485 etiam
958 1451 995 1483 in
1012 1461 1158 1484 conver-

179 1508 226 1540 sis
249 1517 401 1540 crescere
423 1504 670 1538 contritionem
695 1509 852 1546 oportet,
895 1508 927 1535 et
952 1501 1034 1535 addi
1056 1500 1159 1533 fidem

180 1563 337 1601 oportet,
360 1568 402 1588 ne
419 1553 661 1598 desperatione
682 1552 934 1596 opprimamur.

278 1616 338 1650 26.
381 1614 438 1647 Fit
462 1612 647 1653 contritio,
675 1624 754 1644 cum
779 1611 863 1644 fides
878 1610 1026 1651 accedit,
1053 1610 1160 1643 timor

178 1665 304 1705 filialis,
323 1671 356 1698 et
373 1675 460 1707 opus
476 1664 609 1695 bonum
629 1669 660 1694 et
680 1660 755 1694 Deo
776 1662 928 1701 placens,
954 1662 1049 1694 iuxta
1061 1660 1160 1694 Psal-

176 1728 290 1750 mum:
320 1713 537 1748 Sacrificium
555 1712 633 1744 Deo
652 1710 805 1754 Spiritus
831 1709 1001 1742 contritus
1019 1715 1082 1744 etc,

275 1774 336 1809 27.
365 1772 494 1806 Verum
513 1778 563 1804 est
580 1770 616 1802 in
632 1768 857 1802 conversione
870 1780 948 1801 cum
968 1768 1036 1800 iam
1053 1766 1158 1801 homo

182 1836 221 1857 ex
242 1823 430 1868 pavoribus
445 1823 511 1855 fide
530 1828 663 1854 erectus
681 1826 752 1860 est,
782 1825 815 1852 et
830 1819 929 1864 quasi
946 1817 1083 1858 revixit,
1107 1830 1159 1851 se-

181 1875 240 1920 qui
265 1880 426 1918 oportere
444 1883 571 1906 novam
587 1870 837 1904 obedientiam.
889 1868 944 1902 Re
962 1868 1036 1913 ipsa
1052 1869 1159 1912 igitur

179 1931 226 1958 est
245 1923 328 1958 haec
347 1924 448 1958 tertia
473 1934 552 1967 pars
580 1919 818 1954 conversionis
836 1931 894 1952 seu
912 1919 1158 1963 poenitentiae.

278 1982 340 2017 28.
367 1982 490 2016 Manet
509 1981 545 2014 in
564 1979 739 2013 conversis
761 1978 883 2021 ingens
909 1978 1095 2012 infirmitas
1122 1980 1157 2012 in

178 2033 242 2067 hac
259 2034 349 2074 vita,
375 2040 408 2067 et
430 2037 575 2065 manent
602 2037 761 2074 peccata,
788 2036 826 2063 ut
849 2029 982 2063 dictum
1001 2036 1069 2071 est,
1098 2032 1157 2064 sed

180 2097 252 2118 non
270 2085 386 2128 lapsus
403 2089 524 2116 contra
543 2080 806 2114 conscientiam.

281 2143 342 2177 29.
387 2140 569 2175 Infinitum
585 2138 774 2172 discrimen
791 2143 840 2170 est
861 2137 952 2171 inter
968 2137 1056 2172 vicia
1075 2136 1159 2172 hae-

181 2193 291 2226 rentia
316 2194 353 2225 in
379 2191 575 2232 conversis,
609 2196 642 2223 et
670 2188 763 2222 inter
787 2188 904 2231 lapsus
927 2195 1048 2223 contra
1073 2202 1159 2223 con-

176 2243 369 2277 scientiam.

281 2301 340 2335 30.
377 2300 522 2333 Violans
546 2300 655 2342 legem
672 2297 738 2332 Dei
761 2303 880 2330 contra
899 2298 1158 2340 conscientiam,

180 2352 361 2386 contristat
378 2358 409 2384 et
430 2351 556 2384 excutit
569 2349 739 2393 Spiritum
758 2355 929 2388 sanctum,
945 2355 983 2382 nt
999 2350 1041 2381 de
1061 2347 1158 2383 Aha-

180 2415 264 2436 rone
280 2403 423 2435 dicitur:
448 2400 621 2434 Dominus
639 2399 751 2433 voluit
767 2411 846 2432 enm
863 2405 1052 2433 conterere.

279 2462 338 2496 31.
365 2459 504 2492 Privata
523 2458 694 2491 absolutio
713 2469 789 2490 cum
807 2463 949 2501 propter
965 2458 1049 2491 alias
1063 2460 1156 2492 mul-

181 2520 229 2546 tas
253 2522 371 2545 causas
399 2509 435 2541 in
458 2507 614 2541 Ecclesia
642 2508 823 2541 retinenda
846 2514 915 2548 est,
950 2514 1022 2542 tum
1049 2509 1152 2543 etiam

178 2569 320 2608 propter
342 2559 453 2599 hanc,
494 2564 532 2591 ut
565 2565 702 2591 maneat
733 2559 769 2590 in
800 2565 985 2603 conspectu
1018 2560 1152 2593 illustre

177 2611 435 2652 testimonium,
464 2609 648 2641 ostendens
667 2606 898 2649 Evangelium
919 2621 989 2642 esse
1006 2612 1150 2644 manda-

175 2671 247 2698 tum
265 2664 306 2696 de
325 2659 571 2696 annuncianda
590 2658 792 2692 remissione
806 2666 1039 2703 peccatorum,
1067 2662 1149 2696 item

928 101 1405 142 DISPUTATIONES

2104 104 2180 141 552

1199 194 1314 237 lapsos
1338 188 1580 233 resipiscentes
1601 190 1823 234 recipiendos
1847 201 1937 233 esse,
1971 198 2004 226 et
2026 192 2073 226 eis
2098 204 2181 226 vere

1199 242 1277 277 dari
1298 253 1318 274 a
1335 239 1410 274 Deo
1432 239 1674 274 remissionem
1701 247 1933 286 peccatorum.
1984 241 2060 275 Hoc
2085 244 2183 278 testi

1200 292 1320 326 monio
1336 290 1568 324 absolutionis
1584 291 1713 326 usitato
1730 299 1764 326 et
1777 291 1904 326 Petrus
1920 289 2182 329 Alexandrinus

1202 349 1324 378 contra
1339 339 1465 374 Meleti
1484 351 1565 374 usus
1583 348 1644 376 est.

1304 393 1366 427 32.
1393 389 1442 425 Et
1457 398 1496 425 ut
1511 398 1648 435 petatur
1666 390 1801 435 privata
1818 391 2011 433 absolutio,
2039 393 2077 427 fit
2099 405 2185 427 con-

1203 443 1305 478 sessio
1329 443 1367 475 in
1391 454 1459 486 qua
1480 443 1704 487 deploremus
1728 449 1760 475 et
1783 442 1956 476 fateamur
1980 444 2100 477 multis
2118 456 2185 477 no-

1204 495 1284 529 stris
1307 492 1462 537 lapsibus
1485 499 1519 526 et
1543 491 1658 527 Deum
1681 492 1855 525 offensum
1878 504 1969 534 esse,
2005 501 2035 528 et
2055 494 2184 528 laesam

1206 543 1418 582 Ecclesiam,
1444 550 1479 577 et
1504 543 1673 577 irritatam
1698 543 1786 576 iram
1805 541 1888 583 Dei,
1914 549 1953 576 ut
1976 555 2107 587 poenae
2124 557 2186 579 cu-

1207 595 1446 633 mularentur,
1474 600 1506 627 et
1522 600 1721 627 reverenter
1736 599 1892 637 petamus
1915 593 2187 632 absolutionem.

1208 646 1277 680 Sed
1292 644 1512 688 singulorum
1528 645 1738 678 delictorum
1756 644 1975 678 enumeratio
1993 656 2056 678 nec
2076 645 2188 689 possi-

1207 697 1288 730 bilis
1304 707 1367 729 nec
1383 694 1575 729 necessaria
1592 701 1653 730 est.

1309 746 1369 781 33.
1404 744 1495 779 Cum
1520 745 1681 778 Psalmus
1703 744 1835 790 inquit:
1876 744 1962 779 Dixi
1994 745 2188 780 confitebor

1207 797 1373 830 adversus
1390 809 1443 829 me
1460 796 1675 830 iniusticiam
1694 807 1806 828 meam
1824 794 1978 829 Domino
2028 803 2060 829 et
2079 803 2116 830 tu
2132 809 2188 831 re

1210 848 1317 881 mittis
1350 847 1573 892 iniquitatem
1605 845 1737 891 peccati
1758 845 1845 884 mei,
1880 846 2037 891 loquitur
2060 846 2191 885 Psalm.

1209 899 1251 931 de
1276 898 1494 931 consessione
1517 909 1605 942 quae
1630 898 1667 931 fit
1683 896 1822 940 proprie
1840 896 1917 929 Deo
1930 923 1938 937 ,
1964 897 2097 930 etiamsi
2114 910 2188 931 non

1209 949 1246 982 fit
1263 960 1379 981 coram
1397 946 1550 981 homine.
1603 946 1651 981 Et
1667 959 1755 990 opus
1772 953 1821 980 est
1837 947 2068 988 contritionis,
2084 960 2190 993 quam

1209 1005 1324 1031 tamen
1341 998 1428 1039 regit
1445 997 1539 1030 fides.
1591 996 1656 1030 Est
1673 997 1767 1029 enim
1786 997 1865 1030 talis
1887 998 2075 1039 confessio,
2103 1010 2190 1044 qua-

1209 1049 1279 1079 lem
1303 1048 1425 1080 recitat
1448 1047 1594 1080 Daniel:
1622 1046 1705 1080 Tibi
1730 1046 1881 1080 Domine
1902 1048 2057 1087 iusticia,
2084 1049 2190 1084 nobis

1210 1102 1326 1129 autem
1345 1097 1503 1129 confusio
1520 1096 1620 1129 faciei
1641 1104 1779 1130 nostrae
1795 1104 1858 1132 etc.

1312 1145 1374 1180 34.
1411 1144 1464 1179 Ae
1487 1146 1565 1179 talis
1588 1146 1758 1179 consessio
1780 1147 1906 1180 multas
1926 1148 2072 1182 virtutes
2094 1160 2192 1182 com-

1210 1196 1385 1240 plectitur.
1444 1196 1604 1229 Primum
1632 1196 1768 1230 iusticia
1793 1204 1843 1231 est
1867 1209 2032 1231 accusans
2056 1205 2191 1242 partem

1210 1246 1395 1285 iniustam,
1423 1245 1458 1278 id
1482 1252 1551 1286 est,
1579 1256 1642 1278 nos
1668 1245 1781 1289 ipsos,
1808 1257 1998 1288 agnoscens
2013 1248 2192 1290 delictum,

1211 1303 1242 1330 et
1259 1308 1339 1329 vere
1354 1296 1478 1329 dolens
1496 1296 1590 1341 quod
1605 1294 1719 1329 Deum
1738 1296 1998 1333 offenderimus.
2050 1298 2194 1333 Deinde

1211 1347 1294 1380 fides
1319 1347 1485 1381 adiuncta
1509 1353 1580 1387 est,
1608 1358 1696 1392 quae
1718 1347 1806 1391 petit
1821 1353 1854 1381 et
1869 1348 1992 1392 accipit
2013 1349 2192 1384 remissio-

1211 1409 1302 1433 nem.

1313 1447 1456 1489 Tertio,
1483 1446 1666 1482 humilitas
1683 1454 1742 1488 est,
1768 1460 1836 1492 qua
1855 1460 1890 1481 se
1907 1460 2004 1483 mens
2022 1461 2099 1483 vere
2110 1451 2189 1485 Deo

1211 1499 1377 1538 subiicit,
1411 1505 1444 1532 et
1461 1499 1589 1532 fatetur
1613 1509 1677 1531 nos
1701 1498 1790 1531 iuste
1807 1499 1947 1541 puniri,
1974 1506 2006 1533 et
2023 1500 2057 1532 in
2077 1512 2190 1544 poena

1211 1561 1283 1582 non
1299 1547 1417 1582 fremit
1432 1549 1598 1581 adversus
1613 1549 1728 1582 Deum
1740 1575 1750 1592 ,
1778 1550 1837 1581 sed
1855 1550 1974 1594 aliquo
2000 1552 2106 1584 modo
2126 1565 2189 1586 vo-

1211 1601 1285 1633 lens
1303 1605 1452 1643 praestat
1466 1599 1722 1640 obedientiam,
1749 1606 1781 1632 et
1799 1600 1886 1643 petit
1904 1607 1936 1634 et
1951 1607 2105 1645 expectat
2122 1602 2191 1635 mi-

1209 1650 1425 1693 tigationem,
1451 1656 1490 1683 ut
1508 1648 1622 1682 David
1642 1650 1676 1682 in
1697 1649 1800 1682 exilio
1819 1651 1948 1684 fatetur
1965 1662 2000 1683 se
2019 1651 2108 1684 iuste
2123 1664 2191 1696 pu-

1212 1697 1302 1738 niri,
1330 1703 1362 1730 et
1379 1709 1451 1730 non
1466 1700 1628 1733 irascitur
1646 1698 1721 1732 Deo
1739 1700 1914 1743 punienti.
1967 1700 2035 1735 Sed
2061 1708 2190 1736 utcun-

1209 1760 1275 1793 que
1306 1747 1428 1780 volens
1450 1747 1579 1791 perfert
1603 1758 1770 1791 poenam,
1804 1756 1838 1782 et
1860 1751 1946 1792 petit
1974 1758 2009 1784 et
2036 1760 2191 1796 expectat

1208 1798 1474 1842 mitigationem.

1311 1846 1371 1885 35.
1398 1848 1528 1891 Magna
1543 1847 1655 1882 virtus
1670 1855 1720 1882 est
1736 1849 1816 1883 talis
1841 1851 2031 1892 confessio,
2057 1851 2095 1885 in
2122 1865 2190 1898 qua

1209 1897 1317 1933 homo
1338 1911 1455 1933 coram
1472 1898 1547 1933 Deo
1570 1911 1643 1932 sese
1667 1899 1876 1944 prosternit,
1901 1907 1935 1935 et
1956 1914 2036 1935 vere
2051 1903 2087 1936 fit
2105 1915 2189 1948 sup-

1209 1951 1306 1994 plex,
1337 1950 1493 1994 deposita
1516 1950 1690 1994 superbia.
1742 1950 1813 1985 Nec
1834 1952 1905 1985 iam
1936 1959 2098 1987 extenuat
2127 1955 2188 1987 de-

1208 2002 1289 2034 licta
1314 2012 1394 2039 sua,
1418 2012 1482 2034 nec
1506 2001 1594 2044 fugit
1617 2012 1767 2045 poenas,
1793 2003 1852 2036 sed
1874 2003 1965 2037 cedit
1984 2004 2075 2037 iusto
2093 2004 2189 2038 iudi-

1208 2053 1261 2085 cio
1279 2051 1361 2092 Dei,
1384 2051 1502 2096 aliquo
1518 2052 1624 2084 modo
1641 2052 1772 2094 volem,
1799 2060 1832 2087 et
1846 2053 1932 2098 petit
1949 2054 2087 2087 veniam
2104 2067 2188 2099 pro-

1209 2109 1284 2147 pter
1299 2102 1536 2140 mediatorem,
1564 2113 1626 2136 nec
1643 2103 1726 2137 talia
1739 2103 1832 2138 dicta
1849 2106 2089 2150 detorquenda
2105 2112 2188 2140 sunt

1207 2154 1249 2186 ad
1275 2153 1533 2187 confirmandos
1560 2165 1713 2195 errores,
1740 2161 1771 2188 et
1792 2156 1835 2188 ad
1854 2156 2106 2189 obscurandam
2123 2168 2187 2189 vo-

1207 2216 1279 2237 cem
1295 2202 1479 2246 Evangelii
1496 2204 1539 2236 de
1553 2204 1702 2247 gratuita
1721 2205 1934 2239 remissione.

1309 2254 1368 2288 36.
1398 2252 1640 2287 Certissimnm
1658 2262 1726 2299 est,
1756 2268 1819 2289 nec
1834 2256 2093 2298 contritionem,
2121 2269 2185 2290 nec

1207 2305 1458 2338 confessionem
1476 2306 1600 2338 mereri
1619 2305 1858 2339 remissionem
1877 2313 2108 2350 peccatorum.
2137 2306 2186 2342 Et

1205 2355 1391 2399 singularis
1408 2356 1555 2389 coecitas
1573 2363 1639 2395 cst,
1662 2357 1790 2400 fingere
1808 2356 2034 2390 sufficientem
2052 2359 2185 2392 contri-

1207 2407 1337 2440 tionem
1359 2407 1484 2439 mereri
1512 2406 1764 2441 remissionem.
1825 2405 1925 2448 Quae
1950 2408 2044 2441 enim
2069 2416 2183 2454 potest

1205 2469 1276 2490 esse
1299 2457 1473 2490 sufficiens
1499 2456 1689 2491 contritio?
1728 2454 1773 2490 Et
1805 2457 1906 2490 dolor
1931 2470 2086 2494 crescens
2106 2460 2182 2493 sine

1204 2509 1289 2551 fide,
1318 2508 1441 2550 mergit
1465 2505 1623 2540 homines
1645 2507 1683 2539 in
1703 2507 1981 2551 desperationem
2010 2517 2042 2544 et
2070 2517 2182 2544 aeter-

1203 2571 1287 2592 num
1305 2558 1459 2593 exitium.
1503 2557 1586 2595 Ideo
1604 2568 1739 2590 necesse
1765 2565 1814 2591 est
1837 2565 2021 2605 utramque
2048 2561 2182 2595 doctri-

1201 2621 1282 2642 nam
1307 2617 1425 2644 tenere
1448 2615 1481 2642 et
1502 2615 1663 2651 oportere
1689 2608 1806 2653 aliqua
1831 2609 1902 2642 veri
1929 2611 2063 2645 doloris
2079 2612 2180 2646 initia

1173 2672 1290 2708 Aesse,
1326 2667 1364 2695 ut
1385 2656 1548 2694 Ezechiel
1573 2658 1702 2704 inquit:
1744 2659 1982 2705 Displicebitis
2012 2662 2111 2697 vobis
2140 2662 2178 2694 in
