2324 2955
182 129 257 164 803

185 216 227 248 sit
251 212 424 255 sexaginta
451 209 592 247 diebus,
620 212 652 239 et
673 206 803 238 oraculi
829 216 965 237 versus:
999 202 1070 249 ἣξει,
1090 203 1163 240 d'w-

183 263 307 309 (naxng
331 259 501 303 πόλεμος,
536 255 598 291 καὶ
623 254 746 300 λοιμὸς
769 253 836 299 ἄμ)
858 254 979 300 αὐτῷ,
1017 256 1078 289 ubi
1097 258 1163 288 du-

183 316 332 348 bitatum
355 311 439 350 suit,
480 308 586 352 pestis
609 319 653 340 ne
685 319 729 339 an
760 307 868 338 fames
899 305 1163 348 significaretur.

185 365 253 397 Sed
273 366 526 395 concurrerunt
541 358 671 391 omnia.
724 356 876 398 Legatur
898 362 1013 389 autem
1032 357 1164 400 integra

184 413 332 447 historia
348 412 440 454 apud
458 408 706 454 Thucydidem
723 413 754 440 et
770 404 1055 451 Xenophontem,
1084 408 1164 452 quia

185 463 335 506 insignis
364 459 652 495 commonefactio
678 464 729 490 est
760 458 802 489 de
834 458 884 491 ira
910 455 975 490 Dei
1000 458 1166 491 adversus

184 512 374 547 hominum
393 512 533 551 scelera,
561 516 595 543 et
610 510 652 542 de
668 508 782 542 stultis
799 505 983 541 hominum
1000 508 1167 546 consiliis,

187 565 248 610 qui
273 564 366 597 bella
389 574 463 595 non
487 559 679 594 necessaria
704 565 847 592 movent
871 559 963 591 odiis
987 566 1047 593 aut
1069 570 1167 591 caeca

187 614 398 654 ambitione,
432 619 471 646 ut
498 611 600 645 initio
631 610 669 642 in
697 610 789 642 bello
820 610 995 642 movendo
1019 609 1169 642 Pericles

186 666 298 708 magis
321 665 403 697 odio
427 661 708 706 Megarensium,
736 672 840 704 quam
860 660 937 693 aliis
962 660 1074 693 causis
1092 672 1168 692 mo-

187 724 246 750 tus
264 722 325 750 est.
378 714 502 747 Postea
519 711 719 746 Alcibiades
734 711 866 744 bellum
883 711 1004 744 intulit
1020 710 1171 750 Siciliae,

187 773 328 800 tantum
354 765 459 798 stulta
482 770 515 796 et
540 762 689 795 iuvenili
713 761 919 796 ambitione.
972 760 1067 794 Haec
1092 773 1170 793 cum

185 816 359 859 legimus,
392 812 663 847 commonefiant
688 811 798 844 animi
826 819 858 844 et
884 813 927 843 de
951 812 1077 844 timore
1094 810 1171 851 Dei,

189 874 223 900 et
239 867 281 899 de
298 864 466 898 modestia
479 888 487 901 ,
515 869 554 896 ut
570 862 717 895 dicitur:
746 859 908 909 ΠΙεγάλα
925 859 1082 902 διώκειν,
1111 859 1172 895 καὶ

186 914 233 950 τὰ
251 913 417 963 παρόντα
434 912 477 949 οὐ
495 912 641 960 φέρειν,
668 911 906 957 ιιιαινολιιίιίυν
922 912 954 946 οἱ
974 910 1012 947 δὲ
1031 909 1169 958 τρόποι.

484 995 557 1031 De
582 995 694 1031 urbe
722 999 873 1030 Roma.

294 1065 470 1107 Tempore
503 1061 707 1097 Artaxerxis
737 1059 952 1101 Longimani
981 1064 1013 1091 et
1037 1056 1173 1090 Romae

190 1115 340 1159 insignis
366 1113 513 1147 mutatio
538 1113 626 1145 facta
650 1117 711 1143 est.
764 1109 1039 1143 Scribendarum
1057 1107 1172 1149 legum

193 1177 294 1200 causa
319 1163 523 1198 Decemviri
548 1161 653 1195 creati
675 1166 774 1200 sunt,
808 1172 896 1204 quae
930 1156 1076 1191 historia
1102 1163 1173 1190 tota

190 1217 288 1261 apud
314 1215 456 1249 Livium
483 1213 629 1256 legenda
656 1218 715 1247 est.
770 1208 1001 1243 Occasionem
1027 1207 1173 1241 consilio

190 1268 309 1309 legum
327 1265 591 1298 scribendarum
608 1263 848 1306 praebuerunt
871 1268 902 1294 et
919 1259 1066 1293 saevicia
1085 1257 1175 1290 Foe-

190 1323 416 1356 neratorum,
443 1321 477 1348 et
498 1312 702 1347 Nobilitatis
724 1312 905 1356 superbia,
933 1321 1021 1355 quae
1045 1309 1174 1342 iudicia

191 1367 368 1401 eludebat.

193 1454 370 1487 Darius
396 1449 592 1493 Nothus,
619 1451 783 1483 sextus
810 1456 891 1481 reae¹
918 1449 1174 1481 Persarum.

294 1519 376 1553 Non
391 1518 458 1552 suit
474 1518 566 1551 filius
582 1514 785 1550 Artaxerxis
800 1514 1034 1557 Longimani,
1061 1514 1122 1547 sed
1137 1519 1176 1547 ut

193 1570 344 1611 dicitur,
370 1569 516 1602 maritus
542 1567 671 1601 sororis
696 1566 818 1610 ipsius.
870 1565 1046 1608 Regnavit
1063 1575 1176 1597 annos

196 1622 255 1662 19,
279 1628 317 1654 ut
334 1626 520 1653 numerant
537 1615 817 1652 etMetasthenes
833 1622 865 1649 et
881 1615 1019 1649 Graeci.
1058 1615 1175 1648 Huius

192 1679 351 1715 tempore
369 1671 472 1702 missa
490 1676 540 1702 est
564 1670 601 1701 in
618 1668 776 1702 Siciliam
798 1667 916 1700 classis
932 1665 1068 1706 Attica,
1096 1677 1174 1698 cum

192 1722 345 1755 exercitu
366 1718 596 1765 quadraginta
614 1716 767 1749 millium
793 1715 999 1754 hominum,
1027 1713 1175 1746 ducibus

193 1772 380 1806 Alcibiade
404 1777 437 1802 et
460 1769 572 1803 Nicia.
626 1767 692 1800 llic
716 1772 810 1800 totus
834 1764 1004 1797 exercitus
1020 1763 1174 1797 trucida-

193 1831 251 1856 tus
285 1828 352 1862 est,
387 1826 523 1864 praeter
550 1828 697 1862 paucos»,
731 1816 793 1861 qui
826 1816 906 1858 suga
942 1814 1049 1859 elapsi
1083 1819 1175 1846 sunt.

193 1873 324 1906 Fuerat
347 1878 464 1904 autem
492 1875 649 1912 suscepta
677 1865 761 1900 haec
789 1865 962 1909 expeditio
989 1864 1174 1908 praecipue

194 1922 391 1957 Alcibiadis
427 1919 638 1957 ambitione,
683 1917 743 1962 qui
780 1916 910 1960 populo
947 1920 1175 1959 persuaserat,

192 1971 351 2007 Athenas
385 1978 456 2004 tota
491 1969 611 2003 Sicilia
645 1968 816 2011 potiturus
844 1977 927 2000 esse.
980 1965 1051 1998 Nec
1074 1976 1174 1997 causa

192 2024 279 2057 belli
294 2021 484 2056 necessaria
501 2026 595 2060 erat,
621 2030 685 2051 nec
710 2028 772 2062 par
793 2024 869 2050 erat
886 2015 1000 2049 Attica
1018 2015 1173 2060 potentia

195 2075 298 2107 simut
328 2071 518 2107 domestico
544 2076 576 2103 et
604 2075 745 2102 externo
767 2068 880 2104 bello,
908 2068 967 2099 sed
984 2066 1174 2110 cupiditate

195 2133 228 2159 et
245 2136 342 2158 caeca
367 2134 427 2167 spe
445 2120 582 2154 incitati
600 2117 760 2152 homines
782 2129 883 2161 saepe
901 2117 1031 2150 iniusta
1049 2124 1081 2150 et
1100 2128 1174 2149 ma—

193 2177 268 2209 iora
283 2174 419 2208 viribus
436 2177 596 2210 movent,
624 2171 718 2203 iuxta
736 2169 885 2203 dictum:
914 2164 1084 2201 Mciwzoi
1101 2165 1174 2211 μα’-

194 2238 279 2259 ταια
297 2222 503 2271 λογίζονται
519 2219 581 2256 διὰ
598 2218 807 2265 ἕπιθιχιιίας.
860 2217 908 2253 Et
924 2217 1099 2251 Pindarus
1118 2218 1174 2250 in-

194 2276 285 2320 quit:
322 2275 518 2307 Hominum
541 2273 697 2304 membra
724 2271 863 2313 alligata
889 2280 961 2302 esse
977 2268 1174 2313 impudenti

195 2326 282 2370 spei:
312 2323 463 2359 Δίὸεται
481 2320 626 2357 ἀναιδεῖ
651 2319 767 2356 ἐλπίδι
785 2322 879 2368 γεῖα.
933 2320 1037 2353 Tales
1054 2331 1175 2352 causae

194 2388 272 2409 cum
299 2387 447 2418 poenam
480 2381 513 2407 et
536 2384 677 2416 magnas
712 2372 924 2405 calamitates
951 2370 1173 2405 attraxerint:

193 2425 261 2459 hoc
287 2425 480 2467 exemplum
504 2430 640 2461 monet,
674 2430 712 2456 ut
736 2423 890 2455 modeste
914 2421 1105 2454 necessaria
1123 2421 1173 2452 sa—

193 2477 346 2515 ciamus,
381 2486 443 2507 nec
469 2474 572 2507 stulta
592 2474 784 2507 ambitione
808 2484 1008 2506 moveamus
1026 2483 1078 2504 res
1102 2483 1172 2504 non

192 2525 415 2561 necessarias.

295 2576 453 2619 Dignum
478 2574 644 2607 memoria
673 2581 705 2608 et
732 2572 797 2607 hoc
820 2580 888 2614 est,
923 2574 1018 2618 quod
1045 2572 1172 2616 captivi

193 2627 428 2662 Athenienses
443 2625 545 2658 multi
565 2624 700 2656 dimissi
718 2631 799 2657 sunt
816 2632 959 2668 propter
977 2622 1043 2657 hoc
1058 2624 1173 2656 solum
1199 2650 1200 2660 ἶ

192 2679 344 2713 officium
357 2702 365 2714 ‚
393 2677 488 2721 quod
507 2674 635 2709 Siculis
655 2675 996 2708 communicaverant
1017 2674 1172 2717 Tragoe-

421 122 629 160 SCRIPTA
658 121 731 154 PH.
761 118 873 154 MEL.
902 118 968 153 AD
995 119 1121 156 HIST.
1150 118 1293 156 PROF.
1319 116 1384 152 ET
1413 115 1603 156 PHILOS.
1631 117 1951 157 SPECTANTIA.

2124 123 2196 156 804

1217 204 1293 236 dias
1318 199 1504 246 Sophoclis
1526 210 1559 236 et
1582 202 1775 249 Euripidis.
1835 204 1972 239 Tantus
2002 204 2118 240 honos
2155 208 2199 241 ab

1217 253 1408 296 ingeniosis
1427 250 1631 287 hominibus
1650 253 1790 289 habitus
1808 261 1857 288 est
1878 256 1982 289 bonis
2000 258 2150 300 scriptis·

1244 338 1545 371 Artaxerxes
1571 338 1798 380 Mnemon,
1839 341 2069 383 septimus
2092 352 2175 375 rex

1577 389 1842 423 Persarum.

1320 452 1372 487 Ne
1394 452 1487 487 inter
1511 454 1635 487 fratres
1658 454 1702 487 de
1726 454 2045 497 regno²certamina
2063 459 2201 492 oriren-

1220 512 1293 546 tur,
1324 504 1453 538 Darius
1469 501 1608 538 Nothus
1624 511 1705 538 ante
1727 515 1826 538 suam
1843 513 1992 539 mortem
2008 508 2119 542 filiurn
2138 522 2202 544 na-

1221 563 1259 589 tu
1299 555 1510 596 maximum,
1554 554 1791 596 Artaxerxen,
1849 567 1967 599 regem
2008 560 2201 594 constituit.

1222 605 1389 639 Tradidit
1409 612 1525 639 autem
1553 607 1705 639 secundo
1732 606 1824 647 filio,
1859 605 1973 651 Cer,
2006 608 2080 641 sine
2109 611 2203 652 regio

1223 656 1367 690 nomine
1398 656 1663 699 gubernandam
1688 655 1837 701 Lydiam
1867 663 1900 690 et
1924 656 2075 692 Ioniam.
2134 659 2204 694 Sed

1225 714 1301 751 post
1318 714 1466 740 mortem
1485 707 1613 750 patris,
1643 705 1756 751 Cyrus
1772 707 1845 740 sive
1863 719 1882 740 a
1899 715 2007 742 matre
2026 709 2205 752 incitatus,

1224 770 1312 802 quae
1328 759 1449 790 oderat
1465 758 1648 800 coniugem
1665 758 1883 796 Artaxerxis,
1909 758 1982 791 sive
1998 759 2131 805 alioqui
2149 772 2205 794 ar-

1225 810 1310 841 dens
1333 808 1523 852 cupiditate
1544 807 1816 849 dominationis,
1842 809 1972 842 bellum
1992 810 2091 843 fratri
2110 811 2206 845 intu-

1226 860 1284 899 lit,
1311 865 1344 891 et
1367 870 1534 902 magnum
1558 859 1746 892 exercitum
1771 871 1810 891 ex
1828 859 1964 892 minore
1982 859 2066 893 Asia
2080 863 2205 895 adver-

1226 920 1282 942 sus
1304 909 1446 942 fratrem
1481 909 1573 942 ultra
1603 906 1810 953 Euphraten
1840 910 1949 945 duxit.
2004 910 2140 945 Interea
2174 920 2207 947 et

1227 959 1435 993 Artaxerxes
1459 959 1631 993 contraxit
1655 970 1820 1002 magnum
1837 960 2045 1002 exercitum,
2073 969 2106 995 et
2128 974 2207 995 cum

1226 1010 1318 1052 Cyro
1336 1008 1528 1042 dimicavit.
1581 1009 1622 1039 ln
1639 1019 1678 1039 eo
1698 1010 1827 1049 praelio
1844 1009 1957 1054 Cyrus
1971 1012 2114 1045 fratrem
2129 1013 2209 1046 vul-

1228 1057 1380 1096 neravit,
1421 1063 1453 1089 et
1486 1063 1619 1100 partem
1654 1057 1823 1090 exercitus
1850 1058 1924 1090 eius
1951 1061 2028 1091 loco
2062 1063 2209 1104 pepulit.

1227 1106 1297 1140 Sed
1314 1107 1494 1151 aliquanto
1513 1113 1592 1150 post
1610 1118 1688 1139 cum
1709 1108 1936 1150 paucioribus
1954 1108 2152 1153 irrumpens
2170 1111 2208 1144 in

1228 1156 1361 1189 medios
1384 1154 1500 1189 hostes
1524 1155 1655 1201 Cyrus,
1681 1157 1884 1190 interfectus
1907 1165 1967 1191 est.
2020 1158 2071 1192 Ita
2088 1161 2208 1201 frater,

1229 1208 1289 1252 qui
1305 1207 1378 1240 sine
1395 1207 1485 1240 iusta
1503 1219 1605 1241 causa
1628 1208 1760 1240 bellum
1779 1215 1937 1242 moverat
1955 1209 2120 1244 adversus
2137 1212 2209 1245 sra-

1229 1265 1316 1291 trem
1339 1263 1371 1290 et
1396 1270 1531 1301 regem,
1566 1269 1766 1302 quanquam
1790 1258 1921 1292 multae
1942 1259 1979 1292 in
2005 1271 2044 1293 eo
2063 1273 2209 1304 magnae

1230 1309 1375 1342 virtutes
1398 1309 1560 1350 fuerunt,
1592 1315 1624 1342 et
1647 1309 1775 1342 robore
1801 1309 1972 1343 exercitus
1995 1312 2211 1353 antecelluit,

1230 1359 1353 1393 divino
1369 1359 1500 1392 iudicio
1517 1365 1699 1403 superatus
1718 1366 1786 1401 est,
1813 1367 1846 1393 et
1868 1360 1961 1394 inter
1979 1363 2134 1406 exempla
2154 1375 2210 1396 re-

1229 1411 1394 1444 ferendus
1426 1417 1494 1451 est,
1534 1411 1576 1442 de
1605 1410 1734 1455 quibus
1767 1410 1907 1453 regulae
1941 1413 2210 1447 concionantur:

1230 1460 1302 1504 Qui
1322 1460 1478 1504 gladium
1503 1461 1692 1505 acceperit,
1719 1461 1837 1504 gladio
1861 1462 2002 1506 peribit.
2057 1462 2129 1506 Qui
2145 1476 2210 1508 po-

1230 1512 1341 1545 testati
1363 1512 1549 1552 resistunt,
1582 1512 1777 1555 punientur
1803 1519 1867 1547 etc.
1921 1511 2078 1547 Virtutes
2099 1515 2172 1548 eius
2191 1526 2211 1548 a

1230 1559 1485 1606 Xenophonte,
1510 1562 1609 1596 cuius
1624 1562 1727 1595 titulo
1744 1568 1836 1596 extat
1851 1559 1997 1596 historia
2013 1561 2118 1597 huius
2133 1565 2209 1598 bel—

1229 1614 1273 1653 li,
1300 1610 1492 1646 honorifice
1516 1613 1774 1646 describuntur.
1825 1613 1968 1646 Iusticia
1991 1614 2029 1646 in
2047 1614 2211 1659 imperio,

1229 1663 1333 1697 Fides
1361 1665 1398 1695 in
1427 1663 1556 1706 pactis,
1589 1663 1765 1696 Modestia
1793 1669 1827 1696 et
1851 1662 2096 1698 Munificentia
2130 1677 2211 1708 erga

1228 1710 1409 1754 Principes
1426 1716 1458 1742 et
1472 1712 1714 1753 Respublicas‚
1742 1712 1929 1747 Fortitudo
1946 1713 1983 1746 in
1999 1714 2212 1757 dimicando,

1228 1760 1383 1794 Comitas
1407 1771 1486 1803 erga
1510 1760 1653 1795 amicos.
1713 1759 1784 1793 Nec
1808 1763 1936 1793 mirum
1965 1771 2057 1802 erat,
2085 1766 2213 1810 inquit,

1228 1823 1391 1854 superare
1407 1822 1487 1843 eum
1505 1822 1627 1844 omnes
1643 1810 1888 1854 magnitudine
1909 1812 2084 1846 donorum
2096 1839 2105 1853 ,
2131 1827 2210 1849 cum

1229 1862 1421 1894 ditissimus
1445 1867 1543 1895 esset.
1604 1860 1673 1895 Sed
1694 1862 1898 1895 liberalitati
1919 1863 2047 1897 addere
2066 1866 2211 1899 comita-

1228 1919 1297 1945 tem
1314 1919 1346 1945 et
1360 1912 1573 1955 singularem
1588 1912 1772 1953 delectum,
1797 1912 1997 1946 mirandum
2018 1922 2079 1951 est.
2126 1916 2211 1950 Sae-

1228 1975 1270 2006 pe
1291 1963 1431 2006 lagenas
1447 1962 1657 2006 semiplenas
1672 1964 1766 1996 misit
1781 1963 1920 2004 amicis,
1947 1964 2072 1999 iubens
2089 1973 2128 2000 ut
2146 1965 2211 2000 ho-

1227 2013 1284 2047 die
1300 2026 1379 2046 curn
1396 2013 1516 2046 amicis
1532 2013 1715 2055 biberent,
1742 2013 1823 2059 quia
1849 2014 1909 2047 diu
1927 2015 2066 2049 nullum
2083 2018 2211 2052 melius

1228 2064 1351 2098 vinum
1368 2061 1557 2097 habuisset.
1607 2063 1744 2099 Laudat
1761 2071 1896 2106 autem,
1917 2066 2126 2111 semiplenas
2143 2069 2210 2101 mi-

1227 2115 1328 2154 sisse,
1355 2121 1395 2148 ut
1412 2115 1600 2158 significet,
1629 2116 1671 2148 de
1688 2128 1727 2150 eo
1754 2115 1906 2159 misisse,
1934 2128 2005 2162 quo
2023 2118 2096 2162 ipse
2113 2120 2209 2152 frue-

1227 2166 1331 2199 batur
1348 2172 1381 2199 et
1395 2166 1653 2207 delectabatur,
1679 2173 1712 2200 et
1729 2164 1821 2199 nihil
1838 2167 1868 2199 ei
1890 2167 1965 2200 sine
1987 2168 2106 2201 amicis
2129 2180 2209 2202 sua-

1227 2228 1268 2250 ve
1293 2228 1375 2250 esse.
1427 2215 1486 2250 Sic
1508 2223 1542 2250 et
1566 2228 1704 2251 anseres
1734 2228 1882 2251 semesos
1909 2218 1958 2251 ait
1979 2218 2098 2252 amicis
2129 2231 2209 2252 eum

1226 2279 1373 2302 misisse.

1329 2318 1413 2352 Post
1435 2317 1519 2364 Cyri
1542 2325 1692 2351 mortem
1711 2325 1810 2363 capta
1833 2324 1882 2351 est
1906 2318 1941 2350 in
1960 2318 2080 2352 castris
2095 2317 2209 2364 Aspa-

1199 2393 1201 2414 Ι
1227 2369 1295 2409 sia,
1329 2369 1456 2403 mulier
1490 2368 1627 2407 Ionica,
1663 2381 1766 2414 quarn
1793 2367 1905 2414 Cyrus
1935 2369 2044 2412 magis
2068 2372 2209 2412 amavit,

1227 2432 1330 2465 qnam
1358 2426 1508 2453 caeteras
1533 2420 1756 2453 concubinas.
1808 2419 1907 2451 Adeo
1929 2420 2021 2452 enim
2048 2427 2080 2454 et
2096 2421 2207 2454 forma

1228 2471 1415 2513 ctingenio
1434 2471 1652 2510 antecelluit,
1679 2477 1717 2503 ut
1735 2469 1912 2502 nominata
1939 2471 1983 2503 sit
2009 2463 2120 2517 Σοφ)
2143 2470 2204 2505 καὶ

1199 2533 1200 2561 ;
1226 2519 1328 2566 καλὴ.
1383 2519 1484 2554 Hanc
1502 2528 1636 2565 captam
1656 2518 1863 2552 Artaxerxes
1879 2520 1981 2554 valde
1997 2533 2113 2554 amare
2130 2534 2207 2556 coe-

1228 2572 1290 2615 pit.
1343 2569 1432 2605 Cum
1460 2578 1575 2605 autem
1602 2569 1714 2602 filium
1738 2568 1887 2603 Darium
1910 2583 2024 2615 regern
2050 2580 2206 2610 creasset,

1199 2663 1200 2670 ἵ
1226 2629 1259 2655 et
1277 2623 1492 2656 consuetudo
1511 2627 1614 2659 esset,
1646 2626 1685 2653 ut
1701 2620 1776 2661 die,
1810 2633 1880 2665 quo
1898 2628 1997 2666 pater
2020 2623 2131 2656 filium
2151 2635 2205 2656 rc-

1197 2684 1303 2715 aegem
1342 2672 1626 2710 renunciaverat,
1668 2670 1785 2704 liceret
1822 2671 1895 2705 filio
1927 2673 2060 2706 donum
2092 2680 2204 2717 petere
