2324 2955
118 93 192 129 629

120 178 186 213 hoc
214 176 320 210 modo
343 172 438 210 Deus
469 181 647 209 aeternam
672 171 866 208 Ecclesiam
898 185 960 218 per
992 173 1105 206 filium

118 228 269 272 colligit,
295 234 330 261 et
351 239 435 261 voce
453 223 638 268 Evangelii
657 232 707 258 est
726 225 864 264 efficax,
891 231 930 258 ut
946 235 1104 267 expresse

117 279 264 313 dicitur:
292 277 527 321 Evangelium
550 282 601 309 est
626 276 782 320 potentia
799 275 866 311 Dei
889 276 933 309 ad
957 275 1103 308 salutem

117 330 217 364 omni
242 329 410 363 credenti.
459 325 507 361 Et
536 325 667 360 Paulus
690 327 740 360 sie
764 327 931 361 describit
956 337 1103 368 regnum

115 379 250 415 Christi
280 380 316 412 in
348 377 412 412 hac
442 378 532 420 vita,
575 390 656 412 cum
685 378 750 412 ait:
793 377 928 411 Tradet
955 388 1102 420 regnum

115 431 192 465 Deo
210 437 243 463 et
259 429 363 474 patri.

214 495 275 531 38.
317 495 482 539 Regnum
512 493 645 529 Christi
676 501 860 528 aeternum
889 501 957 533 est,
993 500 1033 528 ut
1062 494 1100 526 in

112 548 209 581 Luca
226 547 373 580 dicitur:
400 545 517 589 Regni
533 546 606 579 eius
622 558 696 579 non
709 546 774 579 erit
789 546 878 580 finis.
932 545 1002 579 Sed
1018 545 1100 590 quia

112 598 240 631 modus
263 597 354 630 alius
374 603 423 630 est
447 597 546 640 regni
566 596 603 629 in
626 593 692 630 hac
714 597 805 636 vita,
829 596 918 630 alius
942 602 1022 640 post
1043 596 1099 628 iu-

113 648 267 689 dicium,
294 648 373 681 ideo
389 646 520 680 Paulus
540 646 677 692 inquit:
704 646 838 680 Tradet
858 658 1005 690 regnum
1022 644 1098 678 Deo

113 706 147 733 et
171 699 275 743 patri.
327 697 370 731 In
396 695 461 730 hac
485 697 557 731 vita
576 709 722 741 regnum
739 695 892 736 Christi,
917 704 967 730 est
984 695 1098 730 filium

112 749 261 782 missum
291 760 381 789 esse,
421 755 461 782 ut
493 748 647 792 proferat
677 746 911 791 Evangelium
944 759 983 780 ex
1016 747 1097 780 sinu

111 800 247 834 aeterni
272 799 400 844 patris,
426 805 528 832 antea
551 799 711 842 ignotum
729 799 900 832 ‘omnibus
918 798 1097 838 creaturis,

111 857 145 884 et
169 856 320 883 assumta
346 847 501 883 humana
519 857 643 884 natura
660 850 810 883 redimat
825 849 1036 887 Ecclesiam,
1063 854 1095 881 et

111 912 186 933 earn
213 912 298 934 voce
314 898 500 944 Evangelii
519 901 720 934 immediate
741 900 880 942 colligat
897 907 928 933 et
945 898 1096 932 vivificet

111 953 194 986 dato
227 950 365 995 Spiritu
393 958 534 991 sancto,
581 953 626 984 sit
655 951 834 984 redemtor
865 957 898 984 et
930 950 1095 990 salvator,

111 1008 270 1046 protegat
292 1008 325 1035 et
345 1008 459 1035 servet
482 1001 697 1040 Ecclesiam,
724 1007 758 1034 et
782 1001 827 1034 sit
850 1007 953 1044 caput
975 1001 1094 1033 omnia

111 1053 148 1085 in
171 1052 338 1086 omnibus
362 1051 567 1096 perficiens,
593 1058 626 1085 et
648 1058 726 1095 post
748 1057 896 1085 mortem
914 1051 1095 1084 resuscitet

110 1114 193 1144 nos,
219 1109 254 1136 et
275 1103 398 1136 vestiat
422 1103 554 1135 munda
572 1109 717 1139 natura,
744 1108 783 1135 ut
798 1102 927 1134 deinde
943 1102 1096 1134 visibili-

110 1160 162 1186 ter
184 1151 319 1186 habitet
344 1153 379 1185 in
404 1153 508 1186 nobis
525 1153 644 1190 Deus,
670 1159 708 1185 ut
730 1152 775 1184 sit
795 1153 913 1184 omnia
932 1152 969 1184 in
986 1152 1095 1184 beatis

110 1203 289 1238 omnibus.
339 1203 480 1245 Regnat
503 1203 610 1245 igitur
625 1200 787 1235 Christus
814 1203 850 1234 in
872 1200 937 1235 hac
962 1201 1033 1235 vita
1058 1202 1094 1234 in

107 1253 261 1288 Ecclesia
288 1265 351 1298 per
374 1254 609 1286 ministerium
630 1251 829 1295 Evangelii.
890 1251 973 1286 Post
1004 1250 1095 1285 hanc

110 1305 239 1342 vitam,
266 1305 329 1337 etsi
352 1311 470 1337 manet
486 1303 564 1336 Rex
585 1310 619 1335 et
640 1311 742 1345 caput
756 1302 950 1343 Ecclesiae,
977 1309 1094 1336 tamen

109 1354 237 1387 modus
253 1354 344 1386 alius
360 1354 445 1394 erit,
471 1353 604 1386 scilicet
619 1352 768 1385 visibilis
784 1360 1000 1396 conspectus.

212 1421 272 1455 39.
308 1419 399 1454 Cum
422 1421 530 1463 igitur
552 1419 715 1452 universa
743 1420 915 1463 scriptura
940 1419 1094 1463 prophe-

109 1473 178 1506 tica
202 1478 236 1504 et
260 1471 450 1515 apostolica
467 1469 645 1507 adfirmet,
672 1482 756 1502 voce
774 1469 957 1512 Evangelii
976 1470 1095 1512 colligi

109 1520 323 1561 Ecclesiam,
349 1526 382 1553 et
405 1531 485 1553 cum
510 1517 574 1552 hac
591 1531 675 1551 voce
694 1526 727 1552 et
746 1520 956 1562 cogitatione
974 1520 1095 1563 scripti

109 1572 210 1605 verbi
239 1571 354 1606 Deum
386 1571 559 1603 efficacem
589 1581 678 1609 esse,
712 1582 785 1602 non
818 1576 868 1603 est
896 1570 1095 1603 audiendus

109 1621 408 1662 Stenckeseldius,
434 1620 495 1665 qui
511 1632 584 1653 non
602 1620 731 1652 desiuit
748 1620 951 1659 vociferari,
977 1619 1094 1653 Deum

110 1685 145 1706 se
165 1673 241 1705 sine
260 1672 375 1704 medio
393 1671 672 1710 communicare,
699 1670 775 1703 sine
791 1683 875 1704 voce
893 1671 1094 1711 ministerii,

111 1724 187 1756 sine
208 1722 419 1765 cogitatione
444 1721 591 1764 scriptae
608 1721 799 1754 doctrinae.
850 1720 917 1754 His
934 1722 1093 1756 fanaticis

110 1773 324 1807 clamoribus
349 1771 492 1805 abducit
516 1769 678 1804 homines
702 1783 721 1804 a
744 1772 914 1813 lectione,
940 1779 974 1806 et
999 1773 1094 1816 cogi-

109 1824 241 1858 tatione
251 1823 400 1867 scriptae
412 1822 604 1861 doctrinae‚
631 1828 670 1855 ut
680 1822 965 1856 manifestissima
978 1835 1094 1856 exem-

110 1875 166 1919 pla
182 1875 376 1908 multorum
391 1874 595 1916 ostendunt,
623 1872 684 1917 qui
696 1871 856 1906 Pastores
872 1880 931 1907 aut
948 1874 1095 1917 pellunt,

110 1933 170 1960 aut
201 1926 324 1958 audire
352 1924 498 1964 nolunt,
533 1930 567 1957 et
596 1923 726 1957 iactant
757 1924 817 1957 illa
844 1921 1094 1958 enthusiastica

110 1976 251 2010 oracula
269 1975 533 2010 Stenckeseldii.

212 2043 271 2078 40.
298 2040 533 2087 Opponamus
550 2048 666 2075 autem
684 2042 874 2076 certissima
893 2043 1095 2077 testimonia

110 2095 282 2128 divinitus
306 2094 455 2131 tradita,
482 2092 610 2127 Roma.
632 2094 678 2126 1.:
712 2091 947 2137 Evangelium
965 2101 1014 2128 est
1032 2106 1095 2137 po-

111 2146 219 2179 tentia
233 2144 299 2178 Dei
316 2145 358 2177 ad
374 2144 520 2177 salutern
535 2144 632 2176 omni
653 2144 817 2179 credenti.
872 2144 1000 2179 Roma.
1022 2146 1094 2180 10.:

116 2197 216 2230 Fides
238 2208 277 2228 ex
295 2195 417 2228 auditu
435 2202 501 2235 est,
527 2194 668 2227 auditus
686 2206 746 2238 per
764 2196 910 2228 verbum
927 2195 1004 2231 Dei.
1039 2195 1095 2228 lo-

112 2240 192 2280 hain.
214 2249 263 2282 1.:
303 2245 515 2288 Unigenitus
545 2245 637 2277 tilius
664 2245 725 2289 qui
747 2252 796 2278 est
824 2247 858 2279 in
883 2246 962 2279 sinu
987 2246 1096 2290 patris

114 2297 288 2331 enarravit
302 2297 414 2330 nobis.
457 2295 574 2337 Quam
589 2296 634 2328 ob
651 2307 790 2329 causam
809 2298 900 2330 tilius
910 2295 974 2330 Dei
991 2293 1098 2345 λόγος

115 2348 240 2380 missus
257 2350 331 2381 est?
359 2359 465 2393 quare
481 2346 576 2379 Deus
594 2354 664 2380 tam
682 2347 801 2379 arcani
818 2355 850 2381 et
865 2348 1018 2381 mirandi
1037 2349 1097 2381 de-

115 2398 199 2432 creti
219 2398 387 2432 nuncium
404 2398 480 2431 vult
496 2398 606 2430 fillum
631 2398 727 2430 esse?
754 2398 783 2431 si
806 2410 878 2431 non
903 2396 1008 2432 huius
1034 2412 1097 2432 vo-

116 2450 164 2482 cis
197 2448 406 2491 cogitatione
439 2446 602 2481 homines
637 2449 827 2490 convertit,
867 2456 899 2483 et
935 2450 1099 2484 viviticat.

116 2499 244 2534 Psalm.
271 2498 369 2533 118.:
409 2497 503 2532 Ilaec
535 2506 588 2533 est
621 2500 815 2533 consolatio
837 2512 912 2533 mea
938 2500 974 2533 in
998 2501 1100 2533 adni-

117 2550 234 2583 ctioue
265 2561 363 2589 mea,
404 2549 498 2593 quod
520 2550 700 2595 eloquium
727 2558 826 2584 tuum
854 2551 1006 2584 vivificat
1034 2563 1098 2584 me.

118 2599 205 2634 Vult
223 2612 286 2634 nos
304 2599 399 2633 Deus
417 2600 452 2632 in
469 2601 763 2645 trepidationibus
785 2608 817 2635 et
833 2602 1022 2646 pavoribus
1046 2602 1100 2634 in—

118 2652 207 2684 tueri
223 2651 492 2695 promissionem
511 2652 709 2689 revelatam,
752 2652 804 2687 lbi
825 2653 898 2687 vult
915 2664 980 2686 nos
996 2664 1101 2698 quae-

754 85 1016 123 PHILIPPI
1058 83 1509 125 MELANTHONIS,

2075 99 2150 136 630

1160 183 1237 205 rere
1263 180 1296 207 et
1319 185 1505 217 agnoscere
1529 185 1628 208 suam
1651 176 1887 221 voluntatem,
1920 187 1953 215 et
1976 182 2146 218 adsentiri

1159 224 1398 266 promissioni.
1448 223 1496 259 Et
1512 227 1743 262 certissimum
1762 237 1812 264 est
1828 231 1943 275 ipsum
1957 232 2069 266 filium
2080 233 2145 268 Dei

1158 270 1270 320 λόγον
1290 275 1326 307 in
1345 276 1623 310 adsentientibus
1640 279 1812 313 efficacem
1831 293 1914 316 esse.
1952 282 2035 317 Ideo
2045 284 2144 318 Psal-

1156 336 1234 357 mus
1252 325 1333 360 129.
1357 326 1457 359 dicit:
1490 324 1681 372 Expectavi
1704 329 1915 375 Dominum,
1948 337 2142 379 expectavit

1155 375 1272 409 anima
1288 388 1385 418 mea,
1411 383 1443 410 et
1461 377 1498 410 in
1517 379 1624 412 verbo
1643 380 1717 414 eius
1731 383 1880 426 speravi.

1257 442 1318 478 41.
1355 443 1446 477 Tota
1475 445 1646 489 scriptura
1669 449 1874 492 prophetica
1897 458 1929 484 et
1951 454 2143 497 apostolica

1154 492 1259 537 plena
1277 501 1328 528 est
1344 495 1647 537 testimoniorum,
1675 510 1764 543 quae
1780 512 1851 533 non
1872 503 1986 536 solum
2004 505 2141 548 praeci-

1154 544 1257 588 piunt
1279 552 1318 579 ut
1343 545 1535 588 discamus,
1561 548 1767 588 audiamus,
1800 552 1989 594 cogitemus
2013 555 2141 598 scripta

1153 595 1325 629 divinitus
1341 596 1486 638 tradita,
1514 599 1571 630 sed
1591 599 1695 632 etiam
1715 606 1754 633 ut
1771 601 1921 635 sciamus
1939 602 2054 637 Deum
2073 603 2140 639 hac

1152 645 1226 689 ipsa
1256 647 1466 690 cogitatione
1498 649 1671 682 efficacem
1692 661 1786 692 esse,
1828 658 1867 685 ut
1891 651 2139 688 Romanorum

1152 697 1305 731 decimo:
1343 697 1457 742 Prope
1475 705 1526 732 est
1541 700 1690 732 verbum
1707 700 1745 733 in
1762 713 1822 734 ore
1839 709 1900 735 tuo
1917 710 1980 738 etc.
2033 703 2081 738 Et
2096 707 2140 738 ad

1151 746 1359 781 Corinthios
1394 749 1601 783 nominatur
1630 747 1864 795 Evangelium
1899 754 2140 789 ministerium

1150 797 1323 881 Sfpiritus,
1348 799 1384 832 id
1408 806 1475 841 est,
1504 812 1573 844 quo
1589 799 1743 845 Spiritus
1762 810 1901 837 sanctus
1919 805 2023 839 datur
2038 813 2072 840 et
2090 814 2140 840 est

1150 860 1166 880 e
1197 861 1281 884 max,

1252 907 1313 943 42.
1359 905 1406 941 Et
1441 909 1526 953 quid
1559 921 1647 954 opus
1678 918 1730 945 est
1759 912 1863 956 longa
1902 915 2139 950 refutatione?

1149 956 1238 992 Cum
1255 957 1388 990 Paulus
1403 959 1446 991 de
1464 960 1614 993 lectione
1638 962 1849 1006 praecipiat,
1883 973 1916 998 et
1940 966 2034 999 dicat
2056 967 2140 1000 inde

1149 1009 1427 1042 consolationem
1444 1011 1629 1053 petendam
1645 1023 1730 1052 esse,
1746 1015 1960 1048 anteferatur
1970 1015 2139 1050 Stencke·

1149 1060 1274 1100 seldio,
1302 1059 1363 1104 qui
1387 1067 1545 1093 removet
1567 1061 1771 1103 lectionem,
1798 1071 1829 1096 et
1845 1064 1940 1097 iubet
1960 1074 2139 1110 expectare

1149 1108 1407 1143 enthusiasmos
1439 1110 1665 1144 simulatione
1698 1113 1892 1155 torvitatis‚
1940 1123 1979 1149 ut
2009 1118 2138 1152 multos

1150 1161 1304 1193 vidimus
1332 1161 1541 1204 impostores
1570 1162 1776 1196 abiicientes
1806 1165 1987 1200 doctrinae
2017 1174 2140 1208 metas,

1149 1211 1209 1254 qui
1229 1218 1346 1254 postea
1364 1218 1397 1244 et
1413 1211 1598 1255 opiniones
1617 1218 1724 1247 tetras
1748 1223 1970 1258 sparserunt,
1997 1224 2030 1252 et
2047 1219 2139 1253 sedi-

1149 1261 1262 1294 tiones
1278 1268 1479 1298 moverunt.

1249 1319 1312 1353 43.
1351 1319 1585 1355 Retineamus
1616 1323 1733 1366 potius
1765 1324 1899 1358 dictum
1920 1325 2038 1360 Pauli:
2081 1328 2137 1362 Sis

1149 1370 1311 1403 assiduus
1332 1378 1365 1405 et
1385 1377 1538 1404 attentus
1562 1372 1599 1404 in
1630 1373 1797 1415 lectione,
1835 1377 2075 1412 consolatione
2104 1387 2137 1413 et

1150 1421 1322 1454 doctrina.
1377 1418 1530 1454 Orditur
1544 1421 1676 1456 Paulus
1693 1436 1711 1457 a
1727 1425 1892 1465 lectione,
1919 1429 2001 1472 quia
2015 1427 2136 1462 Evan-

1149 1470 1277 1512 gelium
1294 1483 1368 1503 non
1389 1478 1438 1504 est
1464 1479 1592 1505 natura
1617 1480 1762 1514 notum,
1788 1483 1828 1509 ut
1851 1478 2032 1512 doctrinae
2056 1478 2137 1523 phi-

1150 1518 1372 1564 losophicae,
1397 1521 1457 1553 sed
1481 1522 1689 1556 discendum
1713 1532 1762 1558 est
1787 1537 1827 1558 ex
1854 1528 2011 1571 scriptis,
2047 1543 2136 1574 quae

1148 1569 1246 1603 Deus
1270 1571 1384 1604 voluit
1411 1582 1471 1613 per
1487 1570 1682 1616 Prophetas
1706 1581 1739 1608 et
1761 1573 1950 1619 Apostolos
1975 1581 2137 1614 mandari

1149 1621 1269 1656 literis.
1320 1619 1367 1654 Et
1397 1621 1539 1655 lectioni
1569 1624 1668 1657 addit
1701 1627 1989 1663 consolationem.
2041 1629 2137 1665 Deus

1149 1671 1256 1714 igitur
1271 1683 1310 1704 ea
1329 1672 1479 1705 lectione
1495 1674 1614 1707 efficax
1633 1682 1695 1710 est.
1736 1674 1907 1712 Doctrina
1927 1688 1976 1713 est
1993 1692 2136 1715 enarra-

1148 1723 1197 1755 tio
1214 1722 1376 1756 lectionis
1393 1734 1453 1756 seu
1469 1724 1602 1767 scripti,
1631 1737 1710 1758 cum
1726 1739 1793 1760 vox
1807 1729 1966 1763 docentis
1983 1734 2136 1766 ostendit

1149 1780 1374 1816 argumenta,
1401 1774 1572 1815 membra,
1602 1776 1714 1810 exitus
1730 1777 1768 1810 in
1784 1781 1963 1823 proposita
1981 1785 2137 1816 materia.

1148 1822 1195 1857 Et
1220 1824 1263 1857 ad
1285 1823 1510 1858 Colossenses
1532 1826 1665 1871 inquit:
1699 1827 1823 1862 Sermo
1844 1828 1977 1865 Christi
2004 1831 2136 1868 habitet

1150 1875 1185 1907 in
1204 1874 1304 1907 vobis
1320 1875 1461 1908 abunde
1486 1876 1524 1909 in
1547 1878 1645 1910 omni
1669 1878 1857 1922 sapientia,
1883 1889 1915 1916 et
1935 1884 2076 1924 docete,
2104 1893 2135 1918 et

1148 1926 1330 1959 emendete
1344 1937 1406 1959 vos
1423 1933 1559 1960 mutuo,

1251 1991 1312 2026 44.
1345 1991 1471 2026 Eludit
1490 1991 1574 2026 haee
1596 1994 1687 2028 dicta
1704 1994 1984 2031 Stenckeseldius
2009 2011 2135 2038 sermo,

1150 2044 1184 2076 id
1202 2050 1270 2084 est,
1296 2044 1368 2086 ipse
1393 2044 1496 2078 filius.
1549 2044 1617 2078 Sed
1646 2045 1682 2077 in
1708 2043 1763 2079 his
1788 2047 1890 2080 dictis
1916 2060 2073 2093 expresse
2098 2053 2135 2085 fit

1150 2094 1281 2128 mentio
1300 2094 1477 2134 lectionis,
1505 2101 1537 2127 et
1554 2096 1746 2137 doctrinae,
1777 2104 1808 2130 et
1825 2101 2134 2135 commonefactio-

1151 2146 1217 2178 nis.
1268 2145 1321 2178 Ac
1339 2146 1554 2179 detestentur
1572 2147 1685 2180 bonae
1701 2155 1835 2181 mentes
1852 2150 2082 2193 petulantiam
2101 2162 2130 2186 et

1150 2194 1377 2240 sophisticam
1411 2197 1446 2228 in
1477 2196 1662 2230 eludendis
1695 2199 1890 2232 manifestis
1914 2201 2133 2237 testimoniis.

1151 2248 1289 2281 Scimus
1311 2247 1557 2288 cogitationem
1581 2248 1656 2281 sine
1677 2248 1813 2282 actione
1829 2250 1968 2291 divina,
1996 2252 2134 2287 literam

1151 2311 1241 2339 esse,
1269 2298 1328 2331 sed
1345 2298 1450 2331 simul
1469 2295 1535 2330 hoc
1551 2299 1722 2339 dicimus,
1748 2298 1879 2333 Filium
1902 2299 1965 2335 Dei
1991 2315 2054 2346 per
2077 2317 2137 2337 co-

1152 2350 1356 2391 gitationem
1380 2349 1528 2392 scriptae
1552 2349 1732 2382 doctrinae
1755 2351 1927 2385 efficacem
1955 2365 2037 2389 esse.
2092 2354 2136 2388 Et

1153 2398 1247 2433 huuc
1271 2399 1431 2433 ordinem
1459 2399 1627 2432 immensa
1649 2400 1818 2444 sapientia
1841 2409 1873 2435 et
1897 2404 2053 2438 bonitate
2071 2405 2134 2439 Dei

1153 2452 1378 2485 constitutam
1405 2461 1487 2483 esse.
1549 2449 1620 2483 Nec
1650 2451 1752 2484 aliter
1780 2462 1963 2488 senserunt
1991 2456 2038 2499 pii
2069 2469 2136 2490 un-

1155 2515 1258 2547 quam
1293 2502 1328 2533 in
1353 2498 1527 2540 Ecclesia,
1567 2502 1626 2533 sed
1652 2513 1788 2546 semper
1810 2503 1951 2539 suerunt
1978 2504 2137 2540 homines

1154 2552 1295 2585 sanativi
1314 2558 1343 2583 et
1364 2549 1619 2590 eutltusiastici,
1646 2553 1704 2597 qui
1724 2565 1822 2587 coeca
1841 2557 2036 2589 ambitione
2050 2559 2134 2591 moti

1154 2602 1214 2637 zai
1243 2600 1488 2646 nltwswstt'rot
1513 2603 1641 2635 similia
1662 2604 1893 2639 deliramenta
1915 2608 2138 2640 circumtule-

1157 2661 1260 2694 runt,
1295 2653 1376 2697 quia
1394 2653 1562 2697 opinione
1578 2651 1807 2688 enthusiasmi
1828 2664 1861 2690 et
1879 2658 2135 2701 colloquiorum

1540 2703 1615 2738 40*
