2324 2955
180 126 252 164 451

185 214 304 247 minus
327 209 492 244 novitatis
516 203 747 250 conspicitur,
780 213 886 249 quam
908 213 990 237 cum
1014 203 1165 238 maxime

186 264 327 307 angitur
345 257 567 294 conscientia.

291 311 349 347 19.
392 309 456 342 Illa
481 314 532 342 est
555 312 646 340 recta
669 307 747 347 via,
788 305 900 340 ordiri
923 317 943 339 a
967 304 1093 348 verbo,
1133 311 1167 340 et

187 372 352 408 quaerere
377 359 414 392 in
438 359 545 392 verbo
569 357 853 391 consolationem.
893 355 965 390 Nec
988 355 1167 391 somnian-

188 415 273 446 dum
297 418 367 451 est,
402 410 495 454 quod
528 409 666 442 novitas
694 408 874 442 antecedat
906 408 1072 449 verbum,
1107 408 1167 441 sed

187 462 386 500 sciendum,
413 460 508 505 quod
526 465 692 504 sequatur
705 458 851 491 verbum
869 463 902 491 et
917 458 1032 493 fidem.

288 512 349 546 20.
375 510 455 543 Non
471 510 578 553 igitur
594 509 750 543 tollimus
765 519 884 552 opera,
900 514 1038 542 tantum
1052 514 1170 541 osten-

190 564 324 603 dimus,
351 562 446 595 unde
463 560 695 594 conscientiae
719 560 804 592 fiant
828 565 958 597 certae,
986 559 1057 592 imo
1075 569 1170 591 sum-

188 625 245 646 ma
269 620 302 646 et
324 611 519 645 difficilima
541 622 646 655 opera
671 609 916 654 praecipimus.
970 607 1060 642 Nam
1085 606 1170 641 haec

191 663 317 697 fiducia
334 674 405 695 non
422 668 472 695 est
490 662 615 705 frigida
632 660 779 701 noticia,
807 660 864 692 sed
885 665 937 693 est
953 670 1051 702 opus,
1077 659 1172 703 quod

190 720 358 758 perpetuo
377 713 529 746 luctatur
546 723 624 745 cum
641 710 862 744 dubitatione
877 716 910 743 et
931 709 1173 744 imbecillitate

190 772 330 801 nostra,
359 775 422 796 nec
441 763 555 796 existit
573 762 640 794 nisi
660 762 696 794 in
712 760 940 805 poenitentia.

291 814 349 848 21.
384 811 629 846 EtChristiani
646 812 775 851 sciant,
803 823 838 844 se
855 809 946 844 hanc
963 810 1067 843 fidem
1085 821 1174 855 quo-

190 864 276 896 tidie
301 864 337 895 in
363 865 459 896 omni
483 863 722 902 invocatione,
755 862 792 894 in
819 861 986 895 omnibus
1008 860 1174 905 periculis

192 926 349 947 exercere
368 914 504 946 debere.

291 965 351 999 22.
391 961 524 1008 Estque
548 974 636 1007 opus
657 962 842 1006 praecipue
863 961 1100 1001 meritorium,
1141 967 1175 995 et

191 1022 307 1048 tamen
326 1015 470 1047 existere
486 1020 518 1047 et
536 1014 688 1046 exerceri
703 1024 776 1046 non
794 1019 927 1056 posset,
955 1012 985 1046 si
1006 1012 1175 1056 penderet

191 1077 229 1098 ex
245 1064 447 1098 conditione
464 1063 644 1106 dignitatis
661 1070 812 1098 nostrae.

292 1115 352 1147 23.
389 1114 501 1158 quue
517 1120 590 1147 tum
607 1113 808 1146 consolatur
825 1113 899 1156 pias
923 1118 1072 1152 mentes,
1100 1118 1175 1144 tum

190 1162 400 1198 adhortatur
419 1165 461 1196 ad
480 1175 517 1196 ea
535 1175 640 1207 opera
659 1163 857 1197 exercenda.

292 1215 354 1250 24.
382 1214 419 1248 Si
435 1215 585 1247 secunda
603 1213 724 1257 opinio
736 1213 900 1246 transfert
916 1211 1077 1245 fiduciam
1095 1217 1175 1244 tan-

191 1273 266 1298 tum
282 1266 325 1298 ad
340 1264 635 1301 misericordiam,
663 1275 735 1296 non
759 1264 801 1296 ad
821 1269 940 1295 nostra
963 1273 1086 1306 opera,
1119 1261 1176 1293 in—

190 1315 342 1348 flectitur
355 1314 497 1359 quidem
512 1314 553 1346 ad
570 1320 724 1345 nostram
742 1313 962 1351 sententiam,
983 1313 1042 1344 sed
1060 1317 1175 1343 tamen

190 1365 272 1409 quia
295 1364 435 1397 videtur
458 1374 595 1396 assuere
614 1362 871 1402 conditionem,
899 1367 1041 1394 manent
1060 1360 1177 1393 incer-

190 1422 243 1448 tae
260 1414 506 1448 conscientiae.

290 1465 350 1500 25.
392 1463 620 1496 Manifestum
639 1470 709 1503 est,
735 1461 887 1495 Paulum
910 1463 953 1493 de
972 1460 1098 1493 fiducia
1123 1461 1177 1493 lo-

193 1515 272 1560 qui,
298 1526 372 1547 non
389 1515 430 1547 de
449 1513 578 1546 noticia
596 1510 774 1547 historiae.
810 1511 1041 1544 Manifestum
1062 1517 1094 1543 et
1110 1508 1177 1542 hoc

193 1572 260 1604 est,
287 1564 436 1597 Paulum
461 1564 632 1596 anteferre
658 1562 820 1595 fiduciam
845 1573 918 1593 non
943 1560 1057 1594 solum
1083 1571 1176 1592 cere-

191 1614 341 1657 moniis,
367 1615 426 1646 sed
444 1614 546 1646 etiam
562 1613 756 1645 moralibus
777 1611 959 1655 operibns,
987 1611 1023 1643 id
1046 1609 1075 1642 si
1098 1611 1176 1654 quis

194 1671 314 1707 negat,
343 1665 421 1708 plus
440 1676 542 1708 quam
560 1659 817 1708 τετυᾳῴιιενος
836 1668 896 1696 est.

295 1725 354 1759 26.
396 1722 477 1755 ‘Non
500 1720 606 1765 igitur
632 1721 667 1753 id
694 1720 763 1763 agit
787 1726 923 1754 tantum
949 1718 1098 1761 Paulus,
1138 1723 1178 1751 ut

194 1775 407 1807 ceremonias
448 1773 612 1815 abroget,
665 1772 724 1803 sed
764 1770 985 1803 collationem
1024 1768 1178 1802 instituit

193 1825 351 1857 omnium
380 1835 542 1867 operum,
576 1833 635 1854 seu
651 1821 759 1855 totius
783 1821 885 1863 legis,
921 1826 953 1853 et
974 1819 1048 1852 eius
1069 1819 1177 1852 bene-

194 1875 280 1915 ficii,
309 1875 403 1919 quod
421 1874 532 1906 adfert
551 1870 723 1906 Christus.

296 1931 355 1968 27,
389 1930 441 1965 Ita
464 1930 572 1973 igitur
597 1930 762 1966 antefert,
796 1939 860 1960 nos
884 1927 994 1960 iustos
1017 1938 1178 1970 pronun-

196 1982 278 2015 ciari
303 1988 445 2026 propter
464 1979 673 2013 beneficium
688 1976 839 2017 Christi,
867 1989 939 2010 non
965 1983 1108 2022 propter
1128 1977 1179 2011 le-

193 2044 268 2074 gem
279 2059 288 2073 ,
315 2033 398 2077 quia
415 2030 483 2074 legi
499 2042 603 2063 nemo
618 2028 795 2063 satisfacit.

294 2091 356 2127 28.
399 2089 562 2124 Secunda
584 2088 724 2131 opinio,
768 2087 865 2121 iubet
886 2085 1049 2119 homines
1073 2096 1178 2131 quam

192 2142 380 2174 minimum
394 2141 548 2175 tribuere
566 2150 647 2172 suae
665 2137 845 2180 dignitati,
871 2137 1018 2179 scilicet,
1042 2149 1085 2170 ne
1101 2136 1179 2170 ani-

193 2192 259 2224 mis
276 2192 398 2225 fiducia
415 2188 547 2224 Christi
568 2188 772 2222 excutiatur.

296 2249 354 2282 29.
391 2249 534 2291 Quanto
554 2247 661 2290 igitur
676 2246 783 2288 magis
799 2242 865 2278 hoc
884 2245 979 2278 iuvat
997 2244 1178 2278 conscien—

197 2299 261 2331 tias
277 2299 382 2339 scire,
410 2300 503 2343 quod
523 2309 603 2330 vere
618 2297 723 2339 gratis
737 2296 866 2340 accepti
885 2297 1010 2335 simus,
1037 2294 1076 2328 Id
1096 2306 1178 2328 vero

195 2355 368 2393 quantum
387 2350 591 2382 accenderet
608 2348 718 2381 bonas
736 2353 888 2387 mentes,
915 2346 944 2379 si
970 2346 1116 2385 scirent,
1144 2356 1178 2377 se

194 2397 261 2433 hoc
279 2406 428 2433 statuere
443 2400 580 2433 debere.

297 2459 356 2493 30.
392 2455 439 2491 Et
461 2455 552 2490 nihil
574 2463 623 2490 est
646 2456 793 2500 periculi
817 2452 999 2488 detrahere
1014 2454 1178 2487 fiduciam

195 2508 363 2551 operibus
389 2507 557 2547 omnino,
592 2519 670 2540 cum
695 2514 811 2540 tamen
835 2506 908 2550 ipsa
932 2517 1036 2549 opera
1058 2504 1177 2549 requi-

192 2565 331 2592 rantur.

307 2615 366 2651 51.
395 2613 537 2661 Itaque,
571 2620 610 2648 ut
630 2621 808 2649 teneamus
832 2621 960 2648 certam
984 2620 1019 2648 et
1044 2612 1179 2646 firmam

188 2658 484 2709 consolationem,
530 2665 768 2707 defendimus,
817 2666 1041 2700 statuendum
1083 2674 1171 2706 esse,

935 112 1420 155 DISPUTATIONES

2116 120 2195 159 452

1217 203 1314 249 quod
1345 207 1438 236 certo
1467 200 1552 236 iusti
1576 203 1685 238 simus
1711 200 1817 247 gratis
1840 215 1903 249 per
1924 205 2202 241 misericordiam

1218 259 1361 300 propter
1375 249 1557 286 Christum
1575 254 1656 291 fide.

1321 303 1381 338 32.
1417 301 1526 339 Recte
1548 304 1634 338 dicit
1657 303 1881 344 Aristoteles,
1909 316 1970 339 sua
1991 313 2114 349 sponte
2136 304 2203 340 ho-

1218 354 1331 388 mines
1345 354 1441 387 bona
1458 361 1492 388 et
1505 354 1597 387 mala
1611 354 1741 396 facere,
1767 362 1800 390 et
1822 363 1942 390 tamen
1964 367 2088 390 verum
2112 355 2203 389 illud

1220 411 1270 438 est
1281 431 1290 447 ,
1318 404 1413 449 quod
1431 404 1479 439 ait
1494 403 1596 439 Plato
1613 404 1651 438 in
1665 404 1830 440 Timaeo:
1858 406 1969 440 Nemo
1992 406 2114 440 volens
2131 417 2204 439 ma-

1222 456 1276 489 lus
1301 461 1370 495 est,
1396 455 1457 488 sed
1479 455 1565 488 mali
1587 455 1678 489 fiunt
1697 455 1783 489 tales
1806 463 1950 500 propter
1963 468 2111 501 pravum
2126 467 2205 489 cor-

1222 505 1318 550 poris
1345 503 1507 540 habitum
1532 512 1566 539 et
1587 506 1753 539 effrenem
1780 506 2043 548 educationem,
2084 504 2213 544 Kamic⁴

1221 555 1290 601 μὲν
1306 553 1380 603 γὰρ
1398 553 1494 590 ἑκών
1510 553 1630 594 οὐδεὶς
1645 553 1707 590 διὰ
1724 552 1765 590 δὲ
1781 553 1949 601 πονηρὰν
1958 554 2120 595 ἕξιν-τινὰ
2138 558 2206 590 τοῦ

1224 603 1412 650 σώματος,
1435 603 1497 640 καὶ
1514 604 1739 641 ἀπαίδευτον
1754 605 1909 652 τροφὴν.
1969 606 2078 639 Nocet
2101 606 2206 649 igitur

1224 657 1382 691 moribus
1397 656 1580 689 barbarica
1598 657 1771 700 ingluvies
1789 656 1894 690 huius
1911 657 2042 690 aetatis.

1326 707 1386 742 33.
1413 707 1660 740 Heraclitusin
1677 703 1767 740 hanc
1785 707 1992 740 sententiam
2008 718 2088 739 vere
2104 706 2208 739 dixit:

1225 754 1312 803 ξηρὴ
1335 755 1437 803 ’ψυχὴ
1463 753 1679 803 σοφωτάτη,
1714 756 1803 790 Nam
1829 758 1866 789 in
1890 755 1981 790 hanc
2003 757 2210 790 sententiam

1228 806 1440 841 Plutarchus
1457 808 1722 851 interpretatur.
1761 806 1936 852 Quodque
1949 806 2105 840 Galenus
2121 804 2211 852 phy-

1227 858 1293 890 sice
1316 858 1448 890 dictum
1474 858 1614 898 scribit,
1657 869 1731 890 non
1754 857 1931 901 displicet,
1975 869 2082 903 quare
2108 857 2210 892 etiam

1226 906 1368 953 physice
1386 908 1600 942 intellectum
1618 919 1692 940 non
1709 907 1959 952 improbamus.

1228 1025 1332 1071 (ΙΧ.)
1360 1026 1468 1060 Alia
1499 1024 1789 1069 disputatio,
1810 1024 1856 1058 cle
1881 1027 2070 1059 sententia
2100 1024 2210 1060 dicti:

1279 1075 1368 1110 Fide
1396 1074 1658 1122 iustificamur.
1711 1077 1812 1117 (Opp.
1830 1076 1995 1108 Βεεῑ1.ΙΙΙ.
2022 1090 2051 1118 p.
2074 1079 2163 1116 307.)

1226 1148 1374 1189 Iusticia
1392 1154 1544 1188 civiliter
1561 1154 1731 1197 significat
1749 1154 1987 1188 obedientiam
2010 1166 2089 1197 erga
2112 1165 2214 1197 supe-

1228 1207 1380 1242 riorem,
1404 1211 1443 1239 ut
1467 1205 1505 1237 in
1519 1202 1657 1238 Ethicis
1681 1211 1779 1243 recte,
1796 1211 1828 1238 et
1854 1205 1989 1238 erudite
2013 1205 2111 1238 docet
2129 1204 2213 1237 Ari-

1229 1256 1380 1291 stoteles.

1331 1307 1366 1339 2.
1404 1302 1451 1337 Et
1480 1303 1618 1336 iusticia
1648 1303 1697 1336 sic
1725 1310 1839 1337 sumta
1862 1304 2032 1347 signifieat
2059 1310 2215 1338 nostram

1229 1354 1452 1400 qualitatem,
1479 1360 1514 1387 et
1528 1360 1646 1387 nostra
1662 1365 1777 1397 opera.

1331 1405 1366 1438 3.
1427 1402 1475 1437 Et
1516 1404 1760 1448 complectitur
1805 1404 2042 1439 obedientiam
2086 1405 2217 1448 pariter

1229 1455 1390 1488 omnium
1411 1454 1671 1488 mandatorum.
2091 1492 2094 1496 ι

1329 1503 1365 1538 4.
1398 1502 1501 1536 Hanc
1532 1502 1820 1546 significationem
1841 1500 2015 1545 Theologi
2044 1504 2215 1548 intempe-

1230 1553 1318 1586 stive
1333 1550 1623 1597 philosophantes
1648 1553 1903 1586 transtulerunt
1930 1554 1966 1586 in
1983 1553 2150 1594 Paulum,
2182 1562 2216 1588 et

1231 1603 1498 1636 somniaverunt
1521 1614 1541 1635 a
1559 1601 1670 1636 Paulo
1695 1603 1805 1636 iustos
1828 1603 1916 1643 dici,
1950 1604 2031 1648 quia
2063 1601 2215 1638 habeant

1230 1654 1416 1698 qualitates
1433 1665 1471 1686 ac
1489 1652 1655 1694 virtutes,
1682 1653 1810 1697 quibus
1826 1653 1894 1695 legi
1911 1653 2090 1687 obediant.

1331 1701 1364 1736 5.
1402 1702 1441 1736 Id
1460 1715 1541 1736 vero
1561 1710 1609 1736 est
1627 1703 1751 1736 docere
1768 1702 1932 1736 fiduciam
1950 1703 2112 1747 propriae
2128 1716 2215 1749 qua-

1230 1754 1338 1788 litatis
1354 1765 1392 1786 ac
1409 1753 1632 1797 propriorum
1649 1764 1806 1796 operum.

1330 1802 1365 1836 6.
1408 1802 1465 1836 Ad
1495 1804 1644 1836 eundem
1674 1804 1820 1836 modum
1851 1804 2061 1837 vocabulum
2087 1805 2216 1848 gratiae

1231 1855 1435 1898 depravant,
1461 1853 1523 1898 qui
1536 1854 1680 1896 gratiam
1699 1853 1911 1896 intelligunt,
1927 1866 2000 1888 non
2018 1855 2161 1888 relative
2174 1857 2216 1888 de

1231 1904 1471 1939 misericordia
1490 1915 1550 1937 seu
1567 1903 1717 1947 gratuito
1735 1904 1870 1944 favore,
1898 1906 1955 1937 sed
1974 1906 2017 1938 de
2035 1905 2214 1950 qualitate.

1333 1954 1367 1988 7.
1402 1953 1492 1988 Cum
1516 1954 1657 1988 dicunt:
1684 1953 1857 1988 Homines
1884 1967 1946 1998 per
1967 1956 2113 1998 gratiam
2139 1955 2213 1988 Deo

1231 2006 1386 2050 placere,
1410 2004 1617 2047 intelligunt
1640 2005 1805 2047 gratiam,
1839 2017 1911 2038 non
1936 2005 2215 2039 misericordiam

1232 2056 1320 2098 Dei,
1346 2056 1405 2089 sed
1424 2055 1648 2089 dilectionem
1669 2061 1836 2089 nostram.

1335 2106 1369 2140 8.
1410 2104 1451 2138 Id
1481 2117 1620 2150 quoque
1650 2112 1700 2139 est
1734 2106 1859 2139 docere
1881 2106 2051 2150 *fiduciam
2076 2114 2212 2140 nostrae

1232 2156 1429 2203 qualitatis,
1456 2167 1514 2189 seu
1530 2168 1675 2200 operum
1689 2163 1902 2192 nostrorum.

1334 2207 1368 2241 9.
1398 2206 1493 2240 Haec
1510 2207 1712 2251 depravatio
1729 2219 1855 2241 vocum
1874 2206 2034 2251 inprimis
2051 2207 2214 2241 obscurat

1231 2259 1396 2292 Paulum.

1337 2311 1396 2344 10.
1432 2307 1554 2354 Itaque
1576 2321 1655 2342 cum
1679 2310 1722 2342 de
1743 2307 1986 2342 iustificatione
2003 2308 2214 2353 disputatur,

1231 2360 1385 2405 primum
1416 2370 1580 2403 germana
1614 2365 1646 2393 et
1678 2359 1823 2402 simplex
1856 2370 1980 2391 vocum
2007 2358 2213 2401 significatio

1232 2410 1352 2456 quaeri
1371 2410 1492 2451 debet,
1519 2410 1815 2455 quemadmodum
1841 2408 1878 2441 in
1904 2408 2070 2443 omnibus
2092 2410 2213 2454 dispu-

1231 2461 1424 2496 tationibus
1440 2460 1541 2494 initio
1559 2460 1757 2494 faciendum
1776 2466 1837 2492 est.

1335 2512 1392 2546 11.
1428 2511 1659 2545 Verissimum
1683 2509 1776 2542 enim
1800 2509 1888 2542 illud
1916 2517 1984 2550 est,
2010 2511 2103 2555 quod
2131 2510 2214 2543 Ari-

1232 2562 1370 2596 stoteles
1397 2562 1529 2607 inquit,
1573 2559 1637 2593 hos
1665 2559 1725 2604 qui
1750 2560 1821 2592 vim
1849 2572 1972 2593 vocum
1997 2573 2069 2594 non
2093 2568 2212 2595 tenent

1232 2612 1378 2656 perinde
1393 2612 1524 2655 decipi,
1550 2617 1589 2644 ut
1606 2609 1779 2644 falluntur
1793 2610 1830 2643 in
1846 2612 2082 2655 computando
2101 2612 2211 2655 impe-

1232 2660 1568 2711 riti-Arithmetices:
1588 2658 1732 2708 Ὠσπερ
1757 2659 1920 2710 κᾷκεῒνοι
1944 2659 1996 2706 μὴ
2020 2660 2131 2696 δεινοὶ
2147 2659 2210 2699 τὰς
