2324 2955
110 132 185 168 989

107 218 216 251 latere
231 216 432 253 voluerunt.
482 216 513 251 F
514 217 634 263 uitque
653 229 732 252 cum
749 220 868 253 multis
883 219 993 264 stupri
1007 231 1092 252 con-

108 267 268 301 suetudo.
312 266 580 302 Damnaverunt
595 266 765 303 habentes
784 271 977 314 proprium.
1018 269 1093 303 No—

107 317 253 351 luerunt
280 319 441 351 accedere
475 319 519 351 ad
542 321 740 354 communis
767 319 943 354 Ecclesiae
967 320 1092 354 Sacra-

107 375 242 409 menta,
269 368 351 413 quia
373 368 707 404 administrarentur
726 383 788 415 per
805 372 1000 405 sacerdotes
1018 383 1091 404 ma-

107 418 205 453 ritos.
258 417 493 453 Instituerunt
509 426 542 453 et
559 420 714 455 delectus
733 421 912 463 ciborum,
936 429 998 457 etc.

156 517 264 551 Anno
281 518 404 552 mundi
420 525 545 564 quater
561 519 763 554 millesimo.

156 565 264 602 Anno
305 567 442 603 Romae
488 570 676 604 millesimo
719 570 909 604 centesimo
954 570 1088 603 decimo

306 619 444 664 quinto·

155 670 262 703 Anno
278 667 410 704 Christi
427 670 670 705 trecentesimo
688 671 898 714 sexagesimo
914 671 1050 716 quinto-

344 745 570 779 Iulianus
603 746 845 790 Apostata.

203 815 384 852 Iulianus
406 819 575 863 Apostata
599 819 757 862 regnavit
780 819 874 852 solus
896 831 1029 852 annum
1055 826 1088 854 et

102 879 238 902 menses
265 875 418 912 septem,
455 881 533 903 cum
559 877 659 903 antea
685 882 704 902 a
728 867 937 902 Constantio
960 868 1088 903 Caesar

102 918 216 952 dictus
245 919 377 962 collega
406 920 481 953 eius
511 920 632 953 fuisset
660 919 837 953 sexennio.
896 918 1007 953 Natus
1037 927 1086 954 est

102 975 201 1012 patre
227 967 456 1011 Constantio,
488 970 596 1002 fratre
625 968 849 1003 Constantini
875 968 1018 1012 Magni,
1053 978 1087 1004 et

101 1026 211 1053 matre
235 1018 391 1052 Basilina
412 1019 631 1052 nobilissima
654 1019 818 1054 foemina.
871 1017 1086 1053 Adolescens

100 1069 144 1102 ab
166 1067 342 1113 Episcopo
367 1068 592 1102 Nicomediae
615 1068 814 1102 doctrinam
835 1066 1011 1102 Ecclesiae
1031 1071 1086 1103 di-

101 1118 206 1157 dicit,
234 1125 267 1152 et
289 1119 505 1162 professione
521 1116 743 1153 Christianus
767 1118 854 1156 suit,
880 1131 918 1152 ac
943 1119 1086 1154 institu-

100 1176 155 1203 tus
180 1169 217 1201 in
243 1169 388 1212 collegio
404 1168 671 1209 Nicomedensi,
698 1180 777 1201 cum
795 1169 925 1203 valeret
943 1170 1084 1213 ingenio

100 1226 134 1253 et
165 1219 383 1264 eloquentia,
426 1220 496 1253 cito
520 1219 631 1252 factus
653 1225 702 1252 est
724 1219 834 1253 lector
857 1219 894 1252 in
919 1218 1086 1254 Ecclesia.

100 1269 238 1304 Interea
262 1270 352 1303 clam
373 1270 515 1303 auditor
531 1269 598 1302 fuit
612 1268 772 1309 Libanii,
800 1270 861 1314 qui
879 1277 961 1303 tunc
979 1270 1086 1304 Nico-

100 1320 237 1353 mediae
260 1318 381 1353 rhetor
403 1320 487 1361 suit,
520 1319 698 1353 studiosus
722 1317 860 1353 Atticae
884 1321 1085 1364 elegantiae,

100 1377 139 1404 ut
168 1371 359 1404 ostendunt
390 1370 464 1404 eius
493 1370 645 1413 scripta,
692 1382 781 1415 quae
810 1368 924 1404 adhuc
954 1378 1085 1405 extant.

101 1419 166 1454 Ille
189 1421 326 1454 inflexit
349 1433 429 1454 eum
453 1421 496 1453 ad
515 1418 698 1454 Ethnicos.
750 1420 924 1454 Paulatim
950 1428 983 1455 et
1006 1423 1085 1455 aliis

100 1469 250 1505 ethnicis
281 1471 421 1504 disertis
451 1478 484 1505 et
511 1468 733 1514 philosophis
759 1471 942 1504 familiaris
965 1473 1086 1513 factm,

100 1520 288 1562 Iamblico,
323 1521 480 1555 Maximo
504 1520 675 1565 Byzantio
703 1527 735 1554 et
758 1521 854 1561 aliis,
887 1523 1003 1566 coepit
1025 1535 1086 1556 su-

99 1572 205 1615 perbe
223 1572 382 1606 fastidire
402 1569 578 1604 Ecclesiae
605 1571 822 1611 doctrinam,
855 1578 888 1604 et
912 1573 1085 1606 anteferre

99 1622 285 1666 opiniones
313 1619 469 1655 ethnicas
496 1627 595 1654 natas
620 1620 658 1652 in
682 1618 839 1654 humana
864 1622 1019 1663 ratione,
1052 1630 1085 1656 et

99 1672 219 1715 palum
237 1669 347 1704 hostis
367 1671 477 1703 sactus
494 1677 546 1704 est
561 1668 706 1705 Christi.

201 1720 326 1755 Postea
349 1719 484 1762 ingenii
509 1720 663 1752 vanitate
687 1721 823 1754 dedidit
844 1732 879 1754 se
895 1728 927 1754 et
943 1721 1085 1764 magicis

99 1772 235 1807 artibus
253 1778 286 1805 et
304 1783 344 1804 ex
361 1769 548 1812 Magorum
565 1771 757 1812 praeceptis
771 1772 937 1804 mactavit
950 1768 1085 1804 huma-

101 1835 170 1856 nas
190 1818 334 1855 hostias
359 1819 621 1854 divinationum
641 1829 754 1852 causa.
822 1818 874 1853 Ac
898 1821 992 1854 solus
1018 1822 1085 1854 im-

100 1874 198 1919 perio
221 1872 353 1917 potitus
379 1870 488 1903 edidit
513 1870 624 1903 edicta
647 1876 768 1902 contra
784 1868 1024 1910 Christianos,
1051 1877 1085 1904 et

91 1934 221 1958 -rursus
241 1922 341 1956 iussit
364 1920 493 1965 aperiri
516 1919 646 1964 templa
669 1919 846 1953 idolorum
865 1927 898 1954 et
914 1922 961 1954 eis
978 1920 1085 1954 sacri-

99 1974 212 2015 ficari,
245 1980 279 2007 et
309 1972 346 2005 in
371 1970 579 2004 nomismate
604 1971 802 2015 symbolum
828 1971 927 2005 fecit:
962 1969 1084 2005 Iovem

100 2025 262 2058 diadema
286 2023 353 2066 ipsi
375 2023 632 2066 imponentem,
659 2019 838 2054 Palladem
862 2022 1085 2056 circumdan-

100 2082 170 2110 tem
195 2074 263 2119 ipsi
285 2071 525 2118 chlamydem,
551 2070 770 2105 Mercurium
787 2072 999 2106 tribuentem
1020 2073 1085 2116 ipsi

100 2132 287 2170 sceptrum.
337 2122 487 2158 Reditus
512 2119 678 2156 Ecclesiis
703 2122 849 2166 eripuit,
876 2135 920 2156 ne
944 2131 1084 2167 possent

101 2176 149 2210 ali
175 2176 340 2210 docentes
360 2180 393 2207 et
418 2173 609 2213 discentes,
637 2179 670 2206 et
694 2173 890 2207 virulentos
910 2174 1003 2207 iocos
1022 2175 1085 2207 ad-

104 2227 214 2261 didit:
248 2237 284 2260 se
308 2225 420 2258 facere
444 2223 676 2268 expeditiores
700 2224 745 2257 ad
767 2235 914 2268 regnum
939 2225 1085 2258 coeleste

102 2277 269 2321 spoliatos
286 2275 528 2315 facultatibus,
555 2274 638 2319 quia
657 2274 693 2306 in
712 2274 867 2318 ipsorum
884 2275 984 2307 libris
1000 2275 1085 2308 scri-

102 2334 204 2372 ptum
221 2327 280 2361 sit:
304 2325 405 2359 Beati
423 2336 609 2369 pauperes,
635 2325 717 2369 qnia
735 2337 855 2359 eorum
873 2332 923 2359 est
939 2336 1085 2368 regnum

103 2378 294 2411 coelorum.
347 2375 469 2410 Vetuit
485 2373 696 2409 Christianis
718 2376 826 2409 tribui
851 2373 1002 2409 honores
1019 2375 1085 2408 mi-

103 2428 212 2464 litiae.
262 2423 450 2460 Prohibuit
467 2424 748 2459 Christianorum
772 2427 861 2459 filios
884 2426 1021 2460 admitti
1048 2426 1085 2458 in

104 2476 240 2512 scholas
266 2474 477 2517 rhetoricas,
502 2477 637 2509 dicens:
666 2474 808 2515 οἰκείοις
830 2475 972 2522 wipo&
993 2476 1083 2520 βαλ-

103 2526 265 2572 λόμεθα,
293 2526 445 2572 propriis
461 2528 585 2571 pennis
601 2528 758 2562 ferimur.
802 2527 948 2570 Scripsit
964 2535 997 2561 et
1013 2528 1086 2570 ipse

105 2580 216 2612 libros
231 2584 352 2612 contra
363 2577 537 2610 Ecclesiae
553 2578 761 2618 doctrinam,
791 2578 825 2610 in
843 2578 970 2622 quibus
986 2589 1085 2621 prae-

105 2630 207 2673 cipue
226 2628 373 2671 exagitat
391 2625 648 2671 prohibitiones
663 2629 850 2664 vindictae.
904 2629 981 2668 Ait,
1008 2628 1085 2661 tolli

105 2679 348 2723 Magistratus,
374 2678 516 2719 iudicia,
544 2690 685 2723 poenaS‚
708 2680 862 2722 legitima
876 2679 978 2715 bella,
1001 2690 1085 2712 con-

679 134 709 171 1.
749 132 1039 171 CHRONICON
1067 132 1315 170 CARIONIS.
1369 136 1494 172 PARS
1520 136 1566 173 11.

2054 148 2127 182 990

1145 219 1277 252 firmari
1300 220 1482 255 latrocinia
1508 222 1546 255 in
1571 222 1770 266 infinitum,
1796 226 1949 272 denique
1974 241 2127 272 pugnare

1145 281 1220 302 eam
1253 271 1448 304 doctrinam
1478 285 1556 305 cum
1587 285 1691 309 sensu
1719 278 1917 319 communi,
1948 286 1981 312 et
2003 281 2127 314 tollere

1143 330 1270 352 nervos
1288 318 1460 355 humanae
1478 323 1661 360 societatis.

1245 369 1457 406 Refutarunt
1492 371 1552 406 has
1590 375 1782 409 calumnias
1816 376 2055 413 Nazianzenus
2093 389 2124 416 et

1142 417 1315 464 Cyrillus,
1347 423 1408 467 qui
1439 429 1556 456 tamen
1587 432 1619 457 et
1651 425 1716 469 ipsi
1749 427 1873 469 frigide
1896 431 2123 472 respondent.

1143 467 1374 514 Distinguunt
1395 473 1541 506 consilia
1563 481 1595 507 et
1617 483 1815 519 praecepta,
1841 490 1918 512 cum
1940 482 2122 524 responsio

1143 532 1240 561 vera,
1266 520 1366 555 firma
1389 529 1423 556 et
1446 523 1624 557 luculenta
1648 522 1732 558 haec
1750 527 1810 559 sit:
1837 526 2030 571 Evangelio
2049 544 2123 565 ma-

1141 570 1233 603 xime
1271 573 1471 605 confirmari
1507 581 1540 606 et
1568 575 1701 607 muniri
1730 577 1913 619 politicum
1949 581 2122 616 ordinem.

1141 619 1213 653 Nec
1228 619 1408 665 prohiberi
1429 623 1619 657 vindictam
1639 625 1857 666 ordinatam,
1884 640 1971 672 quae
1987 631 2029 662 ad
2047 632 2123 664 offi-

1141 670 1233 703 cium
1273 671 1499 714 Magistratus
1543 675 1714 717 pertinet,
1775 678 1834 709 sed
1872 678 2123 719 inordinatam,

1141 732 1244 765 quam
1266 722 1394 764 privati
1418 731 1595 764 exercent,
1630 726 1718 758 sicut
1742 723 1825 759 haec
1851 728 2030 762 distinctio
2057 729 2123 763 Dei

1140 771 1310 805 beneficio
1340 773 1377 805 in
1408 774 1536 808 nostris
1557 773 1723 808 Ecclesiis
1750 778 1929 821 perspicue
1952 779 2123 814 illustrata

1141 828 1202 855 est.

1242 872 1390 906 Iudaeos
1413 875 1515 908 etiam
1540 872 1700 909 hortatus
1724 882 1774 909 est
1795 877 1876 910 odio
1901 876 2124 913 Christiano-

1140 933 1239 963 rum,
1264 929 1303 956 ut
1319 934 1418 956 suam
1436 925 1594 968 politiam
1610 926 1863 967 instaurarent,
1891 935 1923 961 et
1939 929 1988 962 eis
2003 931 2124 963 defen-

1139 972 1275 1004 sionem
1303 979 1336 1005 et
1361 973 1601 1007 immunitates
1625 977 1797 1019 promisit.
1859 975 2034 1013 Convenit
2059 982 2124 1023 igi-

1139 1028 1198 1054 tur
1227 1022 1350 1064 iugens
1381 1023 1571 1057 multitudo
1595 1024 1823 1065 Iudaeorum,
1858 1035 1891 1060 et
1916 1041 2039 1071 magna
2065 1042 2124 1073 spe

1139 1071 1276 1105 collatis
1306 1073 1505 1116 sumptibus
1534 1080 1567 1107 et
1597 1075 1725 1118 opibus
1740 1076 1919 1119 ‚templum
1944 1080 2124 1112 aedificare

1138 1122 1265 1164 coepit.
1300 1122 1369 1155 Sed
1387 1135 1465 1155 cum
1483 1124 1709 1158 fundamenta
1728 1125 1890 1166 iacerent,
1913 1139 2039 1171 magno
2056 1137 2124 1162 ter-

1139 1178 1301 1205 raemotu
1316 1170 1517 1206 dehiscente
1535 1180 1626 1207 terra
1643 1175 1734 1207 inter
1752 1175 1900 1209 fulmina
1913 1184 2024 1211 totum
2038 1192 2125 1222 opus

1139 1222 1325 1256 disiectum
1351 1230 1420 1263 est,
1453 1230 1485 1257 et
1510 1225 1618 1257 multa
1641 1225 1751 1258 millia
1776 1225 1987 1261 ludaeorum
2012 1230 2124 1262 ruinis

1138 1284 1304 1315 oppressa
1337 1280 1428 1308 sunt.
1489 1273 1539 1307 Ita
1566 1275 1765 1308 didicerunt
1791 1275 1910 1309 ludaei
1936 1289 1970 1311 se
1996 1279 2122 1312 frustra

1139 1323 1206 1355 niti
1236 1329 1358 1355 contra
1387 1322 1453 1356 Dei
1485 1325 1674 1359 decretum.
1740 1324 1835 1359 Inter
1867 1328 2122 1363 aedificandum

1138 1373 1236 1415 signa
1253 1373 1366 1406 crucis
1383 1374 1419 1405 in
1437 1375 1563 1407 vestitu
1580 1375 1665 1408 etin
1683 1376 1831 1418 panibus
1850 1379 1975 1420 passim
1988 1378 2122 1412 ludaeis

1138 1423 1226 1456 facta
1251 1430 1355 1463 sunt,
1382 1435 1420 1456 ac
1442 1424 1568 1457 similia
1594 1426 1760 1458 exercitui
1778 1427 1904 1459 Iuliani
1931 1428 2019 1462 facta
2041 1438 2122 1463 suut

1138 1480 1218 1506 ante
1233 1485 1367 1506 annum
1383 1475 1559 1507 accedenti
1576 1476 1616 1507 ad
1629 1475 1836 1520 Byzantium
1854 1477 1955 1511 initio
1972 1480 2121 1523 imperii.

1240 1522 1425 1556 Caeterum
1457 1531 1490 1557 et
1520 1525 1684 1568 privatim
1717 1534 1860 1571 propter
1885 1526 2120 1563 Christianam

1138 1573 1392 1616 professionem
1422 1574 1559 1619 aliquos
1588 1576 1780 1616 interfecit,
1822 1578 1941 1611 multis
1970 1577 2122 1612 honores

1138 1624 1288 1663 ademit,
1321 1631 1361 1658 ut
1389 1623 1594 1665 Ioviniano,
1628 1625 1881 1660 Valentiniano
1914 1635 1946 1662 et
1970 1628 2122 1670 Valenti,

1138 1685 1217 1704 cum
1242 1673 1368 1715 scripta
1392 1675 1546 1715 legisset,
1573 1683 1605 1708 et
1629 1676 1665 1708 in
1690 1677 1817 1719 quibus
1842 1679 2001 1711 doctrina
2020 1678 2121 1713 (hri-

1138 1721 1250 1754 stiana
1283 1723 1550 1763 defenderetur,
1582 1725 1738 1758 reddidit
1768 1738 1807 1759 ea
1832 1739 1909 1760 cum
1937 1726 2001 1762 hac
2024 1731 2119 1763 brevi

1138 1771 1384 1815 inscriptione:
1413 1772 1600 1820 direyrwv,
1629 1774 1962 1823 571‘w112c1n'7vw1‘.

1240 1821 1404 1855 Vicissim
1429 1830 1545 1856 autem
1570 1831 1603 1858 et
1625 1826 1736 1858 nostri
1759 1827 1885 1870 scripta
1904 1835 2022 1861 contra
2042 1842 2119 1863 eum

1137 1871 1335 1907 ediderunt.
1387 1871 1434 1906 Et
1457 1880 1573 1907 extant
1591 1873 1801 1908 Nazianzeni
1824 1877 1914 1910 duae
1936 1879 2122 1921 orationes,

1137 1921 1175 1954 in
1201 1933 1351 1966 quarum
1374 1923 1481 1956 altera
1505 1930 1537 1956 et
1555 1931 1713 1966 gestuum
1730 1926 1838 1968 ipsius
1856 1928 2044 1972 descriptio
2062 1938 2120 1969 est,

1138 1973 1307 2005 memoria
1318 1972 1434 2015 digna,
1455 1975 1772 2018 quaesignificatex
1782 1977 2121 2018 gestibusconicctu-

1136 2034 1212 2055 ram
1236 2024 1278 2056 de
1302 2023 1453 2066 ingeniis
1475 2030 1506 2057 et
1524 2026 1767 2059 voluntatibus
1782 2027 1869 2063 fieri.
1905 2027 2020 2061 Verba
2037 2027 2120 2063 baec

1137 2080 1234 2106 sunt:
1262 2072 1359 2107 Fecit
1381 2086 1437 2107 me
1461 2081 1575 2108 vatem
1598 2082 1758 2118 gestuum
1784 2077 1894 2121 ipsius
1919 2079 2120 2113 deformitas

1137 2130 1170 2158 et
1196 2123 1321 2167 ingens
1344 2124 1547 2166 admiratio,
1573 2126 1747 2170 siquidem
1771 2128 1925 2170 optimus
1950 2136 2042 2163 vates
2060 2137 2119 2168 est,

1137 2174 1199 2219 qui
1229 2186 1268 2207 ex
1293 2175 1504 2208 coniecturis
1532 2176 1664 2220 optime
1686 2178 1926 2211 ratiocinatur.
1982 2178 2119 2224 Nequa-

1137 2236 1242 2269 quam
1267 2237 1350 2259 vero
1374 2223 1463 2259 mihi
1486 2224 1569 2259 haec
1589 2227 1673 2260 boni
1692 2225 1845 2262 hominis
1863 2229 1959 2272 signa
1979 2241 2050 2262 esse
2068 2231 2120 2263 vi·-

1137 2276 1327 2309 debantur:
1372 2274 1463 2309 Colli
1502 2277 1642 2310 crebrae
1679 2279 1940 2312 conversiones:
1981 2278 2118 2314 humeri

1137 2325 1282 2358 alternis
1313 2326 1564 2366 subsultantes;
1600 2327 1692 2360 oculi
1716 2329 1826 2369 torvi,
1862 2331 2059 2372 vagabundi
2088 2340 2118 2364 et

1138 2376 1367 2409 furibundam
1392 2376 1561 2421 quiddam
1586 2384 1808 2414 contuentes:
1843 2381 1946 2423 pedes
1972 2381 2117 2414 instabi-

1139 2428 1205 2465 les,
1239 2427 1381 2459 crebrae
1409 2427 1698 2469 geniculationes3
1734 2440 1838 2462 nasus
1869 2432 2116 2464 contumeliam

1138 2483 1171 2510 et
1192 2483 1429 2520 contemptum
1456 2477 1610 2521 spirans,
1638 2478 1746 2520 ligura
1770 2480 1887 2514 vultus
1907 2482 2116 2513 dori-„ionem

1138 2528 1355 2569 significans,
1381 2529 1632 2572 quoquomodo
1658 2528 1869 2566 variabatur,
1924 2530 2028 2565 Risus
2046 2544 2116 2563 cre-

1138 2578 1191 2611 bri
1210 2578 1317 2611 altum
1333 2585 1526 2621 crepantes3
1553 2586 1671 2617 nutus,
1697 2587 1839 2613 renutns
1855 2582 1929 2613 sine
1945 2593 2117 2619 sermono,

1138 2640 1250 2661 sermo
1269 2629 1500 2672 interruptus,
1527 2641 1600 2661 non
1621 2630 1799 2673 complens
1815 2632 2035 2664 seot‹·nti:m1;
2065 2633 2119 2663 in-

1140 2680 1389 2722 terrogationes
1414 2679 1571 2719 crebrae,
1599 2680 1830 2714 consusaneac
1848 2688 1877 2713 ct
1894 2682 2034 2716 stultam
2065 2693 2117 2714 re—

1508 2730 1555 2765 63
1581 2734 1596 2751 *
