2324 2955
121 120 192 158 381

115 210 183 244 est,
208 202 310 236 sicuti
333 199 522 236 Timotheo
549 213 568 234 a
592 201 703 236 Paulo
727 204 958 248 praecipitur,
987 203 1096 236 mini-

114 253 177 286 stri
193 253 389 297 probentur
403 253 570 297 primum,
599 253 725 287 deinde
741 254 955 293 ministrent,
984 251 1095 301 ἀνέγ-

114 305 237 348 κλητοι
253 302 364 341 ὄντες.

215 369 338 413 Qualis
356 369 450 401 enim
468 369 647 403 barbaries
664 376 770 410 esset,
797 370 825 403 si
844 368 1006 403 homines
1021 382 1094 404 non

112 420 236 460 vocati,
262 425 323 452 aut
338 430 412 452 non
429 420 599 463 explorati
617 421 851 465 undecunque
868 421 906 453 in
916 419 1090 454 Ecclesias

111 469 371 513 irrumperent?
398 468 579 511 Quantum
598 471 702 504 etiam
720 471 915 513 periculum
934 471 1042 504 esset?

212 534 299 570 Vult
323 535 418 570 Deus
439 535 633 570 Ecclesiam
658 542 795 570 coetum
823 549 893 570 esse
920 535 1093 570 honestis-

108 587 194 621 sime
215 587 440 628 ordinatum,
466 594 505 621 ut
527 587 658 620 Paulus
681 586 813 631 inquit&
843 585 975 620 Omnia
1002 588 1085 620 fiant

109 638 234 670 decore
262 644 295 671 et
327 637 462 671 ordine.
525 636 611 671 Item
641 635 799 671 Ecclesia
830 644 868 671 ut
898 644 1090 670 castrorum

107 687 198 721 acies
215 687 375 721 ordinata
389 687 443 721 sit.
495 686 575 720 Non
596 688 672 721 vult
688 688 724 720 in
745 700 783 721 ea
801 699 872 721 csse
891 688 1089 721 barbaricas

107 737 329 771 confusiones
352 743 384 771 et
409 735 711 781 ἀκαταστασίαν,
742 744 802 772 aut
826 738 926 771 illum
954 750 1088 771 morem

105 785 316 833 Cyclopum,
342 788 385 821 de
406 800 475 833 quo
502 788 646 822 dicitur:

230 851 332 883 ἀκούει
355 851 453 890 οὐδεὶς
477 851 568 884 οὐδὲν
593 852 728 888 οὐδενὸς.

206 911 368 947 Secunda
387 924 488 946 causa
510 920 560 947 est
583 914 677 958 quod
696 913 790 947 Deus
807 915 882 947 vult
898 913 1051 957 conspici
1069 926 1086 946 a

104 960 341 998 totaEcclesia
352 975 422 1002 eos,
439 963 567 1008 quibus
577 964 773 997 testimonia
785 966 927 1004 dantur,
943 971 981 997 ut
995 970 1086 997 certa

103 1013 148 1047 sit
167 1014 209 1046 de
225 1024 347 1047 eorum
363 1013 564 1053 vocatione,
592 1020 625 1048 et
641 1014 805 1057 ¹ipsorum
831 1014 1028 1047 doctrinam
1054 1021 1086 1047 et

101 1074 217 1096 mores
240 1064 384 1107 probari
408 1063 473 1097 toti
494 1064 732 1109 presbyterio,
759 1071 793 1098 et
810 1064 859 1107 iis
877 1065 1004 1109 quibus
1021 1076 1086 1108 gu-

100 1113 262 1147 bernatio
280 1112 457 1148 Ecclesiae
470 1115 712 1148 commendata
740 1121 801 1149 est.

205 1178 328 1214 Tertia
342 1192 444 1214 causa
461 1187 522 1222 est,
549 1187 587 1214 ut
605 1187 638 1214 et
652 1181 719 1225 ipsi
729 1180 897 1215 Doctores
908 1180 1086 1215 Ecclesiae

101 1230 211 1264 sciant
228 1241 327 1264 suam
345 1231 577 1272 vocationem,
594 1238 636 1275 et
649 1229 801 1265 habeant
816 1232 966 1265 illustria
985 1233 1084 1266 testi-

101 1281 221 1314 monia
246 1292 326 1314 suae
350 1281 564 1321 vocationis,
606 1282 688 1324 quia
719 1283 933 1315 conscientia
967 1294 1082 1315 secum

101 1331 284 1374 disputans
309 1331 351 1362 de
375 1330 578 1369 vocatione,
615 1342 715 1373 saepe
738 1331 874 1363 duriter
896 1331 1083 1371 cruciatur,

101 1387 135 1414 et
164 1392 242 1413 cum
274 1378 338 1412 hac
369 1391 452 1412 voce
484 1377 772 1423 reprehenditur,
811 1381 1015 1421 currebant,
1050 1387 1083 1414 et

99 1441 173 1462 non
190 1429 371 1462 mittebam
388 1440 466 1468 eos,
493 1440 618 1470 magno
636 1430 673 1461 in
689 1430 844 1472 periculo
866 1437 913 1462 est
925 1454 933 1467 ,
961 1438 994 1461 et
1009 1442 1082 1461 rne-

99 1478 288 1519 minimus,
323 1479 491 1522 quosdam
528 1478 589 1521 qui
623 1478 659 1509 in
702 1478 871 1511 seditione
905 1479 1080 1511 rusticana

98 1535 179 1562 ante
195 1539 307 1561 annos
324 1527 371 1563 35
390 1539 462 1560 non
484 1527 578 1559 missi
599 1534 844 1566 cucurrerant,
884 1528 1080 1561 miserrime

98 1580 135 1612 in
155 1579 397 1623 desperatione
413 1578 567 1622 periisse.

199 1645 335 1688 Quarta
369 1655 470 1677 causa
502 1650 570 1685 est,
602 1650 640 1677 ut
674 1644 711 1676 in
745 1641 800 1677 his
836 1646 1080 1688 congressibus

97 1702 246 1741 agantur
266 1695 395 1739 gratiae
411 1694 485 1728 Deo
503 1706 566 1738 pro
590 1694 787 1727 ministerio
813 1697 911 1729 verbi
926 1703 960 1729 et
976 1697 1079 1730 insti-

96 1755 172 1782 tuto
198 1753 229 1779 et
256 1743 422 1780 hactenus
448 1746 486 1777 in
509 1744 562 1777 his
588 1744 767 1778 furoribus
783 1744 1018 1780 Diabolorum
1046 1754 1079 1781 et

95 1797 224 1832 mundi
237 1796 447 1829 mirabiliter
462 1801 596 1828 servato
607 1821 616 1836 ,
643 1802 676 1828 et
698 1802 737 1828 ut
753 1808 934 1840 precemur
950 1796 1077 1836 Deum,

95 1855 136 1882 ut
157 1860 263 1892 porro
287 1853 399 1880 servet
422 1852 456 1879 et.
479 1852 618 1879 tueatur
634 1846 731 1879 verbi
749 1847 984 1881 ministerium
1005 1861 1023 1881 a
1042 1860 1077 1881 se

95 1899 310 1938 institutum,
328 1904 361 1931 et
378 1897 539 1930 extrudat
553 1896 729 1940 operarios
745 1897 781 1929 in
802 1910 949 1931 messem
969 1910 1077 1940 suam,

97 1956 129 1982 et
152 1960 209 1983 eos
233 1949 307 1993 ipse
331 1946 465 1992 Spiritu
489 1954 607 1980 sancto
635 1958 696 1980 suo
724 1956 851 1990 ungat,
885 1956 917 1982 et
952 1961 1076 1982 manus

95 2010 175 2033 suas
195 2000 376 2043 imponat,
404 2004 443 2031 ut
470 1998 622 2030 fructum
647 1998 824 2042 copiosum
851 2000 1017 2040 aflerant,
1045 2006 1076 2033 ct

94 2050 228 2084 fructus
248 2050 404 2094 ipsorum
430 2054 580 2082 maneat.

196 2107 286 2143 Cum
303 2108 410 2152 igitur
426 2106 482 2140 hie
500 2108 711 2141 reverendus
731 2109 785 2142 vir
803 2108 981 2145 Mfflavid
992 2109 1076 2144 Voit

93 2161 138 2195 ab
155 2159 393 2193 illustrissimo
413 2158 577 2201 Principe
588 2158 734 2193 Alberto
745 2158 1075 2194 MarchioneBran-

94 2211 331 2254 ‹leburgense‚
358 2209 454 2244 Duce
470 2208 656 2241 Borussiae
681 2216 743 2244 etc.
770 2211 867 2244 cuius
892 2219 937 2244 est
962 2212 1074 2244 excel·

95 2262 171 2296 lens
195 2260 366 2305 sapientia
392 2267 426 2294 et
447 2260 577 2304 pietas,
615 2261 655 2292 ad
686 2261 882 2294 docendum
908 2262 1070 2304 ,inunige-

94 2312 181 2346 lium
200 2312 345 2345 Domini
363 2311 474 2344 nostri
493 2310 568 2343 lesu
585 2308 717 2344 Christi
737 2312 772 2343 in
792 2310 980 2346 Academia
1000 2312 1072 2347 Rc-

93 2362 336 2405 giomontana‚
361 2369 502 2395 vocatus
518 2361 578 2400 sit,
599 2368 631 2393 et
648 2362 766 2394 audita
782 2362 824 2395 sit
842 2364 981 2406 publice
998 2365 1072 2397 cius

94 2412 282 2453 confessio,
307 2419 341 2446 et
365 2423 479 2446 mores
502 2412 576 2445 eius
601 2412 671 2446 sint
696 2411 778 2445 casti
806 2419 838 2446 et
857 2411 1012 2455 honesti,
1038 2421 1072 2448 et

94 2463 277 2496 reverendi
292 2463 357 2496 viri
376 2464 526 2506 collegae
542 2462 624 2505 mei,
653 2469 683 2496 et
701 2474 763 2495 suo
780 2469 811 2496 et
822 2462 982 2506 Magistri
1002 2464 1069 2498 Da-

92 2513 184 2547 vidis
206 2513 351 2547 nomine
379 2520 514 2556 petant,
556 2513 697 2556 publico
731 2514 934 2547 testimonio
967 2513 1070 2548 liuius

92 2561 283 2604 Ecclesiae,
306 2561 455 2598 Scliolae
480 2570 513 2597 et
534 2564 671 2606 collegii
698 2565 806 2596 nostri
835 2576 911 2597 cuin
938 2566 1069 2606 ornari,

643 116 801 154 DECL.
835 118 913 154 DE
953 117 1138 155 DICTO
1178 122 1195 155 1
1239 122 1507 163 PARALIP.
1542 128 1606 164 17.

2051 133 2124 167 382

1150 212 1183 238 et
1208 206 1326 240 tribuo
1349 208 1415 241 tibi
1437 210 1613 245 licentiam
1641 219 1673 246 et
1697 220 1898 257 potestatem
1931 214 2122 258 accipiendi

1148 257 1295 298 gradum
1314 265 1345 291 et
1360 269 1565 294 ornamenta
1582 262 1773 296 Doctorum
1793 265 1829 297 in
1848 262 2059 308 Theologia,
2086 267 2122 297 in

1147 307 1290 340 nomine
1305 307 1419 341 Patris
1437 316 1470 343 et
1487 310 1570 344 Filii
1590 321 1621 346 et
1640 314 1792 357 Spiritus
1811 316 1930 349 sancti.

1248 356 1430 392 Postremo
1456 366 1527 394 toto
1552 370 1688 406 pectore
1711 376 1773 407 ago
1799 367 1926 408 gratias
1949 365 2021 398 filio
2045 363 2122 402 Dei,

1147 407 1283 440 sedenti
1309 410 1352 441 ad
1370 410 1543 444 dexteram
1561 414 1693 446 aeterni
1720 416 1827 458 patris
1840 442 1849 455 ‚
1877 417 1937 460 qui
1955 417 2013 449 dat
2030 416 2122 448 dona

1145 454 1362 500 hominibus,
1382 460 1468 493 alios
1484 461 1683 506 Apostolos,
1711 466 1796 497 alios
1815 464 2018 509 Prophetas,
2036 466 2122 498 alios

1144 505 1395 551 Evangelistas‚
1418 512 1503 544 alios
1523 512 1693 554 pastores,
1719 515 1806 547 alios
1821 514 1999 554 Doctores,
2028 518 2122 560 quod

1146 554 1314 592 hactenus
1340 558 1532 595 Ecclesiam
1560 570 1594 597 et
1627 562 1721 596 hunc
1754 572 1890 598 coetum
1920 567 2120 599 docentium

1144 608 1333 643 clementer
1365 613 1533 653 servavit,
1559 626 1663 657 quem
1698 626 1783 648 oro⁴
1809 621 1847 648 ut
1871 622 1903 648 et
1928 628 2032 659 porro
2058 628 2122 648 nos

1143 670 1263 692 omnes
1287 669 1398 696 servet
1423 670 1454 695 et
1477 670 1651 706 protegat,
1679 672 1711 697 et
1736 671 1767 697 te
1784 663 1957 698 Davidem
1981 678 2019 697 co
2044 666 2121 697 oleo

1142 717 1266 752 ungat-,
1292 724 1361 755 quo
1377 712 1508 755 Regem
1535 721 1567 746 et
1583 712 1794 758 Proplietam
1818 726 1992 748 summum
2013 714 2122 747 Davi-

1141 760 1219 791 dem
1246 773 1307 802 per
1323 761 1520 796 Samuelem
1544 765 1656 801 unxit,
1685 773 1717 798 et
1742 766 1777 797 in
1796 772 1854 799 tuo
1871 766 2068 799 ministerio
2087 772 2120 797 te

1141 809 1188 842 ita
1205 818 1318 852 regat,
1345 820 1383 846 ut
1401 813 1446 845 sis
1464 825 1523 846 vas
1540 815 1799 849 misericordiae
1823 824 1855 850 et
1879 828 2048 859 organum
2066 827 2119 848 sa-

1140 860 1252 893 lutare
1268 861 1332 894 tibi
1349 870 1380 896 et
1399 861 1594 905 Ecclesiae,
1622 866 1747 901 Amen.
1801 866 1894 902 Dixi.

1135 1026 1202 1062 No.
1224 1026 1305 1061 179.
1953 1047 1998 1064 an.
2017 1036 2110 1067 1550,

1945 1080 2113 1094 w

1361 1157 1434 1198 De
1466 1159 1586 1198 dicto
1618 1157 1780 1199 coloss.
1807 1157 1898 1200 HI.

1205 1260 1235 1285 In
1256 1260 1383 1288 Oration.
1405 1262 1546 1295 postremis
1567 1272 1591 1295 p.
1611 1262 1668 1287 254.
1707 1263 1831 1292 Oration,
1851 1262 1884 1287 T.
1901 1262 1932 1288 V.
1954 1273 1979 1297 p.
1997 1264 2046 1289 245
2060 1273 2118 1297 sqq¹

1237 1299 1262 1319 et
1282 1296 1355 1329 apud
1375 1296 1503 1322 liichard.
1523 1296 1568 1321 lll.
1589 1306 1614 1329 p.
1635 1296 1692 1322 837.

1135 1376 1261 1408 oratio
1282 1374 1328 1408 de
1345 1373 1439 1408 dicio
1452 1376 1562 1408 Paule*
1581 1375 1628 1409 ad
1639 1378 1767 1410 Coloss.
1784 1379 1877 1410 111..·
1905 1379 2030 1411 Sermo
2043 1379 2116 1412 Dee?

1134 1423 1279 1473 habile(
1311 1428 1350 1458 in
1376 1424 1473 1458 vobis
1491 1427 1708 1468 opulenter,-
1736 1430 1898 1461 recitata
1916 1439 1938 1461 a
1956 1430 2114 1463 Doctore

1260 1472 1302 1504 D
1314 1485 1335 1507 a
1346 1485 1365 1506 v
1376 1476 1387 1507 ι’
1398 1474 1450 1507 cle
1479 1474 1553 1516 (Vo
1569 1479 1655 1520 5923,
1691 1476 1723 1510 d.
1748 1477 1808 1512 29,
1825 1479 1989 1523 Martii).

1132 1547 1178 1589 Si
1199 1561 1333 1589 tantum
1354 1568 1413 1588 eae
1433 1568 1506 1597 res,
1537 1569 1625 1601 quae
1650 1559 1779 1602 alioqui
1806 1560 1842 1591 in
1868 1560 1927 1592 tali
1954 1572 2114 1594 consessu

1132 1606 1415 1639 doctissimorum
1433 1604 1618 1639 hominum
1636 1609 1826 1651 plurimum
1845 1617 2001 1652 possunt,
2029 1623 2115 1655 qua—

1132 1656 1180 1688 les
1197 1664 1279 1689 sunt
1298 1657 1508 1700 praestantia
1526 1659 1680 1700 ingenii,
1714 1660 1865 1693 eruditio
1895 1667 1927 1693 et
1944 1661 2112 1705 eloquen-

1130 1706 1198 1747 tia,
1236 1704 1396 1740 hocloco
1417 1719 1434 1740 a
1456 1708 1556 1740 vobis
1574 1715 1813 1752 spectarentur
1841 1717 1874 1743 et
1891 1712 2112 1755 requireren-

1130 1763 1206 1797 tur,
1235 1769 1306 1790 non
1325 1759 1439 1791 solum
1455 1770 1591 1791 summo
1606 1760 1731 1793 timore
1754 1761 1907 1793 afficerer
1929 1763 1973 1794 ad
1991 1763 2112 1795 dicen-

1129 1808 1212 1840 dnm
1240 1809 1424 1849 accedens,
1453 1810 1511 1842 scd
1537 1810 1639 1842 etiam
1661 1808 1755 1843 hunc
1780 1812 1984 1844 universum
2004 1825 2110 1846 cona-

1129 1864 1203 1890 turn
1238 1858 1439 1894 abiicerem.
1497 1857 1659 1902 Agnosco
1691 1862 1784 1894 enim
1814 1862 1873 1894 illa
1900 1874 1969 1895 non
1996 1864 2108 1896 solinn

1129 1920 1201 1940 non
1223 1920 1377 1950 summa,
1393 1910 1451 1941 sed
1472 1921 1534 1942 nec
1552 1911 1673 1943 saltem
1689 1912 1878 1945 mediocria
1896 1913 1933 1944 in
1954 1924 2010 1945 me
2025 1925 2108 1949 esse.

1127 1958 1216 1991 Cum
1233 1966 1346 1992 autem
1365 1960 1488 1999 sciam,
1517 1960 1622 2004 idque
1647 1962 1822 2004 explorate
1850 1970 2050 2006 perceptum
2075 1972 2106 1997 et

1128 2010 1307 2051 cognitum
1334 2007 1497 2049 habeam,
1530 2011 1750 2044 obedientiae
1778 2012 1914 2044 laudeni
1945 2026 2015 2045 non
2040 2015 2106 2045 mi-

1097 2089 1099 2093 ,
1128 2061 1224 2092 noris
1247 2072 1264 2092 a
1280 2060 1380 2092 vobis
1406 2060 1477 2091 fleri
1504 2072 1608 2104 quam
1635 2062 1891 2105 eloquentiam,
1918 2061 2004 2094 milii
2031 2075 2104 2096 non

1128 2110 1275 2142 dubium
1304 2110 1385 2142 l'acit
1407 2107 1607 2144 humanitas
1632 2119 1661 2144 et
1693 2113 1847 2156 aequitas
1878 2121 2006 2152 vestra,
2044 2127 2104 2147 vos

1125 2158 1212 2192 mihi
1232 2161 1381 2200 dicenti,
1408 2172 1488 2193 cum
1507 2161 1619 2194 iussus
1635 2163 1718 2201 sini,
1746 2164 1883 2195 veniam
1906 2164 2047 2197 daturos
2071 2172 2103 2197 ct

1125 2212 1266 2244 brevem
1284 2211 1479 2244 orationem
1505 2212 1579 2243 siue
1604 2213 1717 2245 taedio
1740 2219 1770 2245 et
1797 2214 1936 2245 fastidio
1961 2214 2103 2248 auditu-

1124 2273 1181 2294 ros
1199 2273 1270 2294 esse
1283 2289 1290 2302 ,
1319 2263 1412 2306 quod
1431 2268 1469 2295 ut
1486 2261 1636 2301 faciatis,
1661 2264 1877 2296 consuetudo
1892 2262 2101 2298 scholarum

1125 2324 1185 2344 vos
1202 2310 1383 2352 lim-tatur,
1412 2319 1443 2344 et
1470 2324 1530 2354 ego
1553 2325 1569 2344 a
1598 2314 1695 2345 vobis
1723 2314 1813 2346 iden)
1840 2321 2041 2348 reverenter
2068 2324 2096 2348 et

1123 2363 1274 2396 officiose
1292 2370 1381 2407 peto.

1222 2413 1389 2447 Dicturus
1407 2420 1521 2446 autem
1539 2424 1614 2446 suni
1632 2422 1802 2458 quantum
1823 2416 1856 2447 in
1879 2413 1943 2449 ltac
1969 2418 2099 2449 oratio-

1123 2464 1177 2497 nis
1194 2475 1289 2496 meae
1310 2465 1437 2503 macie,
1463 2470 1495 2496 et
1512 2463 1547 2495 in
1567 2464 1627 2496 ista
1648 2466 1815 2509 temporis
1841 2467 1998 2509 angustia
2024 2468 2096 2500 fieri

1121 2522 1252 2558 potest,
1280 2516 1322 2546 dc
1345 2515 1438 2546 dicto
1455 2513 1555 2546 Pauli
1581 2515 1728 2548 maxime.
1752 2517 1882 2558 insigni
1907 2525 1938 2551 et
1963 2530 2096 2550 meiuo-

1121 2565 1224 2597 rabili
1238 2591 1245 2601 ,
1274 2566 1364 2608 quod
1387 2565 1421 2596 in
1440 2564 1474 2597 3.
1493 2565 1602 2607 capite
1620 2566 1659 2597 ad
1680 2565 1813 2601 Cotus&
1840 2575 1944 2601 extat:
1974 2568 2096 2601 Sci-nn»

92 2625 153 2657 ego
171 2615 376 2655 autoritate,
404 2626 471 2658 qua
494 2612 558 2647 hoc
580 2621 736 2658 tempore
761 2617 905 2657 fungor,
938 2616 1066 2649 iudicio
1093 2611 1096 2642 l
1120 2613 1249 2647 (jin-isti
1270 2613 1400 2647 habitet
1421 2615 1454 2647 in
1474 2615 1572 2647 xoluis
1589 2616 1792 2658 opulenter,
1823 2630 1900 2649 cuin
1926 2619 2021 2650 ‹nnni
2041 2629 2094 2649 sa-

93 2671 124 2698 te
142 2664 190 2698 M.
209 2663 380 2699 Davidem
395 2665 538 2709 dignum
557 2675 627 2698 esse
645 2662 840 2699 honorifico
856 2667 1067 2708 testimonio,
1092 2667 1095 2704 Ξ
1121 2665 1264 2711 pientia.

1320 2664 1413 2699 luter
1447 2666 1648 2710 praecipuas
1676 2669 1862 2701 sententias
1887 2666 1989 2701 huius
2021 2669 2094 2710 epi-
