2324 2955
142 119 214 152 609

781 110 1042 149 PIIILIPPI
1077 102 1523 148 MELANTHONIS.

2089 119 2161 153 610

240 201 303 237 38.
337 198 401 235 Est
419 208 535 235 autern
552 201 685 243 integra
701 206 734 233 et
751 199 989 233 substantialis
1008 199 1122 240 imago
1145 198 1150 235 Ῐ
1173 196 1373 230 audivimus
1396 198 1530 242 aliquot
1547 196 1794 243 Anabaptistas
1817 201 1978 244 gloriari,
2006 215 2157 248 quorum

137 252 247 296 patris
274 249 337 286 καὶ
360 249 612 297 ὑφισταμένη,
651 257 685 284 et
708 246 819 297 λόγον
844 251 923 283 ideo
945 249 1013 282 dici
1036 248 1121 281 scri-
1146 242 1148 265 t
1173 247 1360 280 vanitatem
1380 254 1498 291 postea
1514 249 1703 282 tristissimi
1720 258 1863 285 eventus
1880 254 2119 289 ostenderunt.

136 310 284 346 pserunt
300 309 452 341 veteres,
488 301 569 346 quia
593 301 805 344 cogitatione
831 300 996 333 nascitur.
1050 298 1119 332 Sed

137 359 229 386 recte
262 353 310 386 sic
340 352 487 391 dicitur,
532 352 612 396 quia
640 352 743 384 nobis
768 351 818 384 sic
842 351 1032 392 patefactus
1060 355 1121 390 est,

136 404 230 447 quod
248 414 308 446 per
324 413 404 434 eum
419 402 551 435 dictum
567 409 617 435 est
633 403 809 434 decretum
823 402 866 434 de
882 400 1007 433 ordine
1024 411 1116 433 crea-

135 453 241 485 tionis
276 459 308 485 et
337 452 568 496 reparationis
593 450 738 485 humani
764 451 920 493 generis,
956 457 989 483 et
1021 450 1115 494 quod

132 502 265 545 profert
282 513 321 534 ex
339 514 465 535 arcano
484 503 563 535 sinu
577 502 710 536 aeterni
728 502 835 545 patris
851 500 1035 544 Evangelii
1054 512 1117 532 vo-

131 562 204 584 cem
228 552 411 597 alloquens
435 553 567 597 primos
591 559 769 595 parentes,
806 558 839 584 et
863 552 1006 595 dinceps
1028 549 1117 583 Pro-

130 599 271 642 phetas,
300 609 332 636 et
350 601 682 645 colligitEcclesiam
699 609 898 643 aeternam,
925 608 958 635 et
975 607 1024 634 est
1040 600 1114 633 esti-

129 664 189 686 cax
207 665 270 697 per
285 653 521 686 ministerium
537 651 735 695 Evangelii.

230 726 291 762 39.
330 724 486 760 Ecclesia
509 726 636 761 Latina
669 727 771 760 aliter
794 737 854 760 usa
886 732 936 759 est
969 725 1113 758 nomine

126 788 297 820 personae
315 789 419 822 quam
444 784 544 812 vetus
570 778 712 820 lingua,
747 776 877 820 graecis
899 775 1111 808 vocabulum

125 824 376 871 ’ὑφιστάμενος
401 829 512 870 magis
537 828 718 872 proprium
743 834 777 860 et
799 826 1020 870 perspicuum
1049 832 1111 858 est.

124 874 171 911 Et
189 878 346 912 definitio
365 879 493 912 tradita
516 885 566 912 est
588 891 606 911 a
632 877 860 921 scriptoribus
884 877 920 908 iu
944 875 1111 916 Ecclesia,

123 938 272 969 persona
290 935 338 962 est
351 929 542 962 subsistens
559 928 784 961 individuum
801 926 1018 969 intelligens,
1052 926 1108 958 in-

123 979 417 1013 communicabile
428 1004 437 1018 ,
464 991 538 1012 non
554 983 785 1012 sustentatum
802 977 840 1009 in
856 977 937 1012 alio.

223 1053 283 1090 40.
320 1054 433 1089 Tanta
460 1067 538 1089 cum
565 1055 636 1089 sint
662 1054 871 1094 certamina,
903 1052 965 1086 oro
989 1054 1103 1097 ipsum

119 1104 234 1137 filium
257 1105 322 1138 Dei
347 1105 542 1140 Dominum
573 1112 735 1139 nostrum
768 1104 884 1138 Iesum
912 1102 1107 1142 Christum,

121 1154 181 1197 qni
203 1154 308 1189 dixit:
347 1155 472 1189 Venite
495 1157 538 1189 ad
563 1168 617 1188 mc
641 1166 780 1196 omnes,
808 1155 868 1199 qui
886 1155 1053 1187 laboratis
1071 1162 1102 1187 et

119 1205 257 1238 onerati
273 1205 364 1246 estis,
391 1213 424 1240 et
439 1217 500 1249 ego
518 1206 668 1239 reficiam
689 1217 762 1245 vos,
787 1211 827 1238 ut
842 1216 906 1238 nos
922 1205 1106 1247 gubernet,

118 1262 152 1288 et
173 1256 312 1298 copulet
328 1263 462 1290 mentes
479 1263 513 1290 et
531 1257 635 1289 corda
652 1256 888 1299 plurimorum
913 1256 951 1287 in
976 1256 1105 1288 nostris

116 1301 303 1346 Ecclesiis,
326 1312 366 1339 ut
382 1317 491 1338 unum
509 1306 617 1338 simus
636 1307 672 1337 in
689 1306 782 1348 ipso,
811 1312 843 1338 et
869 1306 957 1338 sicut
981 1306 1017 1337 in
1034 1304 1106 1338 Da-

118 1354 210 1387 niele
225 1355 392 1399 scriptum
410 1362 478 1393 est,
499 1355 535 1387 in
553 1355 659 1388 tantis
684 1355 824 1398 praeliis
847 1362 911 1387 stet
937 1368 1000 1398 pro
1025 1356 1105 1388 siliis

117 1404 240 1447 populi
257 1405 312 1438 sui
329 1412 362 1439 et
378 1405 519 1439 adiuvet
535 1417 608 1446 nos,
627 1417 689 1438 nec
706 1405 798 1438 sinat
814 1405 969 1446 extingui
990 1405 1102 1438 lucem

116 1454 283 1489 veritatis.

215 1519 274 1555 41.
309 1518 410 1554 Nihil
425 1518 510 1554 haec
536 1532 638 1554 curae
663 1527 744 1554 sunt
760 1519 929 1563 Papistis,
955 1522 1016 1565 qui
1039 1533 1101 1554 sua

114 1570 208 1603 idola
226 1577 472 1615 propugnant,
495 1572 622 1604 docent
640 1571 901 1604 invocationem
924 1578 1100 1605 creatura-

113 1632 192 1652 rum
211 1619 442 1664 absentium,
458 1633 547 1666 quae
568 1619 787 1655 horribiliter
809 1621 972 1655 obscurat
995 1622 1100 1655 invo-

113 1670 286 1703 cationem
305 1671 369 1703 filii
388 1670 465 1706 Dei.

213 1737 273 1772 42.
299 1736 346 1770 Et
361 1738 481 1771 colunt
496 1736 650 1771 Maozim
666 1750 751 1771 auro
770 1745 802 1771 et
819 1744 974 1780 argento,
1008 1737 1098 1771 Ner-

112 1799 175 1821 vus
190 1795 240 1821 est
257 1788 350 1821 enim
367 1789 544 1831 potentiae
562 1795 595 1822 et
609 1800 714 1832 opum
734 1788 994 1832 pontificiarum
1018 1789 1096 1830 opi-

112 1838 190 1878 nio,
225 1839 319 1883 quod
342 1839 446 1871 missa
472 1845 646 1871 mereatur
669 1839 910 1872 remissionem
936 1846 1095 1882 peccato-

111 1900 208 1929 rum,
236 1895 269 1921 et
285 1889 403 1922 omnia
422 1890 513 1923 bona
532 1889 573 1921 iis
590 1901 651 1932 pro
670 1889 797 1933 quibus
817 1889 865 1922 sit.
916 1888 1005 1921 Cum
1031 1902 1093 1921 au—

109 1947 176 1970 tem
196 1939 379 1983 multiplex
398 1939 441 1973 sit
459 1940 637 1972 idolorum
655 1940 786 1979 cultus,
814 1940 850 1971 in
868 1939 970 1971 missa
992 1940 1093 1983 papi-

108 1989 205 2029 stica‚
232 2000 369 2022 necesse
383 1996 433 2023 est
449 1990 593 2023 obedire
611 1987 692 2022 huic
708 1990 818 2022 dicto:
844 1988 968 2031 Fugite
985 1990 1090 2024 idola.

109 2038 177 2071 Nec
194 2039 287 2072 nllus
306 2039 394 2074 ritus
410 2037 516 2073 habet
536 2040 710 2073 rationem
728 2039 964 2078 Sacramenti,
991 2047 1029 2073 ut
1054 2041 1091 2073 in

107 2087 262 2122 Ecclesia
280 2090 478 2135 loquimur,
504 2090 572 2123 nisi
588 2091 624 2122 in
642 2090 718 2134 ipso
734 2101 816 2131 usu,
841 2090 901 2135 qui
917 2090 1090 2124 divinitus

107 2140 287 2174 institutus
301 2147 363 2176 est.

205 2206 264 2241 45.
290 2206 474 2241 Discamus
489 2208 685 2241 doctrinam
701 2209 744 2241 (le
758 2219 837 2242 vera
857 2209 1088 2249 invocatione,

108 2264 140 2289 et
163 2264 323 2291 tueamur
341 2270 443 2291 verae
460 2257 636 2292 Ecclesiae
659 2259 856 2292 societatem
883 2267 915 2292 et
939 2260 1087 2292 coniun-

105 2307 254 2341 ctionem
266 2334 276 2349 ‚
298 2309 434 2342 etiamsi
451 2315 501 2342 est
516 2309 632 2353 aliqua
649 2309 888 2342 membrorum
906 2310 1088 2342 dissimili-

107 2357 211 2397 tudo,
250 2370 338 2402 quae
364 2366 481 2393 tamen
510 2360 553 2391 de
580 2360 810 2392 fundamento
834 2372 915 2393 vere
940 2371 1087 2393 consen-

105 2408 215 2447 tiunt,
242 2414 276 2441 et
292 2409 399 2443 simus
414 2410 596 2453 vigilantes
615 2410 650 2441 in
665 2410 818 2443 vitandis
846 2411 950 2443 idolis
978 2418 1010 2444 et
1032 2411 1086 2444 sa·-

105 2458 228 2491 naticis
257 2458 495 2502 opinionibus.
564 2460 708 2504 Semper
731 2458 923 2494 Ecclesiam
953 2461 1087 2504 praeci-

104 2520 171 2552 pue
198 2508 268 2540 duo
296 2520 421 2551 genera
449 2507 602 2544 hostium
633 2518 872 2545 exercuerunt.
933 2509 991 2544 Ab
1018 2523 1086 2544 una

105 2565 199 2601 parte
214 2556 393 2592 Pharisaei
410 2568 591 2605 sequentes
608 2562 755 2594 rationis
772 2559 946 2594 hnmanae
964 2562 1086 2604 imagi—

104 2609 275 2645 nationes,
327 2608 385 2643 Ab
408 2610 514 2644 altera
537 2618 652 2645 antem
679 2618 776 2656 parte
801 2612 941 2645 fanatici
968 2609 1085 2644 homi-

103 2670 164 2693 nes
188 2658 249 2704 qni
272 2666 306 2693 et
332 2658 829 2703 enthusiasmos·iactitarunt,
871 2662 992 2707 quales
1017 2662 1085 2707 ipsi

152 2708 335 2744 Manu-ru.
363 2712 467 2746 Orza.
492 2712 576 2747 Vox..
602 2713 679 2747 XII.

1274 320 1332 355 44.
1375 320 1510 355 Omnes
1542 323 1589 366 pii
1619 335 1716 357 suam
1741 325 1998 361 invocationem
2026 331 2157 372 cogita-

1169 371 1265 404 tione
1297 372 1495 404 discernere
1529 374 1657 407 debent
1685 376 1728 407 ab
1763 374 1901 410 ethnica
1930 385 1961 412 et
1993 381 2154 416 omnium

1168 422 1317 454 aliarum
1337 428 1507 456 sectarum
1531 423 1762 459 invocatione.
1818 426 1962 461 Necesse
1982 436 2031 463 est
2049 430 2156 472 igitur

1168 472 1297 504 intueri
1315 471 1429 505 Deum
1448 474 1656 516 patefactum
1676 475 1872 509 illustribus
1891 479 2101 513 testimoniis
2117 482 2153 513 in

1166 520 1334 562 Ecclesia,
1361 530 1394 556 et
1410 523 1561 565 cogitare
1579 524 1689 557 editas
1707 527 1969 568 promissioneS,
1993 531 2081 565 sicut
2099 531 2154 564 Ia-

1166 573 1230 605 cob
1247 580 1423 616 precatur:
1451 573 1546 606 Deus
1567 581 1703 617 patrum
1727 587 1886 608 meorum
1902 576 2082 612 Abraham
2118 590 2150 615 et

1166 622 1278 662 Isaac,
1306 623 1340 655 id
1371 630 1440 662 est,
1475 625 1536 668 qui
1562 631 1593 657 te
1618 625 1809 668 patefecisti
1833 627 2028 662 illustribus
2053 633 2150 664 testi-

1164 673 1293 706 moniis
1311 674 1397 706 meis
1414 674 1569 717 patribus
1586 681 1618 707 ct
1633 675 1809 708 tradidisti
1828 677 1875 708 eis
1894 675 1984 711 hanc
2000 683 2150 722 promis-

1163 723 1310 756 sionem.
1361 722 1409 757 Et
1424 730 1542 767 postea
1558 723 1805 758 dicitEcclesia
1817 751 1825 765 ‚
1854 727 1948 761 Deus
1966 736 2062 772 pater
2078 731 2150 764 Do-

1162 774 1251 805 mini
1271 774 1381 806 nostri
1402 774 1478 807 Iesu
1497 772 1644 813 Christi,
1672 782 1704 808 et
1728 777 1974 818 cogitationem
1998 782 2150 823 promis-

1162 824 1270 856 sionis
1288 824 1399 857 adsert
1416 825 1457 857 ad
1470 823 1600 857 Deum:
1631 823 1808 870 Quicquid
1830 828 1999 870 petieritis
2016 838 2150 874 patrem

1163 874 1198 906 in
1216 875 1360 908 nomine
1384 887 1471 915 meo,
1488 876 1584 908 dabit
1604 876 1712 909 vobis.
1751 876 1802 909 Ita
1823 884 1855 910 et
1872 878 1908 910 in
1928 879 2149 915 invocatione

1161 937 1258 958 mens
1281 925 1436 968 cogitans
1458 938 1561 969 quem
1586 924 1719 965 Deum,
1760 928 1821 959 ubi
1846 930 2075 971 patefactum,
2115 940 2149 966 et

1161 976 1366 1009 distinctum
1385 988 1402 1007 a
1420 976 1668 1008 commentitiis
1685 977 1892 1010 numinibus
1908 980 2063 1022 invocet,
2091 984 2149 1015 in-

1131 1033 1136 1053 ?
1160 1033 1277 1060 tuetur
1295 1026 1421 1070 scripta
1445 1023 1669 1069 prophetica,
1698 1033 1730 1060 et
1753 1027 1858 1060 simul
1880 1030 2149 1072 promissionem

1159 1078 1303 1120 cogita-t,
1329 1083 1368 1109 ut
1384 1076 1468 1108 fides
1484 1077 1705 1112 accendatur.
1758 1076 1852 1111 Haec
1871 1081 2030 1114 exercitia
2047 1083 2148 1116 invo-

1159 1128 1306 1161 cationis
1325 1133 1460 1160 norunt
1476 1138 1599 1160 omnes
1616 1127 1677 1171 pii.

1260 1201 1319 1236 45.
1342 1202 1462 1246 Quare
1478 1214 1581 1237 nemo
1598 1203 1690 1237 sinat
1709 1215 1743 1237 se
1758 1205 1885 1238 abduci
1902 1217 1919 1239 a
1937 1208 2147 1251 cogitatione

1157 1251 1279 1296 scripti
1310 1254 1409 1287 verbi
1443 1260 1475 1286 et
1508 1267 1526 1287 a
1559 1254 1757 1288 ministerio
1786 1254 1972 1299 Evangelii
2005 1267 2147 1303 propter

1156 1303 1502 1348 grandiloquentiam
1543 1304 1867 1338 Stenkeseldianam
1886 1334 1895 1346 ,
1946 1310 2004 1341 sed
2043 1309 2145 1343 Pauli

1156 1365 1276 1388 vocem
1292 1354 1496 1392 audiamus,
1530 1355 1592 1398 qui
1619 1355 1683 1388 ait:
1722 1355 1845 1388 Sermo
1863 1355 1928 1389 Dei
1952 1356 2085 1393 habitet
2111 1361 2145 1393 in

1156 1403 1255 1435 vobis
1271 1404 1412 1436 abunde
1430 1405 1464 1435 in
1483 1405 1581 1436 omni
1599 1405 1783 1447 sapientia,
1812 1413 1844 1438 et
1863 1408 1983 1442 docete
2001 1416 2032 1443 et
2050 1423 2146 1444 com—

1154 1454 1362 1486 monefacite
1378 1466 1439 1486 vos
1456 1460 1590 1486 mutuo.
1645 1454 1713 1487 Ubi
1732 1456 1831 1500 loqui
1848 1468 1926 1489 eum
1944 1460 1986 1491 de
2003 1466 2144 1495 externa

1155 1502 1314 1535 doctrina
1332 1509 1504 1536 testantur
1520 1500 1604 1535 haec
1630 1505 1756 1544 verba,
1784 1508 1876 1549 quod
1904 1508 1999 1542 iubet
2025 1518 2055 1543 et
2083 1512 2143 1544 alii

1153 1552 1240 1584 alios
1255 1549 1424 1596 doceant,
1451 1553 1534 1586 item
1559 1561 1677 1596 postea
1703 1556 1920 1588 mentionem
1944 1559 2024 1592 facit
2044 1560 2143 1594 Psal-

1153 1614 1303 1636 morum.
1356 1602 1472 1636 Simul
1496 1610 1612 1637 autem
1638 1604 1788 1638 sciamus
1811 1607 2030 1642 verissimum
2057 1623 2141 1651 esse,

1150 1653 1212 1685 ubi
1230 1666 1295 1686 vox
1305 1651 1491 1696 Evangelii
1510 1653 1575 1685 fide
1591 1655 1780 1698 accipitur,
1806 1656 1856 1689 ibi
1876 1669 1954 1691 vere
1971 1659 2062 1693 filius
2074 1661 2140 1695 Dei

1150 1700 1257 1751 λόγος
1271 1704 1309 1736 in
1323 1704 1428 1736 eorde
1444 1709 1494 1736 est
1510 1704 1627 1737 efficax
1639 1731 1648 1744 ,
1676 1706 1830 1740 ostendit
1847 1709 1954 1751 patris
1974 1711 2139 1745 volunta-

1149 1760 1238 1795 tem,
1265 1761 1299 1788 et
1316 1755 1375 1787 dat
1385 1753 1558 1798 Spiritum
1577 1763 1734 1789 sanctum
1747 1781 1756 1795 ,
1784 1758 1845 1802 qui
1864 1758 1898 1790 in
1917 1761 2020 1793 corde
2039 1762 2138 1796 laeti-

1148 1805 1232 1838 tiam
1260 1811 1295 1838 et
1317 1805 1577 1838 invocationem
1605 1806 1772 1842 accendit.
1838 1807 1933 1841 Haec
1959 1810 1996 1842 in
2019 1815 2137 1856 quoti-

1148 1856 1251 1887 diana
1268 1855 1493 1888 invocatione
1510 1861 1542 1887 et
1561 1857 1801 1890 consolatione
1819 1859 2014 1901 discuntur,
2042 1865 2136 1896 unde

1147 1912 1178 1938 et
1194 1917 1294 1938 verae
1310 1903 1488 1938 Ecclesiae
1504 1906 1704 1939 testimonia
1720 1908 1886 1941 adversos
1904 1907 2065 1945 homines
2084 1916 2134 1947 sa-

1147 1956 1282 1988 naticos
1295 1955 1385 1988 sumi
1402 1963 1561 1999 possunt.
1613 1954 1691 1989 Oro
1707 1964 1822 1990 autem
1842 1959 1953 1992 filium
1973 1961 2037 1994 Dei
2059 1963 2133 1997 Do..

1145 2006 1280 2038 minum
1298 2012 1459 2038 nostrum
1472 2004 1586 2038 lesum
1597 2004 1790 2049 Christum,
1811 2015 1851 2042 ut
1865 2009 1954 2043 sicut
1969 2010 2004 2043 in
2024 2024 2133 2055 agone

1145 2062 1302 2099 precatus
1320 2062 1383 2089 est:
1403 2054 1516 2096 Pater,
1535 2056 1641 2099 dilige
1657 2069 1715 2090 eos
1733 2069 1771 2091 ea
1788 2059 1975 2093 dilectione
1992 2075 2060 2106 qua
2078 2077 2133 2098 me

1143 2106 1279 2149 diligis,
1307 2106 1353 2139 ita
1370 2118 1434 2150 pro
1456 2106 1558 2139 nobis
1577 2119 1716 2152 qnoque
1736 2119 1872 2154 semper
1890 2119 2070 2155 precetur,
2098 2122 2131 2150 et

1143 2169 1206 2190 nos
1221 2158 1344 2191 doceat
1360 2163 1392 2190 et
1408 2157 1598 2199 gubernet,
1624 2155 1751 2194 Amen.

1140 2278 1197 2311 Eoe
1220 2275 1386 2311 secunda
1411 2278 1583 2310 oratione
1600 2278 1839 2314 Nazianzem·
1862 2277 1909 2313 de
1933 2279 2011 2327 ΙῖΙὶο
2040 2284 2126 2320 Dei.

1216 2356 1327 2392 Ἀλλὰ
1347 2355 1403 2391 ἐπὶ
1422 2355 1487 2396 τὰς
1500 2359 1568 2391 τοῦ
1588 2356 1670 2392 υἱοῦ
1684 2358 1826 2404 κλήσεις
1842 2359 2011 2406 ἔλθωμεν
2029 2364 2129 2402 δοκεῖ

1137 2407 1212 2457 γάρ
1234 2422 1297 2453 μοι
1325 2408 1518 2455 λίγῡσῖὴα,
1553 2405 1633 2446 υἱὸς
1654 2406 1742 2452 ,tc-³11,
1778 2408 1830 2444 ὅτι
1852 2414 1905 2457 τῷ
1922 2426 1987 2448 πα]
1997 2414 2031 2460 ρῖ
2048 2419 2124 2452 κατ’

1139 2457 1274 2494 οὐσίαν
1289 2457 1378 2503 μὲν,
1406 2454 1601 2501 ὁλιιουύσιος
1627 2456 1721 2502 ἐστὶ,
1756 2457 1916 2507 λόγοςὸῖ1Δὶ
1939 2462 1990 2498 ὅιι
2010 2466 2126 2507 οὕτως

1138 2510 1208 2554 ἰ-’χει
1228 2508 1318 2554 πρὸς
1335 2506 1400 2542 τὸν
1416 2507 1574 2553 πατέρα,
1603 2507 1653 2547 ὡς
1668 2507 1758 2554 πρὸς
1773 2514 1866 2546 γοῦν
1880 2510 1986 2559 λόγος
2000 2515 2062 2551 dic}
2084 2518 2124 2552 ’τὸ

1138 2558 1282 2597 &stamt-
1306 2561 1367 2604 τῆς
1394 2555 1592 2606 γενήσῃυς,
1620 2557 1683 2593 καὶ
1710 2560 1981 2608 ἑξαγγελτικὸιν,
2009 2565 2124 2602 ‹lt'wa-

1135 2624 1196 2657 μις
1210 2608 1250 2645 δὲ
1268 2608 1316 2648 ὡς
1333 2607 1600 2654 συιίηρκτικὸς
1612 2612 1689 2645 τῶν
1709 2612 1946 2657 γειύλιιψίἰυν,
1974 2616 2033 2651 mci
2061 2617 2123 2663 ‘'i“

1135 2663 1202 2696 τοῦ
1222 2659 1442 2705 συνέχεσθαι
1460 2662 1580 2695 ταῦτα
1594 2664 1769 2709 χορηγῶν
1788 2661 1961 2708 δύναμιν.

1429 2710 1477 2745 59
