2324 2955
194 115 267 150 519

299 201 389 233 Cum
414 199 519 241 igitur
544 192 736 226 necessaria
763 191 943 224 doctrinae
967 191 1081 223 studia
1107 202 1179 223 esse

200 252 360 289 sciamus,
388 261 448 280 suo
468 246 615 290 quisque
635 244 712 276 loco
731 241 1033 274 conservationem
1051 242 1180 274 doctri-

201 314 324 335 narum
342 299 495 340 adiuvet.
1208 290 1210 346 h

303 355 379 389 Etsi
397 361 511 387 autem
531 359 620 385 artes
637 351 768 384 multae
790 357 822 384 et
839 351 995 383 diversae
1011 356 1103 388 sunt,
1131 357 1182 383 ta-
1208 352 1210 379 ἶ

203 421 282 442 men
304 419 374 440 una
398 411 449 438 est
471 403 631 437 omnium
658 402 794 444 regioa,
822 401 989 445 sapientia
1007 398 1182 433 Ecclesiae

202 459 353 497 tradita,
392 457 434 488 ad
459 467 564 500 quam
591 453 867 494 cognoscendam
892 451 1022 490 literis,
1055 451 1183 494 linguis
1209 442 1212 510 ι

203 517 235 543 et
252 509 386 542 artibus
405 506 481 539 aliis
501 516 587 548 opus
605 510 664 538 est.

307 566 390 599 ldeo
413 577 491 598 cum
516 574 577 596 vos
605 563 648 595 ad
673 561 879 594 discendum
898 558 1097 600 hortamur,
1123 571 1186 592 ne-

205 630 297 652 cesse
328 624 377 649 est
408 617 449 648 de
481 614 641 658 pluribus
671 612 804 645 artibus
839 611 934 651 dici,
977 617 1009 643 et
1043 610 1186 643 societas

206 669 375 714 quaedam
400 673 449 699 est
476 664 738 702 doctrinarum,
774 668 813 695 ut
836 661 994 704 singulae
1017 661 1126 693 multa
1143 661 1186 693 ab

206 720 284 752 aliis
301 723 527 755 mutuentur,
555 715 643 747 sicut
660 713 817 755 singulae
836 712 970 756 aliquas
994 711 1084 744 vitae
1108 722 1188 754 par-

206 778 256 803 tes
283 775 425 811 regunt,
454 774 485 799 et
511 773 625 799 tamen
654 764 725 797 vita
753 774 875 796 omnes
893 762 1017 795 ordine
1034 761 1189 805 comple-

209 821 327 853 ctitur.

307 875 465 909 Dicimus
491 880 604 907 autem
631 873 716 905 alias
738 873 779 905 de
797 871 874 903 aliis
893 871 1068 913 partibus,
1096 882 1189 902 nuuc

207 928 370 961 usitatam
395 923 678 958 adhortationem
712 922 757 956 de
788 921 1090 955 consideratione
1121 921 1190 954 Ιιιι-

207 980 310 1013 mani
330 979 509 1021 corporis,
537 986 604 1009 seu
623 973 669 1008 de
688 976 903 1008 anatomica
921 972 1090 1006 doctrina
1111 985 1191 1015 pro-

209 1037 285 1073 pter
311 1028 466 1060 iuniores
490 1033 644 1069 repetere
666 1024 821 1063 decrevi,
849 1035 912 1055 nec
937 1024 1043 1066 pudet
1059 1025 1191 1062 eadem,

210 1091 298 1124 quae
316 1090 416 1121 saepe
441 1077 588 1115 auditis,
616 1085 899 1107 commemorare.

315 1137 484 1180 Quotidie
503 1136 596 1168 enim
617 1134 652 1166 in
669 1140 781 1165 vestra
800 1132 1021 1164 invocatione
1037 1129 1119 1164 haec
1135 1143 1193 1163 co-

211 1191 320 1231 gitare
338 1187 481 1220 debetis.
518 1185 607 1218 Cum
628 1184 753 1227 incipis
770 1183 1017 1226 precationem,
1042 1182 1192 1224 cogitare

212 1240 332 1277 debes,
368 1238 454 1282 quid
483 1237 640 1275 invoces,
668 1235 745 1278 quis
771 1242 803 1267 et
828 1234 939 1277 qualis
958 1233 1001 1265 sit
1022 1233 1080 1264 ille
1099 1245 1194 1264 crea-

212 1298 285 1325 tor,
322 1300 424 1332 quem
449 1285 656 1330 alloqueris,
692 1296 780 1328 quae
814 1285 856 1315 de
893 1295 963 1315 sese
995 1283 1193 1315 testimonia

213 1340 315 1371 nobis
350 1337 553 1375 tradiderit,
595 1336 631 1365 in
669 1334 832 1375 operibus
870 1333 1058 1364 creationis
1089 1338 1121 1364 et
1156 1331 1194 1362 in

213 1390 341 1431 teipso,
370 1394 402 1420 et
425 1386 551 1419 deinde
578 1384 614 1416 in
640 1384 717 1416 aliis
742 1383 1036 1426 patefactionibus
1060 1390 1091 1415 et
1111 1381 1195 1413 mis-

212 1441 312 1473 sione
328 1438 403 1470 filii.

315 1495 571 1531 Convincimur
599 1499 737 1530 autem,
773 1497 812 1522 ut
839 1497 990 1522 statuere
1023 1499 1198 1529 cogamur,

214 1560 286 1583 esse
308 1547 422 1580 Deum
457 1551 666 1579 creatorem,
703 1548 734 1573 et
765 1540 868 1573 talem
904 1551 994 1577 esse,
1034 1538 1197 1569 videlicet

216 1605 366 1632 mentem
394 1602 590 1632 aeternam,
617 1591 828 1635 sapientem,
856 1602 1030 1627 veracem,
1058 1590 1198 1626 bonam,
1224 1594 1225 1597 ’

218 1649 426 1685 beneficam,
461 1646 605 1682 iustam,
641 1649 786 1678 castam,
823 1640 988 1680 liberam,
1024 1639 1225 1671 vindicem*

217 1700 398 1733 scelerum.

315 1757 404 1790 Cum
430 1755 616 1798 aspicimus
643 1750 880 1784 immutabiles
915 1749 1063 1781 noticias
1098 1748 1200 1780 nobis

220 1810 354 1847 insitaS,
381 1817 468 1851 quae
486 1812 576 1837 recta
594 1810 627 1836 et
642 1814 713 1835 non
734 1808 825 1834 recta
843 1800 1060 1837 discernunt,
1088 1806 1120 1832 et
1140 1796 1200 1830 ha—

221 1862 302 1893 bent
330 1859 364 1890 in
387 1856 491 1889 corde
518 1854 692 1886 vindicem
720 1853 877 1884 dolorem
908 1863 985 1883 cum
1013 1850 1201 1888 violantur,

221 1912 256 1943 in
292 1907 345 1942 bis
376 1906 517 1939 noticiis
543 1916 620 1937 cum
647 1903 816 1935 discernis
839 1902 971 1934 bonum
1001 1907 1033 1933 et
1057 1900 1201 1936 malum,

219 1960 322 1994 discis
339 1958 451 1991 Deum
474 1955 595 2000 procul
620 1966 637 1987 a
662 1954 766 1986 rebus
781 1953 882 1985 malis
900 1952 1064 1985 omnibus
1082 1951 1202 1983 seiun-
1227 1967 1229 1981 ι

219 2011 371 2055 gendum
405 2019 485 2040 esse.
549 2004 628 2038 Non
659 2004 765 2047 igitur
795 2003 838 2036 sit
873 2003 1008 2045 ingrata
1041 2002 1201 2045 repetitio

220 2058 595 2095 commonefactionum
625 2056 667 2087 de
690 2055 842 2087 utilitate
865 2054 1047 2086 doctrinae
1080 2059 1202 2085 anato-

221 2114 338 2145 micae.

323 2161 392 2194 Nec
410 2171 491 2191 'cero
516 2157 585 2190 iam
615 2167 672 2189 eos
691 2154 854 2198 alloquor
867 2182 874 2191 ,
901 2154 959 2197 qui
978 2165 1012 2185 se
1029 2160 1120 2185 totos
1138 2152 1202 2185 arti

222 2213 373 2245 medicae
391 2211 535 2248 dedunt,
551 2214 589 2240 ut
605 2219 679 2239 eam
696 2212 886 2243 exerceant,
904 2202 939 2236 bi
954 2204 1068 2236 sciunt
1085 2215 1204 2235 amen-

223 2264 306 2296 tiam
330 2274 399 2294 esse
420 2260 508 2292 velle
527 2258 724 2291 curationes
743 2255 925 2288 instituere
952 2255 1026 2287 sine
1045 2254 1206 2286 conside·
1231 2266 1232 2278 π

224 2315 359 2346 ratione
378 2311 443 2344 loci
460 2309 584 2342 affecti.
635 2307 706 2340 Nos
725 2313 757 2339 et
774 2307 906 2349 positus
921 2330 929 2343 ,
955 2314 986 2337 et
1004 2305 1156 2346 origines
1175 2311 1206 2337 et
1231 2324 1233 2340 =‚

224 2362 508 2407 propagationes,
548 2366 579 2392 et
605 2357 789 2403 qualitates
819 2364 850 2390 et
875 2353 1111 2399 ouunat‘hlag
1134 2355 1203 2387 sin-

224 2415 385 2457 gulorum
420 2410 657 2443 membrorum
691 2419 812 2447 nosse,
847 2419 984 2440 necesse
1015 2413 1084 2443 est,
1120 2406 1206 2438 scire

225 2465 327 2499 etiam
347 2462 405 2508 qui
424 2462 493 2494 sint
511 2459 701 2492 familiares
718 2459 938 2501 singulorum
956 2456 1092 2495 morbi,
1120 2468 1207 2500 quae

226 2515 367 2561 propria
386 2511 538 2545 remedia
552 2537 560 2549 ,
586 2522 653 2554 qua
672 2510 707 2541 in
722 2521 758 2542 re
776 2510 878 2542 etiam
897 2509 1033 2542 illustre
1050 2507 1206 2539 testimo-
1232 2516 1233 2524 ¹

226 2567 324 2599 nium
342 2561 585 2609 providentiae
604 2560 745 2592 divinae
770 2561 938 2593 cernitur.
991 2558 1085 2592 Deus
1108 2569 1208 2601 prae-

225 2618 347 2650 videns
360 2643 367 2656 ‚
394 2614 523 2659 quibus
540 2610 644 2643 rebus
661 2611 731 2643 vita
749 2608 936 2643 bominum
955 2610 1087 2643 tuenda
1111 2616 1208 2647 esset,

223 2668 351 2712 sparsit
378 2666 411 2698 in
448 2663 640 2698 nniversam
662 2667 809 2703 terram,
839 2663 933 2694 velut
959 2662 994 2693 iu
1012 2658 1152 2693 hortum
1179 2666 1208 2692 et

524 109 681 145 DECL.
723 105 799 141 DE
831 103 1366 140 CONSIDERATIONE
1397 103 1696 141 CORPORIS
1738 105 1875 143 IIUM.

1227 1931 1229 1946 ,Ι
1256 1901 1314 1933 sed
1332 1906 1438 1932 vetus.

2140 109 2214 144 320

1233 192 1406 223 frumenta
1437 190 1480 221 ad
1512 190 1642 224 victum
1668 191 1878 231 necessaria,
1912 200 1945 226 et
1968 193 2139 233 remedia,
2177 193 2214 224 in

1235 241 1362 285 quibus
1387 240 1522 272 bonitas
1543 247 1575 273 et
1590 242 1758 285 sapientia
1785 242 2061 286 conspiciuntur.

1335 290 1422 322 Nam
1441 296 1480 323 ut
1496 290 1607 323 fidelis
1625 299 1656 325 et
1675 292 1869 325 industrius
1889 291 2076 337 Myropola
2094 294 2213 326 distri-

1236 342 1313 373 buit
1338 341 1373 372 in
1399 340 1536 373 officina
1563 341 1781 384 singulorum
1818 344 2021 376 morborum
2048 343 2212 376 remedia:

1235 392 1280 424 ita
1291 390 1384 423 Deus
1395 391 1542 432 singulis
1556 392 1720 424 membris
1730 400 1820 425 certa
1830 394 1958 427 auxilia
1969 394 2211 426 accommoda-

1238 442 1303 481 vit,
1332 453 1482 486 quorum
1499 442 1658 475 omnium
1677 442 1939 476 distinctionem
1962 451 1994 477 et
2017 455 2099 477 usus
2116 454 2216 476 nosse

1238 492 1390 524 medicos
1413 499 1561 535 oportet.

1339 542 1406 576 Sed
1430 540 1519 575 banc
1535 543 1728 576 orationem
1746 554 1818 576 non
1837 543 2047 577 adMedicos
2066 544 2216 581 institui,

1239 594 1298 625 sed
1324 594 1365 625 ad
1394 599 1530 625 coetum
1556 593 1757 633 iuniorum,
1785 594 1846 638 qui
1871 595 2011 627 discunt
2032 607 2068 627 ea
2088 595 2218 628 doctri-

1241 656 1364 676 narum
1399 643 1516 684 initia,
1554 656 1642 689 quae
1675 645 1840 677 omnibus
1874 644 1911 676 in
1935 645 2003 678 vita
2029 645 2219 677 necessaria

1240 701 1334 729 sunt.

1343 744 1490 777 Affirmo
1518 750 1632 776 autern
1659 755 1798 787 prorsus
1822 745 1988 778 omnibus
2016 743 2222 778 hominibus

1242 797 1283 828 ad
1313 807 1430 828 curam
1458 796 1609 827 tuendae
1638 794 1851 827 valetudinis
1883 796 2113 829 necessariam
2149 807 2221 827 esse

1243 846 1478 889 cognitionem
1503 845 1656 889 aliquam
1690 846 1869 878 doctrinae
1899 847 2123 879 anatomicae.
2176 845 2223 879 Ut

1245 898 1360 930 cautio
1383 893 1610 935 adhibeatur,
1646 907 1688 928 ne
1711 898 1867 928 membra
1897 897 2099 936 laedantur,
2128 903 2159 929 et
2184 903 2223 928 ut

1246 949 1448 980 morborum
1473 946 1585 978 initiis
1609 945 1676 978 cito
1708 958 1890 979 occurrere
1924 948 2053 990 possis,
2086 957 2224 978 necesse

1245 1005 1295 1031 est
1311 1005 1341 1030 et
1360 997 1491 1041 positus
1510 1008 1630 1029 eorum
1649 1003 1681 1028 et
1698 1004 1840 1030 naturas
1855 998 1974 1043 aliquo
1999 998 2103 1030 modo
2120 996 2224 1029 intel-

1245 1050 1362 1091 ligere.

1348 1097 1577 1130 Meminimus
1594 1095 1651 1130 bic
1667 1110 1760 1130 anuo
1777 1105 1854 1130 aute
1877 1106 2034 1137 mortem,
2063 1109 2227 1130 reveren-

1247 1150 1329 1181 dum
1351 1149 1465 1180 xirum
1482 1146 1668 1180 Doctorem
1682 1148 1877 1180 Martiuum
1898 1147 2090 1181 Lut'nerum
2109 1149 2226 1180 subito

1246 1197 1475 1245 καρδιωχυῴ
1510 1198 1703 1242 periculose
1738 1206 1942 1241 aegrotasse.
1995 1199 2155 1242 Cumque
2183 1199 2225 1230 ad

1247 1263 1324 1282 eum
1350 1250 1498 1281 venisset
1530 1249 1679 1288 amicus,
1715 1250 1770 1281 cui
1803 1250 2009 1289 sciscitanti,
2046 1256 2159 1281 essent
2186 1261 2226 1279 ne

1249 1300 1422 1331 cruciatus
1455 1299 1491 1328 iu
1522 1299 1645 1329 calculi
1679 1300 1762 1336 viis,
1800 1300 1979 1340 respondit
2014 1301 2091 1337 ille,
2125 1310 2227 1339 supra

1249 1360 1306 1380 eos
1333 1349 1402 1379 vias
1429 1358 1517 1386 esse,
1544 1353 1577 1379 et
1601 1358 1660 1378 cor
1687 1348 1772 1390 peti,
1807 1355 1838 1380 et
1862 1349 2034 1381 cruciatus
2057 1348 2229 1380 saeviores

1249 1410 1340 1437 esse,
1367 1410 1471 1442 quam
1496 1398 1584 1434 sint,
1613 1398 1671 1441 qui
1699 1410 1715 1429 a
1743 1398 1874 1429 calculo
1899 1398 2078 1437 oriuntur,
2106 1405 2136 1430 et
2162 1400 2229 1430 λει-

1250 1446 1441 1490 ποθιχυιάς
1465 1448 1677 1488 impendere.
1731 1446 1797 1478 llic
1824 1455 1981 1478 metuens
2016 1448 2111 1479 cordi
2139 1455 2230 1479 arte-

1251 1498 1338 1529 riam
1364 1496 1493 1537 tangit,
1522 1493 1611 1526 nibil
1639 1495 1687 1527 ibi
1714 1496 1794 1527 mali
1821 1497 2100 1538 significabatur,
2136 1510 2229 1529 cere-

1251 1548 1354 1579 brum
1370 1553 1441 1578 erat
1461 1546 1646 1583 incolume,
1675 1543 1763 1577 nibil
1781 1553 1849 1578 erat
1870 1548 2134 1590 apoplecticum,
2161 1555 2230 1580 erat

1252 1605 1283 1630 et
1303 1609 1362 1629 cor
1381 1596 1576 1634 incolume,
1605 1602 1638 1627 et
1657 1597 1829 1629 cruciatus
1847 1609 1918 1629 nen
1938 1605 2033 1630 erant
2052 1598 2086 1629 iu
2108 1598 2229 1630 calculi

1252 1648 1410 1689 regione,
1434 1648 1492 1678 sed
1508 1658 1566 1677 cor
1587 1647 1818 1689 premebatur.
1875 1646 1927 1679 Ex
1949 1649 2024 1680 loco
2054 1649 2159 1689 igitur
2179 1661 2232 1680 ra-

1253 1699 1485 1731 tiocinabatur
1519 1694 1572 1728 bic
1607 1703 1737 1728 motum
1765 1699 1936 1730 malorum
1973 1696 2159 1730 humorum
2196 1700 2230 1730 iu

1253 1749 1386 1781 orificio
1412 1747 1596 1779 ventriculi
1620 1759 1709 1785 esse,
1738 1755 1769 1780 et
1795 1757 1910 1780 ortum
1938 1761 1955 1781 a
1981 1749 2128 1791 frigore,
2163 1757 2233 1781 erat

1254 1800 1346 1832 enim
1366 1806 1449 1831 tunc
1468 1795 1610 1829 horrida
1629 1798 1771 1835 bruma,
1800 1799 1896 1832 iubet
1913 1799 2020 1841 igitur
2048 1812 2123 1832 mox
2142 1800 2234 1832 offu-

1254 1851 1321 1882 lam
1339 1848 1455 1881 afferri
1471 1848 1637 1887 calidam,
1666 1855 1696 1880 et
1715 1849 1788 1881 dari
1808 1850 1928 1882 vinum
1948 1862 2019 1882 non
2046 1857 2231 1888 musteum,

1493 1897 1563 1936 Ita,
1593 1897 1663 1931 Deo
1693 1899 1853 1939 iuvante,
1881 1912 1960 1932 mox
1986 1901 2132 1943 repressi
2155 1909 2233 1933 sunt

1256 1950 1429 1984 cruciatus
1454 1949 1526 1987 illi,
1563 1956 1593 1981 et
1627 1951 1781 1984 ostendit
1805 1958 1948 1983 eventus
1977 1952 2010 1983 iu
2035 1951 2233 1984 coniectura

1257 2014 1328 2034 non
1362 2001 1466 2033 fuisse
1500 2009 1666 2032 erratum:
1717 2001 1761 2033 ita
1797 2014 1895 2045 saepe
1926 2014 2048 2043 magna
2084 2003 2235 2045 pericula

1256 2052 1372 2085 subito
1397 2051 1573 2088 incidunt,
1610 2052 1737 2095 quibus
1763 2053 1828 2085 uisi
1859 2060 1930 2084 arte
1958 2065 2034 2084 mox
2066 2065 2237 2091 occurras,

1258 2103 1354 2147 prius
1381 2102 1491 2134 vincit
1516 2109 1674 2133 naturam
1702 2105 1864 2141 morbus,
1893 2115 1996 2147 quam
2022 2103 2147 2136 accersi
2166 2116 2236 2135 me-

1257 2155 1354 2186 dicus
1374 2159 1494 2197 potest.
1551 2152 1699 2194 Quoties
1717 2152 1915 2187 scholastici
1933 2154 2095 2186 incidunt
2120 2154 2154 2185 in
2175 2166 2236 2197 pe-

1259 2204 1423 2237 riculosas
1451 2203 1661 2240 insomniaS,
1689 2204 1772 2237 alias
1797 2217 1834 2237 ex
1860 2205 2050 2243 cruditate,
2085 2205 2170 2237 alias
2198 2217 2237 2237 ex

1260 2254 1563 2288 lucubrationibus
1579 2282 1586 2293 ,
1614 2255 1699 2286 alias
1717 2267 1754 2287 ex
1774 2256 1881 2288 animi
1903 2255 2095 2289 doloribus.
2148 2254 2236 2288 Cum

1260 2307 1414 2339 cruditas
1434 2313 1481 2338 est
1501 2318 1620 2344 causa,
1649 2307 1862 2339 ventriculus
1881 2306 2052 2338 fovendus
2071 2313 2132 2345 est,
2160 2319 2237 2339 cum

1260 2356 1392 2389 cerebri
1412 2363 1523 2389 aestus
1543 2357 1638 2399 prior
1653 2369 1749 2388 causa
1770 2363 1830 2396 est,
1861 2357 1961 2398 longe
1980 2357 2055 2388 aliis
2077 2359 2238 2390 remediis

1260 2409 1432 2440 utendum
1469 2414 1529 2439 est.
1597 2406 1690 2439 Haec
1720 2418 1974 2446 commemoro,
2016 2415 2051 2453 ut
2084 2409 2238 2451 cogitetis

1261 2458 1409 2500 singuli,
1437 2458 1537 2490 vobis
1555 2469 1641 2501 opus
1660 2469 1731 2489 esse
1748 2458 1789 2489 ad
1810 2459 1975 2490 tuendam
1990 2459 2239 2497 valetudinem,

1232 2502 1234 2549 ξ
1263 2516 1293 2541 et
1311 2520 1410 2541 nosse
1428 2509 1664 2541 membrorum
1684 2507 1938 2545 distinctiones,
1956 2516 1987 2541 et
2005 2511 2240 2550 considerare,

1262 2567 1432 2604 quantum
1465 2559 1538 2591 sieri
1563 2564 1689 2601 potest,
1723 2559 1851 2602 quibus
1881 2561 1982 2593 rebus
2011 2561 2146 2602 singula
2180 2572 2238 2593 seu

1262 2611 1464 2649 laedantur,
1508 2620 1566 2641 seu
1603 2609 1777 2643 iux-entur.
1848 2608 1898 2643 Ac
1933 2612 2155 2645 manifestum
2190 2618 2240 2643 est

1263 2661 1392 2694 multos
1409 2659 1551 2693 interire
1570 2657 1658 2691 lianc
1677 2661 1991 2693 considerationem
2015 2664 2238 2705 negligentes.
