2324 2955
121 119 194 154 793
808 113 838 150 1.

123 202 280 237 honestis
296 201 524 243 mulieribus,
552 207 585 234 et
602 199 833 234 attrectabant
852 199 961 234 sinus.
1013 196 1109 231 Haec

119 266 200 288 cum
244 254 333 287 iuste
376 264 476 296 aegre
517 253 649 285 ferrent
693 257 792 294 pater
834 248 1024 295 Amyntas,
1075 255 1107 281 et

120 305 214 338 filius
238 304 458 344 Alexander,
491 303 584 335 filius
615 308 746 345 patrem
781 298 962 341 hortatur,
997 306 1037 332 ut
1068 311 1109 332 ex

119 355 284 389 convivio
302 355 457 387 discedat
473 353 703 386 dormiturus.
760 350 832 394 Qui
854 364 931 385 cum
956 351 1109 390 abiisset,

117 406 307 440 simulabat
339 403 554 438 hilaritatem
587 401 808 443 Alexander,
844 414 882 435 ac
916 402 1107 447 aliquando

117 464 196 502 post
223 453 401 495 hortatur,
436 462 475 488 ut
500 455 695 488 concedant
718 453 945 493 mulieribus,
980 459 1019 486 ut
1041 452 1106 484 ali-

118 506 323 552 quantisper
354 512 520 548 surgant,
562 511 596 538 et
624 504 672 536 ait
704 516 784 536 mox
821 503 997 537 redituras
1025 514 1108 535 esse.

66 589 74 596 ,
117 556 260 600 Quibus
291 556 445 589 dimissis
469 556 567 589 iubet
591 555 832 588 adolescentes
860 554 997 587 nobiles
1023 553 1107 586 toti-

119 608 199 641 dem
234 608 382 642 induere
415 618 536 640 earum
569 612 698 646 vestes,
733 612 766 639 et
796 605 932 649 gladios
958 615 1107 644 sumere,

117 658 257 692 abditos
278 658 344 691 sub
367 658 553 698 vestibus‚·1
570 663 604 690 et
619 668 698 689 cum
718 655 842 689 Persae
864 667 922 689 eos
944 661 1107 688 attrecta-

116 715 215 748 rent,
243 708 338 753 ipsos
363 709 565 742 confodere.
627 705 724 740 Haec
752 707 801 740 ita
829 706 918 740 facta
941 711 1041 746 sunt,
1074 710 1108 738 et

115 758 281 792 lasciviae
297 771 336 792 ac
351 758 565 802 petulantiae
581 769 713 802 poenas
728 756 849 800 Legati
872 757 979 790 iustas
998 756 1106 789 dede-

115 816 211 843 runt.
262 808 415 855 Fuitque
441 806 498 842 hic
514 808 717 842 Alexander
740 819 893 852 proavus
910 805 1107 840 Alexandri

116 859 254 904 Magni.

216 909 412 955 Aliquanto
431 917 509 954 post
529 917 562 944 et
582 909 743 943 lonicum
764 909 896 942 bellum
916 914 1104 953 sequutum

115 969 175 995 est.
241 960 451 994 Defecerant
482 961 575 994 enim
608 972 626 992 a
652 959 761 992 Dario
794 958 896 991 Iones
923 959 959 991 in
985 959 1105 991 littore

114 1012 237 1052 Asiae,
267 1019 300 1044 et
316 1012 547 1044 incenderant
563 1010 704 1047 Sardis,
731 1018 799 1051 qua
817 1007 853 1039 in
871 1019 908 1039 re
926 1013 957 1040 et
973 1009 1103 1041 auxilia

114 1059 389 1094 Atheniensium
409 1057 617 1093 habuerant.
665 1057 749 1090 Fuit
764 1064 879 1090 autem
896 1058 1104 1091 defectionis

114 1110 324 1155 praecipuus
339 1121 461 1143 suasor
479 1109 642 1148 lstiaeus,
670 1108 731 1152 qui
750 1120 829 1140 cum
848 1115 936 1141 esset
961 1108 997 1140 in
1019 1107 1104 1140 Per-

115 1162 203 1194 siam
225 1168 388 1200 vocatus,
413 1160 462 1192 ibi
481 1158 650 1192 intellexit
670 1157 816 1191 Darium
837 1159 925 1191 velle
946 1157 1049 1191 Ionas
1068 1159 1105 1190 in

116 1210 335 1245 Phoenicum
358 1211 536 1253 regionem
560 1210 766 1248 transferre,
800 1216 834 1243 et
849 1206 1045 1242 Phoenices
1069 1209 1105 1241 in

118 1261 257 1296 Ioniam
274 1262 457 1296 collocare.
511 1259 557 1294 Ut
574 1260 681 1302 igitur
696 1266 772 1293 tuto
789 1260 1000 1302 significaret
1015 1258 1106 1293 hanc

115 1325 190 1346 rem
206 1324 288 1345 suae
303 1312 409 1355 genti,
434 1309 501 1344 hoc
518 1311 667 1344 consilio
683 1322 767 1343 usus
782 1317 847 1343 est:
873 1310 1012 1344 Nuncio
1028 1311 1106 1344 radi

115 1363 262 1407 capillos
280 1363 401 1407 capitis
420 1362 538 1402 iussit,
565 1362 694 1394 deinde
714 1361 848 1401 literas,
877 1374 962 1406 quas
981 1362 1106 1402 voluit,

118 1414 284 1452 incussit,
320 1413 556 1457 significantes
574 1412 820 1455 Aristagorae,
847 1410 1040 1456 Capitaneo
1068 1413 1106 1445 in

113 1463 218 1502 Asia,
253 1471 292 1497 ut
315 1464 449 1497 bellum
472 1470 638 1498 moveret.
699 1462 861 1507 Cumque
889 1475 1010 1496 rursus
1028 1476 1104 1497 cre-

116 1515 248 1548 vissent
281 1514 422 1559 capilli,
457 1514 568 1547 mittit
594 1525 675 1546 eum
705 1514 747 1546 ad
776 1513 1039 1556 Aristagoram,
1073 1520 1106 1547 et

115 1565 213 1599 iubet
237 1565 313 1599 radi
339 1564 485 1609 capillos
509 1564 653 1608 capitis,
688 1570 721 1597 et
741 1564 850 1607 aspici
877 1571 992 1607 capnt.
1046 1563 1104 1597 In-

113 1616 253 1649 tellecto
277 1616 385 1659 igitur
407 1615 556 1649 consilio
578 1614 689 1648 movit
716 1614 847 1647 bellum
873 1615 1107 1657 Aristagoras,

116 1667 177 1699 sed
195 1677 359 1712 oppressa
376 1665 549 1699 seditione
562 1676 687 1708 magna
704 1677 783 1698 cum
803 1665 1008 1700 difficultate.
1025 1664 1107 1697 Ari-

115 1724 271 1760 stagoras
296 1716 499 1751 interfectus
531 1722 598 1754 est,
634 1722 668 1746 et
693 1721 811 1757 postea
838 1712 985 1747 lstiaeus
1011 1714 1106 1747 cruci

115 1769 252 1801 affixus.

218 1814 306 1850 Erat
323 1813 389 1849 hoc
407 1821 565 1858 tempore
580 1813 660 1846 exul
678 1814 770 1857 apud
790 1812 938 1847 Darium
955 1813 1107 1858 Hippias

117 1867 293 1902 Pisistrati
312 1867 422 1905 filius,
450 1865 511 1910 qui
527 1861 677 1898 Athenis
697 1865 920 1909 tyrannidem
939 1871 1109 1899 tenuerat.

115 1916 166 1954 Et
181 1930 261 1952 cum
278 1912 622 1961 fraterHipparchus
640 1915 842 1949 interfectus
859 1922 946 1948 esset
962 1923 1108 1960 propter

118 1970 308 2010 libidines,
342 1975 375 2002 et
404 1974 523 2012 postea
546 1964 696 2010 Hippias
725 1967 910 2000 saeviciam
944 1967 981 1999 in
1015 1967 1108 2000 cives

119 2027 310 2061 exerceret,
344 2019 466 2064 pulsus
494 2024 543 2051 est
566 2014 727 2053 Athenis.
788 2017 969 2051 Profectus
1002 2018 1109 2061 igitur

119 2072 163 2105 ad
185 2071 328 2104 Darium
353 2070 477 2114 petivit
502 2081 537 2102 se
555 2068 592 2100 in
613 2069 759 2112 patri-‘un
786 2069 918 2103 reduci.
973 2066 1027 2102 Eo
1045 2081 1109 2102 au·

118 2130 188 2157 tem
220 2122 358 2155 facilius
390 2120 589 2164 impetravit
620 2119 828 2159 exercitum,
868 2120 950 2165 quia
979 2118 1109 2153 Darius

121 2174 229 2207 iratus
247 2180 318 2205 erat
337 2169 616 2206 Atheniensibus
634 2178 777 2215 propter
794 2171 993 2204 societatem
1012 2170 1109 2203 loni·-

121 2236 207 2258 cam.
262 2223 380 2266 Quare
397 2223 491 2255 misit
507 2221 635 2255 Darius
653 2229 791 2254 centum
807 2222 919 2256 millia
938 2222 1108 2266 peditum,

120 2283 153 2310 et
181 2275 226 2308 10
254 2274 364 2307 millia
390 2275 567 2319 equitum,
602 2272 662 2317 qui
689 2285 766 2305 cum
794 2274 837 2305 ab
854 2271 1006 2306 Athenis
1035 2284 1108 2305 non

121 2326 200 2370 plus
215 2326 354 2358 duobus
370 2325 498 2359 nostris
515 2324 715 2356 miliaribus
731 2324 889 2358 abessent
902 2324 1108 2357 deliberatio

121 2382 196 2410 erat
222 2377 259 2409 in
284 2377 389 2417 urbe,
423 2388 467 2409 an
493 2376 630 2408 obsidio
651 2375 832 2407 toleranda
851 2382 939 2409 esset
958 2376 992 2407 iu
1011 2375 1109 2415 urbe,

121 2440 167 2461 an
185 2427 425 2460 dimicandum
443 2427 515 2460 acie
533 2439 610 2460 cum
630 2424 798 2459 hostibus.
852 2427 983 2460 Suadet
1004 2427 1110 2469 igitur

122 2478 324 2518 Miltiades,
364 2485 403 2511 ut
433 2478 636 2517 dimicetur,
676 2479 737 2522 qui
768 2478 956 2511 exercitum
990 2479 1107 2510 decem

123 2530 276 2562 millium
309 2529 439 2562 civium
475 2535 508 2563 et
537 2529 634 2562 mille
674 2527 873 2562 l'lateenses
905 2529 1041 2567 educit,
1077 2535 1110 2562 et

124 2591 250 2623 magno
270 2580 402 2624 impetu
418 2580 562 2613 adortus
583 2578 717 2621 hostes,
744 2592 783 2613 ac
799 2580 919 2613 inultis
941 2579 1056 2612 Persis
1073 2579 1108 2612 in

123 2631 236 2676 prima
254 2631 324 2664 acie
343 2631 537 2671 trucidatiS,
562 2631 732 2677 reliquam
752 2632 1014 2666 multitudinem
1024 2630 1110 2664 Per—

124 2683 231 2716 sicam
248 2682 364 2725 fugere
383 2683 483 2724 cogit.

179 2735 353 2766 ΜειΑκτκ.
379 2736 480 2767 Orsa.
505 2736 581 2765 Υυι..
603 2736 677 2767 ΧΗ.

884 109 1178 148 CHRONICON
1205 109 1452 147 CARIOMS.

2079 128 2153 161 794

1263 194 1376 232 Aiunt
1406 205 1486 232 ante
1513 200 1621 234 aciem
1646 202 1823 237 terribiles
1853 207 1989 241 sonitus
2012 212 2151 247 auditos

1163 258 1256 304 esse,
1292 254 1324 281 et
1357 249 1431 283 visa
1462 258 1614 295 spectra,
1652 265 1739 298 quae
1768 253 2002 292 Athenienses
2033 270 2150 304 postea

1161 299 1326 332 dixerunt
1344 300 1449 333 suisse
1466 303 1615 345 speciem
1639 303 1774 345 Panos,
1802 308 1861 351 qui
1883 316 2052 344 terrorem
2071 321 2150 347 tan-

1162 355 1235 382 tum
1263 348 1376 383 Persis
1405 351 1607 393 incusserit,
1650 362 1689 388 ut
1725 356 1896 399 sugerent.
1966 360 2054 396 Inde
2081 364 2149 398 Pa-

1161 400 1230 432 nici
1249 407 1399 434 terrores
1416 411 1531 446 postea
1549 405 1633 437 dicti
1655 413 1754 447 sunt,
1783 410 1824 440 de
1848 410 1974 444 subitis
1993 422 2148 449 conster-

1160 451 1377 485 nationibus.

1262 500 1431 545 Hippiam
1449 502 1624 538 Pisistrati
1652 506 1762 540 filium
1781 508 2003 545 interfectum
2021 527 2092 549 esse
2111 518 2145 550 in

1161 564 1200 585 eo
1220 553 1353 596 praelio
1370 553 1527 588 scribunt
1547 554 1670 589 Cicero
1694 558 1736 590 ad
1753 556 1910 593 Atticum
1930 570 1962 595 et
1980 563 2146 604 lustinus.

1161 602 1202 636 ln
1227 603 1336 636 Suida
1366 616 1449 637 vero
1480 605 1624 648 legitur,
1659 609 1896 654 undecunque
1927 625 1964 645 ea
1991 620 2146 652 narratio

1160 661 1299 697 sumpta
1332 661 1400 692 est,
1443 656 1628 699 profligato
1664 659 1817 692 exercitu
1849 660 1987 696 Persico
2019 667 2146 710 fugisse

1158 703 1327 762 liippiam
1343 705 1380 737 in
1396 704 1582 747 Lemnum,
1611 714 1642 740 et
1660 708 1709 742 ibi
1725 710 1850 744 morbo
1869 713 2058 750 extinctum
2075 730 2146 752 esse

1159 762 1252 812 inter
1270 766 1416 813 magnos
1441 757 1634 797 cruciatus,
1661 771 1740 793 cum
1765 762 1935 797 amisisset
1955 766 2086 809 visum,
2114 778 2145 803 et

1157 812 1270 849 ruptus
1297 818 1394 839 venis
1425 808 1565 850 sanguis
1596 811 1736 853 copiose
1769 823 1831 855 per
1860 816 1980 849 oculos
2011 818 2143 854 flueret.

1157 855 1346 890 Perierunt
1361 868 1441 899 ergo
1459 859 1563 891 ambo
1579 860 1641 892 filii
1667 860 1841 896 Pisistrati
1864 867 2003 909 tragicis
2029 881 2143 903 exem-

1158 907 1244 951 plis,
1271 908 1335 940 etsi
1355 907 1553 950 Hipparchi
1579 912 1785 954 sapientiam
1810 914 1929 950 laudat
1951 917 2069 958 Plato,
2095 923 2143 955 ci-

1158 965 1235 990 tans
1254 958 1328 990 eius
1344 969 1484 997 versus,
1510 959 1696 1004 inscriptos
1716 965 1836 997 statuis
1855 966 2142 1005 Mercurialibus:

1156 1010 1286 1051 μνῆμα
1319 1005 1401 1042 τόδ’
1435 1006 1642 1055 ἱππάρχους
1677 1011 1793 1058 onix&
1823 1013 1948 1051 δίκαια
1980 1025 2144 1064 ([ὀοιίῦν.

1159 1057 1263 1091 Item:
1291 1059 1422 1101 μνῆμα
1439 1056 1519 1091 τόδ’
1545 1059 1752 1104 ἱππάρχους
1778 1064 1829 1109 μὴ
1849 1065 1958 1110 φίλων
1975 1049 2144 1107 &fimana

1261 1107 1437 1140 Miltiadis
1462 1120 1542 1141 vero
1562 1110 1725 1145 interitus
1753 1117 1949 1158 exemplum
1970 1105 2019 1154 est
2037 1124 2145 1156 usita-

1157 1165 1211 1192 tae
1238 1159 1501 1201 ingratitudinis
1528 1157 1724 1197 hominum.
1777 1163 1868 1199 Cum
1894 1170 1987 1204 enim
2013 1176 2146 1216 praeci-

1158 1221 1224 1253 pue
1249 1210 1358 1253 ipsius
1384 1210 1531 1243 consilio
1554 1220 1586 1246 et
1608 1214 1816 1248 fortitudine
1831 1215 1992 1254 Persicus
2015 1227 2145 1258 exerci-

1158 1267 1213 1293 tus
1234 1260 1440 1304 profligatus
1463 1269 1570 1301 esset,
1598 1276 1747 1309 cumque
1770 1266 1943 1303 Lemnum
1963 1274 2145 1310 adiecisset

1157 1312 1199 1344 ad
1226 1310 1365 1344 Atticae
1391 1311 1542 1344 civitatis
1569 1314 1757 1358 imperium
1788 1326 1906 1361 postea
1935 1323 2145 1360 infoeliciter

1159 1368 1290 1396 tentata
1310 1374 1411 1406 pace,
1438 1363 1483 1394 ab
1507 1363 1638 1397 invidis
1658 1375 1837 1402 accusatus
1860 1377 1926 1409 est,
1954 1381 1985 1407 et
2004 1377 2145 1418 publice

1159 1414 1365 1455 damnatus,
1399 1419 1438 1445 ut
1461 1413 1719 1459 quinquaginta
1743 1419 1890 1462 talenta,
1918 1423 1953 1456 id
1980 1433 2048 1464 est,
2080 1429 2146 1460 tri-

1158 1465 1253 1505 ginta
1270 1463 1382 1495 millia
1401 1472 1648 1499 coronatorum
1667 1470 1843 1512 penderet.
1899 1471 1949 1507 Ac
1967 1476 2092 1511 ductus
2108 1478 2145 1512 in

1159 1526 1331 1547 carcerem
1344 1538 1353 1552 ‚
1380 1514 1430 1546 ibi
1447 1515 1630 1559 aliquanto
1649 1526 1726 1562 post
1742 1528 1902 1556 mortuus
1920 1532 1981 1559 est.

1260 1564 1443 1597 Postremo
1469 1567 1510 1597 de
1531 1566 1639 1601 Dario
1665 1570 1734 1603 filio
1759 1570 1934 1618 Histaspis
1953 1574 2019 1611 hoc
2043 1581 2145 1613 addo.

1159 1613 1227 1647 Hic
1262 1615 1390 1648 Darius
1423 1616 1516 1649 filius
1548 1617 1721 1663 Histaspis
1748 1630 1797 1657 est
1827 1626 1974 1661 maritus
2003 1628 2134 1664 Esther

1159 1677 1263 1707 quam
1301 1664 1457 1721 historia·
1483 1679 1577 1700 sacra
1610 1672 1771 1705 nominat
1800 1673 2006 1719 Assverum,
2048 1660 2146 1716 cuius

1159 1720 1317 1771 tempore
1336 1722 1477 1759 quantis
1496 1716 1532 1748 in
1557 1719 1721 1761 periculis
1739 1730 1771 1757 et
1787 1725 1936 1760 miseriis
1954 1730 2057 1765 suerit
2078 1731 2146 1765 Ec—

1160 1764 1268 1821 cles1a.
1287 1766 1512 1808 cogitandum
1539 1775 1600 1803 est.
1652 1769 1742 1804 Nam
1765 1781 1797 1808 et
1823 1776 1859 1808 in
1880 1775 2005 1813 Iudaea
2032 1781 2147 1816 adhuc

1161 1822 1233 1848 erat
1260 1816 1426 1859 impedita
1459 1819 1654 1854 aedificatio
1684 1826 1822 1867 templi,
1858 1834 1889 1860 et
1917 1828 2053 1865 Haman
2086 1847 2148 1877 per

1160 1866 1371 1899 calumniam
1390 1867 1636 1911 impetraverat
1653 1874 1807 1908 edictum
1826 1879 1868 1910 de
1887 1886 1956 1913 tota
1972 1890 2074 1922 gente
2090 1886 2147 1917 lu-

1161 1917 1327 1949 daeorum
1347 1918 1507 1952 delenda.
1562 1920 1629 1954 Sed
1649 1924 1859 1960 mirabiliter
1880 1922 1982 1963 Deus
1997 1936 2147 1975 protexit

1161 1965 1354 1999 Ecclesiam
1383 1970 1563 2011 patefactis
1589 1973 1775 2008 calumniis
1803 1984 1835 2011 et
1861 1981 2048 2016 sceleribus
2075 1985 2146 2019 Ha-

1161 2030 1253 2050 niau.
1289 2017 1749 2065 NomenEsthersiguilicat
1764 2028 2017 2066 absconditam.
2058 2035 2146 2069 Fur-

1162 2070 1258 2102 tassis
1275 2069 1323 2101 sic
1344 2071 1524 2105 nominata
1543 2079 1612 2113 est,
1638 2076 1806 2120 quianon
1823 2083 1954 2123 prodiit
1973 2085 2007 2117 in
2028 2088 2147 2128 publi-

1161 2132 1261 2177 cum,
1297 2132 1340 2152 ne
1372 2121 1505 2154 formae
1532 2130 1753 2161 struerentur
1775 2130 1942 2173 insidiae,
1980 2144 2039 2169 aut
2063 2139 2145 2182 quia

1163 2170 1316 2204 lucclesia
1339 2178 1412 2204 tum
1438 2174 1574 2207 duriter
1597 2188 1760 2220 oppressa
1779 2182 1854 2215 fuit.
1909 2183 2013 2227 Apud
2031 2186 2145 2222 Hero-

1161 2223 1283 2255 dotum
1309 2222 1416 2255 altera
1441 2225 1594 2258 coniunx
1614 2226 1712 2261 Darii
1735 2234 1916 2276 praecipue
1934 2236 2059 2272 dilecta
2080 2252 2143 2272 no-

1162 2273 1318 2306 minatur
1353 2272 1553 2315 Ammona,
1595 2280 1690 2321 qnod
1729 2282 1868 2315 videtur
1903 2297 1974 2320 esse
2016 2301 2143 2324 numen

1162 2322 1307 2362 Esther,
1341 2324 1430 2358 sicut
1454 2338 1582 2360 nomen
1610 2327 1705 2362 Vasti
1730 2339 1777 2365 est
1807 2333 1942 2371 Atussa.

1267 2372 1368 2407 Philo
1396 2373 1577 2410 historiam
1603 2378 1721 2414 ludith
1743 2384 1844 2416 etiam
1867 2387 1969 2422 refert
1989 2390 2031 2421 ad
2059 2398 2145 2423 tein—

1164 2437 1226 2468 pus
1244 2424 1341 2458 Darii
1362 2425 1422 2459 filii
1443 2426 1632 2471 llistapsis,
1660 2438 1691 2464 et
1711 2442 1828 2468 narrat
1847 2433 1940 2471 hunc
1959 2439 2145 2484 Arphach-

1163 2477 1221 2508 sad
1244 2488 1303 2509 seu
1320 2476 1480 2510 Arbacen
1500 2479 1604 2512 fuisse
1617 2479 1840 2527 Assyriorum
1859 2488 1982 2522 ducem
2000 2503 2040 2522 eo
2058 2499 2146 2524 teni—

1164 2540 1265 2571 pore,
1293 2540 1363 2571 quo
1388 2541 1405 2560 a
1431 2527 1523 2573 Cyro
1547 2531 1708 2573 absente,
1736 2547 1812 2568 curn
1841 2550 1859 2570 a
1879 2538 2025 2574 Tomvri
2050 2555 2146 2576 excr-

1163 2579 1251 2611 citus
1275 2579 1348 2610 eius
1374 2580 1567 2614 trucidatus
1589 2590 1693 2623 esset,
1721 2593 1753 2620 et
1772 2585 1939 2623 Chaldaei
1960 2581 1989 2624 et
2010 2591 2143 2626 Assvrii

1163 2630 1378 2662 ‹lc-fecissent.
1432 2629 1507 2664 Etsi
1532 2640 1645 2666 autem
1669 2637 1712 2668 de
1730 2643 1885 2681 tempore
1902 2633 2146 2676 hisnu-iaetu-

1165 2678 1241 2713 ‹iith
1267 2680 1445 2724 disputare
1467 2683 1596 2722 nolim,
1630 2693 1745 2720 tamen
1768 2690 1926 2723 existimo
1953 2705 2024 2724 eam
2048 2703 2144 2728 antc-

1557 2734 1598 2767 51
