2324 2955
181 112 253 146 939
421 108 625 147 SCRIPTA
652 107 726 141 PH.
753 105 868 142 MEL.
894 105 959 139 AD
986 104 1110 141 HlST.
1141 102 1283 139 PROF.
1310 100 1375 135 ET
1403 99 1591 137 PHILOS.
1619 100 1935 137 SPECTANTIA.
2110 101 2185 135 940

294 196 450 230 iuniores
471 192 537 225 hoc
563 191 670 224 studii
694 197 726 224 et
743 190 945 233 diligentiae
964 190 1159 233 exemplum
1186 193 1190 241 ι
1213 187 1378 221 usitatum
1402 192 1451 218 est
1473 197 1584 227 nova,
1611 192 1643 219 et
1660 186 1862 230 praesertim
1879 186 2119 226 admirabilia,
2146 191 2185 217 ut

193 245 434 281 meminerint,
461 243 552 286 qnod
571 242 726 283 linguam
743 238 914 273 Ehraeam
935 240 1088 272 studiose
1108 239 1162 272 di-
1188 243 1190 261 ¹
1216 239 1253 270 in
1277 236 1402 269 vestitu
1429 236 1571 271 imitari.
1622 235 1740 278 Quare
1765 243 1857 269 aetas
1882 236 1941 268 illa
1959 237 2106 268 nimium
2124 236 2185 268 de-

192 297 295 334 dicit,
331 302 362 326 et
388 292 692 335 interpretationes
722 290 882 324 contulit.
935 289 1037 332 Opus
1059 290 1164 332 igitur
1217 289 1336 320 lectata
1353 292 1404 318 est
1421 284 1614 328 allegoricis
1637 287 1797 330 picturis,
1824 293 1857 320 et
1877 286 1993 319 amisit
2011 286 2185 329 principa-

193 344 387 381 contexuit,
420 343 513 386 quod
539 341 735 374 nominavit
760 339 931 380 ἕξαπλον,
956 340 991 372 id
1017 346 1083 380 est,
1109 340 1164 372 di-
1218 339 1285 370 lem
1303 336 1510 368 doctrinam.

195 396 358 428 stinctum
376 392 413 424 in
431 403 487 424 sex
505 392 670 425 lectiones
687 402 746 423 seu
770 391 962 423 columnas.
1191 377 1194 424 l
1320 385 1401 418 Ideo
1410 383 1630 429 Epiphanius
1647 392 1680 418 et
1695 387 1795 419 multi
1811 387 1870 419 alii
1887 383 2189 429 reprehenderunt

294 443 409 476 Prima
429 449 500 474 erat
517 441 598 475 Ebr
602 454 672 481 «οἰ,
701 441 825 483 scripta
848 438 990 472 Ebraeis
1017 439 1140 472 literis.
1192 436 1195 452 ¹
1220 436 1346 478 scripta
1373 434 1559 478 Origenis,
1593 442 1625 468 et
1653 443 1885 476 monuerunt,
1911 448 1983 468 non
2008 435 2126 468 omnia
2150 434 2188 465 in

293 494 453 527 Secunda
471 491 624 531 Rheae-,2
651 491 778 534 scripta
795 489 940 523 Graecis
956 490 1075 522 literis.
1194 501 1196 545 ¹¹
1223 487 1249 518 Α
1257 485 1417 528 lltgorias
1437 486 1717 518 transformanda
1742 498 1832 525 esse,
1868 487 1955 520 sicut
1976 486 2110 519 erudite
2134 485 2190 516 in-

295 542 437 582 Tertia‚
465 540 600 574 Graeca
619 540 858 584 interpretatio
878 540 1094 583 septuaginta
1113 540 1167 571 in-
1195 550 1197 586 t
1222 537 1296 580 quit
1315 534 1551 579 Epiphanius:
1578 534 1623 568 τὰ
1646 533 1789 580 ῥήματα
1812 536 1905 570 θεοῦ
1930 533 1973 569 οὐ
1990 532 2110 569 πάντα
2127 532 2190 567 ἀλ-

195 600 400 638 terpretum.
1195 580 1197 606 ³
1222 584 1392 632 ληγοοίας
1413 583 1554 628 δεῖται,
1582 584 1654 619 ἀλλ’
1679 585 1728 624 ὡς
1746 585 1815 630 ἔχει
1830 583 1990 630 &wolone
2005 583 2043 619 δὲ
2063 583 2189 623 δεῖται,

299 643 433 685 Quarta
452 641 610 686 Aquilae.
1195 641 1199 670 .·
1222 636 1281 670 καὶ
1297 633 1521 679 αἷσὴσθεως,
1547 636 1595 674 εἷς
1609 633 1650 669 τὸ
1667 634 1800 670 εἰδέναι
1815 633 1967 680 ἑκάστης
1982 633 2194 670 ὑποθέσεως

299 693 432 735 Quinta
449 690 662 736 Symmachi.
1197 686 1199 719 ’ἐ
1225 685 1267 730 τι]
1272 698 1291 719 ν
1309 683 1472 728 deinum
1480 711 1490 726 ,
1522 684 1587 718 hoe
1605 693 1671 719 est:
1701 686 1888 720 VerbaDei
1909 697 1981 718 non
2000 685 2120 717 omnia
2139 684 2194 715 in-

300 742 402 776 Sexta
431 740 699 774 Theodotionis.
1198 738 1280 778 di;‚
1272 743 1343 769 ent
1367 719 1560 778 allegoriis,
1587 738 1645 768 sed
1669 737 1757 770 sicut
1776 749 1810 770 se
1834 735 1976 769 habent.
2031 734 2195 776 indigent

302 792 379 826 Hoc
404 793 508 824 modo
533 792 643 823 voluit
672 798 705 823 et
724 791 878 832 liugnam
896 789 1068 823 Ebraeam
1086 801 1170 821 con-
1198 761 1200 826 l
1225 794 1338 818 autem
1355 787 1591 842 speculatione
1616 793 1648 819 et
1672 798 1793 825 sensu,
1821 788 1863 819 ad
1886 786 2060 819 sciendam
2079 784 2195 817 cuius-

202 854 356 876 servare:
399 849 428 874 et
454 841 682 873 consideratis
712 841 1059 897 interpretationibus
1092 839 1201 891 eligi
1199 830 1312 869 libet
1337 836 1385 868 rei
1410 837 1656 870 substantiam:
1696 849 1775 869 nam
1800 837 1836 869 in
1862 836 2017 869 articulis
2032 835 2131 872 fidei,
2159 834 2196 865 in

200 893 349 925 maxime
376 892 570 935 propriam:
599 890 644 923 Hi
668 891 805 922 libriin
834 888 1032 923 lerichnnte
1055 891 1200 922 adser-
1199 877 1301 928 lege
1327 886 1470 925 mor-ali,
1506 893 1539 919 et
1563 888 1599 918 in
1624 887 1854 930 promissione
1882 886 2030 929 gratiae,
2061 894 2198 916 necesse

201 943 271 976 vati
289 948 382 980 sunt,
409 953 560 985 quorum
579 941 708 973 similes
725 938 839 973 adhuc
858 940 1067 984 Hieronymi
1085 947 1173 972 tem-
1200 945 1202 983 2
1227 944 1274 969 est
1293 936 1435 968 retineri
1452 937 1604 969 nativam
1622 938 1808 970 verborum
1829 935 2128 979 significationem.
2156 932 2198 965 ln

203 1005 286 1036 pore
310 992 463 1035 reliquos
486 991 591 1023 fuisse
615 997 776 1034 apparet,
817 990 895 1033 quia
923 1002 1024 1032 saepe
1054 989 1173 1022 recitat
1200 999 1203 1027 ζ
1226 986 1304 1018 aliis
1323 986 1497 1025 materiis,
1521 987 1612 1019 utin
1630 987 1775 1026 ritibus,
1803 988 1959 1030 picturae
1983 992 2083 1023 sunt,
2111 994 2199 1027 quae

203 1044 344 1075 illorum
364 1042 593 1083 interpretum
612 1041 729 1072 verba.
783 1039 886 1071 Tales
911 1040 992 1071 libri
1011 1051 1081 1071 non
1101 1039 1173 1070 sine
1200 1031 1203 1065 l
1227 1036 1324 1067 aliud
1342 1035 1547 1076 significant.
1601 1034 1647 1068 Et
1663 1044 1778 1069 tamen
1795 1037 1925 1069 iudicio
1941 1047 2028 1078 opus
2044 1041 2110 1074 est,
2137 1033 2199 1065 ubi

204 1103 330 1134 magno
347 1097 502 1134 sumptu,
528 1096 560 1122 et
580 1090 771 1122 multorum
790 1089 923 1121 collatis
941 1090 1056 1131 operis
1072 1089 1173 1119 ador-
1201 1081 1203 1113 Ι
1228 1085 1330 1118 etiam
1349 1084 1536 1116 verborum
1553 1086 1746 1127 proprietas
1768 1086 1971 1119 retineatur.

204 1142 280 1174 nari
300 1147 500 1184 potnerunt.
555 1139 673 1181 Quare
697 1139 778 1170 inde
795 1138 887 1171 illius
906 1138 1072 1182 temporis
1088 1138 1172 1169 libe·
1332 1132 1393 1166 Ait
1423 1140 1538 1166 autem
1561 1133 1803 1178 Epiphanius,
1841 1132 2084 1181 speculatione
2115 1142 2202 1174 opus

206 1193 324 1224 ralitas
340 1191 375 1222 in
391 1190 554 1222 iuvandis
570 1189 694 1221 studiis
709 1189 920 1222 aestimetur.
1231 1195 1321 1223 esse,
1356 1183 1391 1215 id
1408 1190 1473 1223 est,
1503 1183 1740 1217 Grammatica
1755 1192 1789 1218 et
1805 1183 2010 1223 Dialectica,
2041 1181 2202 1215 videlicet

306 1240 358 1271 De
374 1237 557 1271 Doctrina
575 1237 741 1281 Origcnis
759 1238 843 1270 olim
868 1249 1008 1282 quoque
1032 1248 1175 1292 magnae
1202 1254 1205 1266 ι
1230 1233 1511 1266 consideratione
1527 1232 1606 1277 phr
1607 1245 1682 1272 isis
1708 1235 1896 1268 collatione
1915 1235 2090 1273 locorum,
2118 1230 2202 1264 defi-

205 1290 447 1323 contentiones
464 1289 616 1322 suerunt.
666 1288 734 1322 Sed
753 1300 825 1320 non
842 1288 951 1320 multa
969 1287 1076 1330 ipsius
1092 1286 1176 1319 scri—
1203 1272 1206 1319 l
1231 1284 1448 1324 nitionibus‚
1477 1284 1764 1318 distinctionibus
1788 1292 1820 1318 et
1846 1286 1935 1318 iusta
1955 1280 2204 1327 consequentia

206 1348 263 1384 pta
281 1341 321 1372 ad
342 1350 405 1371 nos
416 1345 667 1382 pervenerunt:
686 1338 785 1380 Quae
801 1339 837 1370 in
847 1337 1007 1370 Latinam
1021 1338 1176 1380 linguam
1203 1342 1206 1407 ι
1232 1334 1268 1366 in
1285 1333 1510 1376 argumentis.

207 1401 372 1423 conversa
397 1396 497 1429 sunt,
523 1395 667 1431 apparet
690 1388 813 1421 mutila
835 1399 924 1427 esse,
951 1394 985 1420 et
1000 1399 1071 1419 non
1088 1392 1177 1419 recte
1204 1416 1206 1432 ἱ
1335 1385 1397 1417 Ait
1420 1391 1454 1416 et
1473 1395 1580 1416 sensu
1607 1397 1692 1428 opus
1717 1396 1806 1426 esse,
1832 1386 1866 1418 id
1893 1391 1959 1424 est,
1993 1381 2205 1427 experientia

207 1447 363 1473 consuta.
434 1437 551 1471 Potest
585 1439 687 1471 etiam
723 1438 814 1478 fieri,
857 1450 935 1471 cum
971 1444 1040 1470 tarn
1070 1436 1178 1469 multa
1231 1442 1449 1468 monstrante
1477 1436 1665 1475 vocabula,
1698 1442 1754 1472 ut,
1788 1434 2015 1479 Experientia
2042 1432 2207 1470 ostendit,

207 1489 399 1532 scripserit,
432 1495 470 1521 ut
500 1501 572 1521 non
597 1500 732 1531 semper
756 1488 862 1521 suerit
884 1488 1059 1527 intentus,
1093 1487 1179 1519 sicut
1205 1509 1208 1601 R
1233 1486 1318 1530 quid
1336 1485 1542 1527 significent,
1574 1485 1666 1525 Vita,
1684 1484 1794 1526 Mors,
1813 1485 1936 1525 Dolor,
1954 1484 2093 1523 Timor,
2111 1480 2205 1515 Con-

208 1540 351 1572 dicitur:
375 1536 490 1583 χωρὶς
514 1535 623 1581 τάδε,
650 1538 762 1572 εἰπεῖν
785 1535 921 1580 πολλὰ,
948 1535 1009 1571 καὶ
1033 1535 1076 1570 τὰ
1100 1533 1180 1570 καί-
1233 1536 1375 1574 solatio,
1406 1535 1574 1575 Laeticia,
1603 1534 1706 1567 Fides
1727 1542 1788 1568 etc.

208 1602 285 1633 ρια,
314 1596 347 1622 et
365 1589 606 1629 manifestum,
634 1595 684 1621 est
702 1600 780 1620 eum
798 1588 834 1619 in
853 1588 1075 1621 enarratione
1092 1584 1178 1630 Epi·
1206 1602 1208 1615 ι
1334 1585 1430 1617 Haec
1454 1586 1496 1617 de
1517 1583 1672 1626 Origene
1695 1585 1774 1617 ideo
1798 1585 1952 1617 breviter
1977 1583 2067 1620 dixi,
2095 1589 2133 1615 ut
2152 1582 2207 1613 iu-

210 1640 317 1672 stolae
336 1638 437 1671 Pauli
455 1639 497 1670 ad
514 1637 694 1672 Romanos
709 1638 855 1681 scriptae
881 1649 981 1680 saepe
1004 1648 1129 1669 errare.
1207 1628 1208 1651 1
1235 1636 1350 1668 niores
1374 1635 1574 1667 discernant
1598 1635 1777 1667 materias:
1814 1642 1846 1667 et
1872 1634 2111 1670 considerent,
2144 1632 2207 1664 ubi

309 1687 387 1721 Hoc
409 1695 531 1721 notum
555 1695 621 1725 est,
655 1688 760 1719 fuisse
784 1699 862 1719 eum
890 1687 1118 1718 immodicum
1144 1684 1178 1716 in
1206 1714 1209 1734 ἦ
1234 1686 1419 1728 allegoriae
1446 1685 1542 1717 locus
1569 1684 1626 1717 sit.
1680 1683 1773 1725 Quia
1797 1696 1867 1715 non
1887 1683 2005 1715 onmia
2024 1682 2059 1714 in
2078 1681 2208 1724 allego-

212 1737 406 1783 Alegoriis,
436 1739 529 1782 quod
547 1737 592 1769 ita
610 1737 750 1769 accidit:
776 1736 864 1769 Cum
882 1734 1025 1768 Ethnici
1044 1735 1182 1768 deride-
1207 1749 1209 1776 ³,
1235 1736 1302 1768 rias
1319 1735 1600 1768 transsormanda
1619 1740 1711 1767 sunt.

210 1797 287 1821 rent
306 1788 459 1820 Mosaica
479 1787 604 1829 scripta
629 1794 769 1829 propter
792 1786 879 1819 ritus
902 1788 944 1818 de
970 1786 1057 1818 cibis
1081 1792 1113 1817 et
1128 1796 1179 1816 sa-

211 1838 367 1877 crificiis,
402 1834 573 1879 Origenes
597 1837 741 1870 tradidit
770 1837 1074 1879 interpretationes
1097 1835 1183 1866 alle-

212 1888 364 1929 goricas,
397 1893 435 1919 ut
459 1887 674 1919 reconditam
702 1886 907 1929 sapientiam
933 1885 1114 1918 continere
1129 1884 1183 1915 vi-

212 1940 397 1976 derentur,
432 1937 521 1969 sicut
543 1933 760 1980 Pythagorae
782 1937 892 1974 dicta,
927 1943 986 1968 aut
1010 1936 1182 1978 poemata.

213 1987 344 2020 Verum
366 1994 416 2020 est
431 1993 564 2025 autem,
591 1987 732 2018 umbras
749 1987 884 2030 aliquas
912 1986 949 2017 in
970 1986 1095 2018 ritibus
1111 1990 1183 2017 tra-

212 2038 300 2070 ditas
334 2047 424 2077 esse,
465 2048 553 2080 quae
584 2036 678 2068 aliud
712 2036 917 2079 significant.
985 2034 1050 2074 Et,
1092 2033 1184 2079 agni

213 2086 403 2125 mactatio,
438 2087 606 2129 significat
629 2084 761 2118 Christi
784 2086 1041 2121 mactationem,
1092 2084 1180 2118 Cum
1209 2116 1211 2129 ;

213 2137 370 2169 psalmus
394 2136 495 2169 dicit:
524 2135 692 2179 Aspergcs
717 2149 772 2168 me
790 2137 945 2169 Domine
970 2134 1124 2181 hysopo,
1152 2141 1182 2167 et
1209 2133 1210 2138 ¹

213 2188 421 2226 mundabor,
454 2185 619 2231 Ilysopus
638 2187 742 2219 tincta
760 2187 795 2219 in
813 2187 981 2229 sanguine
995 2186 1109 2225 vituli,
1135 2185 1182 2218 si·
1210 2221 1211 2227 ἵ
1338 2179 1770 2215 AntoninusBassianzts
1787 2179 2007 2221 Caracalla,
2035 2182 2153 2215 Severi
2170 2182 2209 2214 fi-

214 2237 350 2277 gnificat
369 2237 416 2269 ibi
441 2237 643 2279 sanguinem
670 2237 732 2269 filii
760 2237 970 2271 mediatoris,
1025 2235 1116 2269 Arca
1148 2236 1181 2267 iu
1210 2245 1211 2248 ’
1238 2234 1305 2266 lius
1328 2246 1367 2266 ex
1393 2234 1503 2276 prima
1523 2233 1669 2275 coniuge
1686 2232 1833 2273 Martia,
1859 2233 2012 2276 regnavit
2030 2244 2140 2265 annos
2157 2244 2210 2264 se-

214 2288 317 2330 adyto
335 2287 451 2330 templi
477 2287 645 2329 significat
662 2285 873 2325 Ecclesiam,
900 2298 988 2331 quae
1003 2293 1052 2319 est
1071 2293 1184 2319 custos
1239 2291 1341 2328 ptem.
1396 2283 1531 2316 Nomen
1549 2277 1774 2316 Caracallae
1788 2281 1913 2316 habuit
1927 2295 1944 2315 a
1971 2283 2077 2325 figura
2097 2282 2211 2321 vestis,

216 2336 394 2368 doctrinae
418 2349 435 2369 a
451 2335 525 2369 Deo
547 2337 712 2377 traditae,
739 2338 829 2370 sicut
852 2338 890 2369 in
916 2349 1029 2370 arcam
1047 2336 1185 2370 tabulae
1210 2352 1212 2374 t
1239 2347 1305 2379 qna
1329 2340 1361 2366 et
1386 2334 1458 2377 ipse
1475 2345 1557 2367 usus
1584 2341 1650 2374 est,
1678 2340 1711 2366 et
1729 2334 1827 2367 cuius
1842 2333 1971 2365 similes
1990 2333 2161 2365 militibus
2178 2339 2211 2366 et

215 2385 378 2427 Decalogi
399 2387 585 2419 collocatae
603 2394 711 2420 erant.
766 2386 835 2421 Sed
853 2387 977 2421 talium
995 2387 1185 2430 figurarum
1240 2385 1369 2428 populo
1391 2384 1553 2423 donavit,
1589 2384 1848 2416 crudelissimus
1871 2390 1902 2416 et
1920 2383 2081 2417 incestus.
2137 2382 2211 2416 lni-

215 2443 350 2478 oportet
377 2437 582 2468 concinnam
612 2438 968 2470 accommodationem
994 2438 1037 2470 ad
1063 2448 1115 2469 res
1139 2437 1186 2469 si-
1239 2436 1286 2468 tio
1313 2434 1450 2478 imperii
1475 2435 1616 2466 fratrem
1636 2434 1758 2467 Getam
1778 2440 1896 2465 natum
1915 2445 1952 2465 ex
1975 2432 2080 2474 lulia,
2107 2445 2209 2478 quem

216 2486 392 2528 gnificatas
414 2486 503 2522 fieri,
538 2494 673 2528 oportet
696 2487 799 2520 etiam
818 2489 963 2521 modum
980 2498 1062 2520 esse.
1239 2492 1336 2528 pater
1365 2485 1522 2517 voluerat
1551 2485 1668 2517 fratris
1699 2483 1863 2525 collegam
1905 2495 1997 2524 esse,
2039 2483 2212 2517 interfecit

318 2535 384 2568 Sed
404 2533 570 2576 Origenis
594 2543 748 2579 temporo
771 2545 904 2580 gustata
928 2535 1054 2570 harum
1073 2537 1187 2581 pictu-
1212 2565 1213 2569 ,
1239 2536 1450 2579 pendentem
1468 2536 1511 2567 de
1527 2534 1617 2567 collo
1635 2533 1752 2565 matris
1772 2532 1897 2570 Inliae,
1925 2541 1959 2567 et
1985 2534 2209 2567 clamantem:

215 2597 331 2617 rarum
351 2585 536 2617 dulcedine
554 2583 609 2617 hic
626 2587 729 2618 ludus
747 2588 895 2621 nimium
923 2588 1045 2621 crevit.
1096 2585 1187 2620 Cum
1239 2582 1395 2626 filmer,
1425 2596 1522 2630 opem
1539 2584 1605 2631 fer
1623 2579 1739 2625 mihi,
1767 2581 1973 2628 interficior.
2025 2583 2077 2618 Ac
2103 2590 2212 2617 mater

212 2636 305 2668 enim
338 2635 430 2668 solus
468 2632 574 2667 homo
602 2633 725 2669 habeat
760 2644 919 2671 naturam
953 2637 1186 2675 imitatricem,
1240 2648 1310 2668 non
1331 2642 1466 2669 tantum
1490 2633 1654 2676 sanguine
1674 2634 1734 2665 filii
1754 2646 1907 2678 respersa
1933 2640 2004 2675 est,
2030 2635 2089 2667 sed
2107 2634 2209 2667 etiam

1289 1848 1394 1881 Anno
1413 1847 1536 1879 mnndi
1557 1853 1680 1891 quater
1696 1846 1894 1887 millesimo,
1922 1846 2129 1883 centesimo,
2157 1857 2208 1879 se-

1439 1898 1652 1940 ptuagesimo
1675 1897 1810 1941 quinto,

1286 1947 1394 1981 Anno
1406 1946 1541 1981 Romae
1559 1948 1824 1990 nongentesimo
1840 1946 2052 1989 sexagesimo
2069 1946 2186 1979 tertio.

1286 1999 1393 2032 Anno
1412 1995 1543 2031 Christi
1560 1998 1799 2031 ducentesimo
1816 1997 2070 2032 decimotertio,

1430 2108 1698 2140 Antoninus
1733 2108 2015 2140 Bassianus.
