2324 2955
194 99 241 135 75
621 95 779 131 DECL.

195 182 259 216 stri
277 181 353 216 Iesu
370 178 513 214 Cbristi.

832 93 905 129 DE
941 92 1218 129 GEORGIO
1253 93 1497 130 PRlNClP.
1532 94 1785 129 AMiALT.

565 176 611 210 Et
630 177 767 218 ignorat
791 175 1018 208 mediatorem
1046 183 1077 207 et
1102 187 1183 218 pro-
1203 175 1208 229 l
1233 176 1402 209 rectiones
1421 181 1655 214 mortuorum,
1684 183 1716 209 ct
1733 176 1800 208 alia
1816 175 1974 208 miranda
1992 176 2103 209 sacta?
2142 175 2214 210 Iam

2167 96 2214 130 76

195 232 398 271 missiones,
431 232 488 263 sed
514 227 671 266 dubitat,
705 238 748 258 an
776 233 806 258 et
832 238 893 259 cur
924 238 987 259 nos
1021 226 1184 268 indignos
1205 234 1208 245 ’
1234 225 1298 259 boc
1321 225 1561 257 dulcissimum
1586 233 1656 264 est,
1691 228 1784 270 quod
1805 226 1852 258 ait
1874 237 1909 258 se
1928 223 2112 259 bominum
2132 239 2216 260 con-

197 283 292 317 Deus
309 282 480 315 exaudiat.

299 331 456 365 Taxabat
488 334 520 360 et
554 326 749 359 doctrinam
783 324 1061 366 Monacbormn,
1096 337 1183 370 quae

199 384 295 416 iubet
318 380 453 413 adferre
477 377 733 411 dubitationem
757 378 798 409 ad
816 375 949 417 Deum,
982 377 1071 409 sicut
1089 376 1184 408 adse-

199 439 282 466 runt
299 427 457 464 Ethnici.
512 427 657 461 lubebat
683 438 782 470 saepe
805 427 965 467 recitare,
992 434 1025 460 et
1051 437 1186 470 semper

199 485 235 516 in
255 480 477 514 invocatione
497 478 648 521 cogitare
672 477 940 521 promissiones,
967 478 1048 522 quia
1066 488 1184 509 earum

200 531 409 575 cogitatione
427 530 510 562 fides
528 529 746 561 accendenda
765 528 828 567 sit,
857 534 889 560 et
904 528 1093 560 damnabat
1112 525 1185 560 En-

201 581 450 616 thusiastarum
468 580 614 619 furores,
641 579 699 624 qui
720 579 899 611 abducunt
915 575 1074 611 homines
1093 590 1111 610 a
1128 589 1186 609 co-

201 633 368 677 gitatione
405 631 551 674 scriptae
592 628 851 673 promissionis,
896 629 1032 661 dicebat
1070 635 1185 660 autem

200 681 291 716 hanc
325 681 519 714 doctrinam
548 680 706 725 quotidie
739 679 773 711 in
802 679 936 711 ardenti
965 678 1187 711 invocatione

203 733 429 766 exercendam
455 742 537 764 esse.

305 782 372 815 Hic
407 794 485 814 cum
522 791 642 812 rursus
678 780 907 822 interrogaret
942 777 1113 811 Ascanius
1146 779 1188 810 de

202 833 404 866 discrimine
424 830 679 869 Personarum,
709 842 771 862 cur
788 831 877 863 filius
903 826 1008 876 Myos
1027 829 1187 861 nomine-

202 891 279 923 tur,
307 882 408 915 tertia
427 892 573 924 persona
589 880 760 924 SpirituS,
785 880 937 921 graviter
959 879 1188 922 ingemiscens

203 931 378 967 Lutherus
408 932 591 974 deplorare
617 931 830 963 calamitates
855 928 1030 963 Ecclesiae
1063 929 1189 973 coepit,

202 990 333 1017 veteres
369 982 621 1014 controversias
656 981 838 1024 repetivit,
873 987 903 1013 et
933 987 1108 1013 execratus
1141 986 1187 1012 est

203 1034 394 1067 diabolicos
420 1032 554 1065 furores
579 1031 816 1070 Samosateni,
852 1029 927 1063 Arii
954 1039 986 1063 et
1008 1030 1190 1070 similium,

204 1097 243 1117 ex
260 1084 387 1129 quibus
403 1089 478 1115 orta
495 1089 545 1115 est
562 1081 688 1114 deinde
710 1080 925 1126 blasphemia
942 1079 1191 1120 Mabometica,

204 1135 330 1167 deinde
348 1140 379 1166 et
396 1133 572 1178 querelam
591 1133 726 1166 addidit
754 1134 796 1165 de
816 1132 1027 1175 negligentia
1043 1131 1191 1174 scripto-

204 1198 282 1218 rum
308 1184 518 1223 recentium,
552 1183 587 1215 in
613 1195 762 1227 quorum
788 1182 1085 1226 disputationibus
1112 1193 1190 1213 vere

205 1234 271 1268 hoc
295 1234 438 1273 accidit,
472 1241 509 1267 ut
542 1234 640 1277 plura
669 1234 737 1266 sint
765 1230 932 1280 ,πάρεργα
957 1245 1059 1277 quam
1091 1231 1191 1278 ἔργα.

205 1283 279 1325 Est,
304 1285 419 1329 inquit
441 1284 543 1322 filius,
569 1284 701 1325 integra
724 1284 837 1326 imago
854 1283 985 1316 aeterni
1004 1282 1109 1326 patris
1130 1279 1191 1315 καὶ

207 1333 446 1381 ὑφισταμένη,
458 1330 583 1378 Λόγος
600 1340 713 1364 autem
733 1334 862 1363 dicitur
878 1345 949 1362 non
968 1333 1093 1368 solum,
1109 1332 1191 1373 quia

206 1385 314 1429 patris
340 1395 412 1416 sese
439 1382 609 1415 intuentis
636 1381 846 1424 cogitatione
876 1381 1014 1423 genitus
1037 1386 1105 1419 est,
1133 1379 1190 1411 sed

207 1436 328 1474 etiam,
362 1434 444 1478 quia
477 1444 538 1476 per
568 1444 647 1465 eum
671 1433 868 1471 decretum,
906 1432 948 1463 de
972 1436 1044 1463 toto
1068 1430 1192 1461 ordine

208 1485 394 1519 creationis
423 1490 455 1516 et
479 1482 710 1515 restitutionis
740 1481 884 1514 humani
907 1480 1042 1523 generis
1060 1480 1191 1512 dictum

208 1543 275 1569 est:
307 1533 375 1567 Hic
393 1540 442 1566 est
458 1533 601 1575 angelus
616 1532 732 1574 magni
751 1531 906 1569 consilii,
937 1531 1115 1574 proferens
1130 1530 1193 1561 ad-

208 1586 408 1618 mirandum
434 1591 466 1616 et
489 1595 652 1615 arcanum
680 1584 875 1622 decretum,
900 1583 943 1613 de
968 1579 1120 1613 bumana
1139 1592 1192 1612 sa-

208 1638 290 1674 lute,
319 1648 356 1667 ex
375 1635 453 1667 sinu
470 1634 599 1665 aeterni
620 1633 735 1676 patris,
753 1639 853 1665 sonat
871 1644 990 1664 vocem
1009 1629 1190 1672 Evangelii

208 1688 249 1719 ad
270 1685 383 1718 Adam
401 1692 432 1717 et
450 1683 605 1723 Hevam,
632 1689 743 1716 servat
764 1694 857 1715 nunc
875 1694 1015 1726 quoque
1032 1681 1193 1713 ministe-

208 1737 299 1769 rium
319 1733 522 1777 Evangelii,
556 1741 588 1767 et
614 1745 697 1766 voce
721 1731 900 1776 Evangelii
927 1732 1010 1765 dicit
1034 1731 1193 1764 consola-

209 1788 340 1820 tionem
359 1787 395 1818 in
412 1785 594 1823 cordibus,
622 1791 792 1817 monstrat
817 1791 965 1827 patrem,
994 1782 1111 1815 reddit
1128 1794 1192 1814 no-

209 1837 263 1870 bis
287 1837 412 1873 vitam,
440 1842 471 1868 et
494 1836 553 1868 dat
568 1835 740 1878 Spiritum
768 1842 943 1871 sanctum,
972 1833 1031 1878 qui
1058 1833 1094 1864 in
1115 1844 1192 1865 cor-

209 1888 313 1920 dibus
339 1886 529 1925 laeticiam,
564 1885 840 1924 invocationem,
869 1892 902 1917 vt
925 1884 1079 1916 accendit
1105 1883 1192 1915 alios

208 1938 293 1971 tales
318 1943 453 1976 motus,
481 1935 594 1980 qualis
610 1942 659 1968 est
682 1936 773 1979 ipse,
799 1936 894 1968 unde
911 1942 942 1968 et
962 1934 1114 1977 Spiritus
1131 1946 1193 1977 ap-

209 1988 350 2032 pellatio
369 1994 428 2025 est,
456 1987 537 2031 quia
555 1986 655 2019 tertia
672 1998 819 2029 persona
840 1986 888 2018 sic
906 1985 1008 2018 nobis
1025 1984 1190 2028 patefacta

210 2045 275 2078 est,
304 2038 398 2082 quod
414 2037 554 2069 divinos
571 2043 686 2069 motus
705 2037 741 2068 in
761 2038 864 2069 corde
884 2036 1051 2069 accendit.

312 2087 351 2120 In
374 2085 463 2120 hanc
479 2087 846 2120 commemorationem
866 2087 1040 2128 ingressus
1058 2082 1191 2119 Luthe-

210 2150 267 2171 rus
285 2139 393 2172 multa
412 2138 503 2171 dicta
523 2137 724 2177 enarrabat,
750 2135 818 2181 τὴν
836 2135 954 2181 ἀρχὴν
971 2134 1024 2171 ὅτι
1042 2133 1105 2170 καὶ
1129 2137 1191 2169 λα-

209 2190 259 2221 λῶ
279 2186 378 2231 ὑμῖν.
430 2186 477 2221 Et
492 2188 528 2220 in
547 2187 735 2222 Salomone
751 2188 794 2220 de
812 2188 999 2231 sapientia:
1028 2187 1094 2220 Fui
1112 2199 1190 2220 cum

211 2251 250 2271 eo
269 2239 410 2278 artifex,
438 2239 561 2271 ludens
580 2239 616 2270 in
635 2239 719 2271 orbe
737 2245 847 2271 terrae
863 2250 961 2278 suae,
988 2245 1020 2271 et
1040 2239 1191 2270 delecta-

209 2289 320 2322 tiones
337 2300 431 2321 meae
448 2300 524 2320 cum
542 2289 620 2322 filiis
639 2287 837 2321 bominum.
866 2288 961 2331 Quid
978 2289 1114 2321 dulcius
1133 2295 1191 2328 est,

210 2340 343 2384 inquit,
379 2336 442 2370 hac
465 2339 652 2377 sententia,
686 2341 728 2372 de
760 2340 830 2372 filio
856 2340 948 2372 enim
972 2340 1117 2376 dicitur,
1154 2339 1190 2371 in

208 2402 276 2434 quo
301 2390 408 2432 fulget
433 2389 509 2421 idea
537 2389 665 2431 opificii
682 2391 824 2430 mundi,
849 2390 953 2434 etqui
972 2401 1006 2422 se
1031 2390 1191 2432 patefecit

207 2441 325 2483 generi
350 2438 504 2472 humano
528 2439 619 2472 edita
638 2452 740 2480 voce,
768 2441 860 2474 ludit
884 2440 1055 2473 mirandis
1073 2441 1190 2483 operi-

205 2491 271 2524 bus
288 2491 325 2523 in
341 2490 514 2523 creatione
532 2496 565 2523 et
588 2490 624 2522 in
645 2490 840 2533 colligenda
857 2489 1020 2525 Ecclesia.
1077 2490 1190 2533 Quale

204 2541 297 2574 enim
330 2541 564 2584 spectaculum
597 2547 648 2573 est
675 2538 828 2574 hominis
861 2541 1041 2582 formatio,
1073 2541 1188 2586 qualia

1233 276 1416 309 suetudine
1446 274 1626 307 delectari:
1661 275 1851 309 Nobiscum
1875 277 1988 316 adest,
2023 277 2155 320 colligit
2180 282 2212 309 et

1233 334 1344 360 servat
1363 323 1553 357 Ecclesiam
1573 337 1655 357 voce
1673 324 1867 369 Evangelii.
2054 350 2067 360 .

1335 375 1436 408 Talia
1469 382 1567 408 erant
1590 383 1792 417 argumenta
1825 377 2051 410 familiarium
2086 388 2217 410 sermo-

1235 438 1338 465 num,
1365 425 1500 469 quoties
1524 423 1559 457 bi
1579 426 1643 458 viri
1669 427 1941 468 conveniebant,
1969 439 2119 472 quorum
2145 435 2216 461 erat

1235 476 1407 510 Ascanius
1431 482 1597 520 tanquam
1623 474 1876 522 ἀγωνοθέτης,
1905 490 1967 510 nec
1992 485 2063 510 erat
2089 475 2218 523 κωφὸν

1235 524 1445 572 πρόσωπον,
1474 527 1531 559 sed
1551 538 1651 559 suum
1673 526 1842 559 iudicium
1864 528 1999 561 erudite
2018 530 2060 560 de
2075 535 2218 562 contro-

1237 578 1357 610 versiis
1381 583 1413 609 et
1437 577 1479 609 de
1504 577 1787 609 enarrationibus
1812 578 1981 618 addebat,
2008 579 2169 611 miscebat
2187 586 2219 611 et

1238 629 1291 672 pia
1313 634 1411 668 vota,
1438 639 1475 659 ac
1495 626 1568 660 Deo
1588 628 1715 670 gratias
1731 628 1852 669 agebat
1876 640 1953 660 cum
1972 640 2034 671 pro
2059 629 2135 661 aliis
2158 629 2220 661 he-

1237 679 1385 718 neficiis‚
1409 685 1481 710 tum
1501 678 1603 710 etiam
1622 690 1684 721 pro
1703 675 1767 710 boc
1785 679 1915 721 ingenti
1937 690 2098 718 munere,
2125 680 2218 723 quod

1237 729 1391 772 depulsis
1422 729 1573 760 tenebris
1604 728 1796 772 papisticis‚
1831 741 1918 773 quae
1946 736 2030 762 sunt
2063 727 2220 762 ethnica-

1237 792 1314 812 rum
1333 779 1480 817 similes,
1507 779 1660 811 reddidit
1687 778 1789 810 nobis
1805 777 1988 822 Evangelii
2011 780 2135 812 lucem.

1341 828 1446 861 lonae
1462 829 1537 861 viro
1556 829 1694 862 erudito
1711 829 1747 860 in
1765 829 1923 861 doctrina
1939 829 2115 863 Ecclesiae
2134 836 2165 863 et
2184 831 2219 863 in

1237 881 1317 913 Iure
1333 880 1478 918 dixerat,
1501 879 1610 912 videri
1631 879 1696 911 sibi
1713 876 1959 926 ταυτολογίαν
1975 892 2045 913 esse
2058 880 2094 912 in
2115 880 2221 913 latina

1239 929 1528 974 interpretatione
1547 930 1795 962 inconcinnam
1813 936 1844 962 et
1862 930 2043 962 obscuram
2058 956 2066 970 ,
2093 931 2129 963 in
2149 931 2221 974 pri-

1237 993 1291 1013 ma
1311 980 1454 1024 epistola
1475 977 1662 1020 lobannis,
1690 980 1726 1011 in
1745 977 1868 1024 capite'x
1879 980 1996 1013 tertio:
2038 979 2221 1014 Peccatum

1238 1038 1288 1064 est
1310 1031 1488 1075 iniquitas.
1541 1029 1738 1073 Respondit
1765 1029 1866 1062 lonas
1893 1030 2092 1074 interpretis
2111 1032 2222 1074 negli-

1239 1081 1353 1125 gentia
1367 1081 1638 1114 eruditissimam
1650 1080 1888 1114 definitionem
1906 1081 2123 1115 obscuratam
2141 1093 2220 1114 esse.

1240 1132 1286 1166 Ut
1303 1132 1395 1164 enim
1415 1131 1626 1175 privationes
1642 1131 1860 1164 definiuntur
1875 1131 2071 1172 collatione,
2089 1139 2127 1165 ut
2145 1144 2223 1165 cum

1240 1182 1388 1215 dicimus
1415 1182 1576 1214 tenebras
1601 1193 1672 1214 esse
1698 1182 1928 1224 privationem
1954 1182 2059 1220 lucis,
2093 1182 2140 1216 ita
2168 1181 2223 1215 lo-

1240 1231 1392 1266 hannem
1415 1232 1605 1265 rectissime
1623 1232 1789 1269 definire,
1817 1238 1994 1275 peccatum
2014 1244 2097 1270 esse,
2124 1233 2223 1277 quic-

1240 1283 1325 1327 quid
1351 1289 1401 1315 est
1425 1283 1637 1314 contrarium
1662 1282 1747 1323 legi,
1782 1279 1802 1325 ἡ
1826 1279 1990 1325 ἁμαρτία
2015 1280 2114 1316 ἐστὶν
2136 1282 2223 1316 ἂνο-

1372 1331 1502 1362 Norma
1527 1338 1575 1364 est
1599 1330 1776 1370 iusticiae‚
1806 1331 1857 1361 lex
1877 1330 1962 1367 Dei,
1991 1343 2078 1374 quae
2096 1339 2145 1365 est
2170 1344 2224 1365 sa-

1240 1380 1370 1423 pientia
1406 1381 1442 1411 in
1472 1381 1544 1412 Deo
1580 1388 1718 1411 aeterna
1750 1385 1783 1411 et
1810 1379 1972 1418 immota,
2007 1381 2106 1414 cuius
2133 1383 2223 1415 radii

1241 1429 1405 1463 transfusi
1429 1436 1510 1462 sunt
1534 1429 1568 1461 in
1597 1429 1784 1461 rationales
1808 1436 2002 1468 creaturas,
2030 1438 2062 1463 et
2080 1444 2168 1476 quae
2187 1433 2222 1465 in

1241 1479 1521 1524 promulgatione
1546 1479 1707 1522 Decalogi
1744 1479 1888 1523 repetita
1919 1486 1981 1513 est.
2038 1479 2222 1515 Contraria

1241 1529 1323 1563 ltuic
1355 1541 1497 1562 normae
1524 1536 1557 1562 et
1583 1529 1773 1573 sapientiae
1804 1541 1885 1562 suae
1910 1529 2003 1563 Deus
2024 1531 2168 1565 damnat
2192 1540 2224 1566 et

1240 1587 1375 1624 peccata
1393 1580 1573 1619 nominat,
1601 1591 1638 1612 ac
1657 1586 1798 1622 propter
1817 1592 1853 1611 ea
1878 1580 2035 1613 fontibus
2052 1581 2224 1623 irascitur,

1240 1638 1271 1664 et
1293 1642 1350 1663 eos
1369 1630 1527 1664 destruit.
1581 1628 1630 1662 Ac
1647 1631 1788 1672 adparet
1809 1629 1977 1662 Ioannem
2002 1639 2133 1665 motum
2152 1645 2223 1666 esse

1240 1681 1379 1714 licentia
1395 1692 1533 1720 eorum,
1562 1680 1620 1724 qui
1638 1693 1676 1712 ex
1693 1681 1854 1722 gentibus
1872 1682 1914 1713 ad
1932 1679 2122 1715 Ecclesiam
2141 1695 2224 1716 con-

1240 1732 1330 1764 versi
1358 1737 1475 1772 erant,
1501 1730 1630 1775 quibus
1653 1731 1868 1763 ostendenda
1893 1731 1959 1764 suit
1982 1744 2102 1765 norma
2129 1736 2223 1767 unde

1241 1782 1452 1821 iudicarent,
1481 1793 1567 1826 quae
1587 1781 1676 1813 mala
1695 1781 1763 1813 sint
1782 1794 1799 1813 a
1817 1780 1891 1814 Deo
1909 1783 2091 1823 damnata,
2113 1785 2224 1818 dedu-

1241 1833 1287 1866 cit
1303 1833 1410 1875 igitur
1426 1843 1488 1865 nos
1508 1832 1548 1864 ad
1569 1832 1698 1874 legem,
1727 1844 1831 1876 quam
1852 1839 1942 1865 recte
1959 1833 2034 1865 vult
2052 1834 2211 1878 intelligi.

1342 1881 1588 1916 Delectabatur
1613 1888 1645 1914 et
1667 1882 1900 1915 similitudine
1921 1895 2024 1927 quam
2056 1884 2224 1919 recitabat

1241 1933 1283 1968 D.
1300 1933 1526 1966 Pomeranus.
1581 1931 1625 1966 Ut
1643 1933 1796 1965 annulus
1812 1945 1937 1976 magno
1954 1934 2167 1976 aestimatur,
2192 1943 2225 1969 et

1241 1991 1377 2017 amatur
1393 1990 1534 2027 propter
1551 1994 1720 2025 gemmam
1733 2010 1741 2023 ,
1768 1984 2000 2016 Adamantem
2013 2011 2022 2024 ,
2047 1992 2107 2018 aut
2124 1985 2223 2019 Sma-

1241 2035 1398 2076 ragdum,
1421 2046 1493 2067 non
1511 2041 1652 2077 propter
1669 2046 1805 2074 aurum,
1832 2035 1880 2067 sic
1895 2035 2038 2068 dicitur:
2067 2034 2153 2069 Fide
2170 2036 2224 2069 iu-

1241 2085 1380 2118 stificari
1410 2082 1569 2118 homines
1604 2091 1747 2128 propter
1780 2097 1972 2127 gemmam,
2008 2086 2118 2121 filium
2149 2086 2223 2127 Dei,

1241 2134 1331 2169 banc
1347 2143 1461 2168 autem
1480 2146 1651 2177 gemmam
1670 2135 1735 2168 fide
1755 2136 2008 2179 amplectimur.

1353 2185 1441 2220 Cum
1490 2183 1665 2218 Ioacbimo
1706 2184 1905 2219 Camerario
1948 2187 2137 2222 disserebat
2181 2189 2223 2222 de

1240 2237 1399 2271 omnium
1419 2243 1567 2269 aetatum
1594 2233 1769 2276 historiis,
1797 2237 1839 2269 de
1862 2237 2088 2279 imperiorum
2108 2244 2224 2274 muta-

1241 2289 1396 2323 tionibus
1415 2294 1447 2320 et
1469 2286 1639 2331 periodis,
1662 2294 1695 2320 et
1712 2299 1829 2319 earum
1849 2287 1979 2327 causis,
2007 2290 2050 2322 de
2071 2288 2224 2324 motibus

1239 2339 1447 2372 coelestibus
1473 2344 1505 2370 et
1530 2338 1570 2369 de
1597 2338 1759 2382 syderum
1785 2337 1977 2371 effectione.
2044 2340 2158 2376 Multa
2192 2353 2224 2379 et

1241 2392 1282 2423 de
1309 2387 1426 2432 phrasi
1452 2389 1488 2420 in
1517 2389 1617 2420 libris
1643 2387 1841 2432 apostolicis
1866 2388 2118 2426 sciscitabatur.
2172 2394 2223 2429 Ac

1239 2448 1276 2473 ut
1299 2440 1397 2473 aiunt
1414 2438 1595 2472 Platonem
1616 2439 1664 2471 sic
1688 2449 1818 2470 amasse
1840 2440 2120 2488 γνωμολογικὸν
2138 2447 2223 2479 scri-

1240 2498 1356 2534 ptum,
1382 2490 1438 2523 cui
1463 2489 1586 2523 titulus
1606 2488 1671 2521 suit
1688 2485 1873 2532 Sophron,
1897 2497 1935 2523 ut
1960 2493 2025 2524 sub
2043 2494 2221 2529 culcitram

1239 2541 1438 2581 collocarit,
1464 2547 1503 2573 ut
1529 2540 1565 2572 in
1591 2540 1679 2572 lecto
1697 2539 1799 2572 etiam
1823 2542 1864 2572 ad
1886 2553 2028 2574 manum
2045 2552 2148 2587 esset,
2175 2547 2223 2580 sic

1239 1331 1317 1373 μία.

202 2592 396 2635 spectacula
413 2597 494 2624 sunt
511 2591 709 2635 adsumptio
727 2599 872 2625 naturae
889 2590 1072 2633 humanae,
1100 2593 1188 2624 libe-
1212 2588 1213 2624 t
1239 2591 1410 2625 Ascanius
1425 2591 1563 2624 amabat
1581 2589 1810 2623 Solomonem
1830 2597 1861 2623 et
1879 2590 2071 2634 Siraciden,
2099 2603 2131 2629 et
2149 2609 2222 2630 sae-

200 2643 288 2675 ratio
305 2639 426 2675 Nobae
445 2641 480 2673 in
500 2641 646 2681 diluvio,
675 2643 795 2685 populi
815 2643 851 2675 in
872 2642 1044 2688 Aegypto,
1072 2654 1187 2676 resur·
1211 2626 1213 2669 i

1239 2655 1280 2686 pe
1303 2643 1441 2675 dicebat
1465 2652 1609 2684 gnomas
1634 2651 1705 2672 esse
1730 2640 1894 2674 eximium
1918 2639 2069 2687 ἐφόδιον
2089 2646 2125 2679 ἱη
2141 2648 2222 2689 vita,
