2324 2955
98 106 172 144 945
660 105 686 141 1.

101 190 154 225 Ex
177 191 303 235 praeda
329 187 503 231 hostium,
529 201 600 223 non
627 201 666 223 ex
690 190 850 236 lacrymis
876 188 1077 234 provincia-

101 243 189 275 lium
207 239 344 276 habeat.

203 291 385 335 Stipendia
410 290 591 323 constituit
614 302 685 323 non
722 291 835 323 solum
869 290 1077 324 docentibus

101 343 219 376 literas
243 350 276 376 et
299 349 406 381 artes,
433 343 490 373 sed
518 341 620 373 etiam
646 342 861 374 discentibus
884 352 1075 384 pauperum

102 393 336 436 ingenuorum
360 391 451 426 filiis.
506 390 545 423 ln
571 393 697 435 templa
721 405 844 424 aurum
870 391 993 424 inferri
1018 402 1077 422 ve-

101 443 187 483 tuit,
216 442 366 475 recitans
384 440 495 474 Persii
513 442 703 474 versiculos
722 455 759 474 ex
778 449 891 487 satyra
909 442 1075 475 secunda:
1100 444 1102 455 '

151 494 251 526 Dicite
274 494 448 525 Pontifices:
477 497 509 524 iu
527 498 646 534 templis
672 496 745 536 quid
767 496 841 525 fucit
858 506 974 532 aurum,

150 544 235 584 Quin
253 548 367 585 superis
382 548 475 576 iustos
495 557 590 575 mores
602 570 610 584 ‚
636 553 789 587 castosque
808 547 952 578 dicamus.

99 591 351 638 Expeditiones
383 605 527 637 magnas
561 595 647 627 duas
682 594 842 638 suscepit.
918 592 1076 626 Priorem

101 656 220 678 versus
240 641 425 677 Orientem
454 650 575 677 contra
604 643 735 679 Persas.
790 644 884 678 Vicit
911 642 1078 677 Artaxer-

100 706 186 735 xen,
212 695 272 739 qui
290 701 390 727 antea
416 705 532 737 regem
549 692 761 728 Parthorum
782 693 1002 728 Artabanum
1023 693 1078 724 in-

100 745 298 785 terfecerat,
324 751 357 778 et
381 756 399 777 a
417 742 555 778 Parthis
581 756 727 787 regnum
752 746 794 778 ad
817 744 939 778 Persas
958 754 1078 776 rursus

99 795 339 828 transtulerat.
384 792 506 828 Altera
523 796 698 839 expeditio
716 802 873 839 suscepta
892 801 942 828 est
959 803 1079 826 versus

99 842 350 886 Occidentem,
394 845 430 877 in
467 844 714 886 Germaniam,
753 846 814 878 ubi
844 858 923 879 cum
950 844 1079 876 milites

100 895 260 939 asperius
277 903 431 938 regeret,
460 896 556 929 venit
573 897 610 929 in
627 896 764 935 odium,
791 902 823 928 et
842 896 983 940 quidem
1004 906 1078 926 ma-

102 945 168 979 tris
185 944 404 979 Mammaeae
428 953 585 979 accusata
610 953 661 979 est
684 945 852 985 avaricia,
880 956 969 988 quae
984 944 1080 976 dice-

103 996 209 1029 batur
224 996 377 1040 expilare
395 996 613 1039 provincias,
640 1002 672 1028 et
698 995 869 1038 impedire
885 994 1079 1028 liberalita-

99 1053 167 1079 tem
187 1045 251 1078 filii
268 1057 346 1088 erga
371 1046 513 1079 milites,

198 1093 286 1128 Erat
305 1102 419 1128 autem
440 1096 608 1128 barbarus
627 1092 748 1127 Thrax
765 1095 857 1128 inter
873 1095 978 1127 (luces
988 1091 1079 1126 JlIa-

101 1143 287 1185 oeiminus,
314 1146 356 1178 ad
374 1158 476 1190 quem
506 1145 728 1178 deferebatur
753 1145 951 1188 imperium.
1004 1143 1081 1176 lloc

103 1196 191 1228 duce
207 1195 337 1228 milites
353 1195 729 1238 seditiosiMoguntiae
739 1194 982 1228 Alexandrum
1000 1206 1079 1226 cum

101 1252 212 1278 matre
231 1244 430 1278 Mammaea
447 1246 679 1279 trucidarunt.
713 1245 810 1279 Vixit
827 1257 939 1278 annos
957 1244 1081 1287 viginti

99 1307 252 1335 novem,
279 1307 414 1329 menses
440 1303 526 1336 tres,
554 1296 627 1328 dies
653 1302 804 1339 septem3
839 1302 998 1328 mortuus
1025 1295 1081 1327 die

99 1357 162 1378 suo
180 1346 308 1384 natali,
336 1347 397 1390 qui
414 1346 480 1379 suit
497 1346 571 1378 dies
588 1346 711 1379 mortis
733 1343 927 1378 Alexandri
945 1345 1081 1388 Magni,

99 1395 262 1428 videlicet
287 1396 345 1428 28.
365 1395 470 1430 Iunii.

202 1445 298 1479 lnter
313 1446 422 1489 signa,
448 1457 536 1491 quae
555 1452 704 1478 mortem
721 1445 794 1478 eius
809 1450 1083 1489 praecesserunt,

100 1496 169 1530 suit
188 1493 255 1529 hoc
280 1509 436 1541 quoque:
469 1496 604 1529 Mulier
625 1495 766 1529 fatidica
784 1496 820 1528 in
836 1494 953 1528 Gallia
973 1507 1011 1527 ex
1029 1505 1083 1526 sa—

99 1548 281 1580 cerdotum
298 1548 431 1580 familia
451 1545 677 1591 quiDruidae
694 1546 983 1583 nominabantur,
1000 1556 1083 1588 pro-

98 1596 267 1630 ficiscenti
284 1597 319 1629 in
340 1595 569 1630 Germaniam
589 1596 693 1628 dixit:
725 1593 852 1636 Vade,
882 1606 942 1628 nec
965 1605 1083 1640 speres

101 1645 310 1680 victoriam:
352 1658 413 1681 nec
444 1643 610 1691 confidas
641 1644 757 1678 militi
789 1651 862 1678 1110.
923 1644 1082 1677 Fuerunt

97 1704 215 1731 autem
233 1694 409 1730 Druidae
427 1698 622 1729 sacerdotes
638 1696 751 1738 gentis
767 1695 938 1735 Gallicae,
967 1696 1083 1727 nomi-

99 1747 191 1787 nati,
223 1754 262 1780 ut
285 1758 348 1790 ego
374 1747 553 1785 existimo,
588 1757 605 1778 a
635 1746 819 1787 fidelitate,
855 1746 954 1790 quasi
978 1746 1084 1786 dicas,

98 1799 148 1833 bie
162 1798 310 1833 ssremem

154 1898 261 1933 Anno
281 1897 405 1931 mundi
425 1902 549 1941 quater
569 1896 778 1936 millesimo,
805 1895 1057 1929 ducentesimo.

150 1948 258 1983 Anno
268 1948 404 1983 Romae
414 1947 681 1990 nongentesimo
698 1946 932 1989 octuagesimo
947 1952 1081 1980 octavo,

150 2000 255 2033 Auno
273 1997 407 2033 Christi
424 1997 665 2031 ducentesimo
681 1997 857 2030 tricesimo
881 2002 1018 2029 octavo.

437 2083 739 2117 Maximinus.

200 2147 448 2183 Maximinus
478 2148 592 2180 occiso
624 2145 827 2179 Alexandro
859 2146 932 2178 filio
965 2145 1081 2179 Mam-

101 2213 219 2236 maeae
244 2208 347 2234 natus
370 2200 406 2231 in
431 2196 582 2231 Thracia
610 2197 730 2229 infimo
752 2197 848 2236 loco,
887 2197 998 2230 factus
1021 2203 1082 2238 est,

102 2251 294 2297 imperator
310 2252 384 2283 sine
401 2249 550 2283 Senatus
566 2248 766 2282 autoritate.
819 2246 993 2290 Regnavit
1018 2260 1081 2280 an-

102 2314 168 2336 nos
198 2310 277 2337 tres.
341 2300 473 2334 Filium
505 2298 740 2332 Maximinum
773 2297 955 2331 Caesarem
988 2298 1081 2332 secit.

101 2351 191 2388 Cum
209 2351 331 2386 Pastor
346 2351 382 2384 in
404 2348 555 2383 Thracia
575 2349 714 2387 suisset,
743 2347 893 2382 Romam
914 2348 1008 2382 venit
1019 2348 1081 2382 Se-

103 2403 175 2436 veri
203 2410 376 2446 tempore,
411 2402 471 2434 ubi
499 2406 639 2444 propter
665 2400 773 2432 robur
798 2399 974 2443 eorporis,
1002 2411 1079 2432 cum

104 2465 208 2488 cursu
241 2454 345 2497 pedes
377 2458 539 2496 aequaret
570 2457 766 2482 currentem
793 2448 911 2482 Severi
938 2462 1081 2494 equum,
1104 2474 1105 2478 ,

105 2511 263 2549 receptus
286 2510 334 2535 est
357 2503 448 2535 inter
471 2502 630 2534 custodes
652 2500 808 2543 corporis
826 2499 955 2533 Severi.
1010 2500 1080 2532 Ρο-

107 2562 178 2589 stea
205 2555 270 2587 sub
292 2550 483 2586 Bassiano
506 2551 689 2585 Tribunus
712 2551 997 2584 militum¹sactus
1020 2558 1080 2586 est.

106 2604 181 2639 Sub
202 2604 364 2637 Macrino
391 2602 493 2636 rediit
520 2602 554 2634 in
583 2602 752 2645 patriam,
780 2609 811 2634 et
835 2601 964 2634 ditatus
981 2614 1079 2645 prae-

103 2655 161 2689 dia
185 2656 279 2690 emit.
331 2654 406 2688 Sub
430 2653 659 2695 Heliogabalo
683 2652 832 2686 Romam
863 2652 987 2694 rediit,
1019 2653 1077 2684 sed

734 102 1024 141 CHRONICON
1056 101 1302 140 CARIONIS.
1353 104 1479 141 PARS
1505 105 1550 140 11.

2033 111 2106 146 946

1126 188 1191 220 sub
1219 188 1280 220 tali
1311 196 1473 232 portento
1508 191 1660 225 militare
1689 194 1814 229 noluit.
1882 194 2005 227 Postea
2036 196 2101 228 sub

1100 263 1101 270 ,
1125 235 1327 272 Alexandro
1347 252 1467 273 rursus
1478 241 1661 276 Tribunus
1680 245 1788 278 sactus
1808 252 1904 278 tanto
1922 242 2102 278 inhonore

1125 287 1209 326 fuit,
1238 296 1275 322 ut
1293 289 1493 323 Alexander
1510 303 1663 326 sororem
1687 295 1760 328 filio
1784 296 1893 339 ipsius
1918 296 2101 338 coniugem

1126 338 1208 370 dare
1233 340 1400 381 voluerit,
1446 342 1512 374 nisi
1538 351 1648 377 mater
1676 347 1786 378 soceri
1812 346 2018 380 crudelitate
2042 347 2103 378 de-

1126 389 1245 422 territa
1270 390 1401 423 suisset.

1228 439 1318 472 Cum
1346 441 1535 484 imperator
1559 444 1669 477 factus
1693 453 1798 486 esset,
1830 458 1902 478 non
1929 447 2042 480 solum
2066 446 2101 478 in

1127 489 1254 522 milites
1275 490 1311 522 in
1328 492 1446 524 castris
1463 494 1705 527 crudelitatem
1725 497 1895 534 exercuit,
1922 498 1980 529 sed
1998 504 2101 540 ettam

1126 538 1259 572 Romae
1285 541 1418 574 delatos
1442 541 1628 577 Senatores
1660 546 1728 578 cito
1759 547 1889 579 multos
1920 547 2104 581 interfecit.

1127 596 1159 622 et
1186 591 1306 623 multis
1329 592 1510 625 facultates
1535 595 1675 638 eripuit.
1728 595 1778 628 Ac
1798 596 1859 628 alii
1880 609 1957 629 eum
1974 596 2103 641 Cyclo-—

1128 652 1226 683 pem,
1254 641 1315 673 alii
1332 640 1534 675 Busiridem
1548 671 1557 684 ,
1584 646 1644 677 alii
1661 644 1816 679 Anteum
1835 654 1980 692 propter
1995 647 2104 679 saevi-

1126 702 1213 723 ciam
1237 699 1478 726 nommarunt.

1228 740 1317 774 Cum
1336 741 1442 784 igitur
1459 743 1495 775 iu
1518 742 1637 776 Ast-ica
1655 753 1862 788 procurator
1879 747 1970 786 fisci,
2001 757 2104 790 quem

1129 791 1192 834 ipsi
1218 803 1257 823 eo
1287 792 1449 833 miserat,
1478 801 1621 837 propter
1653 796 1876 840 rapacitatem
1904 798 2105 830 interfectus

1128 849 1224 881 esset,
1255 843 1424 876 exercitus
1442 845 1501 888 qui
1523 845 1571 876 ibi
1591 852 1674 884 erat,
1698 858 1813 879 senem
1834 848 2104 879 nobilissimum.

1130 898 1284 924 materna
1314 893 1449 936 origine
1473 907 1490 926 a
1516 894 1671 928 Traiano
1695 904 1830 938 ortum,
1858 894 2107 933 Gordiamun,

1130 948 1273 985 propter
1289 942 1461 975 iusticiam
1482 944 1727 987 imperatorem
1753 948 1854 987 fecit,
1880 955 2107 986 recusantem,

1129 992 1210 1036 quia
1228 992 1295 1024 iam
1315 994 1559 1034 octogenarius
1577 1002 1659 1030 erat.
1707 994 1793 1030 Erat
1811 1005 1924 1031 autem
1940 1005 2033 1031 tanta
2052 997 2107 1028 iu-

1128 1042 1226 1074 sticia
1244 1049 1277 1074 et
1292 1044 1461 1076 modestia
1481 1044 1573 1084 eius,
1600 1051 1637 1077 ut
1656 1046 1843 1079 Africanae
1868 1048 2023 1080 civitates
2041 1046 2107 1079 sibi

1129 1092 1331 1135 Scipionem
1358 1100 1415 1126 aut
1442 1093 1580 1126 Lelium
1608 1097 1783 1128 redditum
1811 1097 1977 1132 dicerent.
2033 1094 2108 1140 Op-

1130 1142 1239 1185 pressi
1262 1149 1344 1175 sunt
1371 1149 1488 1175 tamen
1508 1143 1684 1178 Gordiani
1713 1148 1783 1179 duo
1809 1154 1906 1189 pater
1930 1155 1961 1180 et
1980 1148 2071 1180 filius
2091 1159 2108 1178 a

1129 1191 1333 1236 Capelliano
1357 1193 1443 1226 duce
1468 1193 1667 1229 Maximini.
1721 1196 1788 1230 Sed
1808 1196 1944 1231 Romae
1962 1198 2109 1231 Senatus

1130 1254 1208 1276 eum
1226 1243 1394 1276 iudicavit
1413 1242 1568 1282 hostem,
1596 1252 1627 1278 et
1646 1247 1892 1289 imperatorem
1918 1248 1997 1281 fecit
2016 1247 2108 1280 Gor-

1130 1293 1274 1326 dianum
1291 1292 1452 1327 Tertium
1464 1321 1473 1335 ,
1498 1295 1673 1329 adiunctis
1688 1298 1826 1330 duobus
1839 1296 2108 1331 Consularibus:

1130 1343 1291 1386 Pupieno
1316 1343 1474 1376 Maximo
1499 1344 1677 1379 Praefecto
1700 1347 1817 1387 urbis,
1862 1355 1895 1381 et
1912 1347 2007 1381 Celio
2026 1347 2109 1379 Bal-

1130 1393 1227 1426 bino.
1283 1393 1502 1427 Maximinus
1527 1395 1637 1428 iratus
1654 1396 1799 1431 Senatui
1825 1404 1856 1431 et
1873 1397 2026 1432 Romam
2043 1399 2108 1430 du-

1132 1450 1251 1477 cturus
1270 1444 1457 1476 exercitum
1470 1469 1479 1483 ,
1517 1444 1552 1477 in
1573 1446 1626 1478 via
1644 1447 1817 1480 retinetur
1837 1449 1877 1481 ad
1897 1446 2111 1493 Aquileiam,

1131 1506 1220 1538 quae
1245 1506 1324 1527 eum
1351 1495 1505 1538 recipere
1530 1496 1703 1531 noluerat.
1756 1496 1858 1531 Hanc
1877 1510 1954 1531 cum
1972 1498 2109 1532 obside-

1131 1551 1182 1577 ret
1208 1556 1287 1576 cum
1312 1544 1404 1585 filio,
1440 1552 1472 1578 et
1495 1546 1602 1579 fames
1627 1546 1662 1579 in
1696 1548 1816 1581 castris
1842 1555 1948 1587 esset,
1983 1548 2111 1581 milites

1131 1595 1270 1637 cognita
1295 1595 1475 1628 voluntate
1499 1595 1666 1635 Senatus,
1702 1598 1818 1631 medio
1848 1599 1904 1632 die
1929 1598 2111 1643 quiescen-

1133 1651 1207 1677 tum
1235 1645 1272 1676 in
1299 1646 1452 1678 tentorio
1478 1645 1714 1681 Maximinum
1750 1656 1884 1692 patrem
1921 1656 1953 1682 et
1985 1649 2113 1682 deinde

1131 1694 1242 1727 filium
1259 1695 1522 1728 interfecerunt.
1557 1695 1632 1728 llos
1652 1709 1770 1730 versus
1788 1698 1822 1730 in
1840 1696 1976 1732 theatro
1996 1709 2111 1732 coram

1134 1745 1208 1788 ipso
1242 1743 1376 1777 Graece
1405 1745 1549 1789 quidam
1589 1747 1765 1788 recitavit,
1809 1749 2006 1791 significans
2034 1760 2112 1781 eum

1133 1794 1350 1827 crudelitatis
1379 1807 1510 1838 poenas
1535 1796 1703 1830 daturum
1727 1809 1817 1839 esse,
1853 1799 2113 1843 quantumlibet

1132 1845 1321 1878 confideret
1337 1856 1400 1878 suo
1418 1847 1556 1878 robore.

1232 1896 1363 1936 Elephas
1380 1900 1497 1937 grandis
1521 1906 1582 1937 est,
1611 1906 1639 1929 et
1656 1901 1811 1939 occiditur,

1233 1946 1299 1976 Leo
1318 1948 1404 1977 fortis
1422 1956 1484 1987 est,
1511 1957 1537 1979 et
1557 1951 1713 1988 occiditur,

1232 1997 1333 2037 Tigris
1348 1999 1434 2028 fortis
1452 2007 1510 2036 est,
1539 2007 1567 2029 et
1591 2002 1745 2030 occiditur.

1235 2048 1315 2079 Cave
1331 2052 1460 2087 multos,
1487 2052 1510 2079 si
1531 2053 1665 2090 singulos
1682 2063 1743 2081 nou
1760 2055 1854 2082 times.

1132 2094 1222 2129 Cum
1257 2103 1374 2130 autem
1415 2097 1548 2131 Graece
1584 2100 1784 2144 loquentem
1820 2111 1891 2134 uon
1938 2098 2114 2141 intellige-

1133 2153 1184 2180 ret
1202 2146 1442 2189 Maximinus,
1469 2155 1501 2181 et
1528 2150 1759 2193 interroganti
1787 2151 1852 2183 alia
1868 2149 2039 2183 sententia
2057 2148 2113 2181 di-

1132 2205 1280 2238 ceretur,
1308 2199 1417 2232 evasit
1434 2198 1568 2232 Mimus
1586 2201 1660 2233 sine
1679 2201 1865 2245 supplicio.

1184 2295 1291 2330 Anno
1326 2298 1452 2330 mundi
1497 2299 1827 2343 quatermillesimo‚
1875 2299 2114 2333 ducentesimo

1337 2349 1452 2381 tertio.

1182 2398 1290 2431 Anno
1300 2397 1437 2433 Romae
1448 2400 1728 2441 nongentesimo,
1746 2401 1974 2443 nonagesimo
1989 2400 2113 2444 primo.

1181 2448 1287 2482 Auno
1296 2447 1427 2482 Christi
1438 2450 1689 2489 ducentesimo,
1708 2451 1976 2494 quadragesimo
1988 2451 2113 2494 primo.

1374 2530 1647 2565 Gordianus
1677 2534 1876 2567 Tertius.

1235 2598 1456 2634 Gordianus
1472 2598 1621 2634 Tertius
1644 2601 1833 2635 interfectis
1851 2602 2053 2635 Maximinis
2071 2603 2111 2632 ad

1136 2649 1335 2697 Aquileiam
1348 2680 1356 2693 ‚
1384 2659 1415 2686 et
1434 2651 1569 2686 Romae
1588 2652 1710 2686 occisis
1727 2653 1763 2686 in
1781 2653 1952 2686 seditione
1969 2651 2112 2684 militari
