2324 2955
199 110 271 147 479

298 195 334 231 4.
361 194 448 229 Nam
467 190 567 224 fidele
585 198 645 221 cor
661 185 810 229 exigitur
826 183 941 230 primo
961 192 1155 229 praecepto.

299 245 333 279 5.
363 244 447 277 lnde
465 242 500 274 fit
512 266 521 280 ,
548 246 586 273 ut
602 249 676 271 non
693 237 735 270 de
750 235 957 269 ceremoniis
972 236 1096 276 modo,
1123 237 1181 269 sed

201 300 243 331 de
268 296 429 329 universa
458 291 531 333 lege
560 287 713 331 intelligi
738 287 864 320 debeat
881 286 975 319 Petri
992 286 1184 320 sententia:

202 348 271 380 Nec
289 355 351 377 nos
369 353 432 375 nec
452 347 567 385 patres
583 339 695 372 nostri
713 345 850 382 portare
870 337 1059 380 potuimus.

303 394 336 427 6.
364 392 422 427 Sic
439 390 668 425 iudicandum
688 396 737 422 est
753 389 795 421 de
814 388 991 420 similibus
1010 386 1108 422 locis.

301 443 337 478 7.
380 441 437 476 Ad
462 453 543 474 eum
567 440 712 473 modum
731 438 792 483 qui
808 438 983 482 psallunt,
1010 443 1070 471 aut
1087 437 1182 471 aliud

202 494 439 541 quodcunque
464 503 551 536 opus
577 491 613 523 in
639 489 752 534 specie
777 489 910 522 bonum
932 487 1084 530 faciunt,
1112 488 1186 521 sine

202 545 318 579 cordis
334 542 509 577 hilaritate
521 569 530 582 ,
557 546 711 586 peccant.

305 595 338 629 8.
383 592 586 627 Miserrima
604 598 636 624 et
655 590 894 633 vulgatissima
911 587 1109 636 hypocrisis
1126 597 1188 631 est,

203 647 321 679 wivere
349 645 385 677 in
410 644 512 676 bonis
531 642 695 686 operibus
722 641 796 674 sine
820 641 905 682 fide,
932 642 1090 686 adeoque
1114 642 1188 675 sine

206 696 340 730 laetitia
360 694 474 728 cordis
492 694 528 726 in
548 692 636 726 Deo.

306 746 341 781 9.
382 743 541 778 Coucilia
569 754 641 776 non
664 753 765 786 posse
790 753 926 783 errare,
960 748 1030 775 tam
1062 741 1191 775 falsum

207 805 277 838 est,
304 806 408 840 quam
428 806 549 828 verum
568 800 635 833 est,
661 792 780 825 omnia
804 804 956 837 quorum
974 799 1092 827 extant
1107 805 1192 826 con-

206 847 422 884 stitutiones,
449 845 579 878 alicubi
606 854 771 887 peccasse.

313 898 370 931 10.
398 894 478 930 Una
495 902 527 929 et
541 894 687 939 simplex
706 893 787 926 fidei
805 894 922 938 regula
941 900 1004 935 est,
1020 893 1192 938 scriptura

209 947 388 983 canonica.

314 998 371 1031 11.
406 995 537 1030 Misere
557 993 736 1038 ineptiunt
753 993 989 1033 parisienses,
1017 994 1079 1040 qui
1097 995 1195 1039 prin-

210 1049 301 1093 cipia
322 1047 404 1080 fidei
427 1052 552 1078 vocant
579 1044 822 1077 Conciliorum
847 1051 880 1077 et
897 1042 1106 1079 scholarum
1131 1047 1196 1079 do-

210 1106 335 1144 gmata.
389 1096 496 1131 Anno
515 1094 565 1130 M.
582 1095 626 1128 D.
642 1093 738 1127 XXI.

212 1210 395 1258 (XXIII.)
448 1211 560 1244 Alia
590 1208 889 1253 disputatio,
918 1207 962 1241 de
987 1210 1196 1242 sententia:

432 1264 534 1295 Iusto
563 1271 635 1294 non
661 1264 716 1293 est
743 1259 806 1293 lex
830 1259 967 1303 posita.

214 1340 381 1382 Christus
405 1345 537 1389 inquit:
581 1342 661 1376 Non
696 1343 778 1375 veni
813 1342 947 1375 solvere
976 1342 1105 1385 legem,
1137 1343 1197 1375 sed

214 1396 417 1440 adimplere.

317 1448 351 1480 2.
394 1444 440 1479 Et
458 1451 597 1478 aeterna
621 1449 672 1476 est
689 1441 858 1485 obligatio
876 1443 1099 1476 obedientiae
1115 1454 1197 1486 erga

215 1497 343 1532 Deum.

320 1547 355 1580 3.
401 1543 470 1579 Sed
493 1543 606 1577 officia
630 1542 715 1585 legis
739 1541 805 1574 tria
832 1548 934 1575 sunt:
966 1541 1038 1575 Lex
1063 1543 1198 1576 co'e'rcet

220 1597 394 1636 carnaleS,
421 1600 576 1634 accusat,
600 1600 634 1626 et
651 1592 798 1637 requirit
819 1592 1067 1626 obedientiam.

319 1647 355 1681 4.
392 1644 485 1679 Iusto
506 1656 577 1677 non
601 1650 650 1676 est
675 1643 728 1675 lex
753 1643 879 1686 posita,
907 1644 1001 1688 quod
1016 1644 1140 1676 attinet
1155 1643 1199 1676 ad

222 1699 305 1732 haec
333 1699 402 1730 duo
428 1695 558 1735 officia,
584 1693 748 1727 videlicet
778 1693 906 1727 iustum
930 1705 1043 1738 neque
1064 1694 1200 1727 coercet

221 1751 294 1787 lex,
319 1758 432 1791 neque
464 1751 611 1779 accusat.

322 1797 356 1832 5.
398 1796 491 1839 Quia
517 1795 610 1829 enim
634 1795 747 1828 iustus
771 1801 843 1831 est,
877 1805 950 1826 non
976 1790 1080 1826 habet
1113 1805 1200 1837 opus

223 1847 434 1893 paedagogia
461 1849 658 1885 coercente,
685 1845 742 1877 sed
770 1856 849 1878 caro
874 1844 1103 1878 mortificatur
1118 1855 1202 1887 poe-

225 1899 371 1934 nitentia
388 1904 420 1930 et
436 1897 525 1929 veris
552 1896 743 1928 affectibus.

326 1949 361 1982 6.
390 1947 540 1986 Deinde,
568 1946 629 1979 etsi
650 1957 750 1978 nemo
771 1945 839 1987 legi
855 1943 1060 1984 satisfaciat,
1087 1952 1202 1978 tamen

226 2002 277 2033 lex
293 2011 365 2033 nou
384 2004 518 2031 accusat
536 1997 684 2034 iustum,
713 2002 905 2039 propterea,
933 1996 1027 2039 quod
1043 1993 1205 2029 Christus

227 2050 373 2084 redemit
389 2059 452 2081 nos
468 2060 485 2080 a
502 2047 746 2080 maledictione
763 2045 847 2089 legis
860 2072 868 2085 ,
896 2045 1005 2079 factus
1023 2058 1085 2090 pro
1104 2047 1206 2079 nobis

227 2101 461 2134 maledictum.

328 2151 362 2184 7.
399 2147 462 2182 Ita
480 2149 549 2181 duo
569 2148 653 2190 legis
668 2147 780 2180 officia
797 2153 928 2180 cessant
946 2148 1064 2188 iustis,
1090 2154 1207 2182 manet

229 2202 388 2238 tertium,
421 2199 603 2238 videlicet,
645 2199 739 2242 quod
776 2198 974 2231 obedientia
1003 2198 1207 2243 requiritur,

230 2252 290 2284 sed
306 2263 377 2283 non
395 2257 445 2283 est
459 2250 628 2283 assuenda
646 2248 766 2292 opinio
778 2272 786 2285 â€š
815 2260 903 2293 quae
927 2249 1021 2282 tollit
1037 2249 1209 2281 mediato-

231 2313 303 2334 rem
321 2299 517 2339 Christum,
545 2299 641 2344 quasi
661 2306 778 2343 postea
796 2299 869 2342 lege
890 2299 971 2332 iusti
989 2300 1114 2337 simus,
1142 2297 1208 2333 hoc

230 2359 300 2392 est,
326 2351 464 2394 propria
484 2350 662 2392 dignitate.

332 2401 364 2433 8.
405 2400 534 2433 Paulus
560 2412 630 2433 nou
657 2406 767 2443 potest
793 2406 965 2438 statuere,
1002 2409 1036 2431 se
1061 2398 1207 2442 dignum

231 2462 302 2484 esse
320 2452 388 2484 vita
406 2457 542 2482 aeterna
558 2457 699 2494 propter
729 2462 825 2482 suam
843 2449 1097 2487 obedientiam,
1122 2450 1210 2484 sicut

231 2501 365 2546 inquit:
393 2498 491 2533 Nihil
513 2498 597 2533 mihi
614 2501 771 2533 conscius
790 2512 886 2541 sum,
915 2501 974 2534 sed
999 2500 1036 2532 in
1051 2497 1117 2533 hoc
1136 2513 1209 2534 non

232 2552 435 2586 iustificatus
464 2561 550 2582 sum.

332 2601 366 2636 9,
401 2600 554 2633 Persona
573 2607 624 2633 est
640 2600 746 2638 iusta,
776 2600 810 2632 id
830 2607 891 2642 est,
914 2598 1021 2635 habet
1036 2601 1210 2635 remissio-

231 2665 309 2687 nem
335 2658 574 2697 peccatorum,
609 2657 641 2683 et
666 2657 713 2684 est
741 2658 877 2695 accepta
900 2652 944 2685 ad
970 2652 1076 2685 vitam
1100 2659 1211 2687 aeter-

960 99 1448 137 DISPUTATIONES

2142 102 2215 138 480

1233 200 1326 227 nam,
1353 185 1428 218 sola
1446 185 1684 220 misericordia
1703 192 1844 232 propter
1859 184 2040 221 Christum
2059 187 2212 232 promis-

1233 250 1285 278 sa,
1320 237 1414 269 iuxta
1440 235 1545 269 illud:
1578 236 1759 271 Conclusit
1785 249 1907 271 omnes
1930 238 1995 270 sub
2024 244 2216 281 peccatum,

1233 295 1272 321 ut
1297 286 1458 320 omnium
1484 286 1708 329 misereatur,
1745 286 1811 322 hoc
1844 294 1914 328 est,
1947 288 2042 332 quod
2075 288 2216 328 dicitur,

1234 338 1307 371 sola
1325 338 1404 370 fide.

1340 387 1397 420 10.
1444 385 1490 420 Et
1507 393 1623 420 tamen
1643 396 1789 431 sequens
1806 386 2005 420 obedientia
2023 388 2214 420 necessaria

1236 445 1302 480 est,
1328 444 1360 470 et
1376 438 1413 471 fit
1434 437 1590 477 iusticia,
1615 437 1697 481 quia
1716 449 1864 481 persona
1887 445 1937 472 est
1954 444 2104 481 accepta.

1342 488 1399 522 11.
1436 485 1534 520 Nihil
1552 487 1700 531 periculi
1719 493 1769 521 est
1790 487 1902 520 bonae
1920 488 2031 522 menti
2047 488 2095 521 sic
2111 488 2220 522 senti-

1236 552 1293 580 re,
1320 537 1504 578 videlicet,
1529 543 1570 571 ut
1586 538 1623 570 in
1639 537 1798 571 Domino
1814 537 1994 580 glorietur.

1342 590 1397 623 12.
1433 586 1595 622 Christus
1610 589 1776 622 transfert
1789 587 1935 631 gloriam
1960 588 2121 631 impletae
2137 589 2221 632 legis

1239 641 1276 673 in
1308 639 1515 680 mulierem,
1558 650 1637 671 cum
1664 640 1729 673 ait:
1771 638 2016 673 Remittuntur
2042 639 2074 671 ei
2100 640 2220 677 multa,

1240 691 1323 737 quia
1343 690 1465 724 dilexit
1481 690 1644 724 multum.

1347 741 1403 775 13.
1439 739 1485 774 Et
1507 739 1650 785 quidem
1676 738 1794 779 docet,
1821 751 1893 772 non
1919 738 2030 785 accipi
2046 738 2223 773 remissio-

1241 804 1321 825 nem
1339 797 1578 836 peccatorum,
1605 789 1675 822 nisi
1692 801 1710 822 a
1726 789 1964 833 diligentibus,

1346 841 1404 876 14.
1446 841 1548 875 Luna
1572 851 1728 874 mensem
1751 841 1890 875 conficit
1914 840 1962 874 29
1985 840 2109 875 diebus
2143 847 2176 875 et
2199 840 2223 874 6

1243 890 1352 934 horis,
1378 892 1445 926 fuit
1464 892 1571 935 igitur
1591 891 1785 924 tricesimus
1804 891 1878 924 dies
1896 890 1958 935 á¼‘Î¹á½µ
1973 889 2034 925 ÎºÎ±á½¶
2050 890 2125 925 Î½á½³Î±.
2178 889 2224 924 Et

1244 951 1360 978 tamen
1385 944 1430 977 ad
1455 940 1545 976 hanc
1569 941 1680 976 Solon
1710 948 1801 975 recte
1829 942 1966 975 addidit
1989 941 2100 975 mensi
2114 953 2225 975 unum

1245 994 1350 1029 diem.

1350 1042 1407 1078 15.
1439 1041 1519 1076 Iure
1535 1040 1810 1086 reprehenditur
1828 1041 1928 1076 Plato
1942 1069 1950 1083 ,
1981 1043 2075 1087 quod
2092 1043 2227 1087 putavit

1250 1091 1426 1126 tracheam
1451 1095 1615 1126 arteriam
1641 1104 1712 1125 esse
1736 1099 1838 1136 potus
1860 1104 1961 1126 causa
1993 1095 2129 1126 factam.
2180 1091 2228 1126 Et

1248 1150 1365 1177 tamen
1383 1143 1526 1176 aluntur
1541 1149 1570 1176 et
1593 1143 1733 1186 pulmo,
1761 1148 1793 1175 et
1811 1141 1962 1182 trachea,
1988 1143 2152 1176 videlicet
2169 1154 2229 1185 per

1248 1205 1373 1226 venam
1390 1194 1600 1233 arterialem,
1618 1193 1767 1237 ideoque
1782 1199 1873 1226 recte
1889 1192 2106 1227 dixitPoeta:
2124 1191 2228 1239 Ï„á½³Î³Î³Îµ

1247 1255 1458 1288 Ï€Î½ÎµÏ…Î¼Î¿Î¹á½±Ï‚
1474 1255 1573 1289 Î¿Î¹Î½á¿³.

1353 1295 1410 1328 16.
1444 1292 1520 1326 Etsi
1538 1292 1700 1337 phlegma
1718 1303 1778 1324 sua
1794 1299 1918 1325 natura
1944 1293 2010 1325 ciet
2031 1290 2227 1337 Î´Î¹Î±á¿¤á¿¥Î¿á½·Î±Ï‚,

1248 1340 1505 1389 Î´Ï…ÏƒÎµÎ½Ï„ÎµÏá½·Î±Ï‚,
1534 1350 1651 1377 tamen
1667 1343 1821 1376 cruditas
1839 1343 1875 1375 in
1896 1350 1991 1376 aestu
2014 1344 2123 1386 magis
2140 1343 2231 1387 parit

1249 1392 1502 1440 Î´Ï…ÏƒÎµÎ½Ï„ÎµÏá½·Î±Ï‚,
1544 1394 1694 1439 ideoque
1726 1393 1910 1438 praecipue
1942 1394 2116 1427 cavendae
2149 1401 2231 1427 sunt

1249 1446 1462 1479 cruditatum
1482 1455 1615 1477 causae.

1249 1542 1433 1591 (XXIV.)
1482 1545 1591 1578 Alia
1616 1543 1907 1588 disputatiO,
1950 1544 1995 1578 de
2022 1549 2229 1581 sententia:

1335 1596 1438 1629 Deus
1468 1595 1546 1629 vult
1573 1606 1700 1628 omnes
1722 1594 1886 1629 hanzines
1911 1597 2034 1630 salvos
2056 1596 2154 1643 fieri.

1250 1680 1359 1718 (Anno
1382 1680 1475 1710 1537.
1527 1679 1607 1708 Vide
1624 1682 1712 1719 epist.
1727 1680 1762 1708 ad
1776 1679 1899 1719 Mycon.
1918 1681 1946 1711 d.
1965 1681 2015 1712 31.
2028 1679 2098 1711 Oct.
2117 1678 2232 1724 1537-)

1249 1738 1295 1777 In
1312 1743 1608 1788 disputationibus
1625 1745 1667 1776 de
1682 1743 2018 1787 praedestinatione,
2048 1745 2233 1789 prudentia
2272 1743 2279 1747 '

1253 1793 1453 1828 adhibenda
1472 1801 1538 1834 est,
1566 1805 1610 1826 ne
1627 1794 1838 1836 colligantur
1854 1794 1913 1827 illa
1940 1793 2117 1841 Ï†Î¿ÏÏ„Î¹Îºá½°,
2145 1807 2232 1841 quae

1254 1845 1461 1890 perturbant
1478 1844 1725 1885 conscientias,
1755 1851 1790 1878 et
1808 1845 2017 1879 labefactant
2042 1846 2154 1879 fidem.

1355 1897 1390 1930 2.
1432 1894 1521 1928 Tres
1547 1901 1629 1928 sunt
1650 1906 1787 1936 causae,
1823 1907 1930 1940 quare
1957 1893 2040 1929 haec
2058 1898 2231 1930 sententia

1255 1946 1521 1983 universaliter,
1549 1946 1638 1978 sicut
1655 1952 1773 1986 sonat,
1801 1946 2027 1988 intelligenda
2044 1947 2103 1980 sit:
2140 1947 2233 1981 Deus

1257 1998 1331 2030 vult
1347 2008 1467 2030 omnes
1484 1993 1644 2029 homines
1661 1996 1774 2029 salvos
1791 1996 1885 2037 fieri,
1906 1996 2054 2039 scilicet,
2081 1999 2174 2043 quod
2192 2000 2233 2031 ad

1258 2048 1366 2093 ipsius
1382 2047 1597 2080 voluntatem
1617 2048 1749 2081 attinet.

1357 2099 1393 2133 3.
1426 2097 1514 2130 Nam
1532 2104 1564 2130 et
1580 2098 1827 2141 promissiones
1843 2095 2029 2141 Evangelii
2055 2104 2135 2131 sunt
2154 2099 2234 2130 uni-

1258 2149 1424 2189 versales,
1452 2155 1486 2181 et
1509 2149 1712 2181 mandatum
1736 2150 1778 2181 de
1793 2146 1951 2189 Christo,
1977 2155 2015 2181 ut
2041 2149 2235 2189 credamus,

1258 2198 1353 2233 haud
1369 2198 1476 2232 dubie
1494 2205 1543 2232 est
1560 2199 1767 2233 universale.
1803 2198 1951 2238 Deinde,
1968 2199 1995 2231 si
2012 2198 2234 2241 imaginanda

1260 2256 1346 2284 esset
1363 2249 1633 2294 particularitas,
1651 2250 1734 2282 fides
1753 2250 2027 2289 labefactaretur,
2054 2250 2134 2294 quia
2151 2263 2236 2282 con-

1260 2301 1405 2334 scientia
1431 2300 1593 2334 dubitare
1621 2307 1820 2343 cogeretur,
1863 2311 1906 2331 an
1936 2300 1979 2332 ad
2004 2311 2038 2332 se
2063 2300 2234 2344 pertineat

1261 2351 1459 2396 promissio,
1488 2351 1516 2383 si
1534 2362 1551 2383 e
1569 2351 1710 2394 regione
1727 2350 1948 2383 statuendum
1967 2356 2064 2387 esset,
2086 2352 2235 2395 promis-

1260 2403 1394 2436 sionem
1413 2413 1484 2434 non
1501 2412 1572 2434 esse
1589 2401 1832 2434 universalem.
1863 2398 2043 2433 Postremo
2056 2400 2236 2445 Scriptura

1260 2464 1360 2497 saepe
1385 2452 1552 2493 affirmat,
1578 2452 1615 2485 in
1630 2451 1704 2485 Deo
1728 2462 1801 2483 non
1821 2461 1892 2482 esse
1909 2450 2235 2496 Ï€ÏÎ¿ÏƒÏ‰Ï€Î¿Î»Î·Ïˆá½·Î±Î½.

1259 2501 1323 2537 Est
1338 2509 1452 2536 autem
1469 2498 1758 2547 Ï€ÏÎ¿ÏƒÏ‰Ï€Î¿Î»Î·Ïˆá½·Î±
1776 2501 1919 2544 paribus
1937 2502 2140 2546 simpliciter
2164 2515 2235 2536 non

1261 2554 1415 2588 tribuere
1437 2554 1545 2597 paria.

1364 2602 1397 2637 4.
1431 2603 1503 2637 Nos
1518 2602 1626 2645 igitur
1640 2601 1844 2646 simpliciter
1861 2603 2133 2647 interpretamur
2148 2602 2236 2637 hanc

1263 2654 1470 2688 sententiam
1488 2653 1748 2688 universaliter:
1776 2651 1870 2687 Deus
1887 2654 1962 2688 vult
1978 2666 2100 2687 omnes
2123 2652 2237 2687 homi-
