2324 2955
82 131 158 168 493

185 212 244 250 15.
276 212 358 248 Non
375 219 425 247 est
450 211 557 256 igitur
580 211 720 257 privata
744 211 920 246 absolutio
946 209 984 244 in
1001 206 1072 244 Ec-

81 266 184 302 clesia
207 265 423 309 abroganda.

186 324 245 360 16.
286 322 451 367 Impietas
478 327 529 355 est
552 321 701 362 sentire,
737 320 832 366 quod
857 324 995 365 peccata
1018 329 1075 352 re-

79 374 265 410 mittantur
280 385 320 408 ex
339 384 444 418 opere
460 379 605 417 operato
622 384 682 418 per
692 371 972 412 Sacramentum,
998 368 1074 404 sine

82 426 160 459 fide.

185 482 244 518 17.
280 480 446 527 Impietas
466 488 518 517 est
542 481 692 522 sentire,
726 480 820 526 quod
848 479 1075 514 remittantur

78 540 224 579 propter
239 533 490 568 contritionem
501 560 511 574 ,
537 544 610 566 non
629 531 696 565 fide
711 531 748 564 in
764 528 959 565 Christum.

183 592 242 628 18.
280 592 447 638 Impietas
467 598 517 626 est
536 591 686 632 sentire,
711 591 805 636 quod
830 597 981 635 potestas
997 588 1073 622 cla-

78 643 177 678 vium
193 650 331 679 tantum
351 643 466 677 valeat
482 643 526 675 ad
544 641 788 675 remissionem
814 653 931 675 coram
948 638 1073 674 Eccle—

80 694 151 735 sia,
179 706 240 728 seu
259 705 375 728 coram
393 691 611 728 hominibus.

184 753 240 788 19.
278 751 437 786 Potestas
462 751 617 786 clavium
639 763 712 785 non
737 758 788 787 est
813 758 964 797 potestas
987 763 1073 786 con-

76 804 184 838 dendi
202 805 310 847 leges,
337 809 370 837 et
389 815 501 836 novos
516 803 631 837 cultus
648 802 870 840 instituendi.

177 863 239 899 20.
278 861 436 896 Potestas
458 861 610 896 clavium
635 874 709 896 non
731 869 782 897 est
803 867 955 907 potestas
978 861 1073 907 poli-

74 914 162 954 tica,
183 925 291 958 regna
306 913 432 948 mundi
448 912 645 958 occupandi
659 918 721 947 aut
737 912 988 949 constituendi.

178 973 238 1009 21.
279 970 356 1007 Etsi
389 971 451 1006 Sol
484 971 693 1014 regulariter
725 977 909 1013 movetur,
953 979 1072 1007 tamen

74 1023 303 1068 paucioribus
323 1022 449 1056 diebus
466 1028 628 1066 peragrat
644 1033 752 1056 unam
771 1023 996 1057 medietatem
1012 1036 1073 1057 zo-

75 1074 184 1116 diaci,
212 1085 319 1120 quam
338 1073 501 1108 alteram.

138 1188 341 1237 (XXXII.)
374 1191 487 1226 Alia
519 1189 814 1235 disputatio:
849 1189 896 1226 de
924 1193 1008 1226 iure

436 1240 703 1277 Absolutionis.

75 1320 305 1368 Augustinus
318 1323 363 1357 ad
371 1322 607 1356 Fortunatum
626 1328 746 1356 narrat
763 1320 965 1363 historiam,
982 1333 1072 1368 quae

77 1375 237 1411 continet
260 1374 434 1408 eruditam
458 1373 746 1417 disputationem.
797 1370 859 1406 Ait
881 1372 996 1413 enim,
1032 1373 1070 1405 in

75 1438 148 1461 una
162 1426 246 1459 navi
261 1425 368 1458 fuisse
392 1425 568 1468 quendam
592 1424 711 1466 pium,
737 1423 798 1456 sed
823 1424 984 1457 nondum
1007 1424 1070 1457 ba-

75 1476 263 1521 ptizatum,
290 1486 413 1507 verum
437 1470 740 1517 κατηχούμενον,
776 1479 810 1506 et
835 1473 984 1506 alterum
1006 1474 1069 1507 ba-

74 1526 264 1572 ptizatum,
293 1523 354 1570 qui
378 1530 495 1557 tamen
518 1524 654 1568 lapsus,
689 1523 753 1556 etsi
778 1530 939 1566 coeperat
967 1534 1068 1566 agere

74 1575 349 1623 poenitentiam,
393 1580 510 1608 tamen
548 1574 709 1607 nondum
755 1579 830 1606 erat
871 1573 1068 1615 absolutus,

75 1628 158 1674 quia
189 1627 284 1661 iuxta
316 1631 450 1659 veteres
471 1623 633 1659 canones
656 1623 903 1667 irrogabantur
924 1636 1068 1668 poenae,

75 1677 225 1722 exempli
243 1687 366 1716 causa,
392 1682 472 1709 ante
488 1675 762 1710 absolutionem.
815 1675 926 1708 Addit
942 1673 1067 1718 Augu-

78 1729 215 1772 stinus,
245 1733 384 1771 praeter
404 1723 471 1758 hos
493 1725 669 1758 neminem
696 1724 745 1759 ibi
768 1725 875 1758 fuisse
891 1723 1068 1760 Christia-

76 1791 175 1813 num.
240 1775 332 1810 Cum
361 1782 478 1809 autem
510 1775 732 1818 naufragium
762 1775 948 1817 timerent,
981 1777 1067 1821 petit

75 1824 351 1876 κατηχούμενος
368 1827 412 1860 ab
429 1826 493 1859 illo
516 1825 625 1858 altero
642 1825 877 1870 baptismum,
903 1827 966 1872 qui
985 1840 1065 1861 cum

77 1880 135 1915 isti
160 1878 384 1924 impertiisset
404 1876 637 1921 baptismum,
667 1876 820 1910 vicissim
845 1877 889 1910 ab
914 1890 955 1911 eo
980 1879 1066 1924 petit

75 1930 347 1966 absolutionem.
409 1927 564 1962 Proinde
587 1927 784 1972 quaeritur:
814 1926 872 1961 An
896 1926 980 1963 haec
1004 1931 1067 1963 ad-

75 1980 290 2016 ministratio
309 1979 617 2014 Sacramentorum
634 1978 808 2013 valuerit?
846 1978 1067 2023 Augustinus

77 2041 169 2069 recte
189 2031 395 2076 respondet,
422 2030 590 2063 valuisse:
618 2035 651 2063 et
675 2030 818 2074 quidem
840 2027 932 2064 lianc
956 2029 1067 2066 histo-

75 2085 164 2119 riam
181 2089 369 2126 tantopere
379 2080 614 2121 commendat,
635 2086 674 2114 ut
689 2080 794 2122 dicat,
819 2082 998 2116 neminem
1015 2090 1067 2117 te—

76 2148 160 2171 nere
178 2133 339 2168 lacrimas
357 2143 474 2176 posse,
501 2131 562 2176 qui
579 2143 655 2164 eam
672 2132 803 2167 audiat.

177 2186 212 2220 2.
246 2183 408 2218 Defendo
423 2180 614 2226 Augustini
630 2182 811 2218 iudicium.
853 2182 943 2218 Nam
960 2182 1065 2218 Laico

78 2239 159 2273 licet
177 2243 211 2270 et
226 2234 423 2280 baptizare,
452 2240 484 2267 et
504 2233 696 2266 absolvere.

176 2287 212 2323 3.
246 2284 292 2321 Et
309 2292 425 2320 tamen
445 2284 626 2330 publicum
650 2283 884 2319 ministerium
909 2298 981 2319 non
1004 2286 1064 2319 de-

75 2340 135 2374 bet
155 2337 301 2372 turbari.

179 2388 214 2424 4.
249 2386 327 2422 Etsi
343 2386 483 2432 publica
507 2385 765 2420 administratio
790 2387 970 2432 potestatis
994 2388 1066 2421 cla-

75 2440 174 2475 vium
207 2439 360 2484 pertinet
389 2439 433 2472 ad
461 2437 622 2482 publicos
651 2437 833 2477 ministros
866 2436 1066 2482 Evangelii,

76 2498 195 2525 tamen
218 2490 351 2523 interea
376 2487 485 2524 laicus
507 2495 617 2533 potest
635 2489 833 2529 absolvere,
858 2501 931 2523 non
951 2490 1065 2523 solum

77 2542 114 2575 in
131 2553 210 2575 casu
230 2539 445 2574 necessitatis
457 2564 466 2579 ,
494 2541 552 2573 sed
570 2540 674 2573 etiam
691 2540 789 2576 alias.

177 2590 214 2628 5.
247 2591 319 2625 Nec
343 2597 394 2624 est
419 2590 549 2624 incerta
565 2591 759 2631 absolutio,
787 2590 923 2624 etiamsi
946 2590 1066 2635 publi—

76 2655 151 2678 cam
167 2641 507 2676 administrationem
531 2642 681 2676 clavium
707 2640 838 2676 habent
860 2643 974 2676 solum
995 2640 1063 2675 mi—

76 2694 178 2728 nistri
197 2693 341 2739 publici.

716 123 980 161 PHILIPPI
1021 118 1470 158 MELANTHONIS.

2039 125 2112 160 494

1227 207 1261 244 6.
1303 207 1407 242 Valet
1439 206 1620 241 absolutio
1651 215 1796 252 propter
1818 209 1964 243 verbum
1977 236 1986 251 ,
2039 222 2112 244 non

1124 265 1269 304 propter
1285 270 1480 303 personam.

1227 309 1262 344 7.
1299 307 1344 343 Et
1361 309 1473 342 claves
1490 310 1590 344 datae
1613 316 1692 344 sunt
1711 309 1775 343 toti
1792 308 1984 353 Ecclesiae,
2012 319 2046 346 et
2062 319 2113 346 est

1123 371 1311 393 cummune
1326 360 1551 401 mandatum,
1580 369 1618 395 ut
1636 361 1803 394 fratribus
1825 363 2024 405 petentibus
2045 374 2112 396 an·

1123 411 1332 444 nunciemus
1348 409 1599 454 Effinge-lium,
1625 413 1684 445 sed
1703 412 1767 453 ita,
1796 424 1839 446 ne
1863 413 2024 447 turbetur
2046 425 2113 459 pu·—

1122 461 1256 495 blicum
1276 461 1524 498 ministerium.

1226 518 1263 554 8.
1304 520 1456 565 Magnus
1482 533 1581 555 error
1603 527 1671 562 est,
1711 527 1744 555 et
1775 522 1967 556 multarum
1993 534 2111 556 rerum

1122 570 1263 605 ruinam
1279 583 1395 605 secum
1412 570 1540 614 trahit,
1567 572 1690 607 tollere
1706 583 1746 604 ex
1765 569 1919 606 Ecclesia
1938 573 2111 618 privatam

1123 622 1396 662 absolutionem.

1225 681 1259 719 9.
1294 682 1367 718 Nec
1384 690 1502 718 tamen
1526 683 1748 718 enumeratio
1764 683 1973 718 delictorum
1993 694 2112 717 neces-

1121 733 1213 768 saria
1231 740 1292 771 est.

1228 793 1285 829 10.
1331 792 1442 827 Stoici
1475 792 1664 838 dupliciter
1697 799 1816 826 errant
1844 793 1888 826 de
1918 792 2111 827 affectibus.

1121 841 1265 877 Falsum
1288 850 1337 877 est
1361 844 1454 877 enim
1485 844 1604 877 nullos
1628 844 1771 877 affectus
1796 855 1836 876 ex
1863 850 1989 878 natura
2014 843 2112 883 oriri,

1120 894 1248 928 falsum
1266 902 1316 928 est
1335 895 1440 928 etiam
1458 907 1579 928 omnes
1597 895 1743 929 affectus
1759 905 1831 927 esse
1849 894 2008 930 viciosos.

1228 947 1284 980 11.
1321 943 1393 978 Cor
1410 945 1505 978 enim
1523 947 1620 979 sedes
1645 952 1680 979 et
1703 957 1875 988 organum
1902 952 1953 979 est
1976 944 2113 990 appeti—

1122 995 1261 1029 tionum
1283 996 1551 1037 sensitivarum,
1588 1007 1697 1041 quare
1720 996 1865 1029 affectus
1889 1001 1971 1029 sunt
1997 1003 2112 1029 motus

1122 1047 1300 1080 naturales
1319 1046 1447 1080 cordis.

1226 1106 1283 1142 12.
1319 1103 1413 1149 Ergo
1430 1112 1463 1139 et
1482 1103 1637 1152 στοργαὶ
1653 1103 1810 1152 φυσικαὶ
1827 1112 1908 1139 sunt
1924 1116 2029 1149 opera
2046 1103 2113 1139 Dei

1122 1156 1160 1190 in
1177 1164 1302 1191 natura
1314 1183 1323 1198 ‚
1351 1164 1385 1190 et
1401 1156 1545 1191 affectus
1563 1156 1665 1198 boni,
1692 1167 1780 1202 quos
1798 1156 1948 1201 requirit
1966 1156 2018 1189 lex
2035 1154 2112 1190 Dei.

1227 1217 1286 1251 13.
1323 1214 1406 1248 Ideo
1422 1215 1554 1249 Paulus
1572 1215 1718 1249 damnat
1735 1211 1952 1262 ἀστόργους.

1225 1272 1283 1308 14.
1324 1273 1425 1307 Plato
1457 1286 1530 1306 non
1559 1280 1652 1307 recte
1682 1273 1789 1308 sentit
1814 1271 1991 1306 tracheam
2020 1278 2111 1306 arte-

1120 1323 1209 1357 riam
1233 1326 1360 1357 factam
1384 1335 1474 1364 esse,
1515 1330 1554 1357 ut
1577 1331 1699 1367 potum
1725 1323 1894 1367 excipiat,
1937 1329 1970 1356 et
1993 1329 2110 1356 tamen

1121 1381 1259 1418 oportet
1274 1374 1414 1417 irrigari
1436 1374 1653 1417 pulmonem.
1713 1371 1760 1408 Et
1785 1380 1878 1407 recte
1904 1373 2036 1407 dictum
2061 1381 2111 1407 est

1120 1424 1157 1457 in
1179 1425 1339 1458 versibus
1364 1424 1435 1457 illis
1459 1424 1743 1467 elegantissimis,
1775 1424 1836 1470 qui
1860 1424 1897 1458 in
1915 1424 2034 1458 Gellio
2060 1425 2111 1457 ci-

1119 1481 1255 1508 tantur:

1292 1527 1384 1569 Te'yye
1400 1527 1572 1566 πνεύμονας
1595 1526 1668 1569 army

1288 1571 1324 1602 τὸ
1340 1570 1400 1612 γὰρ
1413 1569 1530 1612 ἄστρον
1544 1571 1759 1611 περιτέλλεται.

1119 1689 1344 1738 (ΧΧΧΙΙΙ.)
1379 1692 1488 1726 Alia
1518 1690 1622 1736 disp
1634 1694 1808 1728 utatio:
1844 1691 1892 1728 de
1920 1695 2110 1728 Potes-tate

1478 1744 1670 1778 ecclesiast
1676 1745 1751 1778 ica.

1119 1817 1359 1858 Manifestum
1378 1831 1428 1859 est
1441 1852 1451 1866 ‚
1472 1825 1565 1859 idem
1587 1826 1785 1870 significare
1803 1826 1841 1860 in
1857 1827 1962 1862 sacris
1979 1826 2109 1862 Literis

1119 1882 1325 1921 potestatem
1343 1876 1608 1910 ecclesiasticam
1620 1904 1629 1919 ,
1657 1884 1690 1911 et
1706 1878 1831 1913 claves.

1221 1927 1257 1962 2.
1292 1925 1383 1967 Sunt
1400 1933 1516 1960 autem
1533 1928 1604 1961 duo
1621 1928 1695 1962 eius
1712 1930 1868 1962 membra
1880 1953 1890 1967 ,
1915 1930 2109 1964 secundum

1119 1977 1347 2023 partitionem
1372 1984 1547 2019 veterum,
1574 1990 1700 2024 nempe
1722 1985 1874 2024 potestas
1892 1980 2048 2022 ordinis,
2076 1987 2109 2014 et

1120 2034 1274 2074 potestas
1289 2027 1557 2064 iurisdictionis,

1222 2079 1256 2114 3.
1291 2078 1447 2113 Potestas
1472 2079 1609 2113 ordinis
1638 2080 1884 2124 complectitur
1915 2080 2108 2124 legitimam

1119 2131 1352 2170 vocationem,
1379 2137 1411 2164 et
1428 2130 1591 2164 divinum
1607 2132 1811 2165 mandatum
1828 2130 2109 2166 docendiEvan-

1120 2182 1222 2226 gelii,
1257 2181 1462 2216 remittendi
1489 2189 1647 2227 peccata,
1680 2188 1714 2216 et
1742 2182 2015 2216 administrandi
2042 2182 2108 2218 Sa—

1119 2239 1309 2268 eramenta.

1221 2283 1259 2318 4.
1301 2282 1559 2317 lurisdictionis
1589 2283 1701 2317 officia
1730 2290 1833 2325 sunt,
1867 2285 2111 2318 excommuni-

1119 2347 1196 2369 care
1213 2335 1386 2368 obnoxios
1400 2334 1592 2368 manifestis
1616 2333 1844 2377 criminibus,
1870 2342 1904 2371 et
1915 2336 2060 2368 eosdem
2080 2335 2110 2369 si

1119 2386 1326 2431 resipiscant
1341 2386 1494 2430 recipere
1513 2386 1548 2418 in
1568 2385 1728 2429 gratiam.

1221 2437 1256 2472 5.
1299 2435 1394 2470 Haec
1425 2436 1537 2469 officia
1572 2436 1689 2470 valent
1720 2436 1757 2469 in
1781 2434 1937 2471 Ecclesia
1965 2445 2110 2481 propter

1118 2488 1266 2522 verbum
1287 2494 1319 2521 et
1334 2488 1537 2521 mandatum
1554 2486 1642 2528 Dei,
1675 2487 1860 2533 requirunt
1881 2494 1998 2522 autem
2023 2489 2111 2522 obe·

1118 2539 1287 2573 ‹lientiam
1306 2538 1549 2572 necessariam.

1221 2590 1255 2623 6.
1282 2588 1393 2622 Porro
1404 2587 1581 2622 Ecclesiae
1598 2601 1672 2623 non
1689 2596 1770 2624 sunt
1788 2589 1989 2623 onerandae
2005 2588 2107 2622 novis

1117 2640 1308 2681 doctrinis,
1335 2647 1456 2673 contra
1475 2640 1621 2674 verbum
1638 2639 1702 2674 Dei
1720 2640 1936 2683 excogitatis,
1962 2647 2020 2673 aut
2037 2646 2107 2672 tra—

1118 2692 1314 2726 ditionibus
1345 2689 1530 2733 humanis,
1560 2703 1601 2725 co
1631 2692 1700 2725 flue
1730 2691 1938 2737 propositis,
1974 2696 2010 2723 ut
2036 2689 2104 2722 siut
