2324 2955
185 111 255 146 167

189 198 410 239 releguntur,
444 201 482 227 ut
514 191 630 225 omnia
665 190 757 222 inter
786 190 1055 224 examinandum
1087 203 1166 225 cum

191 247 383 291 praeceptis
396 242 562 276 enarratis
574 240 760 281 diligenter
773 240 1010 281 conferantur,
1032 249 1066 275 ut
1084 245 1169 275 ado-

191 299 357 330 lescentes
384 295 425 325 ad
452 292 501 323 rei
525 290 781 323 (iralnmaticae
807 297 839 323 et
860 290 1006 323 Latinae
1031 292 1169 335 linguae

191 346 427 388 cognitionem
446 353 516 373 non
534 340 613 372 satis
632 340 811 378 instructi,
839 340 876 372 in
891 347 1038 385 utraque
1053 354 1089 374 re
1106 342 1170 374 ali-

191 407 294 440 quem
320 403 539 437 progressum
564 391 674 422 facere
698 397 876 431 cogantur.
937 391 1050 431 Tum,
1076 392 1170 436 quod

192 446 316 478 attinet
338 443 381 474 ad
404 440 584 482 religionis
607 440 779 479 studium,
806 440 927 474 damus
943 453 1099 484 operam,
1127 453 1170 473 ne

191 492 390 527 Christiana
415 498 446 524 et
463 502 541 523 vere
564 490 620 533 pia
635 490 825 523 iuventutis
844 490 1015 524 institutio
1032 498 1170 524 nostrae

192 542 340 577 Scholae
357 541 456 574 desit.
498 540 587 572 Nam
604 551 758 583 tempora
776 552 863 584 quae
878 541 991 574 solent
1008 542 1044 573 in
1060 539 1171 575 Scho-

193 594 237 626 lis
261 592 421 634 religiose
445 591 658 631 constitutis,
685 590 876 631 cognitioni
893 590 978 634 Dei,
1007 597 1039 624 et
1056 602 1172 623 sacrae

194 643 403 686 scripturae,
430 641 644 674 tribuuntur.
697 639 837 673 Praeter
854 641 958 674 festos
975 641 1068 673 enim
1087 641 1171 678 dies,

196 694 256 738 qui
279 693 342 725 toti
365 691 403 724 in
426 690 631 723 tractatione
656 701 771 722 rerum
790 701 965 723 sacrarum
983 697 1172 734 ponuntur,

195 744 268 776 dies
284 741 453 774 Mercurii
476 747 507 772 et
525 740 669 773 Saturni
688 740 814 783 partim
831 740 868 772 in
885 740 1172 783 interpretatione

194 789 439 830 catecheseos,
474 791 599 833 partim
623 790 661 821 in
685 790 854 822 exercitiis
879 790 958 835 styli
983 797 1016 822 et
1039 802 1172 823 memo-

194 843 268 876 riae
285 847 550 874 consumuntur.
604 839 698 872 Haec
716 847 827 880 aetas,
855 841 947 884 quod
966 840 1032 873 sibi
1049 852 1172 884 parum

196 891 364 931 consulit,
391 890 523 932 legibus
545 890 587 921 ad
606 896 718 932 partes
736 890 931 929 ediscendi,
960 897 992 923 et
1010 891 1173 923 exercita-

195 942 302 975 tionis
318 951 445 972 munus
460 939 664 981 astringitur
676 963 684 976 ‚
713 946 745 972 et
761 951 870 982 poena
888 941 1078 973 desertores
1098 940 1174 972 offi-

195 992 258 1031 cii,
285 1002 362 1023 cum
382 989 564 1021 necessitas
581 989 743 1032 requirit,
770 990 813 1022 ad
831 1002 930 1022 suum
950 1001 1095 1033 pensum
1113 990 1173 1022 ab·

196 1041 404 1075 solvendum
429 1039 689 1072 extimulantur.
745 1039 790 1072 Ut
809 1040 901 1071 enim
921 1041 1013 1072 bona
1031 1040 1175 1072 nomina

196 1103 270 1124 non
309 1089 496 1133 appellata,
539 1100 638 1131 saepe
676 1089 764 1121 mala
803 1089 908 1122 fiunt:
949 1090 997 1122 sic
1027 1096 1059 1122 et
1090 1090 1176 1122 ado—

196 1140 360 1173 lescentia
387 1139 416 1171 si
440 1150 512 1171 non
535 1138 702 1172 excitetur
721 1139 930 1183 aliquando,
957 1140 1056 1172 facile
1071 1139 1175 1172 officii

197 1190 427 1224 obliviscitur.

299 1239 472 1274 Studiosis
483 1240 620 1272 laureae
629 1239 818 1272 Dialectica
831 1247 863 1272 et
873 1238 1063 1273 Rhetorica
1076 1251 1176 1282 prae-

199 1297 295 1333 cepta
325 1290 488 1333 privatim
510 1291 716 1328 traduntur,
751 1301 873 1321 verum
897 1290 964 1329 ita,
996 1296 1035 1322 ut
1058 1288 1176 1321 Diale-

197 1340 301 1373 ctices
315 1339 513 1382 explicatio,
537 1339 654 1381 aliquo
672 1338 838 1380 temporis
854 1338 1050 1376 intervallo,
1077 1335 1176 1369 Rhe-

198 1390 323 1422 torices
355 1388 578 1420 traditionem
610 1387 807 1426 antecedat,
842 1398 929 1430 quae
954 1399 971 1419 a
998 1386 1177 1428 Magistris

199 1452 277 1472 cum
301 1438 479 1480 discipulis
503 1444 597 1469 tanta
622 1437 687 1468 fide
712 1443 742 1468 et
762 1437 943 1478 diligentia
962 1443 1177 1478 repetuntur,

200 1496 237 1521 ut
253 1501 289 1520 ea
305 1488 413 1519 velint
431 1487 556 1526 nolint,
585 1487 716 1518 discere
731 1493 909 1526 cogantur.
964 1485 1107 1517 Publice
1123 1485 1177 1516 bis

201 1539 369 1571 elementa
392 1534 665 1574 Mathematum,
692 1542 729 1568 ut
754 1533 1002 1574 Aritlunetica,
1032 1532 1177 1577 Spheri—

202 1600 259 1621 cae
290 1586 528 1630 quaestiones,
564 1592 596 1618 et
629 1585 694 1616 alia
727 1585 879 1616 eiusdem
909 1585 1061 1626 generis,
1095 1584 1177 1616 item

203 1637 336 1670 Graeca
369 1643 399 1668 et
432 1635 557 1669 Latina
586 1635 730 1677 scripta,
758 1636 905 1666 maxime
937 1634 1132 1673 Ciceronis,
1161 1646 1177 1665 e

203 1688 330 1731 quibus
346 1697 445 1718 usum
463 1686 590 1718 artium
607 1684 800 1717 disserendi
817 1685 943 1717 rectius
959 1691 1178 1727 cognoscant,

201 1745 233 1770 et
250 1749 383 1775 rerum,
409 1742 441 1767 et
458 1736 585 1767 latinae
600 1735 740 1776 linguae
757 1735 923 1767 maiorem
942 1735 1178 1777 cognitionem

203 1787 269 1820 sibi
295 1793 433 1830 parent,
469 1786 728 1828 praeleguntur.
787 1784 834 1816 Ili
860 1785 983 1827 partim
1010 1783 1178 1827 Epistolis

205 1836 420 1876 scribendis,
458 1835 583 1878 partim
614 1835 926 1867 declamationibus
955 1841 987 1867 et
1020 1835 1178 1878 disputa-

203 1887 360 1920 tionibus
383 1892 593 1918 exercentur.
647 1883 717 1926 Qui
735 1886 777 1917 ad
795 1896 855 1917 sua
873 1885 984 1917 officia
1001 1891 1178 1927 praestan-

205 1939 267 1974 da,
295 1943 327 1969 et
348 1937 388 1968 ad
409 1947 536 1968 munus
555 1935 799 1977 perseverandi
818 1935 853 1967 in
873 1935 930 1975 iis,
958 1936 999 1967 ad
1021 1946 1108 1978 quae
1123 1934 1178 1966 (li—

203 1987 329 2019 scenda
352 1992 585 2024 accesserunt,
618 1991 654 2017 ut
678 1985 890 2028 superiores,
923 1982 1071 2018 Scholae
1093 1984 1178 2027 legi-

201 2038 267 2070 bus
285 2043 317 2069 et
333 2036 467 2068 statutis
483 2035 681 2077 alligantur.
734 2034 819 2067 Nam
838 2035 966 2067 iudicio
983 2035 1177 2078 sapientum

202 2086 452 2119 adolescentiae
477 2097 563 2127 opus
586 2091 634 2117 est
653 2084 810 2116 omnium
832 2085 999 2124 maxime,
1027 2092 1059 2118 et
1074 2085 1178 2117 disci-

201 2137 332 2180 plinam
351 2136 458 2173 vitae,
486 2141 517 2167 ct
533 2146 647 2166 rerum
664 2135 875 2175 agendarum
889 2135 1179 2176 gubernatricem,

203 2193 236 2219 et
265 2187 462 2227 magistram
492 2182 632 2221 babeat,
665 2185 759 2227 quod
784 2184 916 2216 lubrica
940 2185 998 2217 illa
1020 2192 1111 2217 aetas
1133 2186 1177 2218 ab

202 2234 340 2268 honesti
362 2235 491 2267 laboris
513 2234 716 2272 tolerantia,
744 2235 786 2266 ad
805 2234 993 2267 molliciem
1015 2242 1047 2268 et
1061 2235 1176 2268 ocium

200 2286 396 2329 plerunque
412 2286 612 2327 propendet.

302 2334 366 2367 llis
388 2346 468 2366 vero
486 2335 545 2378 qui
563 2336 604 2368 ad
628 2333 819 2377 Magisterii
836 2332 1071 2378 philosophici
1088 2335 1177 2378 peti-

199 2386 331 2419 tionem
360 2396 395 2417 se
419 2391 559 2427 parant,
592 2392 774 2428 praecepta
797 2382 962 2429 Physica,
995 2383 1118 2418 Ethica
1144 2393 1176 2419 et

197 2432 566 2468 PoliticaAristotelis.
602 2431 1038 2475 Theoricaeplanetarum,
1054 2433 1175 2467 Eucli-

196 2486 269 2525 des,
295 2484 501 2523 ptolemeus,
524 2483 661 2526 publice
673 2492 889 2525 enarrantur,
913 2486 1173 2518 tumnobiliora

756 103 912 142 DECL.
945 105 1018 140 DE
1051 104 1280 142 SCHOLA
1317 103 1608 145 ROSTOCH.

2123 111 2198 146 168

1221 203 1299 224 cum
1331 190 1546 224 doctioribus
1576 204 1615 225 ex
1646 193 1811 226 studiosis
1834 193 1982 227 laureae.
2036 195 2199 237 Quorum

1221 242 1363 285 quidam
1387 241 1423 272 in
1447 241 1666 283 disciplinam
1691 244 1990 286 praeceptoribuS,
2014 252 2200 288 parentum

1220 291 1406 324 autoritate
1422 296 1503 322 sunt
1521 291 1658 331 traditi,
1683 299 1715 325 et
1735 293 1899 336 privatim
1919 301 2140 332 exercentur,
2167 302 2201 329 et

1221 347 1407 381 reguntur,
1435 351 1584 384 quorum
1603 341 1714 374 studia
1732 349 1765 376 et
1783 354 1896 375 mores
1911 355 1929 376 a
1949 344 2083 386 privata
2097 345 2202 377 disci-

1220 390 1315 434 plina
1342 402 1414 422 non
1438 396 1519 423 sunt
1543 391 1703 433 exempti.
1763 390 1811 425 At
1834 394 1978 433 caeteri,
2009 395 2068 438 qui
2093 394 2202 427 nullis

1221 441 1257 472 in
1269 437 1396 473 Schola
1413 446 1493 472 sunt
1509 441 1793 483 praeceptoribus
1810 444 2061 484 commendati,
2089 451 2120 477 et
2136 441 2202 477 ho-

1221 496 1316 523 neste
1349 489 1492 530 vivunt,
1529 496 1563 523 et
1594 487 1742 523 Scholae
1774 488 1901 524 honori
1930 500 1963 526 et
1993 500 2200 527 ornamento

1220 547 1318 579 sunt,
1352 546 1385 572 et
1409 539 1658 583 condiscipulis
1681 541 1851 574 virtutum
1876 544 2038 585 exemplis
2064 544 2202 587 praelu-

1221 596 1316 630 cent,
1343 587 1380 622 hi
1402 601 1515 633 neque
1538 590 1574 622 in
1591 588 1739 624 Scliolae
1756 592 1856 623 aedes
1872 599 2060 634 coguntur,
2088 605 2201 637 neque

1221 641 1263 672 ad
1284 638 1377 679 haec,
1404 651 1517 684 neque
1534 641 1575 672 ad
1595 640 1655 673 illa
1673 641 1835 674 discenda
1850 642 1984 684 legibus
1997 643 2204 683 excitantur,

1222 691 1280 722 sed
1299 690 1448 722 liberum
1460 689 1683 733 relinquitur,
1711 691 1823 735 quain
1838 699 1933 734 parte
1944 689 2202 736 Philosophiae,

1222 749 1281 773 aut
1307 740 1343 771 in
1370 752 1439 784 quo
1461 740 1639 772 doctrinae
1656 751 1781 782 genere
1799 742 1976 774 voluerint
1993 754 2027 774 se
2046 753 2203 775 exercere

1223 797 1256 822 et
1292 790 1487 828 elaborare,
1530 796 1568 823 ut
1600 790 1749 832 ingeniis
1778 791 1933 824 liberalis
1963 793 2142 826 doctrinae
2169 798 2202 825 et

1223 838 1413 872 honestatis
1430 840 1593 873 studiosis
1610 841 1753 882 dignum
1773 841 1998 875 existimatur.

1325 889 1401 922 IIoc
1423 890 1565 929 ordine,
1594 896 1627 923 et
1651 888 1715 923 hac
1738 891 1873 924 ratione
1890 891 2044 924 discendi
2064 890 2203 934 publice

1224 940 1417 983 proposita,
1442 946 1473 972 et
1489 940 1634 982 legibus,
1660 941 1788 984 quibus
1803 942 1986 975 necessitas
2003 942 2204 974 adolescen-

1224 990 1291 1022 tiae
1315 990 1368 1021 sui
1391 990 1494 1022 officii
1512 990 1648 1022 colendi
1667 991 1861 1034 imponitur
1878 991 1914 1023 in
1933 992 2096 1023 omnibus
2113 988 2204 1023 Aca-

1225 1040 1360 1072 demiae
1398 1040 1541 1073 aedibus
1580 1041 1718 1083 publice
1757 1042 1851 1078 fixis,
1899 1041 2105 1074 incredibile
2143 1047 2205 1081 est,

1226 1095 1397 1134 quantus,
1431 1097 1464 1123 et
1494 1102 1598 1134 quam
1630 1090 1748 1123 varius
1779 1091 1976 1124 animorum
2014 1097 2129 1123 motus
2160 1090 2205 1123 sit

1226 1146 1441 1172 consecutus.
1502 1139 1591 1172 Nam
1615 1140 1759 1173 iuvenes
1782 1141 1901 1174 indole
1925 1141 2062 1174 liberali
2085 1147 2116 1173 et
2141 1151 2206 1172 na-

1226 1196 1303 1222 tura
1328 1190 1431 1232 paulo
1456 1190 1676 1231 generosiore
1696 1191 1867 1233 praediti,
1901 1203 1935 1223 se
1954 1188 2018 1223 hac
2035 1190 2206 1223 constitu-

1226 1239 1321 1271 tione
1345 1246 1377 1271 et
1399 1238 1583 1281 disciplina
1607 1251 1679 1272 non
1707 1240 1931 1272 mediocriter
1956 1240 2140 1280 delectari,
2173 1246 2206 1272 et

1227 1300 1305 1319 vere
1328 1289 1495 1328 gaudere,
1528 1289 1642 1319 statim
1666 1301 1729 1320 nec
1752 1290 1930 1330 ambigue,
1963 1302 2026 1322 nec
2050 1290 2207 1329 obscure,

1227 1338 1284 1368 sed
1303 1342 1420 1378 aperte
1438 1342 1471 1368 et
1487 1336 1578 1368 clare
1592 1337 1857 1379 profitebantur.
1895 1337 1944 1371 At
1961 1339 2085 1381 vulgus
2095 1335 2207 1371 Scho-

1228 1385 1447 1425 lasticorum,
1475 1386 1535 1429 qui
1568 1384 1731 1429 pulchra,
1765 1394 1798 1420 et
1831 1385 1974 1421 honesta
2005 1400 2068 1420 nec
2097 1388 2207 1432 sequi,

1228 1447 1289 1467 nec
1314 1443 1430 1468 tenere
1454 1435 1668 1475 didicerant,
1695 1448 1844 1480 quorum
1864 1438 1923 1469 alii
1939 1438 2015 1470 aliis
2031 1438 2205 1481 cupidita-

1229 1485 1341 1524 tibus,
1387 1491 1419 1517 et
1448 1485 1546 1517 malis
1576 1485 1708 1518 artibus
1738 1485 1908 1518 inservire
1939 1494 2036 1519 erant
2068 1488 2206 1527 assueti,

1228 1535 1330 1566 fidem
1348 1546 1486 1566 omnem
1503 1535 1653 1574 excedit,
1675 1547 1779 1579 quam
1797 1534 1887 1568 lianc
1905 1535 2110 1580 disciplinae
2126 1549 2207 1570 mu-

1229 1585 1410 1624 tationem,
1447 1591 1480 1617 et
1509 1592 1576 1617 tam
1607 1593 1761 1618 sanctam
1793 1586 1897 1618 officii
1921 1599 2037 1620 curam
2062 1587 2206 1629 indigne

1230 1634 1392 1671 tulerint,
1427 1641 1459 1667 et
1482 1635 1631 1677 graviter
1651 1636 1861 1678 acceperint,
1897 1637 1957 1680 qui
1981 1637 2097 1669 statim
2122 1649 2206 1670 con-

1231 1695 1386 1723 currere,
1413 1685 1524 1727 capita
1542 1685 1719 1728 conferre,
1747 1692 1779 1718 et
1798 1687 1944 1719 multum
1963 1686 2054 1720 inter
2071 1699 2105 1719 se
2122 1699 2206 1719 con-

1231 1746 1409 1767 susurrare
1432 1742 1617 1777 ceperunt,
1651 1742 1682 1768 et
1706 1736 1842 1777 omnia,
1874 1737 1935 1768 etsi
1958 1743 2048 1770 recte
2075 1737 2206 1770 consti—

1231 1791 1323 1823 tuta,
1347 1791 1379 1817 et
1402 1784 1438 1815 in
1462 1796 1533 1816 rem
1559 1792 1591 1817 et
1614 1786 1650 1817 in
1676 1786 1819 1818 salutem
1837 1786 1992 1830 ipsorum
2010 1794 2105 1821 erant
2124 1799 2205 1830 pro-

1232 1834 1362 1877 posita,
1388 1841 1503 1866 tamen
1526 1835 1562 1866 in
1588 1836 1739 1878 peiorem
1762 1843 1892 1879 partem
1913 1849 2050 1880 rapere,
2079 1844 2112 1871 et
2128 1849 2205 1880 pes-

1231 1885 1316 1916 sime
1340 1885 1580 1927 interpretari,
1613 1892 1651 1917 ut
1675 1886 1758 1918 tales
1782 1885 2024 1931 sycophantae
2046 1894 2078 1920 et
2101 1888 2206 1920 levis-

1231 1934 1309 1966 simi
1341 1932 1547 1967 homunculi
1581 1936 1712 1973 solent,
1745 1948 1763 1968 a
1794 1949 1942 1980 quorum
1969 1938 2138 1979 genuino,
2173 1945 2206 1970 et

1231 1995 1366 2026 morsu,
1393 1985 1508 2017 nescio
1529 1997 1573 2018 an
1598 1986 1709 2018 ullum
1733 1986 1861 2019 factum
1879 1987 1962 2019 satis
1976 1994 2090 2020 tutum
2107 1999 2206 2031 repe-

1230 2035 1351 2069 riatur.
1403 2034 1501 2076 Quae
1517 2043 1627 2079 pestes
1642 2038 1683 2069 ad
1702 2037 1844 2069 meliora
1861 2034 1951 2069 nihil
1972 2044 2030 2070 aut
2047 2038 2206 2080 ingeniis,

1230 2092 1288 2118 aut
1319 2085 1489 2118 industria
1521 2086 1675 2124 valeant,
1709 2087 1750 2119 ad
1777 2085 1921 2130 pulchra
1947 2094 2060 2120 tamen
2088 2089 2204 2120 defor-

1230 2137 1374 2176 manda,
1400 2142 1433 2168 et
1450 2142 1539 2169 recta
1559 2137 1800 2180 depravanda,
1826 2144 1961 2170 tantum
1982 2138 2105 2170 mentis
2123 2149 2204 2170 acu-

1230 2197 1327 2226 men,
1363 2192 1498 2219 tantum
1528 2187 1612 2219 artis
1640 2194 1671 2220 et
1702 2187 1832 2230 ingenii
1864 2188 2033 2227 afferunt,
2067 2194 2203 2220 utnon

1229 2248 1306 2268 raro
1324 2236 1406 2269 salsa
1424 2248 1486 2279 pro
1500 2237 1600 2277 veris,
1620 2249 1736 2269 rerum
1748 2237 1995 2280 imperitisisto
2007 2237 2203 2270 mentiendi

1227 2286 1372 2319 artificio
1403 2287 1611 2325 obtrudant,
1645 2287 1704 2332 qui
1728 2293 1760 2319 et
1782 2287 1873 2330 apud
1898 2298 1961 2319 nos
1987 2287 2040 2319 sui
2064 2288 2202 2320 sceleris

1227 2337 1424 2379 contagium
1445 2337 1548 2369 bonis
1571 2337 1847 2370 adolescentibus
1864 2336 2000 2377 afflare,
2027 2344 2059 2370 et
2076 2337 2203 2370 animis

1227 2386 1392 2419 iuvenum
1416 2387 1604 2427 instillare,
1627 2399 1666 2420 ac
1690 2398 1746 2419 eos
1769 2386 1871 2419 nobis
1896 2393 2029 2420 mutare
2045 2395 2125 2420 sunt
2143 2399 2202 2429 ag-

1226 2438 1349 2479 gressi,
1384 2445 1417 2471 et
1448 2449 1549 2477 sane,
1580 2444 1620 2470 ut
1647 2437 1755 2480 aliqui
1783 2436 1838 2468 sui
1869 2436 2054 2469 dissimiles
2079 2444 2201 2477 essent,

1226 2487 1431 2527 effecerunt,
1465 2499 1504 2519 ex
1536 2487 1664 2531 quibus
1692 2486 1858 2529 impuris,
1891 2486 1952 2518 alii
1975 2487 2199 2521 clamitabant

195 2545 335 2577 graecae
359 2541 392 2568 et
414 2534 541 2567 latinae
564 2533 704 2575 linguae
728 2542 974 2575 monumenta,
1001 2535 1028 2567 si
1052 2536 1174 2577 placet,
1198 2531 1200 2570 *f
1225 2543 1258 2569 et
1289 2538 1392 2579 vulgo
1425 2538 1648 2580 spargebant,
1680 2547 1753 2568 non
1785 2547 1857 2568 esse
1880 2533 1971 2569 hanc
1995 2537 2142 2569 liberam
2165 2545 2200 2572 et

196 2597 275 2618 cum
300 2583 441 2617 caeteris
467 2583 605 2626 publice
620 2584 741 2616 audire
759 2585 904 2618 facultas
922 2592 982 2618 est.

191 2635 352 2670 exercitia
369 2633 589 2668 declamandi
605 2640 639 2669 et
654 2633 859 2679 disputandi
873 2642 955 2670 stuit
972 2635 1173 2670 communia

1035 2584 1175 2627 Quibus
1199 2579 1200 2598 ¹
1224 2598 1341 2620 veram
1365 2585 1607 2627 Academiam,
1633 2586 1693 2619 sed
1717 2583 1980 2626 bacchantium,
2005 2593 2045 2620 ut
2069 2587 2122 2620 illi
2145 2588 2199 2621 lo-

1223 2643 1398 2681 quuntur,
1425 2636 1636 2681 ergastulum
1652 2642 1684 2672 et
1703 2635 1949 2673 carnificinam.
