2324 2955
161 173 166 182 ,
203 136 276 168 385

207 220 313 252 stolae
330 216 394 250 hoc
417 216 547 247 dictum
574 218 738 253 tanquam
762 208 909 251 insignis
932 219 1066 251 gemma
1092 207 1179 240 emi-

207 277 276 305 net,
294 275 326 300 et
343 266 423 310 quia
442 262 567 296 multas
582 260 802 302 grax'Issimas
819 258 1076 291 admonitiones
1095 269 1176 290 con-

209 321 295 350 tinet
310 313 592 348 commendantes
610 310 788 342 doctrinae
807 309 973 347 studium,
996 308 1181 349 diligenter

209 376 238 399 .·t
261 378 359 408 saepe
376 361 669 396 considerandum
694 366 761 399 est,
783 371 846 391 nec
872 366 1008 391 tantum
1031 358 1181 400 diligen-

208 420 290 450 tiam
310 416 347 447 in
365 412 580 446 discentibus
596 409 781 447 exuscitat,
816 410 872 441 sed
899 409 1002 441 etiam
1025 408 1182 440 consola-

208 475 264 499 tur
282 476 364 504 nos,
392 463 453 508 qui
471 467 612 506 propter
636 457 702 492 hoc
729 460 884 492 studium
908 466 939 491 et
964 458 1184 502 propagatio-

210 528 288 549 nem
316 513 422 547 huius
449 511 627 546 doctrinae
656 522 727 542 nou
755 510 847 542 leves
873 519 1056 542 aerumnas
1082 508 1185 541 susti-

209 577 341 599 nemus.

308 630 469 664 Primum
488 627 639 661 ostendit
656 625 785 659 Paulus
806 625 1008 657 mandatum
1026 623 1187 656 divinum

212 694 294 722 esse,
321 687 361 714 ut
377 679 572 713 doctrinam
589 675 721 710 Christi
737 682 828 709 recte
846 675 1039 714 discamus,
1066 680 1098 706 et
1116 684 1188 706 em-

210 731 328 776 phasis
346 737 396 763 est
414 729 562 771 insignis
580 728 616 759 in
631 725 685 760 his
702 726 834 758 verbis:
861 723 1005 758 Habitet
1023 724 1060 756 in
1078 722 1188 762 vobis,

211 791 244 815 et
266 782 408 826 quidem
433 779 628 823 opulenter.
689 775 975 809 Familiarissime
998 774 1075 807 noti
1098 779 1189 812 sunt,

211 833 269 876 qui
299 831 482 863 nobiscum
506 827 677 862 habitant.
738 826 895 859 Sciamus
923 824 1025 857 etiam
1048 835 1128 856 vere
1151 824 1188 855 in

213 883 274 914 illo
294 887 432 924 pectore
448 879 562 913 Deum
579 878 692 921 ipsum
710 875 885 915 habitare,
911 875 948 907 in
966 886 1035 919 quo
1060 874 1189 916 cogita-

211 940 269 965 tur
290 931 469 969 doctrina,
496 929 533 961 in
549 927 777 961 conversione
793 927 836 959 ad
854 925 977 965 Deum,
1004 931 1036 957 et
1051 924 1089 957 in
1106 935 1190 956 con-

214 982 386 1014 solatione
405 986 438 1012 et
462 978 702 1017 invocatione,
729 976 817 1009 sicut
840 986 997 1018 expresse
1014 973 1189 1007 Dominus

214 1032 349 1075 inquit:
376 1029 415 1063 Si
433 1029 510 1073 quis
528 1027 643 1070 diligit
663 1039 735 1064 me,
763 1037 960 1058 sermonem
976 1036 1093 1056 meum
1119 1035 1191 1056 ser-

214 1082 331 1118 vabit,
359 1086 392 1113 et
408 1078 511 1112 Pater
530 1089 626 1110 meus
641 1077 761 1118 diliget
779 1087 877 1112 eum,
904 1081 937 1107 et
952 1074 1131 1106 veniemus
1148 1073 1190 1104 ad

215 1144 294 1164 eum
320 1137 353 1163 et
378 1129 595 1162 mansionem
621 1127 713 1170 apud
740 1137 818 1158 eum
835 1124 1011 1157 faciemus.
1049 1122 1193 1155 Placent

214 1182 321 1223 igitur
345 1179 437 1219 Deo,
470 1178 571 1211 lectio
596 1183 630 1210 et
653 1175 815 1218 cogitatio
841 1174 1038 1213 doctrinae,
1072 1179 1106 1206 et
1131 1183 1193 1216 per

214 1243 288 1264 eam
305 1229 399 1263 Deus
419 1234 469 1261 est
484 1228 601 1261 efficax
613 1253 622 1266 ,
650 1233 682 1259 et
702 1225 833 1258 habitat
855 1225 891 1256 in
909 1224 1021 1258 nobis.

314 1296 382 1329 Sed
398 1293 454 1327 hic
472 1291 705 1327 enthusiastae
722 1291 864 1335 quidam
881 1290 1092 1322 reclamant:
1118 1286 1194 1320 Ab-

216 1351 278 1386 sit,
305 1345 493 1389 inquiunt,
516 1349 555 1375 ut
580 1341 722 1374 lectioni
747 1340 942 1372 tribuamus
967 1336 1052 1370 haec
1073 1337 1195 1369 incen-

216 1399 272 1431 dia
287 1424 295 1435 ,
323 1407 410 1440 quae
426 1393 566 1437 proprie
583 1404 600 1423 a
618 1391 754 1434 Spiritu
773 1395 891 1421 sancto
911 1387 1095 1427 oriuntur,
1123 1387 1196 1431 qui,

217 1460 294 1481 cum
315 1445 380 1489 ipsi
400 1445 485 1477 libet
502 1442 592 1485 rapit
608 1452 688 1473 suos
707 1440 896 1483 quosdam,
925 1438 1072 1480 scriptos
1090 1438 1127 1468 in
1143 1437 1196 1468 fa-

218 1498 351 1531 talibus
368 1493 510 1528 tabulis.
560 1490 763 1524 Dolendum
785 1494 835 1521 est
858 1485 948 1519 hanc
971 1484 1194 1518 enthusiasti-

219 1558 295 1580 cam
312 1542 596 1586 imaginationem
612 1539 806 1571 multorum
824 1536 937 1569 studia
949 1536 1197 1578 languesacere,

220 1597 279 1630 sed
300 1605 364 1627 nos
381 1597 579 1626 constanter
596 1589 796 1623 muniamus
811 1598 874 1619 nos
892 1585 1079 1618 luculentis
1102 1585 1198 1618 testi—

220 1646 351 1679 moniis
371 1642 517 1681 divinis,
545 1652 633 1685 quae
650 1637 850 1671 labefactari
868 1636 966 1668 nullo
990 1636 1094 1668 modo
1118 1646 1199 1678 pos-

223 1703 315 1729 sunt.
367 1693 458 1726 Nota
474 1698 523 1725 est
538 1703 604 1723 vox
619 1688 735 1722 Pauli:
762 1685 994 1728 Evangelium
1011 1692 1061 1718 est
1077 1692 1199 1728 poten-

224 1748 271 1780 tia
292 1745 362 1779 Dei
380 1744 422 1776 ad
441 1742 587 1775 salutem
605 1740 703 1772 omni
727 1737 895 1771 credenti.
949 1734 1051 1768 Item:
1080 1734 1201 1768 Evan-

223 1797 352 1839 gelium
369 1800 418 1826 est
434 1790 668 1825 ministerium
686 1788 838 1832 Spiritus
850 1813 858 1827 ‚
885 1785 966 1818 Non
985 1783 1041 1818 hic
1058 1785 1200 1830 quidem

228 1846 333 1879 sentit
357 1844 529 1876 inclusum
555 1852 626 1873 esse
643 1839 813 1882 Spiritum
841 1843 997 1869 sanctum
1023 1836 1061 1868 in
1084 1836 1203 1868 litera-

224 1908 303 1929 rum
328 1896 471 1937 figuras,
506 1891 565 1923 sed
595 1890 746 1922 celebrat
774 1888 979 1919 immensam
1009 1885 1202 1919 bonitatem

223 1945 310 1985 Dei,
337 1944 397 1988 qui
419 1941 513 1975 hunc
532 1941 645 1985 ipsum
671 1939 829 1972 ordinem
857 1943 889 1970 et
910 1936 1036 1978 agendi
1061 1936 1204 1969 modum

224 1995 388 2028 instituit.

327 2060 418 2094 Sunt
436 2058 538 2091 etiam
556 2056 636 2096 alii,
665 2053 750 2088 ethi
767 2054 920 2100 quidem,
948 2053 1010 2099 qui
1027 2051 1206 2096 opinionis

227 2122 342 2146 errore
359 2109 424 2143 sibi
442 2107 603 2142 Atlantes
621 2106 805 2144 videntur,
831 2105 915 2137 dum
937 2115 973 2137 se
999 2103 1090 2136 solos
1115 2102 1206 2135 veri-

228 2163 308 2196 tatis
335 2164 613 2204 propugnatores
639 2167 709 2188 esse
738 2155 905 2189 iactitant.
957 2152 1095 2186 Horum
1123 2152 1208 2185 sim-

229 2212 367 2256 pliciter
385 2210 452 2243 tale
469 2214 519 2241 est
540 2218 702 2240 acumen:
737 2203 1005 2238 Excludendum
1029 2209 1078 2236 est
1101 2202 1208 2235 meri-

231 2270 324 2301 tum,
346 2272 425 2302 ergo
449 2256 540 2291 nihil
563 2256 630 2289 loci
646 2253 751 2289 hahet
764 2255 880 2299 aliqua
898 2253 1077 2296 diligentia
1101 2260 1134 2285 et
1149 2265 1208 2285 co-

232 2311 365 2354 gitatio.
419 2307 453 2342 O
470 2307 707 2340 detestandam
733 2304 927 2345 licentiam,
955 2310 990 2337 et
1012 2303 1207 2335 mirabilem

237 2360 410 2394 inscitiam
428 2357 630 2391 disserendi.
685 2355 774 2388 Vere
792 2361 824 2388 et
845 2354 919 2387 sine
945 2351 1132 2397 sophistica
1154 2365 1208 2386 re-

234 2411 406 2454 spondeo:
441 2406 591 2441 Excludi
619 2406 802 2446 meritum,
840 2417 913 2438 non
941 2404 1036 2449 quod
1063 2403 1208 2435 omnino

234 2459 326 2493 nihil
346 2469 506 2501 agamus,
532 2457 590 2489 sed
609 2456 690 2500 quia
710 2468 783 2489 non
804 2455 1053 2488 satisfaciamus
1069 2453 1155 2496 legi,
1177 2459 1210 2486 et

232 2510 355 2555 procul
373 2509 537 2541 absumus
555 2518 572 2538 a
590 2506 815 2549 perfectione.
863 2504 1000 2539 Deinde
1015 2504 1210 2537 excluditur

232 2561 415 2599 meritum,
441 2564 479 2590 ut
497 2555 680 2599 promissio
697 2556 741 2589 sit
761 2556 858 2588 firma
870 2582 879 2596 ‚
906 2562 941 2589 et
957 2561 1049 2588 certa
1066 2554 1110 2586 sit
1126 2565 1210 2586 con-

234 2611 375 2649 solatio,
410 2615 442 2641 et
467 2606 540 2639 filio
562 2603 627 2638 Dei
651 2616 733 2637 suus
757 2603 870 2638 honos
893 2605 1080 2641 tribuatur.
1141 2602 1210 2636 Sed

235 2661 318 2696 haec
343 2659 429 2693 alibi
447 2655 622 2701 copiosius
650 2654 876 2699 explicantur.

763 122 922 158 DECL.
958 120 1033 157 DE
1065 119 1249 157 DICTO

926 2655 1056 2689 Paulus
1079 2652 1209 2698 inquit:
1229 2662 1238 2701 j

1289 117 1529 156 COLOSS.
1562 118 1640 155 ΠΙ.
2126 117 2199 153 384

1230 206 1334 240 Fides
1359 216 1399 237 ex
1421 204 1544 238 auditu
1566 210 1635 245 est,
1667 215 1730 237 nec
1755 203 1830 238 vult
1851 203 2010 238 auditum
2034 214 2104 237 esse
2124 203 2200 238 sine

1232 255 1453 300 cogitatione.
1510 253 1591 287 Ideo
1607 255 1644 286 in
1659 251 1725 287 hoc
1743 254 1858 295 dicto,
1885 253 1979 298 quod
2001 265 2094 287 nunc
2115 266 2198 298 pro—

1232 306 1430 351 posuimus,
1457 303 1554 337 iubet
1576 315 1772 337 sermonem
1798 302 1930 337 Christi
1954 303 1992 335 in
2015 304 2117 336 nobis
2135 301 2199 338 ha-

1234 358 1362 395 bitare,
1388 361 1421 388 et
1436 354 1579 398 quidem
1597 365 1676 386 cum
1693 354 1790 386 omni
1809 353 1988 398 sapientia.
2030 351 2125 386 Haec
2140 354 2201 387 ad-

1234 405 1382 440 monitio
1408 404 1574 438 inseritur
1599 403 1641 436 de
1664 403 1862 446 diligentia,
1890 416 1978 449 quae
2000 400 2107 436 habet
2131 403 2202 436 duo

1236 464 1405 495 extrema,
1434 454 1610 496 ignaviam
1636 459 1669 486 et
1691 451 1914 497 sophisticen.
1965 453 2046 487 Non
2069 451 2206 486 habitat

1237 518 1348 540 sermo
1365 504 1431 538 Dei
1447 505 1483 537 in
1503 503 1701 537 sacrificulis
1726 503 1897 543 indoctis,
1922 503 1983 548 qui
2006 504 2126 547 legunt
2146 508 2207 536 aut

1238 562 1367 590 canunt
1394 555 1467 587 sine
1491 554 1680 587 intellectu.
1746 552 1798 586 Ne
1824 551 1960 586 habitat
1984 553 2022 586 in
2043 551 2208 597 sophistis

1238 605 1437 646 haereticis,
1463 611 1496 637 et
1510 603 1850 648 praestigiatoribus‚
1878 602 1939 648 qui
1961 602 2066 636 etiam
2087 603 2208 644 legunt

1239 654 1494 700 Prophetarum
1520 661 1553 687 et
1578 653 1829 697 Apostolorum
1851 653 1982 694 libros,
2008 653 2067 685 sed
2089 652 2211 695 legunt

1240 719 1297 740 eos
1322 707 1398 739 sine
1422 704 1605 749 sapientia:
1630 704 1744 736 sontes
1764 715 1837 737 non
1858 709 1950 737 recte
1969 703 2126 743 discunt,
2149 701 2211 747 qui

1241 763 1322 791 sunt
1346 757 1383 788 in
1407 755 1489 799 ipsis
1514 754 1614 788 libris
1636 751 1849 797 propheticis
1873 760 1906 787 et
1929 752 2147 797 apostolicis,
2173 759 2213 785 ut

1239 807 1397 851 Papistae
1425 817 1497 838 non
1524 805 1725 838 discernunt
1747 804 1858 847 legem
1886 810 1919 837 et
1944 803 2213 848 promissionem

1241 857 1389 900 gratiae,
1423 856 1537 888 cultus
1562 854 1732 887 divinitus
1752 854 1957 894 mandatos,
1989 860 2023 887 et
2046 852 2213 897 supersti-

1241 908 1355 940 tiones
1388 906 1430 938 ab
1460 903 1664 938 hominibus
1697 903 1919 946 excogitatas:
1963 900 2215 946 Anabaptistae

1243 956 1465 990 confundunt
1482 954 1678 988 doctrinam
1694 954 1736 986 de
1760 953 1898 987 iusticia
1916 959 2056 986 aeterna
2077 953 2115 985 in
2138 963 2217 985 cor-

1243 1009 1304 1048 de,
1340 1013 1373 1039 et
1406 1006 1449 1039 de
1478 1005 1550 1038 vita
1573 1003 1726 1048 politica.
1787 1002 1945 1047 Fingunt
1970 1001 2217 1045 Evangelium,

1242 1056 1439 1090 barbariem
1456 1066 1544 1095 esse,
1570 1065 1657 1098 quae
1674 1054 1816 1087 damnet
1838 1053 1999 1086 ordinem
2023 1052 2219 1098 politicum.

1244 1106 1432 1139 Antinomi
1448 1116 1521 1137 non
1536 1104 1740 1137 discernunt
1754 1110 1891 1146 peccata
1900 1109 2021 1136 contra
2039 1102 2220 1136 conscien-

1244 1156 1329 1190 tiam
1345 1155 1388 1187 ab
1403 1154 1491 1188 aliis.
1544 1153 1646 1187 Talia
1668 1153 1824 1196 exempla
1848 1153 2032 1195 cogitanda
2056 1159 2159 1193 sunt,
2180 1158 2221 1184 ut

1246 1205 1505 1238 consideremus
1519 1214 1625 1248 quare
1641 1203 1796 1236 dicatur:
1820 1202 1963 1236 Habitet
1978 1202 2016 1235 in
2033 1202 2133 1236 vobis
2149 1212 2221 1234 ser-

1245 1267 1303 1288 mo
1319 1253 1387 1288 Dei
1402 1266 1480 1287 curn
1496 1253 1678 1296 sapientia.
1731 1251 1786 1286 Sit
1800 1264 1880 1286 vera
1903 1253 2084 1295 diligentia
2107 1252 2144 1284 in
2167 1251 2222 1283 di-

1247 1305 1392 1343 scendo,
1417 1309 1508 1335 recte
1527 1303 1788 1344 distinguantur
1805 1302 1961 1334 membra
1985 1302 2166 1335 doctrinae
2189 1307 2225 1333 et

1247 1352 1388 1387 collatio
1406 1352 1557 1385 illustret
1571 1351 1762 1392 veritatem,
1789 1363 1861 1384 non
1876 1351 1918 1385 sit
1935 1351 2092 1385 recitatio
2109 1350 2225 1384 ociosa

1246 1400 1491 1449 βαττολογία,
1520 1408 1553 1434 et
1578 1401 1723 1434 omuino
1753 1408 2000 1435 removeantur
2015 1399 2224 1445 sophisticae

1248 1453 1453 1497 praestigiae
1488 1451 1646 1483 omnium
1673 1449 1937 1485 haereticorum.
1997 1450 2077 1483 Non
2110 1457 2223 1494 potest

1249 1508 1364 1535 autem
1380 1501 1553 1534 rectitudo
1573 1499 1695 1532 iudicii
1712 1499 1857 1533 retineri
1874 1499 1948 1532 sine
1964 1512 2046 1533 cura
2057 1500 2226 1539 discendi,

1250 1558 1283 1584 et
1299 1552 1373 1583 sine
1391 1550 1611 1582 invocatione
1628 1548 1705 1582 Dei.
1757 1548 1874 1591 Quare
1891 1555 1923 1582 et
1940 1549 2078 1583 Psalmo
2094 1549 2155 1585 46.
2169 1550 2226 1583 di-

1250 1608 1343 1634 ctum
1359 1606 1424 1634 est:
1448 1598 1591 1632 Psallite
1607 1599 1791 1642 sapienter.
1842 1597 1894 1632 Ac
1911 1611 2011 1644 saepe
2028 1597 2118 1632 mihi
2133 1600 2227 1633 mul-

1251 1659 1394 1695 tumque
1427 1649 1595 1692 cogitanti
1627 1649 1669 1681 de
1704 1650 1837 1692 optima
1870 1650 2006 1683 ratione
2042 1651 2226 1683 discendae

1253 1699 1485 1743 Theologiae‚
1514 1699 1730 1743 praeclarum
1755 1699 1867 1732 videri
1893 1700 2000 1739 solet,
2035 1701 2130 1745 quod
2155 1699 2228 1733 Lu-

1253 1749 1392 1791 therus‚
1414 1750 1512 1782 cuius
1528 1747 1756 1782 honorificam
1773 1749 1988 1782 mentionem
2005 1747 2072 1783 hoc
2089 1750 2127 1782 in
2151 1750 2228 1783 loco

1253 1802 1328 1834 fieri
1343 1801 1473 1834 iustum
1491 1806 1559 1839 est,
1581 1806 1613 1832 et
1634 1799 1719 1831 alias
1742 1810 1842 1843 saepe
1867 1799 1955 1833 dixit
1977 1806 2010 1833 et
2032 1800 2070 1833 in
2091 1800 2227 1844 praefa-

1255 1851 1352 1885 tione
1386 1850 1491 1894 primi
1526 1849 1632 1882 Tomi
1668 1848 1871 1882 Germanici
1908 1861 2053 1884 suorum
2082 1861 2230 1895 operum

1255 1902 1361 1946 paulo
1380 1899 1574 1934 accuratius
1597 1899 1769 1943 exposuit:
1799 1897 2033 1943 Theologiam
2056 1912 2173 1934 veram
2196 1907 2231 1933 et

1256 1952 1441 1985 salutarem
1458 1950 1570 1983 tribus
1589 1949 1831 1984 instrumentis
1846 1961 1962 1993 egere,
1987 1949 2231 1990 Meditatione,

1257 2013 1361 2047 quam
1380 2000 1509 2034 Paulus
1528 1998 1592 2033 hoc
1616 2001 1652 2032 in
1674 2001 1749 2033 loco
1773 1997 1975 2045 ἐνοίκησιν,
2002 2001 2088 2034 alibi
2108 2000 2231 2034 lectio-

1258 2064 1339 2085 nem
1354 2051 1528 2084 nominat:
1554 2049 1759 2084 Precatione
1774 2057 1806 2084 et
1822 2050 2035 2094 experientia
2048 2050 2232 2094 spirituali.

1259 2101 1311 2136 Ac
1333 2103 1374 2134 de
1395 2101 1594 2145 precatione
1611 2101 1741 2134 dicitur
1756 2100 1893 2134 Psalmo
1919 2100 2019 2136 119.:
2058 2100 2126 2134 Fac
2151 2112 2229 2133 cum

1260 2164 1359 2185 servo
1376 2158 1436 2185 tuo
1460 2152 1651 2185 secundum
1675 2150 1950 2185 misericordiam
1972 2157 2086 2189 tuam,
2120 2157 2153 2184 et
2177 2151 2232 2183 iu·-

1260 2202 1483 2237 stificationes
1499 2208 1575 2235 tuas
1591 2203 1676 2235 doce
1692 2213 1758 2237 me.

1361 2251 1449 2286 Cum
1466 2252 1572 2295 igitur
1586 2259 1717 2286 certum
1735 2252 1796 2293 sit,
1821 2250 1897 2285 Deo
1912 2251 2046 2294 placere
2061 2247 2145 2283 haec
2160 2257 2233 2283 stu-

1260 2303 1317 2336 dia
1333 2309 1468 2342 nostra,
1495 2309 1527 2336 et
1544 2302 1654 2336 Deum
1672 2303 1788 2335 adesse
1809 2301 2014 2335 docentibus
2040 2307 2073 2333 et
2095 2301 2233 2334 discen-

1260 2354 1354 2387 tibus
1371 2354 1461 2386 etad
1484 2353 1639 2386 coelestis
1654 2351 1828 2386 Ecclesiae
1854 2351 2143 2384 consuetudinem
2167 2347 2231 2383 hac

1261 2403 1418 2437 doctrina
1453 2400 1613 2436 homines
1641 2402 1740 2442 duci,
1771 2401 1941 2434 leniamus
1972 2401 2073 2434 nobis
2103 2399 2231 2434 horum

1262 2454 1456 2497 ingentium
1483 2454 1657 2486 bonorum
1685 2451 1892 2494 cogitatione
1923 2451 2061 2484 dolores
2084 2457 2234 2490 nostros,

1262 2511 1296 2538 et
1319 2504 1454 2537 animos
1478 2504 1514 2536 iu
1540 2501 1605 2536 hoc
1629 2513 1732 2535 cursu
1756 2501 1952 2535 studiorum
1974 2501 2233 2540 confirmemus,

1262 2566 1350 2599 quos
1374 2555 1516 2599 quidem
1542 2559 1580 2586 ut
1601 2558 1695 2594 regat
1720 2557 1753 2584 et
1775 2553 1955 2584 confirmet
1972 2552 2043 2595 ipse
2059 2551 2149 2584 filios
2167 2549 2231 2584 Dei

1262 2602 1386 2651 λόγος,
1412 2610 1485 2638 toto
1501 2615 1578 2636 eum
1596 2608 1732 2646 pectore
1750 2614 1823 2636 oro.
1876 2600 1969 2635 Dixi.
