2324 2955
234 128 306 165 835

234 213 393 255 Cumque
418 207 551 241 Tvrum
583 201 756 240 rediisset,
791 198 914 231 multis
939 199 1044 231 rebus
1067 198 1103 231 in
1125 197 1208 232 Asia

235 260 422 295 ordinatis,
450 246 606 287 Letoi-iter
630 252 727 284 duxit
752 249 939 282 exercitum
957 250 1120 281 adversus
1138 248 1210 282 Da-

235 315 335 345 rium.
386 306 544 348 Cumque
568 305 609 335 ad
635 299 762 335 Arbela
788 300 824 332 in
844 298 1020 343 Assyriam
1049 299 1211 337 venisset,

235 361 348 393 vicina
380 358 522 389 suerunt
551 351 741 388 Alexandri
772 357 805 382 et
834 347 934 382 Darii
964 356 1086 383 castra.
1157 348 1209 381 Ibi

236 419 354 442 mense
382 406 560 447 Augusto,
595 410 633 436 ut
658 397 866 434 Plutarchus
897 399 1036 438 recitat,
1073 398 1211 442 eclipsis

237 462 339 493 lunae
364 461 546 499 conspecta
570 459 637 489 est,
664 451 761 484 cuius
785 456 819 482 et
836 449 894 481 alii
912 449 1098 492 scriptores
1113 461 1212 481 men-

236 512 368 542 tionem
392 508 566 542 fecerunt,
593 503 653 547 qui
679 508 709 533 et
733 501 853 533 eodem
879 511 1014 536 mense,
1042 499 1098 531 die
1120 500 1213 531 vice-

238 562 325 592 simo
351 564 444 590 sexto
466 560 656 599 pugnatum
680 563 751 583 esse
775 550 870 584 dicit.
923 548 1003 591 Quo
1027 549 1064 580 in
1082 549 1212 592 praelio

239 608 443 653 profligatus
464 612 513 638 est
539 605 661 645 ingens
684 601 782 634 Darii
805 600 992 639 exercitus,
1026 598 1214 632 intersectis

238 659 428 700 nonaginta
459 655 616 688 millibus
640 651 835 684 hominnm.
903 649 1061 682 Fuerunt
1085 650 1120 681 in
1144 649 1214 681 acie

237 709 337 744 Darii
363 719 440 741 cum
459 703 596 741 Scythis
615 702 681 735 Dai
706 709 736 734 et
755 701 880 739 Sacae,
904 707 943 732 ut
966 699 1112 731 aliarum
1131 710 1216 740 gen-

238 761 325 792 tium
351 744 690 789 nomina-omittam.
752 749 855 783 Acies
877 750 923 783 ita
948 750 1117 781 instructa
1141 749 1216 787 suit,

240 819 277 842 ut
297 808 493 841 Alexander
519 806 553 835 iu
580 803 693 835 medio
720 807 805 832 esset
824 812 901 833 cum
921 797 1097 831 Thessalis
1118 799 1216 842 equi-

240 861 350 896 tibus,
382 856 496 889 Clitus
520 859 651 886 teneret
680 853 839 883 dextrum
866 861 996 891 cornu,
1033 848 1216 880 Parmenio

241 909 432 941 sinistrum.
486 903 552 937 [hi
580 903 639 934 etsi
666 900 765 934 multi
787 900 1114 932 interficiebantura
1133 899 1217 942 Scy-

240 957 344 991 thicis
375 963 408 989 et
434 953 627 988 Bactrianis
652 950 845 995 equitibus,
878 956 992 981 tamen
1019 949 1219 982 Alexander

241 1015 330 1041 recta
364 1007 405 1039 ad
430 1004 575 1039 Darium
605 1001 761 1039 accessit,
794 999 942 1031 mediam
968 998 1074 1030 aciem
1096 1004 1219 1030 tenen-

241 1067 329 1095 tem,
356 1067 426 1100 quo
452 1054 551 1097 pulso
574 1058 607 1084 et
629 1051 746 1092 fugato
769 1056 884 1091 postea
909 1059 1012 1091 opem
1035 1048 1115 1080 tulit
1133 1047 1219 1079 Par-

244 1106 397 1140 menioni
412 1131 419 1143 ‚
448 1105 507 1136 uhi
527 1101 693 1135 acerrima
712 1110 826 1142 pugna
843 1098 921 1131 suit.

342 1156 470 1188 Darius
495 1153 613 1196 pulsus
638 1150 727 1192 sugit
751 1160 812 1192 per
833 1148 906 1180 loca
925 1146 1032 1178 ardua
1051 1153 1083 1178 et
1101 1156 1219 1189 aspera

244 1210 278 1240 iu
304 1206 447 1240 Medos,
473 1205 528 1235 sed
549 1201 746 1236 Alexander
767 1205 859 1231 recta
882 1197 1023 1229 accessit
1046 1197 1087 1228 ad
1104 1195 1221 1239 Baby-

242 1259 358 1290 lonem
387 1263 417 1287 et
441 1254 548 1286 Susa,
578 1262 665 1294 quae
690 1249 793 1281 urbes
815 1248 906 1280 ultro
931 1246 1145 1278 deditionem
1170 1246 1221 1277 se-

244 1313 373 1340 ceruut.
427 1303 549 1335 Postea
572 1301 668 1332 duxit
690 1305 821 1341 partem
844 1297 1012 1329 exercitus
1030 1296 1065 1328 in
1086 1296 1223 1334 Medos,

242 1364 280 1389 ut
296 1354 442 1388 Darium
462 1356 743 1396 persequeretur,
770 1359 872 1391 quem
889 1346 1015 1378 Bessus
1031 1347 1222 1389 praefectus

241 1405 520 1439 Bactrianorum,
548 1411 625 1433 cum
643 1398 850 1440 intelligeret
860 1395 1099 1429 Alexandrum
1115 1406 1223 1438 prope

245 1468 331 1495 esse,
359 1453 542 1485 interserit.

344 1503 417 1536 Etsi
443 1510 554 1535 autem
575 1498 774 1533 Alexander
798 1502 874 1538 post
892 1507 1010 1528 necem
1029 1493 1127 1527 Darii
1144 1505 1223 1525 mox
1249 1493 1251 1513 ⁴¹

245 1557 280 1588 iu
305 1567 381 1588 eum
408 1554 520 1585 locum
546 1551 660 1589 venit,
687 1549 749 1581 ubi
773 1546 860 1580 tanti
885 1546 974 1588 regis
993 1555 1118 1587 corpus
1135 1544 1223 1575 vidit

246 1608 355 1637 iacere
379 1609 561 1636 cruentum
586 1608 618 1633 et
637 1600 709 1631 sine
728 1596 884 1634 honore,
912 1603 1026 1629 tamen
1048 1606 1118 1626 non
1138 1594 1225 1625 vidit

247 1657 421 1687 viventem
440 1652 602 1685 Darium:
631 1650 687 1680 sed
714 1649 786 1690 ipse
808 1646 902 1687 regio
927 1643 1061 1676 honore
1085 1643 1225 1685 sepeliri

245 1718 323 1737 eum
343 1703 485 1736 curavit.
539 1700 682 1732 Bessum
700 1708 781 1728 vero
798 1695 1052 1727 interfectorem
1068 1703 1224 1733 compre-

247 1754 393 1787 hensum
417 1751 514 1784 iussit
536 1748 704 1791 discerpi,
732 1745 910 1787 alligatum
933 1743 1067 1776 duabus
1090 1741 1224 1774 arbori-

247 1807 311 1837 bus
331 1802 476 1835 inflexis.

349 1852 414 1885 llic
438 1851 504 1884 suit
527 1849 638 1882 exitus
654 1846 742 1889 regis
758 1845 881 1883 Darii,
907 1843 966 1887 qui
985 1843 1086 1874 etiam
1106 1850 1153 1873 est
1170 1842 1225 1873 in-

248 1906 343 1944 signe
361 1901 555 1944 exemplum
572 1895 826 1930 inconstantiae
844 1905 959 1926 rerum
979 1891 1224 1924 humanarum.

247 1954 294 1987 Et
319 1953 458 1997 quidem
484 1956 554 1982 tota
573 1947 717 1980 mutatio
733 1944 891 1987 imperii.
919 1943 1040 1975 deletis
1060 1949 1110 1975 tot
1127 1941 1225 1973 urbi-

247 2006 329 2041 bus,
355 2009 388 2035 et
415 1999 595 2033 trucidatis
620 2004 671 2031 tot
695 1995 919 2033 exercitibus,
946 1993 1048 2037 plena
1068 1999 1116 2024 est
1133 1992 1226 2023 mul-

249 2062 361 2087 torum
386 2050 610 2083 horribilium
636 2046 891 2089 exemplorum,
918 2055 1006 2087 quae
1033 2048 1114 2075 sunt
1132 2053 1227 2074 com-

248 2102 520 2136 mones·¹cti0nes
535 2100 577 2131 de
592 2097 721 2130 iudicio
734 2095 814 2135 Dei,
839 2094 899 2138 qui
917 2105 990 2125 non
1008 2093 1134 2124 leniter
1149 2103 1227 2124 mu-

249 2161 296 2186 tat
327 2151 471 2195 imperia
505 2155 647 2193 propter
674 2146 783 2179 multa
812 2155 935 2183 magna
959 2144 1084 2175 scelera
1111 2140 1227 2173 homi-

249 2215 351 2237 num,
384 2208 422 2234 nt
454 2211 552 2243 saepe
585 2199 716 2231 dictum
745 2202 809 2228 est:
844 2193 992 2237 Propter
1016 2192 1226 2225 iniusticiam

250 2259 430 2286 mutantur
447 2261 564 2293 regna.

452 2336 517 2368 De
549 2335 700 2367 {ertia
734 2327 1020 2363 monarchia.

353 2400 495 2434 Mortuo
514 2396 735 2441 igiturDario
746 2422 755 2436 ,
782 2407 875 2428 anno
890 2406 971 2426 suae
987 2394 1108 2427 aetatis
1123 2393 1228 2437 qnin-

253 2452 471 2497 quagesimO,
505 2461 583 2481 cum
615 2453 789 2488 regnasset
819 2455 929 2477 anuos
950 2455 1026 2481 sex,
1061 2444 1226 2476 translata

254 2510 301 2535 est
320 2497 519 2533 monarchia
535 2510 552 2530 a
574 2497 685 2530 Persis
704 2497 745 2528 ad
768 2495 1025 2533 Alexandrum,
1052 2505 1130 2526 cum
1142 2493 1227 2526 Per-

253 2564 308 2585 sae
331 2550 522 2584 tenuissent
543 2559 617 2579 eam
641 2557 751 2578 annos
774 2548 943 2577 ducentos
968 2551 1000 2577 et
1023 2543 1126 2587 paulo
1152 2555 1228 2575 am-

254 2602 355 2646 plius.
407 2597 537 2642 Estque
553 2596 692 2629 initium
707 2594 859 2628 Graecae
876 2592 1097 2627 monarchiae
1115 2605 1227 2627 annus

254 2650 442 2686 Alexandri
462 2648 638 2691 septimus.

485 117 692 157 SCRIPTA
720 115 794 150 PH.
818 112 934 148 MEL¹
960 112 1028 147 AD
1053 113 1180 150 HtST.
1206 112 1347 149 PROF.
1374 109 1439 146 ET
1467 110 1657 147 PHILOS.
1679 109 1995 148 SPECTANTIA.

2163 113 2234 147 836

1363 195 1527 230 Extincto
1547 195 1655 229 Dario
1681 197 1765 229 anni
1790 197 1922 241 aliquot
1943 198 2138 241 consumpti
2160 205 2240 230 sunt

1265 248 1299 280 in
1319 247 1537 290 expeditione
1553 245 1689 287 Indica,
1716 249 1752 279 in
1769 259 1836 291 qua
1852 247 2004 290 primum
2023 248 2179 290 pervenit
2197 248 2240 280 ad

1264 298 1413 331 Taxilen
1426 324 1434 335 ,
1461 297 1521 341 qui
1540 308 1684 339 regnum
1704 295 1829 330 habuit
1847 309 1919 329 non
1937 296 2052 329 miuus
2070 295 2240 341 Aegypto,

1264 355 1297 380 et
1319 349 1476 380 ubertate
1497 358 1658 388 agrorum
1681 347 1856 381 eximium.
1910 345 1941 379 Is
1960 345 2150 379 Alexandri
2168 349 2239 379 sor-

1265 406 1370 430 tunae
1398 397 1540 435 cedens,
1573 397 1615 428 ad
1646 408 1726 430 enm
1756 397 1848 429 ultro
1877 397 2033 436 accessit,
2068 396 2241 441 inquiens,

1266 448 1356 480 nihil
1379 458 1467 490 opus
1490 458 1561 479 esse
1586 447 1697 484 bello,
1723 447 1827 478 malle
1853 458 1887 477 se
1912 447 2086 479 beneficiis
2103 454 2242 480 certare.

1266 499 1303 532 Si
1327 498 1370 531 sit
1387 497 1582 539 potentior,
1607 508 1642 528 se
1660 498 1822 529 daturum
1841 508 1911 528 esse
1928 509 2068 528 munera
2090 496 2242 529 Alexan-

1267 550 1349 587 dro,
1383 548 1409 579 si
1434 547 1596 587 inferior,
1625 558 1660 578 se
1683 554 1818 588 gratum
1841 547 1933 585 fore,
1963 547 1988 578 si
2014 547 2177 579 beneficia
2199 548 2242 578 ab

1268 600 1342 641 ipso
1363 597 1542 640 acceperit.
1597 595 1797 629 Alexander
1820 598 1984 628 adversus
2007 596 2100 628 ultro
2117 597 2243 628 ceden—

1268 656 1335 682 tem
1361 646 1450 680 nihil
1474 645 1599 679 hostile
1616 647 1812 679 faciendum
1830 658 1901 678 esse
1919 646 2071 683 censuit,
2099 646 2192 678 dedit
2213 653 2244 678 et

1269 699 1397 741 accepit
1417 698 1507 737 regia
1524 698 1633 733 dona,
1662 704 1692 729 et
1711 708 1854 739 regnum
1874 708 1952 728 eum
1970 703 2086 729 tenere
2102 696 2209 729 iussit.

1370 748 1505 780 Deinde
1530 760 1607 779 cum
1624 746 1716 779 Poro
1739 758 1817 789 rege
1840 746 2007 779 Indorum
2035 747 2163 778 bellum
2188 757 2245 787 ge-

1270 806 1359 831 stum
1384 805 1443 830 est.
1495 797 1580 829 Nam
1608 797 1636 828 is
1659 797 1827 829 dimicare
1843 808 1920 828 cum
1941 794 2130 828 Alexandri
2150 808 2246 828 exer-

1271 850 1340 881 eitu
1364 859 1467 880 ausus
1490 854 1573 881 erat.
1626 846 1693 879 Sed
1720 859 1797 879 cum
1824 854 1943 889 captus
1963 853 2070 887 esset,
2096 848 2247 878 interro-

1271 905 1326 940 gat
1356 910 1433 929 eum
1467 898 1682 930 Alexander:
1724 898 1901 941 quomodo
1933 903 2070 937 captum
2101 902 2246 929 tractare

1272 948 1480 979 conveniat?
1535 946 1732 988 Respondit
1762 947 1835 978 ille:
1875 946 2081 989 βσσιλικιῦς.
2140 944 2249 978 Cum-

1272 1010 1339 1041 que
1370 998 1560 1037 interrogat
1586 996 1798 1029 Alexander:
1839 1009 1881 1027 an
1913 1003 2084 1038 praeterea
2116 995 2249 1039 aliquid

1274 1047 1427 1090 peteret'.>
1468 1047 1647 1088 respondit
1673 1045 1803 1085 Porus,
1830 1048 1946 1077 onmia
1974 1057 2009 1077 se
2031 1046 2248 1088 complexum

1273 1108 1361 1134 esse,
1387 1108 1465 1127 cum
1490 1096 1578 1127 dixit
1601 1094 1808 1138 βασιλικῶς.
1862 1094 2150 1136 Ostenditigitur
2166 1094 2250 1126 Ale-

1272 1147 1406 1178 xander
1438 1145 1656 1177 clementiam
1688 1146 1872 1188 praecipue
1903 1145 2032 1186 regiam
2065 1155 2154 1183 esse,
2188 1156 2250 1176 nec

1274 1197 1381 1228 vitam
1412 1206 1475 1226 nec
1507 1206 1653 1237 regnum
1684 1195 1714 1226 ei
1742 1196 1892 1234 ademit,
1928 1201 2063 1228 tantum
2087 1206 2148 1238 pro
2174 1205 2251 1236 rege

1275 1245 1451 1278 nominari
1471 1252 1640 1288 satrapam
1659 1245 1769 1279 iussit.

1378 1294 1471 1327 llaec
1505 1296 1677 1338 sapienter
1709 1303 1739 1328 et
1773 1296 1960 1328 clementer
1991 1295 2079 1327 sacta
2102 1294 2251 1327 maxime

1276 1346 1444 1377 decebant
1476 1355 1607 1385 regem,
1649 1345 1690 1376 ad
1725 1356 1826 1387 quem
1860 1344 2015 1376 scribens
2047 1343 2253 1376 Aristoteles

1276 1394 1436 1427 hortatur
1461 1406 1558 1432 eum,
1586 1401 1624 1426 ut
1647 1394 1788 1434 cogitet,
1812 1405 1957 1435 regnum
1983 1405 2000 1426 a
2020 1393 2094 1427 Deo
2112 1394 2175 1436 ipsi
2193 1395 2255 1425 da-

1276 1452 1349 1477 tum
1365 1456 1447 1483 esse,
1474 1445 1517 1476 ah
1534 1445 1820 1476 benefaciendum
1837 1445 1952 1487 generi
1968 1442 2139 1476 humano:
2165 1442 2254 1487 πρὸς

1277 1492 1505 1541 εὐξργεσίαν,
1535 1493 1577 1528 οὐ
1601 1492 1690 1538 πρὸς
1713 1492 1835 1538 ὕβριν.
1890 1493 1984 1526 Haec
2007 1494 2050 1526 al)
2067 1493 2254 1527 Aristotele

1278 1545 1478 1587 gravissime
1514 1546 1641 1587 scripta
1682 1551 1773 1578 sunt.
1847 1543 2120 1576 Constituuntur
2159 1544 2252 1575 enim

1278 1607 1382 1637 regna
1411 1595 1597 1629 divinitus,
1631 1601 1669 1626 ut
1694 1595 1801 1635 leges,
1835 1605 1952 1636 pacem
1977 1601 2006 1627 et
2031 1594 2254 1637 disciplinam

1278 1645 1494 1681 custodiant,
1521 1651 1550 1675 et
1578 1645 1664 1675 liene
1688 1644 1731 1676 sit
1757 1644 1933 1675 communi
1959 1641 2124 1676 honestae
2147 1644 2255 1675 socie-

1279 1694 1340 1726 tati
1381 1690 1584 1731 hominum,
1627 1693 1712 1724 sicut
1744 1692 1873 1724 Paulus
1907 1693 2023 1736 iuquit
2052 1694 2092 1724 ad
2124 1691 2255 1726 Rorna-

1280 1755 1343 1775 nos
1369 1743 1439 1775 13.:
1477 1742 1702 1782 Magistratus
1726 1740 1789 1774 Dei
1823 1742 1984 1774 minister
2014 1749 2081 1782 est,
2118 1743 2181 1774 tihi
2212 1745 2253 1775 ad

1279 1794 1423 1825 bonum.
1484 1791 1530 1824 Et
1556 1791 1711 1824 Danielis
1744 1799 1962 1835 praeceptum
1994 1799 2043 1825 est
2074 1793 2115 1825 ad
2141 1804 2255 1835 regem

1278 1841 1511 1875 Chaldaeum:
1547 1841 1672 1874 Libera
1696 1849 1729 1873 te
1753 1853 1769 1872 a
1795 1849 1933 1885 peccato
1951 1842 2085 1874 iusticia
2103 1849 2133 1875 et
2151 1843 2256 1876 hene-

1279 1893 1366 1925 ficiis
1383 1903 1461 1933 erga
1479 1902 1666 1934 paupereS,
1694 1891 1728 1923 id
1748 1899 1814 1931 est,
1842 1892 1969 1924 iniuste
1988 1904 2181 1936 oppressos,

1381 1940 1487 1975 Hunc
1508 1942 1612 1973 finem
1633 1948 1725 1974 certe
1753 1942 1946 1984 intelligere
1965 1949 1998 1975 et
2014 1943 2141 1975 intueri
2158 1944 2258 1986 prin-

1280 1993 1372 2035 cipes
1403 1992 1544 2026 debent.
1594 1991 1666 2024 Nec
1698 1993 1767 2025 sint
1794 1992 1938 2036 imperia
1964 1993 2091 2025 similia
2116 1994 2258 2026 latroci-

1281 2044 1442 2081 niorum,
1477 2054 1627 2086 quorum
1652 2043 1731 2074 finis
1757 2049 1823 2080 est,
1858 2049 1994 2075 tantum
2023 2055 2148 2076 nocere
2170 2044 2257 2077 aliis¹

1281 2093 1351 2126 Nec
1375 2100 1464 2126 recte
1490 2093 1669 2136 respondit
1688 2093 1887 2125 Alexandro
1908 2093 2016 2136 pirata
2034 2101 2171 2136 captus,
2198 2094 2255 2137 qui

1282 2144 1533 2184 interrogatus,
1568 2155 1630 2175 cur
1653 2143 1687 2175 in
1713 2142 1803 2175 Mari
1829 2141 2052 2176 latrocinium
2076 2151 2257 2182 exerceret,

1281 2193 1476 2237 respondit:
1504 2192 1593 2233 Cur,
1623 2205 1699 2225 cum
1723 2200 1759 2226 tu
1783 2205 1939 2226 exerceas
1963 2194 1998 2227 in
2017 2193 2126 2225 Terra
2149 2195 2257 2226 latro-

1281 2244 1433 2283 cinium,
1466 2241 1551 2275 mihi
1586 2255 1656 2276 non
1690 2244 1779 2276 idem
1810 2244 1845 2275 iu
1878 2244 1963 2275 mari
1995 2243 2120 2276 liceat?
2177 2243 2256 2276 Non

1282 2295 1373 2326 enim
1397 2301 1468 2327 erat
1492 2294 1579 2326 latro
1603 2292 1820 2333 Alexander,
1861 2295 1916 2325 sed
1943 2305 2020 2332 rex,
2062 2293 2255 2335 legitimum

1282 2345 1467 2387 imperium
1484 2350 1622 2385 tenens,
1650 2350 1681 2376 et
1699 2356 1819 2386 gerens
1835 2344 1923 2375 bella
1941 2343 2046 2381 iusta,
2076 2344 2110 2375 in
2131 2343 2257 2388 quibus

1281 2393 1375 2427 Deus
1394 2395 1429 2426 in
1448 2406 1524 2426 eum
1543 2395 1721 2428 transtulit
1735 2390 1990 2431 monarchiam,
2019 2400 2056 2426 ut
2072 2393 2255 2427 Persarum

1280 2445 1440 2488 tyrannis
1473 2445 1674 2487 puniretur,
1715 2450 1747 2476 et
1775 2444 2040 2476 restituerentur
2066 2444 2101 2475 in
2132 2455 2256 2485 genere

1281 2492 1436 2527 humano
1464 2495 1553 2537 leges
1579 2502 1610 2527 et
1635 2493 1830 2537 disciplina.
1891 2493 1961 2526 ‘Nec
1982 2495 2023 2526 de
2047 2494 2149 2526 bellis
2173 2492 2255 2526 Ale-

1280 2546 1403 2578 xandri
1421 2545 1521 2588 plura
1536 2545 1671 2578 addam.

1382 2595 1463 2628 Post
1488 2595 1648 2627 victorias
1665 2601 1778 2626 autem
1799 2595 1833 2626 in
1853 2595 1920 2627 vita
1939 2595 2125 2627 domestica
2144 2605 2255 2627 mores

1282 2645 1388 2688 ipsius
1406 2645 1505 2677 valde
1519 2644 1640 2676 mutati
1659 2652 1749 2678 sunt.
1778 2646 1866 2678 utin
1885 2645 1958 2688 ipw
1974 2645 2155 2688 praecipue
2171 2656 2255 2676 con-
