2324 2955
317 215 470 249 Tantum
495 210 561 243 hoc
584 214 739 249 tempore
766 205 810 237 de
833 201 989 236 Ecclesia
1021 201 1111 243 dixi,
1143 201 1186 234 ad

219 265 448 302 consolandos
471 260 565 303 pios,
592 263 713 290 contra
738 255 880 287 illorum
904 253 1091 293 clamores,
1127 251 1188 295 qui

221 329 297 350 cum
313 325 385 347 non
402 311 513 344 velint
536 307 657 353 quaeri
674 304 848 338 Ecclesiae
870 303 1089 342 societatem,
1115 313 1189 334 non

221 368 332 400 solum
350 358 533 406 ἀναρχίαν
552 365 584 391 et
600 354 844 399 dissipationes
862 353 1001 396 publice
1025 352 1190 391 efficiunt,

221 417 279 449 sed
293 414 395 446 etiarn
412 410 576 455 privatim
595 406 749 449 singulos
766 404 996 448 praecipitant
1020 402 1058 434 in
1072 401 1191 445 perni-

221 466 329 498 ciosas
345 461 592 495 dubitationes.
646 455 734 490 Cum
753 461 869 488 autem
885 465 946 486 vos
960 452 1114 485 iuniores
1129 463 1191 484 au-

221 515 341 552 diatis,
369 510 622 545 controversias
640 505 878 550 gravissimas,
906 514 978 535 non
1002 513 1100 546 posse
1119 501 1192 534 sine

221 563 420 597 eruditione
436 559 622 594 diiudicari
640 564 672 590 et
687 555 833 599 exponi,
860 560 893 586 et
917 553 1003 586 oriri
1026 552 1193 596 plurimas

223 612 515 647 hallucinationes
541 611 583 643 ab
610 606 777 643 indoctis,
819 604 961 636 excitate
988 614 1049 635 vos
1072 603 1115 634 ad
1139 601 1195 634 ‹li-

223 665 387 698 scendum
407 668 548 706 propter
564 658 709 702 gloriam
730 654 810 695 Dei,
836 660 869 686 et
885 659 1027 697 propter
1050 652 1194 684 salutem

224 725 446 748 communem
471 718 503 744 et
527 716 691 747 vestram,
727 712 760 738 et
784 704 908 737 studiis
923 704 1060 735 miscete
1076 713 1196 746 preca-

224 766 374 801 tionem,
403 763 491 795 sieut
516 759 682 802 scriptum
710 762 775 788 est:
814 754 984 787 Subditus
1011 759 1081 786 esto
1107 750 1196 791 Deo,

224 823 257 848 et
274 825 334 847 ora
354 824 443 846 eum.
495 809 541 843 Et
566 809 654 841 sicut
677 807 802 839 usitate
827 804 972 837 dieitur:
1006 802 1143 835 Labora
1164 807 1198 833 et

223 876 294 898 ora.
348 863 447 904 Quae
465 861 492 892 si
509 860 657 898 facietis,
685 868 757 888 non
775 854 930 887 dubitate
954 853 1067 887 studia
1084 858 1197 884 vestra

224 913 386 947 salutaria
412 911 511 943 vobis
535 917 568 942 et
590 909 667 941 aliis
689 907 805 939 sutura
833 915 914 936 esse.
967 903 1075 946 Saepe
1094 902 1198 934 etiam

223 964 411 1006 cogitemus
427 959 531 993 huius
545 959 706 996 ultimae,
733 954 916 996 languidae
933 959 964 986 et
992 953 1120 985 delirae
1145 963 1198 984 se-

226 1165 329 1197 mula.

226 1224 346 1246 eorum
370 1222 524 1244 summae
548 1220 641 1242 nunc
666 1205 847 1250 propiores
872 1205 970 1236 flunt.

225 1321 257 1346 et
274 1311 455 1355 sophistas,
483 1316 520 1342 ut
538 1309 631 1340 idola
647 1305 772 1338 maiori
789 1303 993 1335 erudelitate
1010 1302 1200 1338 stabiliant,

224 1375 327 1407 quam
351 1368 463 1393 antea.
525 1357 628 1391 Scitis
655 1355 747 1387 enim
774 1353 810 1384 in
837 1351 973 1388 Gallia,
1080 1399 1089 1404 -

227 1412 383 1454 BelgieO,
413 1408 619 1442 horribilem
643 1403 821 1438 saevitiam
846 1400 1006 1434 exerceri.
1058 1399 1130 1432 lNec
1154 1399 1201 1431 si-

225 1474 302 1495 mus
320 1462 404 1493 adeo
420 1459 542 1497 ferrei,
570 1463 608 1489 ut
626 1467 688 1486 nec
703 1455 746 1485 de
763 1451 1005 1494 magnitudine
1028 1449 1201 1492 periculo-

226 1525 323 1551 rum,
351 1522 413 1542 nec
439 1510 480 1540 de
508 1505 688 1550 praesidiis
710 1502 909 1543 cogitemus.

225 1562 300 1595 Deo
318 1559 444 1602 gratias
460 1567 610 1599 agamus,
628 1553 721 1597 quod
740 1551 842 1583 nobis
860 1549 1114 1592 aliqiiantisper
1128 1559 1200 1579 me-

227 1669 265 1694 nt
283 1660 439 1693 doctrina
455 1662 675 1701 propagetur.
728 1651 865 1684 Deinde
882 1649 1124 1691 magnitudine
1141 1659 1201 1691 pe-

227 1712 421 1744 riculorum
456 1703 739 1741 commonefacti‚
770 1702 807 1732 in
838 1700 1003 1732 discendo
1038 1705 1071 1731 et
1100 1699 1201 1729 invo-

229 1763 339 1795 cando
364 1759 471 1792 simus
498 1755 732 1792 ardentiores,
769 1763 831 1783 nee
847 1750 1060 1783 somniemus
1078 1745 1202 1780 huma-

230 1823 310 1844 nam
336 1808 551 1850 diligentiam
588 1803 669 1837 huic
699 1801 936 1844 magnitudini
966 1799 1202 1842 periculorum

229 1873 346 1906 parem
371 1870 453 1891 esse.
508 1856 577 1889 Sed
600 1855 707 1887 simus
732 1863 903 1883 memores
927 1850 1020 1882 vocis
1044 1848 1108 1880 filii
1124 1848 1202 1887 Dei,

229 2022 350 2046 rursus
368 2016 401 2042 et
419 2007 620 2041 consolatur
635 2015 699 2036 nos
716 2010 747 2036 et
766 2001 934 2035 auxilium
958 1999 1132 2044 promittit
1149 1999 1204 2031 in-

229 2061 434 2095 vocantibus
462 2057 640 2101 inquiens:
675 2053 817 2095 Quanto
842 2051 950 2094 magis
972 2057 1069 2094 pater
1093 2056 1205 2082 vester

231 2111 386 2146 coelestis
405 2108 502 2141 dabit
521 2106 693 2149 Spiritum
712 2110 869 2135 sanctum
888 2101 1104 2144 petentibuS‚
1133 2112 1205 2132 non
1230 2101 1233 2138 ἱ

231 2164 279 2196 ait
319 2157 598 2204 repugnantibus
640 2160 673 2186 et
708 2152 905 2196 petulanter
946 2151 1132 2184 ruentibus
1169 2151 1233 2198 3¹¹}

234 2212 349 2245 omnia
373 2209 517 2248 scelera,
553 2206 611 2239 sed
637 2202 819 2244 coniungit
842 2201 1046 2245 petitionem
1067 2208 1098 2234 et
1124 2213 1207 2243 pro-
1232 2206 1234 2223 ='

233 2261 452 2298 missionem,
484 2269 561 2290 cum
585 2256 650 2289 ait:
689 2253 800 2286 Petite
824 2258 856 2284 et
881 2250 1067 2294 accipietis.
1124 2250 1207 2283 Vult

231 2310 326 2345 Deus
344 2309 562 2342 invocatione
583 2318 617 2338 se
632 2304 718 2344 coli,
746 2309 777 2335 et
794 2302 837 2335 ab
854 2302 1017 2334 omnibus
1042 2302 1207 2333 creaturis

233 2360 402 2398 discerni,
431 2365 462 2389 et
480 2358 553 2389 vult
568 2357 604 2388 in
622 2353 843 2387 invocatione
861 2352 970 2384 filium
990 2352 1142 2392 agnosci,
1160 2352 1207 2383 si-

234 2418 290 2445 cut
309 2411 379 2454 ipse
399 2407 524 2452 inquit:
553 2404 728 2450 Quicquid
746 2402 912 2446 petieritis
938 2408 1069 2445 patrem
1090 2401 1124 2433 in
1144 2413 1208 2433 no-

234 2463 330 2495 minc
348 2472 442 2497 meo,
471 2456 566 2490 dabit
584 2456 693 2490 vobis.
747 2453 839 2488 Dixi.

726 118 885 155 DECL.
919 115 992 153 DE
1027 115 1214 153 DICTO
1260 119 1278 152 1
1315 112 1585 152 PARALIP.
1622 113 1684 148 17.

962 1499 1030 1532 Sed
1048 1499 1200 1542 primum
1225 1514 1227 1544 i

1226 1550 1227 1556 ¹
1255 1556 1365 1577 annos
1383 1545 1479 1576 mille
1499 1545 1709 1588 quingentos
1728 1545 1853 1587 viginti
1877 1556 1944 1577 sex.

228 1611 359 1644 diocria
383 1606 576 1640 Halm-onia
601 1605 743 1639 tribuit,
779 1608 811 1633 ct
836 1600 944 1633 tribui
974 1610 1012 1630 ea
1044 1598 1201 1636 sciamus,
1225 1635 1228 1640 Α

1234 2663 1237 2684 2
1262 2656 1383 2683 tamus.

2144 113 2217 149 372

1239 250 1304 284 No.
1324 248 1406 283 178.
2065 262 2112 284 an.
2124 251 2218 282 1560.

1251 294 1417 311 »οφ-...α
2051 296 2212 309 Μ

1411 355 1485 395 De
1524 352 1644 395 dicto
1674 357 1698 398 l
1738 354 1947 410 Paralip.
1982 356 2046 399 17.

1315 450 1343 474 lu
1365 448 1492 475 oration.
1511 449 1543 474 T.
1562 448 1594 474 V.
1613 458 1638 482 p.
1652 448 1726 480 230„
1748 448 1823 475 Rich.
1840 449 1886 475 111.
1905 458 1930 484 p.
1945 449 2004 476 250.
2025 454 2050 476 et
2065 450 2092 476 in
2105 449 2219 477 Oratio-

1347 483 1464 509 tionibus
1483 483 1626 517 postremis
1645 492 1670 517 p.
1688 483 1749 508 246.

1247 563 1370 595 Oratio
1399 558 1464 605 (cle
1489 559 1608 594 dicto.-
1638 560 1784 604 Aspicis
1807 570 1866 594 me
1895 562 1935 593 in
1955 558 2080 605 forma
2104 561 2221 597 homi-

1247 610 1321 654 nis)
1353 612 1519 644 recitata
1555 621 1577 644 a
1613 611 1757 644 Paulo
1791 609 1960 653 Ebero,
2000 612 2099 644 Past.
2130 613 2221 647 Eccl.

1251 660 1395 702 ii'iteb„
1429 671 1511 694 cum
1530 659 1675 706 gradus
1692 662 1896 695 Doctorum
1914 659 2136 707 Theoloyiae
2157 660 2224 696 de-

1360 714 1574 745 cerneretur
1588 713 1674 745 Rev.
1697 713 1772 745 viro
1788 713 1839 745 M.
1856 710 1996 745 Davidi
2015 712 2109 746 Voit.

1578 759 1639 795 die
1659 760 1720 796 29.
1743 763 1890 795 Martii.

1248 829 1333 869 Etsi
1356 835 1514 879 quotidie
1536 835 1580 868 de
1608 835 1771 868 mirando
1801 835 1947 868 consilio
1973 836 2225 880 redemptionis

1249 886 1385 928 generis
1410 882 1556 918 humani
1579 885 1617 916 in
1639 885 1737 918 omni
1764 885 1984 918 invocatione
2001 886 2226 928 cogitandum

1221 939 1224 962 ¹
1250 942 1316 968 est:
1346 943 1461 968 tamen
1488 935 1572 967 anni
1595 942 1732 978 tempus
1757 946 1852 968 nunc
1870 946 1991 967 omnes
2014 936 2090 978 pios
2104 937 2228 968 admo-

225 1021 343 1047 nectae
362 1011 488 1044 mundi
504 1009 594 1042 mala
611 1018 697 1052 quae
717 1005 891 1049 praedicta
912 1009 1012 1041 sunt,
1036 1009 1075 1035 ut
1104 1013 1198 1041 cura,
1221 966 1225 1047 l
1250 992 1326 1026 uet’
1353 992 1394 1018 ut
1417 996 1529 1041 mfssol'
1555 991 1843 1042 S¹t¹ffien1¹.0‚·et
1861 996 1978 1017 Offillla
1997 986 2158 1041 miranda
2174 986 2226 1018 sa-

226 1063 391 1097 sedulitas
409 1068 441 1094 ct
460 1060 675 1104 precationes
698 1055 946 1093 intendantur,
973 1053 1061 1085 sicut
1075 1051 1200 1084 Domi-
1223 1058 1225 1085 t
1251 1042 1314 1073 Εἶθ’
1341 1046 1429 1079 ‘luae
1447 1046 1483 1066 ¹¹¹
1501 1032 1567 1067 ¹¹00
1582 1042 1719 1078 ἱεέΠΨ115
1736 1035 1910 1075 meldum,
1927 1035 2202 1069 COssSlderentur.

226 1126 292 1146 nus
316 1113 446 1156 inquit:
479 1108 588 1143 Orate
611 1115 649 1141 ut
672 1105 809 1149 possitis
844 1104 994 1145 effugere
1022 1100 1198 1134 venientia
1223 1089 1226 1130 l

382 1161 513 1194 Crescit
539 1159 650 1192 rabies
666 1155 920 1193 Diabolorum‚
951 1152 1033 1197 quia
1067 1162 1199 1195 poenae
1223 1156 1226 1199 l
1252 1161 1316 1182 nos
1345 1149 1533 1194 quinquies
1558 1149 1673 1190 mille,
1702 1150 1912 1194 quingentos
1938 1156 1969 1183 et
1995 1150 2118 1193 viginti
2142 1152 2230 1184 duos

1029 1201 1076 1234 Hi
1100 1207 1199 1244 petu-
1224 1203 1226 1243 ζ

225 1264 370 1296 lantiam
394 1261 614 1303 ingeniorum
637 1257 847 1295 accendunt,
875 1259 1009 1286 armant
1033 1258 1201 1296 tyrannos
1224 1248 1226 1278 ¹,

1353 1098 1438 1132 Cras
1463 1099 1576 1142 prima
1603 1099 1677 1131 dies
1704 1100 1787 1140 erit,
1811 1112 1878 1144 qua
1900 1101 2053 1133 mundus
2070 1107 2150 1135 ante
2165 1113 2230 1134 an-

1252 1200 1412 1232 conditus
1428 1207 1487 1234 est.

1358 1265 1424 1298 Die
1447 1266 1503 1298 17.
1525 1266 1613 1299 Maii
1634 1266 1745 1308 prima
1762 1266 1836 1298 dies
1853 1266 1917 1299 erit
1933 1266 2060 1299 diluvii
2073 1274 2152 1301 ante
2168 1278 2231 1300 an-

1018 1350 1063 1382 Π,
1159 1350 1165 1355 ,
1225 1337 1226 1344 1
1253 1326 1318 1347 nos
1336 1322 1387 1347 ter
1403 1314 1500 1346 mille
1515 1315 1734 1357 octingentos
1751 1315 1924 1357 sexaginta
1950 1326 2018 1351 sex.

1031 1364 1035 1365 ⁷
1056 1361 1200 1393 ispania,
1225 1366 1227 1369 ·

1355 1380 1421 1413 Die
1440 1378 1641 1425 15.Aprilis
1661 1382 1773 1425 prima
1792 1381 1865 1414 dies
1884 1381 1950 1414 erit
1970 1382 2175 1424 egressionis
2191 1393 2232 1416 ex

1226 1452 1227 1455 =
1255 1429 1425 1474 Aegypto,
1443 1438 1520 1462 ante
1539 1442 1650 1463 annos
1665 1438 1717 1463 ter
1732 1431 1829 1462 mille
1845 1431 2019 1472 sexaginta
2037 1432 2205 1476 quinque.

1355 1494 1420 1527 Die
1445 1496 1506 1530 25.
1527 1495 1649 1528 Martii
1673 1495 1764 1528 filius
1781 1493 1846 1527 Dei
1873 1495 2054 1530 crucifixus
2079 1505 2129 1532 est
2151 1505 2231 1532 ante

1355 1609 1640 1644 Consentaneum
1660 1617 1709 1643 est
1725 1618 1758 1644 et
1772 1609 1863 1644 Abel
1882 1611 1983 1645 initio
2001 1611 2101 1646 Veris
2119 1614 2231 1648 inter—

1226 1670 1228 1706 ]
1253 1662 1382 1694 sectum
1400 1673 1483 1701 esse,
1501 1668 1534 1694 et
1550 1661 1644 1694 Isaac
1663 1662 1786 1694 eodem
1802 1661 1887 1693 anni
1905 1668 2060 1705 tempore
2075 1664 2232 1698 oblatum

1226 1711 1229 1762 ζ
1255 1723 1343 1750 esse,
1371 1723 1450 1744 cum
1476 1712 1549 1756 typi
1574 1717 1686 1744 essent
1711 1709 1854 1745 Christi.

1227 1780 1229 1811 ξ
1255 1773 1370 1806 presse
1390 1762 1573 1801 scribitur,
1601 1762 1690 1794 circa
1708 1759 1839 1794 Pascha
1863 1762 2074 1796 trucidatum
2100 1776 2182 1798 esse.

1916 1710 1969 1744 De
1993 1711 2149 1757 Baptista
2173 1727 2232 1748 ex-

1357 1828 1451 1860 Haec
1472 1828 1632 1860 miranda
1661 1827 1855 1870 spectacula
1888 1828 2082 1868 intuentes,
2122 1843 2232 1875 agno-

230 1913 291 1957 qui
317 1909 449 1954 inquit:
484 1906 568 1940 Siue
593 1916 648 1937 me
683 1900 773 1935 nihil
807 1900 950 1944 potestis
979 1900 1103 1932 facere.
1158 1896 1204 1931 [jt
1228 1891 1230 1943 's
1256 1890 1349 1912 seem
1373 1885 1405 1911 et
1429 1878 1612 1922 deplm‘u'e
1637 1885 1756 1911 nostra
1772 1885 1930 1921 peccat&
1955 1885 1990 1913 et
2003 1880 2081 1913 ΠΕΟ
2103 1882 2232 1924 gratias

230 1968 344 1995 autem
365 1957 517 1992 ostendit
534 1956 638 1988 uobis
655 1952 932 1986 imbecillitatem
956 1956 1127 1982 nostram:
1157 1949 1203 1981 ita
1228 1960 1231 1999 ³>
1385 1979 1393 1984 N
1417 1979 1423 1985 ,
1609 1980 1616 1985 ‚
1900 1979 1907 1986 ⁶
2041 1980 2048 1986 .

1228 2003 1231 2031 ι
1258 1986 1356 2023 ptore
1376 1979 1448 2011 11110
1460 2005 1468 2019 ,
1495 1987 1528 2012 et
1545 1986 1694 2012 excitare
1712 1980 1817 2013 corda
1838 1981 1881 2012 ad
1899 1987 2154 2014 1nvocat10nem
2171 1983 2231 2015 de-

1257 1940 1356 1970 agere
1378 1940 1442 1972 pro
1468 1929 1776 1972 patefactionibus,
1811 1935 1844 1962 et
1867 1941 1929 1972 pro
1962 1929 2067 1962 misso
2093 1932 2231 1964 redem-

1259 2030 1435 2063 bebamus.

1357 2087 1405 2120 At
1425 2085 1513 2130 proh
1537 2087 1657 2127 dolor,
1682 2094 1721 2121 ut
1745 2088 1782 2120 in
1808 2089 1917 2122 saevis
1934 2089 2069 2122 morbis
2084 2096 2162 2134 post
2175 2091 2233 2123 in-

1259 2138 1403 2172 tervalla
1439 2138 1586 2170 redeunt
1616 2138 1806 2171 atrociores
1836 2140 2050 2184 paroxysmi‚
2085 2139 2132 2172 ita
2164 2138 2231 2173 hoc

1259 2196 1415 2232 tempore
1448 2188 1485 2220 in
1516 2188 1637 2220 multis
1666 2189 1825 2222 furorum
1849 2190 2062 2222 incrementa
2091 2197 2172 2224 sunt
2197 2198 2231 2224 et

1260 2235 1443 2283 εἳσρολαιῖ,
1471 2245 1509 2271 ut
1528 2237 1751 2272 Medicorum
1776 2239 1891 2273 verbis
1916 2246 2003 2273 utar.
2056 2238 2229 2273 Helluan-

1233 2311 1234 2315 =
1260 2297 1334 2330 tur,
1361 2296 1577 2322 concurrunt
1601 2300 1673 2321 non
1695 2290 1739 2322 ad
1765 2289 1942 2327 convivia,
1967 2289 2026 2321 sed
2050 2296 2088 2323 ut
2105 2287 2231 2326 huma-

1233 2348 1235 2359 *
1260 2352 1344 2372 num
1368 2351 1526 2371 cruorem
1553 2337 1738 2380 hauriant,
1770 2339 1984 2373 denunciant
2009 2339 2075 2372 sibi
2092 2347 2230 2376 mutuas

1261 2390 1428 2422 lanienas.

1361 2447 1455 2480 Haec
1478 2460 1541 2481 uos
1564 2459 1679 2486 senes,
1707 2458 1744 2479 ac
1769 2448 1972 2490 praesertim
1995 2451 2075 2490 n‘os,
2101 2449 2230 2494 quibus

1234 2495 1235 2525 3
1261 2497 1436 2532 Ecclesiae
1455 2498 1661 2541 gubernatio
1679 2498 1916 2531 commendata
1931 2506 1990 2540 est,
2018 2510 2090 2532 non
2107 2511 2231 2544 possu-

1261 2561 1337 2581 mus
1356 2549 1429 2580 sine
1448 2548 1577 2590 ingenti
1600 2547 1720 2579 dolore
1748 2548 1916 2590 aspicere,
1944 2549 2004 2594 qui
2028 2550 2168 2594 quidem
2197 2558 2230 2585 et

1264 2610 1399 2638 causas,
1428 2605 1460 2631 et
1475 2604 1650 2630 secuturas
1670 2609 1798 2640 poenas
1818 2596 1943 2632 horum
1960 2600 2118 2633 surorum
2135 2601 2226 2643 cogi-

1432 2647 1623 2691 Disciplina
1638 2647 1745 2690 magis
1761 2649 1937 2694 magisque
1954 2649 2088 2684 laxatur
2106 2651 2229 2683 imma-
