2324 2955
189 128 261 161 447

296 212 330 245 4.
376 210 448 242 lmo
476 203 693 249 impossibile
719 210 770 236 est
794 202 913 235 adesse
938 201 1176 242 dilectionem,

196 264 260 297 nisi
280 264 375 305 prius
390 261 431 292 sit
449 253 667 300 apprehensa
683 253 934 292 misericordia,
958 263 1038 285 nam
1060 253 1175 296 prius-

196 324 298 358 quam
320 310 385 343 hoc
402 309 450 348 fit,
478 307 583 339 corda
599 305 739 347 fugiunt
759 304 846 337 iram
862 302 939 341 Dei,
968 309 1000 336 et
1019 303 1175 336 irascun-

196 373 251 397 tur
267 360 396 394 iudicio
417 357 495 392 Dei.

296 410 331 445 5.
368 408 462 451 Ergo
482 406 705 440 manifestum
725 413 794 445 est,
821 406 914 450 quod
941 404 1011 437 sola
1033 404 1099 436 fide
1121 404 1176 437 in-

196 463 405 500 stilicernur,
433 457 582 498 honest,
609 468 648 490 ex
663 456 804 490 iniustis
833 456 962 498 accepti
986 455 1178 488 efficiamur

196 522 227 547 et
253 521 506 555 regeneremur.

297 563 334 597 6.
373 560 519 604 Triplex
535 558 672 592 iusticia
689 564 749 598 est,
778 556 857 591 [na
873 556 1032 595 rationis,
1060 555 1177 589 Altera

198 625 302 659 quam
317 613 370 645 lex
381 610 448 645 Dei
463 610 578 653 exigit,
595 609 714 642 Tertia
733 620 837 653 quam
847 605 1080 649 Evangelium
1093 619 1178 650 pro-

197 664 314 699 mittit.

301 713 336 747 7.
369 711 517 747 Constat
534 722 598 744 nos
617 721 730 754 neque
745 709 881 742 ratione
898 707 1090 747 iustificari,
1117 719 1180 740 ne-

198 777 265 811 que
277 765 362 806 lege,
380 763 437 796 sed
449 761 656 805 Evangelio,
670 772 752 793 nam
769 760 902 804 alioqui
919 759 1048 793 frustra
1059 757 1181 792 Evan-

199 816 329 859 gelium
348 814 517 848 traditum
535 818 633 845 esset.

301 865 336 900 8.
376 862 523 897 Constat
543 860 724 896 Christum
747 861 977 894 mediatorem
1002 871 1091 899 esse,
1117 871 1181 892 nec

199 927 264 949 nos
288 913 419 949 habere
441 925 616 947 accessum
637 913 680 946 ad
702 912 817 946 Deum
839 911 996 951 ratione,
1023 917 1083 944 aut
1106 911 1180 953 lege

198 967 315 1011 prius,
342 977 447 1011 quam
462 976 524 1008 per
541 961 734 998 Christum.

301 1016 336 1049 9.
377 1015 448 1048 Nec
482 1025 544 1058 per
575 1011 757 1047 Christum
791 1010 961 1046 habemus
995 1023 1181 1050 accessum,

200 1067 269 1101 nisi
290 1067 376 1107 fide,
403 1064 555 1099 Roman.
572 1062 608 1099 5.

306 1117 364 1150 10.
391 1115 532 1148 Iusticia
550 1114 696 1147 rationis
709 1120 759 1146 est
771 1113 905 1146 iusticia
919 1124 1078 1155 operum,
1094 1122 1182 1155 quae
1207 1135 1209 1143 2

202 1168 290 1202 ratio
311 1166 427 1201 efficit.
454 1165 555 1198 lianc
572 1165 744 1198 iusticIam
763 1161 923 1196 homines
942 1162 1157 1204 intelligunt.

305 1227 362 1261 11.
402 1225 543 1258 Falsum
569 1230 636 1263 est,
670 1223 762 1267 quod
789 1222 872 1255 talia
895 1233 1000 1266 opera
1024 1220 1183 1260 rationis,

201 1285 240 1312 ut
264 1273 509 1314 monachatus,
547 1280 581 1307 et
604 1273 733 1306 similia
768 1272 947 1313 exercitia,
983 1277 1183 1305 mereantur

199 1327 441 1361 remissionem
456 1331 687 1368 peccatorum.

304 1385 361 1418 12.
396 1382 484 1416 Nam
502 1379 570 1414 hoc
587 1387 637 1414 est
654 1378 826 1413 honorem
843 1379 1047 1413 mediatoris
1063 1380 1183 1412 adem-

200 1445 274 1470 tum
289 1433 443 1475 Christo,
459 1433 614 1466 tribuere
631 1431 702 1463 illis
717 1431 880 1474 operibus
897 1430 1056 1463 rationis.
1094 1429 1183 1462 Fide
1209 1452 1210 1477 i
1235 1461 1339 1494 fidem

201 1499 263 1532 per
278 1483 459 1520 Christum
486 1481 655 1515 habemus
680 1492 855 1513 accessum
878 1481 922 1513 ad
949 1479 1084 1520 Deum,
1110 1492 1183 1513 non

202 1549 264 1582 per
279 1546 385 1580 opera
403 1533 561 1567 rationis.

306 1586 364 1620 13.
407 1583 547 1617 Iusticia
566 1581 653 1624 legis
675 1587 742 1621 est,
769 1581 910 1614 dilectio
929 1578 994 1613 Dei
1012 1587 1044 1613 et
1062 1580 1183 1624 proxi-

204 1637 275 1678 mi,
303 1634 393 1669 hanc
409 1646 482 1667 non
500 1632 666 1675 intelligit
685 1631 772 1664 ratio
799 1629 972 1671 hnmana,
1001 1637 1035 1664 et
1053 1628 1184 1675 Sophi-
1209 1646 1211 1665 ε

953 112 1441 151 DISPUTATIONES

203 1695 275 1721 stae
290 1687 472 1731 loquentes
497 1684 539 1716 de
558 1683 745 1716 dilectione
764 1681 849 1722 Dei,
877 1682 962 1726 quid
982 1681 1025 1714 sit
1042 1681 1183 1714 dilectio

204 1750 276 1772 non
301 1743 447 1780 possunt
471 1734 654 1772 ostendere
667 1760 675 1773 ‚
703 1732 785 1777 quia
802 1739 927 1766 natura
945 1729 1100 1765 humana
1119 1743 1183 1775 op-

204 1799 322 1833 pressa
339 1784 638 1829 concupiscentia,
664 1795 735 1816 non
752 1783 847 1816 videt
863 1783 948 1828 quid
973 1783 1016 1816 sit
1039 1783 1184 1825 diligere

203 1838 366 1922 Deunilbl.
406 1886 531 1920 Honos
559 1884 762 1918 mediatoris
792 1895 864 1916 non
896 1890 945 1916 est
974 1883 1185 1916 tribuendus

205 1946 347 1972 nostrae
371 1936 572 1976 dilectioni,
600 1934 736 1968 etiamsi
761 1946 828 1978 qua
854 1940 959 1973 esset,
986 1933 1065 1965 ideo
1089 1945 1187 1966 acce-

204 1991 320 2023 dimus
344 1989 386 2021 ad
404 1987 534 2026 Deum,
562 1998 634 2018 non
658 1985 783 2017 merito
809 1984 1007 2018 dilectionis
1037 1991 1186 2024 nostrae,

206 2041 263 2073 sed
282 2040 348 2073 fide
364 2044 507 2083 propter
522 2035 713 2070 Christum.

310 2096 366 2133 15.
394 2096 477 2130 Ideo
493 2095 579 2129 dicit
592 2094 723 2128 Paulus
735 2121 744 2135 ‚
770 2093 842 2127 Nos
860 2106 931 2127 non
949 2092 1128 2127 iustificari
1147 2103 1186 2125 ex

207 2152 299 2193 lege,
325 2149 384 2181 sed
404 2160 444 2180 ex
460 2146 705 2191 promissione.

313 2199 368 2233 16.
395 2197 540 2231 Necesse
559 2203 610 2230 est
626 2197 734 2239 igitur
750 2195 923 2228 iusticiam
942 2194 1186 2238 promissionis

207 2251 324 2283 adesse
341 2257 420 2282 ante
434 2248 606 2281 iusticiam
622 2247 719 2289 legis.

312 2306 368 2341 17.
409 2306 597 2339 promissio
624 2306 690 2338 side
718 2304 909 2348 accipitur,
950 2302 1053 2336 Prius
1082 2304 1186 2346 igitur

312 2468 372 2501 18.
415 2465 597 2499 Maledicti
620 2473 720 2508 sunt,
748 2465 808 2509 qui
835 2466 878 2498 ad
896 2462 1010 2497 Deum
1035 2464 1110 2509 lege
1127 2471 1186 2497 aut

210 2518 344 2552 ratione
362 2517 549 2556 accedunt,
576 2516 650 2548 sine
671 2516 862 2549 mediatore
878 2512 1034 2549 Christo.
1210 2556 1211 2559 Ἴ

311 2574 368 2608 19.
408 2571 454 2607 Et
475 2580 589 2606 tamen
615 2584 692 2605 cum
713 2574 778 2606 side
796 2573 907 2606 renati
925 2583 1064 2612 sumus,
1090 2583 1186 2604 acce-
1209 2564 1211 2573 ’

209 2634 268 2671 pto
284 2625 420 2670 Spiritu
443 2630 581 2662 sancto,
608 2623 644 2655 fit
668 2623 704 2655 in
729 2625 831 2657 nobis
848 2624 983 2657 iusticia
1002 2623 1104 2665 legis,
1130 2622 1186 2655 di-

208 2678 310 2711 lectio
326 2675 393 2710 Dei
413 2681 444 2708 et
462 2673 631 2718 proximi,
659 2673 765 2706 timor
784 2674 861 2708 Dei.
890 2674 1090 2708 obedientia
1105 2683 1185 2716 erga
1209 2663 1211 2695 ⁴

2131 120 2205 155 448

1230 200 1476 244 Magistratus,
1508 198 1696 242 Parentes,
1728 201 1914 245 patientia,
1941 210 1975 238 et
1989 204 2119 239 similes
2135 207 2207 238 vir-

1229 259 1330 286 tutes.
1932 278 1935 280 v

1331 300 1391 335 20.
1434 298 1529 333 Ilaec
1553 300 1689 335 incoata
1709 301 1867 346 impletio
1891 303 1977 347 legis
2001 312 2052 338 est
2067 305 2207 341 effectus

1229 352 1265 385 in
1283 350 1354 391 his,
1382 351 1444 395 qui
1460 351 1529 384 iam
1546 351 1614 384 fide
1630 351 1805 387 iustificati
1820 361 1902 388 sunt
1916 362 1949 389 et
1974 355 2097 389 renati.

1330 404 1393 436 21.
1427 401 1507 435 Non
1524 402 1632 444 igitur
1648 412 1828 445 regenerat
1842 406 1996 439 dilectio.

1329 453 1390 487 22.
1433 452 1613 497 Principio
1641 453 1748 496 igitur
1769 454 1999 490 iustificamur
2015 456 2102 493 fide,
2130 466 2209 488 cum

1231 515 1298 549 qua
1317 503 1423 536 simul
1441 503 1603 537 incoatur
1615 504 1764 539 novitas.
1791 541 1795 546 ‚

1331 553 1391 588 23.
1425 553 1497 586 Nec
1516 552 1628 587 honos
1644 554 1847 587 mediatoris
1863 561 1982 598 postea
1997 556 2210 589 transferen-

1231 606 1297 638 dus
1317 611 1367 638 est
1384 604 1421 636 in
1439 604 1681 648 impletionem
1700 605 1803 648 legis,
1830 617 1918 650 quae
1937 606 1975 638 in
1997 607 2100 638 nobis
2120 607 2170 641 fit.

1333 657 1393 688 24.
1430 653 1513 688 Ideo
1531 667 1595 689 nec
1609 662 1729 700 postea
1756 662 1960 700 reputamur
1984 656 2067 690 iusti
2095 667 2212 689 coram

1232 704 1306 739 Deo
1329 712 1473 750 propter
1497 706 1595 739 illam
1622 706 1707 749 legis
1739 706 2001 751 impletionem,
2035 707 2095 740 sed
2118 706 2213 746 ideo,

1233 757 1315 801 quia
1334 757 1400 789 fide
1419 754 1588 790 habemus
1607 768 1779 790 accessum
1798 769 1861 801 per
1876 755 2070 793 Christum.

1323 805 1394 842 ⁶25.
1429 805 1476 841 Et
1494 807 1555 840 illa
1570 807 1654 850 legis
1671 808 1829 851 impletio
1847 815 1897 841 est
1911 809 2012 842 valde
2035 808 2157 851 exigua
2180 813 2215 840 et

1234 857 1428 895 immunda,
1457 858 1540 903 quia
1555 865 1699 891 manent
1715 858 1753 890 in
1769 859 1873 891 nobis
1887 859 2056 904 reliquiae
2072 858 2215 904 peccati.

1334 910 1395 944 26.
1421 906 1468 942 Et
1481 915 1596 942 tamen
1613 906 1696 942 haec
1716 908 1853 942 iusticia
1870 909 1955 953 legis
1970 910 2073 943 fidem
2094 920 2214 942 neces-

1234 959 1325 992 sario
1343 959 1511 1004 sequitur.

1335 1010 1396 1050 27,
1432 1009 1502 1043 Sed
1526 1007 1593 1042 hoc
1615 1016 1666 1043 est
1690 1010 1956 1054 preestandum,
1982 1021 2027 1043 ne
2041 1010 2089 1044 ita
2109 1020 2216 1054 quae-

1234 1060 1639 1103 ramusiusticiamlegis,
1658 1066 1696 1094 ut
1710 1061 1815 1094 fidem
1829 1061 2004 1102 tollamus,
2023 1072 2111 1093 neve
2128 1071 2215 1093 con-

1233 1109 1383 1143 fidamus
1399 1110 1459 1141 illa
1484 1110 1569 1152 legis
1595 1110 1810 1154 impletione.
1862 1110 1966 1145 Certo
1991 1112 2215 1145 statuendum

1235 1166 1303 1200 est,
1329 1160 1425 1204 quod
1453 1158 1521 1192 fide
1545 1167 1690 1204 propter
1705 1158 1887 1194 Christum
1904 1162 1986 1194 iusti
2005 1167 2218 1205 reputemur,

1234 1210 1348 1254 qualis
1373 1210 1486 1254 qualis
1509 1210 1554 1243 sit
1577 1210 1638 1244 illa
1670 1211 1756 1254 legis
1786 1211 1961 1256 impletio,
1999 1223 2087 1257 quae
2118 1211 2218 1256 sequi

1233 1261 1348 1295 debeb

1337 1311 1397 1343 28.
1447 1308 1633 1353 Sophistae
1661 1317 1798 1344 tantum
1831 1312 2028 1356 loquuntur
2058 1313 2101 1345 de
2132 1313 2219 1355 legis

1235 1361 1451 1404 impletione,
1478 1362 1520 1393 de
1537 1360 1606 1394 fide
1624 1374 1697 1394 non
1717 1362 1850 1403 dicunt,
1873 1362 2012 1406 fingunt
2028 1374 2092 1395 nos
2109 1362 2217 1396 iustos

1236 1411 1392 1455 reputari
1410 1418 1555 1455 propter
1570 1412 1667 1445 illam
1684 1413 1926 1456 impletionem
1944 1413 2042 1456 legis,
2069 1425 2141 1446 non
2158 1425 2220 1457 per

1337 1510 1398 1546 29.
1433 1509 1481 1544 Et
1497 1521 1618 1544 sumus
1633 1511 1714 1544 iusti
1734 1523 1795 1555 per
1810 1511 1907 1545 illam
1925 1512 2118 1553 iusticiam,
2144 1525 2217 1545 non

1236 1561 1375 1594 iusticia
1398 1560 1500 1603 legis,
1529 1573 1633 1605 quam
1652 1561 1745 1594 Deus
1762 1574 1834 1594 non
1851 1569 2020 1606 acceptat,
2048 1563 2117 1595 nisi
2133 1575 2216 1607 pro-

1235 1618 1313 1656 pter
1329 1610 1453 1651 fidem,
1479 1623 1546 1656 qua
1564 1612 1791 1645 mediatorem
1811 1610 1993 1646 Christum
2017 1611 2217 1657 apprehen-

1237 1662 1363 1695 dimus.

1339 1712 1399 1746 30.
1440 1712 1534 1746 Hinc
1559 1711 1659 1745 facile
1686 1723 1808 1745 omnes
1831 1714 2023 1747 sententiae
2039 1714 2082 1746 de
2099 1715 2217 1758 operi-

1236 1764 1302 1797 bus
1329 1764 1493 1807 explicari
1518 1769 1676 1807 possunt.
1717 1762 1908 1807 Nunquam
1925 1770 2036 1808 potest
2052 1764 2127 1798 fieri
2151 1766 2218 1806 lex,

1237 1820 1296 1847 aut
1320 1813 1349 1846 si
1373 1814 1457 1858 quid
1482 1812 1538 1854 fit,
1566 1824 1638 1846 non
1663 1819 1713 1846 est
1734 1820 1930 1857 acceptum,
1957 1815 2026 1847 nisi
2042 1815 2216 1859 priusfide

1238 1861 1574 1908 apprehenderimus
1601 1864 1829 1896 mediatorem
1853 1862 2055 1905 Christum,
2081 1866 2130 1899 sic
2152 1867 2215 1899 do-

1238 1921 1290 1948 cet
1307 1912 1482 1948 Christus:
1512 1914 1596 1948 Sine
1612 1926 1665 1946 me
1681 1911 1771 1946 nihil
1790 1915 1932 1958 potestis
1955 1916 2079 1951 facere.

1339 1967 1402 2000 31.
1443 1964 1539 2008 Ergo
1569 1966 1852 2009 quandocunque
1879 1965 2071 1999 laudantur
2099 1979 2216 2011 opera,

1239 2027 1379 2048 necesse
1398 2023 1448 2050 est
1473 2016 1640 2059 intelligi,
1667 2016 1763 2060 quod
1787 2016 1873 2049 fides
1898 2017 2007 2055 adsit,
2034 2017 2115 2062 quia
2141 2017 2216 2051 sine

1238 2064 1380 2100 Christo
1398 2064 1489 2100 nihil
1508 2067 1618 2110 placet
1635 2066 1720 2100 Deo.

1340 2118 1400 2151 32.
1438 2116 1576 2150 Insania
1596 2123 1644 2150 est
1662 2117 1855 2160 imaginari,
1882 2118 1976 2162 quod
1992 2118 2046 2150 lex
2061 2129 2140 2151 vere
2157 2117 2215 2152 fiat

1239 2168 1313 2201 sine
1341 2166 1500 2209 Christo,
1528 2174 1665 2202 tantum
1694 2168 1801 2211 igitur
1825 2180 1929 2212 opera
1954 2175 2096 2212 propter
2110 2168 2215 2201 fidem

1239 2225 1322 2252 sunt
1338 2226 1486 2263 accepta.

1340 2269 1400 2304 33.
1439 2269 1585 2303 lacobus
1610 2269 1710 2302 dicit:
1740 2268 1974 2302 Iustificamur
1995 2267 2064 2301 fide
2079 2277 2111 2302 et
2130 2281 2215 2313 ope—

1210 2333 1212 2361 j
1238 2320 1354 2358 ribus,
1387 2321 1468 2365 qnia
1495 2332 1598 2365 opera
1624 2318 1814 2353 iustificant
1835 2319 1970 2352 Iustieia
1996 2319 2099 2361 legis,
2126 2332 2215 2365 quae

207 2360 274 2391 lide
290 2358 369 2390 iusti
386 2368 515 2396 sumus,
534 2357 614 2400 quia
634 2357 823 2399 accipimus
839 2366 1043 2399 prom1ssam
1061 2366 1185 2388 recon—
1210 2370 1212 2405 L
1239 2378 1330 2404 certe
1351 2370 1457 2404 fidem
1483 2371 1582 2416 sequi
1607 2371 1727 2410 debet,
1753 2371 1812 2402 sed
1835 2376 1950 2402 tamen
1977 2367 2061 2402 haec
2077 2370 2214 2404 iusticia

208 2410 442 2447 ⁶¹¹¹³st¹⁰nem'
469 2419 573 2450 ‘¹⁰³³'
591 2410 700 2449 legem
723 2407 882 2440 sammus·
1210 2406 1212 2425 ⁵
1239 2422 1340 2464 legis,
1379 2434 1450 2454 non
1476 2429 1525 2456 est
1549 2421 1686 2455 iusticia
1707 2431 1823 2453 coram
1847 2419 1942 2460 Deo,
1978 2420 2046 2454 nisi
2073 2429 2216 2465 propter

1210 2503 1211 2518 ἦ
1237 2472 1352 2505 fidem.

1340 2522 1399 2558 34.
1439 2521 1487 2556 Et
1511 2520 1596 2555 haec
1620 2521 1799 2566 sequentia
1817 2533 1941 2565 opera,
1968 2520 2049 2566 quia
2072 2529 2215 2565 propter

1236 2572 1340 2606 fidem
1367 2574 1525 2617 placent,
1552 2572 1656 2605 etiam
1684 2572 1863 2605 meritoria
1888 2578 1988 2610 sunt,
2016 2584 2088 2604 non
2114 2572 2213 2606 iusti-

1238 2624 1310 2656 ciae
1328 2630 1387 2657 aut
1405 2624 1492 2656 vitae
1511 2629 1681 2660 aeternae,
1703 2623 1761 2656 sed
1778 2623 1927 2657 aliorum
1943 2623 2118 2656 bonorum
2135 2634 2213 2656 cor-

1237 2674 1411 2717 poralium
1429 2680 1460 2707 et
1485 2673 1732 2717 spiritualium.
