2324 2955
118 112 191 146 977
668 112 696 146 Ι.

750 109 1041 150 CHRONICON
1066 109 1316 151 CARIONIS.
1367 114 1492 152 PARS
1521 116 1567 154 ΙΙ.

2053 122 2125 157 978

219 195 369 230 Adsedit
386 197 494 240 igitur
512 195 767 232 Constantinus
781 198 872 232 inter
888 195 1094 242 Episcopos,
1145 198 1299 240 negociis
1315 200 1582 235 deliberationes
1606 202 1786 245 incidisse,
1814 216 1902 250 quae
1921 205 2124 239 discernen-

117 247 198 281 sede
224 258 296 280 non
322 247 464 281 altiore:
497 254 530 280 et
557 246 660 280 initio
686 245 844 282 hortatus
880 256 929 281 est
961 259 1019 281 eos
1050 248 1093 280 ad

117 297 291 341 placidam
307 298 528 331 collationem
540 322 550 337 ‚
576 304 608 330 et
623 298 666 330 ad
686 298 952 344 inquisitionem
967 298 1094 331 verita-

117 348 183 391 tis,
224 348 350 381 omissa
380 345 587 391 sophistica,
626 355 660 382 et
699 350 857 393 deposita
892 348 1093 382 animorum

117 398 314 433 acerbitate.

216 455 371 489 Primam
395 456 605 490 sententiam
625 457 715 491 dixit
731 455 946 497 Εὐστάθιος
963 456 1093 491 Antio-

115 503 463 550 chenusEpiscopuS.
492 506 576 540 Post
591 507 695 550 longa
714 509 904 542 certamina
922 509 1090 551 scriptum

115 562 164 589 est
181 555 389 602 Symbolum
403 556 593 597 Nicenum,
619 559 714 602 quod
736 556 851 591 adhuc
875 559 911 591 in
926 557 1091 591 Ecclesiis

115 606 304 648 retinetur,
338 608 433 652 quod
456 607 601 650 plurimi
624 619 685 641 sua
717 609 973 652 subscriptione
996 619 1092 641 com-

114 657 329 700 probarunt,
356 664 389 690 et
414 657 619 701 subscripsit
642 658 714 702 ipse
734 657 1005 698 Constantinus,
1031 657 1091 702 qui

113 706 173 747 ait,
200 718 236 740 se
248 706 401 740 adfuisse
418 719 481 740 ceu
499 719 610 741 unum
629 720 667 741 ex
686 709 781 752 ipsis.
832 707 884 742 Ac
901 709 1002 741 valde
1018 708 1091 740 lae-
1116 713 1117 755 t

113 762 190 798 tor,
222 756 358 802 inquit,
391 769 446 791 me
476 757 582 791 fuisse
614 765 768 792 vestrum
800 758 1117 812 comministrnm‚⁴

115 807 228 840 donec
243 807 402 840 omnium
422 808 635 841 conveniens
655 809 837 854 inquisitio
854 809 942 842 facta
965 815 1032 847 est,
1059 815 1091 841 et
1116 824 1118 852 s

118 857 265 891 veritate
281 857 319 890 in
333 858 446 891 lucem
463 858 597 902 prolata
616 859 804 892 concordia
826 859 1013 892 constituta
1032 865 1092 893 est.
1115 871 1117 909 j

215 913 304 949 Tres
321 922 438 949 autem
454 915 598 950 fuerunt
612 928 758 959 magnae
777 928 917 959 causae,
945 928 1033 961 quae
1049 918 1091 949 ad

112 964 310 998 doctrinam
329 966 595 1009 pertinuerunt,
621 967 664 998 de
683 967 811 1010 quibus
828 966 1013 1009 praecipue
1023 966 1090 1011 Sy·
1116 971 1117 988 ³

113 1015 230 1048 nodus
261 1016 459 1049 testimonia
494 1015 659 1048 ostendit.
719 1015 857 1049 Rursus
886 1017 1090 1049 damnatum
1115 995 1118 1042 l

112 1070 163 1098 est
178 1064 327 1109 impium
345 1065 470 1107 dogma
489 1064 720 1099 Samosateni.
773 1065 910 1098 Deinde
934 1073 968 1099 et
986 1065 1089 1098 Aria-

112 1125 211 1149 num.
247 1114 371 1148 Postea
388 1121 422 1148 et
439 1114 567 1148 Novati
585 1121 618 1148 et
635 1115 772 1148 Meletii
790 1127 889 1148 error
905 1117 1091 1149 damnatus

111 1170 181 1205 est,
214 1165 275 1209 qui
302 1165 518 1204 docuerunt,
552 1165 667 1208 lapsos
690 1167 877 1199 redeuntes
899 1167 943 1198 ad
969 1166 1090 1209 poeni-
1115 1169 1117 1205 A

110 1214 256 1249 tentiam
272 1227 345 1248 non
361 1215 581 1258 recipiendos
598 1226 680 1250 esse.
727 1215 806 1257 Qua
825 1217 867 1248 de
883 1228 920 1248 re
937 1216 1091 1259 impera·
1115 1208 1117 1260 ff

111 1270 169 1298 tor
191 1264 279 1298 salse
304 1262 565 1308 reprehendens
588 1266 823 1307 arrogantiam
840 1265 955 1299 Acesii
975 1266 1092 1300 Nova-
1115 1262 1117 1295 l

111 1314 290 1348 tianorum
301 1313 478 1359 Episcopi,
497 1315 633 1360 inquit:
661 1314 795 1349 Scalas
810 1314 914 1348 Acesi
930 1314 1092 1358 admove,
1116 1297 1117 1347 l

111 1368 143 1398 el
165 1363 269 1398 solus
292 1364 331 1398 in
360 1363 494 1398 coelum
511 1362 674 1401 ascende.
726 1365 802 1399 Hac
820 1366 933 1399 ironia
955 1367 1089 1409 siguifi—

111 1415 229 1455 cabat,
253 1416 355 1450 illum
371 1416 459 1449 falso
478 1416 627 1459 fingere,
655 1427 690 1450 se
716 1423 748 1450 et
764 1428 844 1451 suos
862 1417 935 1452 siue
952 1424 1090 1461 peccato

113 1476 196 1502 esse·

212 1523 336 1559 Postea
364 1526 635 1560 deliberationes
662 1526 749 1559 aliae
776 1533 1009 1559 accesserunt:
1052 1535 1091 1561 ut
1116 1538 1117 1541 ’

110 1575 233 1608 eodem
267 1576 324 1607 die
355 1587 477 1608 ornnes
505 1573 680 1608 Ecclesiae
701 1574 832 1609 Pascha
864 1577 1091 1612 celebrarent.

109 1624 182 1658 Nec
204 1624 264 1658 alii
292 1624 472 1658 Iudaicum
499 1626 611 1666 diem,
636 1626 696 1658 alii
721 1626 831 1658 alium
855 1627 1092 1662 observarent.

110 1673 219 1715 Item,
246 1681 284 1707 ut
307 1675 569 1708 Alexandrinus
585 1674 781 1719 Episcopus
808 1676 984 1719 inspector
1005 1685 1092 1710 esset

109 1723 349 1758 Ecclesiarum
367 1722 545 1764 Orientis,
571 1725 754 1759 Romanus
772 1724 989 1759 Occidentis.

213 1782 396 1825 Quaedam
416 1783 519 1816 etiam
538 1784 580 1815 de
597 1784 813 1826 temporibus
830 1784 990 1826 publicae
1007 1797 1088 1828 poe-

111 1834 281 1868 nitentiae
311 1833 543 1871 ordinarunt,
586 1834 680 1877 quod
715 1834 841 1865 ritibus
867 1834 940 1866 eius
969 1835 1091 1868 aetatis

110 1884 284 1918 tributum
307 1891 366 1918 est.
426 1883 497 1916 Nec
522 1895 603 1915 vero
628 1883 898 1916 existimandum
925 1892 993 1923 est,
1028 1897 1090 1918 vo—

111 1934 216 1968 luisse
234 1946 293 1968 eos
311 1932 397 1967 haec
414 1936 549 1967 decreta
566 1933 662 1977 paria
689 1945 760 1966 csse
776 1933 931 1966 articulis
947 1935 1039 1969 fidei.

210 1992 436 2037 Propositum
464 1992 566 2025 etiam
590 1993 692 2025 suita
718 1992 947 2036 quibusdam,
975 2000 1013 2027 ut
1037 2005 1091 2028 sa-

112 2044 312 2077 cerdotibus
337 2044 470 2076 maritis
495 2040 740 2086 prohiberetur
769 2045 985 2076 cousuetudo
1008 2055 1091 2077 con-
1115 2075 1117 2082 Α

111 2094 247 2138 iugalis.
1115 2116 1117 2136 f

214 2145 281 2179 Sed
300 2155 403 2177 senex
423 2140 672 2189 Paphnutius,
695 2143 749 2175 cui
769 2150 801 2175 et
820 2143 856 2175 iu
874 2144 1092 2177 confessione
1114 2140 1117 2168 3

112 2190 234 2230 ocultis
265 2195 410 2228 effossus
442 2201 534 2234 crat,
580 2200 612 2226 et
639 2194 698 2238 qni
727 2191 921 2237 Episcopus
944 2201 1016 2228 crat
1051 2195 1087 2227 in

113 2245 324 2291 Aegyptiaca
345 2242 486 2284 Thebe,
512 2244 676 2277 dissuasit
701 2241 790 2277 hanc
813 2244 943 2288 legem,
970 2245 1090 2278 diceus

113 2297 275 2339 coniugia
308 2307 380 2328 non
411 2295 634 2328 dissolvenda
679 2305 767 2333 esse,
808 2302 840 2328 et
872 2295 1089 2337 coniugalem

113 2346 403 2380 consuetudinem
422 2346 612 2379 castitatem
632 2356 714 2378 esse.
743 2344 906 2389 Synodus
922 2343 1091 2388 Paphnu-

114 2397 155 2430 tii
178 2396 385 2430 sententiam
408 2403 570 2441 sequuta,
604 2395 738 2429 censuit
763 2407 983 2441 nequaquam
1003 2396 1091 2428 reci-

113 2447 277 2492 piendam
295 2446 517 2480 contrariam.

215 2504 363 2539 Decreta
387 2505 489 2538 etiam
515 2504 599 2538 haec
623 2505 709 2537 sacta
736 2510 830 2536 sunt:
867 2503 915 2536 No
950 2504 1028 2548 quis
1056 2515 1092 2537 se
1115 2527 1117 2540 .

117 2563 289 2590 castrari-t.
354 2554 456 2588 Item:
494 2555 544 2588 Ne
569 2555 695 2589 Clerici
729 2566 849 2587 usuras
885 2555 1116 2605 accipet-cutm

117 2613 146 2639 ct
172 2619 213 2638 uo
240 2604 407 2639 haberent
431 2617 544 2638 secum
570 2607 751 2644 mulieres,
776 2617 864 2648 quae
889 2617 959 2637 uon
978 2612 1090 2638 esseut
1115 2606 1116 2617 ³

115 2657 292 2699 coniuges,
344 2656 430 2690 lude
450 2664 611 2700 apparet,
637 2657 672 2689 iu
698 2668 735 2688 ca
752 2656 895 2700 syuodo
914 2656 955 2688 de
972 2656 1089 2688 uiuitis

1147 248 1190 280 da
1211 256 1302 282 sunt.

1247 298 1384 333 Accidit
1417 297 1483 333 hoc
1514 314 1669 347 quoque:
1710 303 1798 338 Cum
1829 305 1931 338 multi
1954 303 2123 350 Episcopi

1146 347 1297 391 privatas
1316 350 1406 383 inter
1422 362 1456 383 se
1470 355 1707 387 accusationes
1725 354 1926 399 imperatori
1943 353 2122 389 exhibuis-

1146 404 1239 438 sent,
1266 406 1304 433 ut
1320 400 1509 444 imperator
1526 403 1722 445 obsignatas
1745 418 1865 439 omnes
1880 407 2051 440 asservari
2068 407 2122 439 iu-

1144 448 1260 487 beret,
1297 450 1432 482 dicens:
1461 452 1557 494 prius
1583 454 1758 495 publicam
1784 467 1921 488 causam
1949 457 2118 498 agendam

1145 509 1233 539 esse,
1261 499 1388 532 deinde
1409 512 1445 533 se
1468 503 1510 533 de
1532 502 1601 534 illis
1626 510 1786 537 acturum
1812 517 1895 540 esse.
1947 504 2051 539 Hunc
2067 507 2120 539 fa-

1145 549 1310 582 sciculum
1323 550 1359 582 in
1375 550 1467 583 exitu
1483 550 1617 596 Synodi
1643 555 1791 596 proferri
1808 555 1926 596 iussit,
1954 563 1985 588 et
2007 554 2120 589 adhuc

1145 600 1365 641 obsignatum
1386 600 1423 632 in
1440 601 1555 643 ignem
1576 603 1701 635 coniici
1719 605 1992 647 inspectantibus
2006 607 2121 639 omni-

1144 650 1209 682 bus
1228 648 1423 693 Episcopis.
1475 649 1521 683 Et
1537 652 1672 686 addidit
1693 651 1777 687 haec
1801 655 1921 688 verba:
1950 654 2119 688 Sacerdo-

1144 706 1217 732 tum
1238 700 1384 732 erimina
1401 712 1473 732 non
1489 701 1665 735 efferenda
1685 715 1756 736 esse
1773 705 1808 737 in
1826 705 2015 748 publicum,
2039 705 2120 748 qnia

1143 750 1272 782 talibus
1291 751 1463 783 scandalis
1482 748 1668 784 hominum
1687 754 1797 787 animi
1821 768 1839 787 a
1859 755 2017 788 doctrina
2035 755 2119 787 alie-

1144 807 1282 834 nentur.
1336 800 1387 832 Ac
1412 799 1621 845 ἀμνηστίαν
1643 804 1858 846 privatarum
1884 805 2119 837 offensionum

1144 850 1271 883 sanxit:
1300 856 1334 883 et
1360 849 1519 884 hortatus
1535 859 1604 890 est,
1632 859 1669 885 ut
1689 856 1832 888 eandem
1851 867 1968 888 vocem
1987 856 2118 887 doctri-

1144 912 1208 933 nae
1226 908 1391 933 sonareut
1414 913 1554 941 omnes,
1583 910 1614 935 et
1635 900 1870 938 Ecclesiarum
1895 906 2117 939 concordiam

1143 956 1337 983 tuerentur.

1244 998 1313 1031 Hic
1338 999 1406 1033 suit
1424 1000 1535 1033 exitus
1552 1001 1687 1046 Synodi
1704 1002 1873 1043 Nicenae,
1902 1018 1990 1050 quae
2012 1007 2119 1038 dura-

1115 1065 1117 1074 t
1143 1050 1195 1083 vit
1213 1049 1404 1082 triennium
1417 1076 1426 1090 ‚
1452 1057 1484 1083 et
1500 1051 1679 1095 aliquanto
1698 1053 1843 1087 diutius.

1246 1099 1325 1142 ipso
1336 1099 1471 1144 Synodi
1488 1108 1643 1144 ternpore
1660 1102 1851 1146 imperator
1863 1105 2049 1138 celebravit
2068 1106 2120 1137 vi—

1143 1149 1310 1182 cesimum
1335 1161 1466 1182 annum
1492 1151 1630 1194 imperii
1661 1153 1725 1185 sui.
1778 1153 1863 1186 Inde
1894 1155 1975 1188 sciri
2010 1163 2119 1199 potest

1143 1206 1291 1243 tempus,
1316 1211 1386 1243 qno
1403 1197 1486 1232 haec
1504 1200 1668 1246 Synodus
1685 1211 1872 1237 convocata
1891 1212 1950 1239 est.

1245 1249 1382 1283 Profuit
1402 1250 1470 1294 piis
1492 1248 1597 1284 huius
1616 1252 1752 1297 Synodi
1773 1254 1961 1293 confessio,
1990 1261 2023 1287 et
2039 1267 2121 1298 pro-

1143 1300 1219 1333 dest
1233 1312 1327 1333 nunc
1345 1312 1496 1345 quoque.
1529 1301 1596 1334 Sed
1618 1309 1700 1335 tunc
1718 1315 1830 1349 neque
1846 1316 1989 1348 prorsus
2007 1306 2119 1337 extin-

1143 1357 1236 1384 ctum
1261 1357 1309 1383 est
1330 1348 1504 1383 Arianum
1530 1352 1753 1394 incendium,
1788 1361 1820 1387 et
1845 1356 2025 1400 aliquanto
2043 1363 2120 1398 post

1143 1401 1246 1433 latius
1274 1400 1309 1432 iu
1333 1398 1417 1432 Asia
1443 1408 1602 1443 vagatum
1628 1410 1694 1443 est,
1726 1416 1830 1448 quam
1852 1414 1964 1441 antea.
2015 1404 2055 1437 ln
2081 1417 2119 1438 ea

1115 1460 1117 1494 ξ
1143 1451 1368 1484 distractione
1392 1449 1646 1493 Ecclesiarum,
1688 1455 1769 1498 quia
1799 1456 1971 1489 dubitatio
1997 1456 2118 1488 odium

1143 1501 1324 1534 doctrinae
1339 1501 1440 1544 parit,
1468 1503 1596 1535 deinde
1613 1505 1802 1537 multitudo
1820 1513 1973 1549 pertaesa
1994 1507 2119 1538 obscu-

1116 1575 1117 1578 =
1143 1562 1261 1584 rarum
1280 1551 1556 1595 disputationum
1575 1560 1606 1587 et
1623 1554 1775 1587 rixarum
1790 1554 2120 1593 interChristianos,

1116 1625 1117 1628 η
1143 1602 1311 1634 libentius
1326 1603 1455 1645 recepit
1474 1601 1669 1637 Mahometi
1687 1606 1811 1648 dogma
1833 1606 2018 1650 plausibile
2038 1618 2119 1649 pro-

1116 1673 1117 1684 i
1145 1650 1271 1694 phanis
1297 1652 1466 1693 ingeniis,
1494 1654 1574 1697 quia
1600 1661 1733 1687 tantum
1761 1663 1811 1689 est
1837 1657 2006 1699 particula
2026 1657 2120 1698 legis,

1116 1733 1117 1736 ,
1144 1701 1321 1744 proposita
1340 1703 1381 1733 ad
1398 1704 1563 1734 tuendam
1582 1716 1698 1746 paceni
1723 1705 1812 1738 iuter
1830 1707 1931 1741 cives.

1245 1750 1375 1783 Seneca
1408 1752 1540 1796 iuquit:
1583 1753 1772 1798 Nunquam
1801 1757 1889 1789 vicia
1929 1758 2020 1790 bona
2054 1757 2120 1788 fide

1144 1808 1411 1840 mansuescunt,
1453 1814 1492 1835 ac
1523 1814 1676 1846 repressa
1720 1805 1973 1850 aliquantisper
2006 1814 2120 1839 tamen

1143 1858 1343 1893 erumpunt.
1399 1851 1448 1884 Ita
1476 1865 1554 1884 cum
1579 1854 1687 1897 aliqui
1715 1855 1814 1898 impii
1841 1855 2007 1900 Episcopi
2032 1858 2120 1889 claui

1144 1900 1329 1933 sentientes
1347 1913 1423 1934 cum
1441 1900 1528 1935 Ario
1545 1910 1641 1935 metu
1661 1904 1879 1947 imperatoris
1904 1908 2121 1943 simularent,

1143 1962 1177 1984 se
1206 1950 1376 1983 Nicenum
1410 1952 1619 1996 Symbolum
1653 1955 1817 1997 amplecti
1848 1957 2015 1999 paulatini
2048 1968 2120 1989 sest*

1143 2007 1365 2044 aperueruut.
1404 2001 1502 2034 Sicut
1519 2003 1554 2034 in
1572 2000 1756 2047 Euripidis
1772 2007 1930 2040 versibus
1949 2007 2093 2040 dicitur:

1227 2055 1262 2087 ‘O
1285 2057 1340 2095 μὲν
1363 2058 1499 2098 πονηρὸς
1521 2058 1609 2088 οὖὸὲν
1631 2059 1705 2090 ἄλλο
1730 2062 1809 2101 τιλῆν
1836 2063 1929 2099 κακὸς

1227 2097 1242 2128 ὃ
1266 2098 1299 2128 ὸ’
1323 2099 1438 2134 ἐσθλὰς
1462 2100 1590 2138 ἐσθλὸς,
1614 2101 1684 2132 (η”ὸὲ
1707 2108 1871 2144 σι’,ιιφορᾶς
1892 2104 1951 2135 {vno

1227 2152 1245 2180 q
1255 2139 1318 2171 ι’·σιν
1341 2141 1512 2182 διέᾳθειρεε
1535 2142 1613 2173 ἀλλὰ
1633 2145 1771 2184 χρηστὸς
1794 2145 1853 2178 ἴστ’
1876 2146 1929 2177 ἀεί.

1143 2202 1300 2246 (juiuque
1328 2203 1505 2236 inflectere
1527 2205 1684 2237 animum
1709 2206 1926 2250 imperatoris
1950 2221 2119 2242 conaren-

1143 2259 1216 2291 tur,
1254 2253 1344 2285 nacti
1369 2261 1450 2286 sunt
1472 2256 1514 2286 ad
1539 2266 1613 2286 earu
1646 2267 1717 2287 retu
1749 2258 1915 2290 artificem
1940 2259 2120 2296 idoneum,

1142 2304 1373 2343 sacerdotem,
1407 2304 1466 2348 qui
1487 2305 1579 2347 apud
1604 2304 1846 2340 Constantiani
1871 2320 2025 2343 sororem
2054 2311 2119 2342 iui-

1144 2353 1332 2396 peratoris‚
1374 2366 1461 2397 quae
1487 2355 1597 2387 fuerat
1623 2363 1729 2399 nupta
1758 2357 1912 2398 Licinio,
1937 2359 2031 2393 verat.
2090 2361 2120 2393 ls

1115 2435 1117 2443 γ
1142 2403 1283 2436 adflavit
1303 2403 1525 2437 (Toustantirv
1546 2402 1623 2436 Arii
1650 2409 1828 2451 contagia,
1858 2417 1887 2442 et
1912 2411 2051 2453 perfecit
2083 2421 2114 2443 ut

1142 2454 1240 2486 fratri
1261 2451 1427 2487 hortatrix
1445 2461 1529 2487 esset
1543 2481 1551 2493 ,
1579 2462 1614 2487 nt
1634 2457 1755 2490 Arium
1781 2460 1825 2491 ab
1852 2461 1954 2492 exilio
1972 2473 2115 2494 revoca-

1144 2511 1212 2542 ret,
1240 2511 1270 2536 rt
1295 2516 1431 2536 causatu
1459 2518 1577 2537 rurffl1s
1601 2508 1759 2547 cognosci
1780 2509 1926 2544 iuberet.

1143 2554 1239 2586 ditur
1255 2562 1285 2588 vt
1303 2555 1423 2586 odium
1440 2563 1559 2588 contra
1577 2553 1838 2594 :llbmmsiunn

1244 2604 1437 2638 l’rorcduut
1456 2607 1491 2638 in
1511 2607 1588 2639 aula
1606 2608 1748 2641 artificia
1767 2610 1911 2642 Sinonis
1934 2619 1964 2644 rt
1985 2611 2114 2644 Anicu—

1262 2655 1415 2689 lievorat
1449 2656 1574 2690 Arium
1599 2657 1875 2701 Constantinus,
1913 2669 1944 2693 ct
1974 2664 2112 2695 maudut

1981 2510 2116 2543 At‘stwt-

1143 2656 1207 2687 lae.
