2324 2955
167 114 237 147 799

168 199 271 233 melia
295 198 498 230 ass'ecturum
525 202 615 228 esse,
641 202 680 223 ac
703 190 784 222 satis
808 190 875 223 sibi
892 202 982 229 esse,
1010 192 1038 224 si
1056 193 1144 226 iusta

169 250 298 283 faciens
315 253 347 278 et
365 245 483 277 dicens
499 240 682 285 Spartanis
706 241 777 273 suis
798 241 940 285 placeat.
996 241 1093 276 Fecit
1116 250 1148 276 et

169 301 236 333 alia
253 297 417 329 modeste.
468 291 621 326 Remisit
637 291 807 334 captivam
824 292 980 325 nobilem
998 294 1041 325 ad
1059 305 1150 327 suos.

172 350 240 383 Sed
258 348 348 379 idem
367 343 555 377 Pausanias
573 354 650 375 cum
671 349 785 384 postea
799 341 1007 387 Byzantium
1024 342 1151 377 Graeci

173 401 411 441 occupassent,
447 394 558 426 factus
591 392 762 434 superbus
794 401 826 426 et
855 394 1006 426 crudelis
1036 395 1153 438 rapuit

174 448 279 481 filiam
306 444 482 490 praecipui
508 443 594 476 civis
616 441 795 486 Byzantii,
823 449 856 476 et
881 441 970 476 lianc
993 452 1099 478 noctu
1116 446 1154 478 in

175 498 288 532 subita
315 495 596 529 consternatione
616 493 801 528 interfecit.
855 492 892 526 ld
914 507 992 528 cum
1010 496 1155 536 fecisset,

176 562 215 582 ex
237 554 349 581 statua
374 547 488 579 editus
516 552 565 578 est
588 541 644 576 hic
671 555 807 583 versus,
843 556 992 588 poenam
1017 547 1155 579 denun-

176 600 285 632 cians:
323 598 438 640 στεῖχε
461 593 563 640 δίκης
587 591 724 637 ἆσσον,
751 591 852 638 μάλα
876 608 929 629 τοι
950 594 1067 630 κακὸν
1092 597 1157 631 ἄν·

177 647 309 695 ὅρασιν
334 646 450 692 ὕβρις.

181 862 326 894 eamque
350 848 490 882 Persico
524 847 672 890 imperio
705 848 904 883 subiiceret.
963 847 1162 883 Revocatus

184 901 288 942 igitur
305 912 345 933 ex
363 898 532 944 Byzantio
551 911 628 931 cum
644 895 780 942 Ephori
804 910 883 931 eum
908 897 1163 943 deprehensuri

183 959 215 984 et
240 951 276 983 in
301 961 470 983 carcerem
496 949 637 982 ducturi
662 955 793 989 essent,
818 949 909 992 fugit
925 949 961 981 in
980 951 1163 995 templum.

183 1001 235 1034 lbi
258 1013 335 1034 cum
352 1001 531 1033 audissent
545 997 682 1042 Ephori
703 1000 817 1042 ipsum
833 1000 1000 1033 fatentem
1021 1002 1164 1041 crimen,

185 1052 340 1084 inclusus
372 1051 461 1083 fame
488 1049 600 1093 periit.

184 1114 285 1135 muro
303 1101 394 1134 fores
412 1101 695 1137 obstruerentur,
723 1097 877 1140 primum
899 1097 1052 1140 lapidem
1069 1099 1106 1131 in
1125 1111 1164 1131 ea

186 1151 425 1185 obstructione
454 1149 591 1182 locavit.
654 1147 721 1180 Hic
746 1147 856 1180 exitus
884 1146 1078 1181 Pausaniae
1099 1149 1167 1182 fuit

185 1215 225 1235 eo
243 1201 393 1241 tristior,
420 1200 514 1245 quod
538 1198 707 1239 ostendit,
734 1203 866 1231 tantam
888 1210 959 1231 esse
978 1198 1165 1232 imbecilli-
1192 1204 1195 1211 “

186 1259 290 1286 tatem
308 1258 452 1285 naturae
469 1247 665 1287 hominum,
693 1255 731 1282 ut
746 1260 818 1281 non
835 1249 948 1281 solum
965 1249 1107 1283 fortuna
1124 1250 1167 1283 sit

186 1302 380 1342 instabilis,
412 1301 472 1333 sed
503 1300 613 1333 virtus
644 1300 769 1340 etiam,
802 1311 890 1343 quae
914 1300 1111 1334 durabilior
1135 1307 1169 1334 et

407 107 613 145 SCRIPTA
643 105 717 141 PH.
744 104 858 140 MEL.
884 104 951 138 AD
979 106 1104 141 HlST.
1133 105 1275 142 PROF.
1301 105 1367 140 ,ET
1394 104 1581 142 PHILOS.
1608 105 1927 142 SPECTANTIA.

1179 476 1182 519 i
1208 494 1360 538 pientia,
1385 494 1490 527 stulte
1511 501 1628 527 tamen
1653 505 1687 527 se
1705 494 1866 527 adiunxit
1879 494 1997 528 infidis
2016 493 2188 535 hostibus,

1181 551 1184 591 y
1209 552 1241 578 et
1265 545 1368 587 longe
1395 545 1528 577 maiora
1551 545 1684 578 viribus
1709 545 1781 578 suis
1807 545 1987 589 promisit,
2012 553 2043 578 et
2061 557 2133 579 sese
2150 546 2187 578 in

1182 593 1185 639 ζ
1209 602 1346 630 tantum
1371 595 1566 639 periculum
1589 595 1753 636 adduxit,
1785 602 1823 628 ut
1845 602 1992 629 mortem
2020 596 2086 629 sibi
2104 607 2189 628 con-

1183 646 1186 686 l,
1210 647 1353 679 sciscere
1371 646 1500 686 mallet,
1527 658 1630 691 quam
1649 653 1825 689 expectare
1844 646 2031 679 tristiorem
2049 647 2192 686 exitum,

280 698 416 732 Deinde
434 709 510 729 cun·
522 696 637 728 Persis
654 696 792 728 foedera
809 697 920 729 facere
937 704 1083 730 conatus
1101 705 1160 738 est,
1184 694 1187 719 ἶ

182 748 245 783 hac
263 749 484 786 conditione,
513 754 549 779 ut
567 748 709 779 daretur
723 747 788 779 sibi
806 759 911 785 uxor,
939 748 1008 780 filia
1026 747 1160 789 Xerxis,
1186 748 1187 751 ’

181 808 213 833 et
236 806 274 833 ut
291 799 432 831 adiutus
451 798 597 830 Persicis
623 797 762 829 auxiliis
784 809 842 829 rex
861 796 1029 831 Graeciae
1054 800 1162 839 lieret,
1187 792 1189 796 ’

2096 108 2170 143 800

1198 191 1310 231 niam,
1342 196 1382 223 ut
1404 188 1574 224 Graeciae
1599 191 1732 225 bellum
1764 191 1927 233 inferret,
1959 193 2178 231 decrevisset,

1200 240 1442 285 desperatione
1459 241 1510 274 rei
1527 247 1661 282 tantae,
1688 254 1727 276 ac
1745 242 1930 286 praecipue
1947 250 2043 276 metu
2059 243 2181 277 Cimo-

1176 327 1177 332 ,
1202 293 1275 331 nis,
1302 291 1418 324 omisit
1435 292 1710 335 expeditionem,
1738 299 1771 326 et
1788 300 1937 326 mortem
1962 293 2030 327 sibi
2047 294 2181 326 consci-

1204 343 1272 382 vit,
1305 339 1428 375 hausto
1458 354 1519 375 seu
1548 343 1688 376 taurino
1721 343 1907 386 sanguine,
1940 355 2001 377 seu
2028 355 2184 384 veneno,

1205 405 1283 426 cum
1308 392 1450 437 quidem
1474 393 1617 427 vixisset
1639 405 1752 426 annos
1769 394 1925 439 quinque
1949 402 1981 428 et
1997 394 2185 437 sexaginta.

1206 443 1274 476 Hic
1294 443 1362 476 fuit
1384 443 1496 476 exitus
1519 444 1609 477 tanti
1626 444 1712 484 viri,
1736 444 1798 488 qui
1815 456 1893 477 cum
1914 445 2114 479 excelluerit
2131 456 2185 478 sa-

1212 710 1290 730 cuin
1315 704 1483 730 metueret
1508 698 1603 737 sore,
1630 704 1670 730 ut
1691 696 1745 729 vel
1768 709 1787 730 a
1803 695 1948 730 Graecis
1966 698 2020 729 vel
2038 710 2056 730 a
2075 696 2191 729 Persis

1214 747 1475 780 interficeretur.
1528 746 1627 780 Adeo
1647 746 1791 780 infoelix
1809 754 1858 780 est
1875 748 2045 791 sapientia
2066 745 2192 780 huma-

1187 840 1189 843 Α
1213 811 1276 837 na,
1304 810 1382 830 cum
1408 812 1425 830 a
1448 797 1522 830 Deo
1544 798 1736 838 deseritur,
1763 798 1857 831 iuxta
1876 795 1960 831 haec
1976 798 2083 831 dieta:
2111 796 2193 830 l‘on

1188 852 1189 855 ’
1212 855 1325 892 potest
1341 848 1408 881 sibi
1425 846 1530 881 horno
1548 860 1685 882 sumere
1703 848 1911 893 quicquam,
1939 849 2006 881 nisi
2023 849 2066 882 sit
2082 848 2112 881 ei
2131 848 2194 880 da-

1188 887 1190 927 l
1214 907 1289 933 tum
1313 911 1332 931 a
1353 898 1439 933 Deo.
1493 898 1598 932 Item:
1628 898 1709 933 Scio
1731 898 1905 940 Domine,
1933 900 2027 944 quod
2052 910 2125 932 non
2146 904 2197 931 est

1188 929 1191 979 Ῐ
1216 948 1371 983 hominis
1395 950 1452 982 via
1474 949 1560 985 eius.
1616 949 1703 983 Item
1733 950 1772 982 in
1797 948 1959 993 Epistola
1986 949 2116 983 lacobi:
2157 947 2197 982 Si

1188 988 1192 1045 l
1216 1001 1294 1042 quis
1313 1001 1446 1040 indiget
1462 1000 1652 1041 sapientia,
1680 1006 1772 1041 petat
1788 1012 1807 1031 a
1826 1000 1900 1033 Deo
1917 1007 1980 1034 etc.

660 1047 707 1083 Et
733 1056 844 1081 mater
868 1048 1048 1088 Alcithea,
1084 1061 1162 1081 cum
1190 1051 1193 1099 fl

1317 1046 1407 1080 Cum
1423 1047 1693 1080 Lacedaemonii
1710 1047 1901 1090 fugientem
1919 1059 1960 1081 ex
1977 1048 2126 1081 Graecia
2143 1059 2197 1080 se-

1190 1101 1194 1179 ι
1218 1104 1428 1142 querentur,
1454 1104 1493 1130 ut
1513 1098 1628 1140 ipsum
1654 1097 1911 1138 interficerent,
1937 1099 2026 1140 fugit
2042 1098 2198 1142 primum

1191 1150 1260 1199 ¹ad
1293 1148 1484 1180 Admetum
1515 1158 1632 1190 regem
1661 1146 1920 1188 Molossorum,
1963 1148 2025 1192 qui
2059 1159 2138 1181 cum
2166 1147 2201 1180 ei

1219 1198 1384 1231 inimicus
1403 1205 1509 1238 esset,
1533 1198 1689 1231 monitus
1711 1198 1755 1230 ab
1772 1210 1881 1231 uxore
1898 1197 2061 1237 Admeti,
2086 1199 2200 1231 factus

1220 1256 1270 1282 est
1289 1248 1320 1281 ei
1337 1249 1499 1293 supplex,
1522 1245 1588 1282 hoc
1604 1248 1775 1291 singulari
1792 1249 1880 1289 ritu,
1906 1261 2011 1294 quem
2035 1250 2202 1282 docuerat

1195 1329 1197 1335 ,
1221 1312 1300 1333 eum
1317 1300 1411 1342 regia
1432 1299 1598 1332 coniunx.
1647 1298 1736 1332 Cum
1753 1300 1898 1332 domurn
1916 1301 2050 1333 veniret
2068 1298 2203 1333 Adme-

186 1353 322 1386 firmior
347 1363 417 1384 esse
435 1351 583 1384 debebat
599 1350 636 1382 in
657 1350 915 1394 praestantibus
939 1351 1041 1391 viris,
1069 1363 1168 1395 saepe
1194 1338 1198 1380 l
1222 1358 1294 1390 tus,
1330 1350 1367 1382 in
1393 1350 1567 1383 vestibulo
1596 1351 1639 1382 ad
1669 1361 1767 1382 aram
1798 1347 2053 1384 Themistocles
2081 1357 2203 1384 tenens

189 1404 422 1446 extinguatur.
476 1402 718 1444 Agnoscamus
734 1401 841 1443 igitur
859 1408 891 1434 et
908 1408 1054 1436 naturae
1070 1403 1170 1435 intir-

188 1454 342 1487 mitatem
365 1460 398 1486 et
425 1453 556 1485 diaboli
574 1452 816 1498 tyrannidem,
841 1458 874 1484 et
897 1459 1055 1496 petamus
1072 1454 1165 1486 auxi·

190 1504 276 1537 lium
303 1516 321 1537 a
346 1504 418 1536 filio
442 1502 526 1543 Dei,
555 1503 648 1535 iuxta
673 1504 821 1536 dictum:
850 1502 927 1536 Tua
953 1510 1002 1537 est
1019 1504 1169 1548 perditio

190 1561 343 1594 tantum,
370 1554 407 1586 in
421 1551 490 1586 list
506 1554 675 1586 auxilium
694 1552 812 1587 lsrael.

295 1603 392 1637 Adeo
425 1604 586 1637 excelluit
618 1604 785 1647 sapientia
821 1601 1095 1644 Themistocles,
1134 1613 1172 1638 ut

194 1656 377 1699 praecipue
391 1655 498 1697 ipsius
509 1655 666 1688 consiliis
680 1653 825 1687 Graecia
841 1655 943 1689 fuerit
954 1656 1076 1689 victrix
1089 1655 1173 1688 Per-

194 1718 322 1739 sarum.
377 1703 496 1746 Quare
521 1703 575 1736 his
596 1705 712 1735 verbis
737 1705 897 1735 laudatus
924 1711 974 1736 est
992 1714 1010 1735 a
1029 1703 1167 1748 Thucy-

195 1758 292 1789 dide:
319 1755 407 1788 Erat
427 1753 682 1787 Themistocles
706 1753 887 1796 praecipue
912 1754 1039 1796 dignus
1061 1754 1173 1786 admi-
1199 1743 1202 1770 *a

196 1807 331 1839 ratione
352 1818 430 1849 prae
445 1806 534 1843 aliis,
563 1805 644 1849 quia
662 1804 734 1836 acie
748 1804 873 1837 mentis
889 1815 970 1837 suae
987 1816 1059 1836 non
1075 1816 1169 1847 pra-1³-

196 1858 372 1896 monitus,
405 1868 467 1888 nec
492 1857 553 1887 diu
578 1855 822 1893 considerans,
853 1854 888 1886 in
916 1855 1020 1887 rebus
1051 1855 1175 1888 subitis

197 1908 326 1950 optima
345 1907 489 1939 consilia
509 1905 671 1945 babebat,
699 1912 731 1938 et
747 1906 788 1937 de
805 1905 942 1945 futuris,
968 1905 1052 1949 quid
1070 1917 1175 1938 even-

198 1965 314 1990 turum
337 1963 443 1995 esset,
475 1956 664 1989 rectissime
689 1955 909 1988 coniicit-bat.
960 1953 1006 1988 Et
1030 1968 1118 2000 quae
1140 1957 1174 1988 in

197 2008 390 2052 praesentia
408 2007 445 2039 in
462 2007 625 2039 manibus
645 2004 810 2045 babebat,
836 2006 1008 2049 explicare
1033 2014 1178 2050 poterat,

199 2066 231 2092 et
257 2071 344 2104 quae
370 2071 440 2090 nou
471 2065 591 2096 norat,
629 2069 700 2089 non
726 2056 860 2090 destitit
886 2056 1074 2102 inquirere.
1137 2056 1176 2090 In

201 2110 356 2142 obscuris
384 2115 498 2141 autem
525 2108 644 2147 rebus,
677 2107 761 2152 quid
790 2107 915 2140 melius
940 2116 999 2141 aut
1026 2109 1177 2142 deterius

201 2167 304 2200 esset,
345 2159 505 2192 omnium
533 2158 682 2191 maxime
707 2158 958 2202 prospiciebat,
1002 2166 1035 2192 et
1070 2167 1108 2192 ut
1141 2160 1176 2191 in

202 2222 334 2242 sniuma
353 2211 484 2249 dicam,
510 2209 663 2242 Naturae
682 2210 815 2241 xii-ihus
832 2215 865 2242 et
891 2210 1071 2242 celerrima
1091 2211 1179 2243 deli·
1205 2210 1207 2216 ⁴

201 2261 381 2293 beratione
405 2261 535 2303 optima
563 2261 597 2292 id
622 2260 788 2303 eligebat,
815 2260 910 2304 quod
929 2261 1078 2294 maxime
1097 2273 1178 2305 pro-

200 2311 357 2344 futurum
376 2319 457 2345 crat.

302 2360 416 2395 Tanta
444 2374 520 2394 cum
547 2361 651 2394 fuerit
675 2360 864 2405 sapientia,
892 2368 1022 2395 etcum
1049 2362 1179 2406 optime

204 2411 348 2445 meritus
364 2418 469 2453 esset,
498 2419 614 2445 tamen
633 2425 671 2444 ex
688 2419 759 2445 tota
774 2410 922 2445 Graecia
939 2412 1103 2456 expulsus
1119 2420 1179 2446 est.
1206 2435 1207 2441 η

206 2465 257 2499 Ae
275 2462 424 2505 primum
444 2462 472 2493 ci
493 2463 618 2497 iniusta
636 2463 715 2495 odia
734 2461 1094 2496 Lacedaemoniorum
1114 2475 1176 2496 no-

206 2518 363 2546 cueruut.
416 2511 537 2544 Postea
569 2520 598 2545 ct
627 2514 717 2556 apud
746 2513 837 2546 cives
867 2515 1007 2548 accessit
1033 2514 1179 2552 invidia,
1205 2499 1210 2561 l

205 2562 286 2607 quia
302 2563 419 2595 minus
433 2563 586 2595 modeste
603 2576 614 2593 x
627 2564 751 2598 ivebat.
795 2561 887 2597 Exul
903 2572 1018 2599 autem
1034 2566 1077 2598 ad
1095 2564 1181 2598 Per-
1205 2563 1208 2602 ῗ

486 2619 517 2646 et
553 2614 711 2655 promisit
738 2625 772 2646 se
806 2615 930 2648 ducem
957 2617 1031 2649 fore
1059 2623 1180 2650 contra
1203 2628 1208 2665 ἰ

207 2626 259 2646 sas
285 2613 442 2651 accessit,

207 2663 369 2698 Graecos,
428 2662 517 2697 Cum
542 2670 656 2697 autem
680 2676 736 2696 rex
759 2664 790 2696 ei
809 2666 997 2700 exercitum
1017 2675 1049 2701 et
1073 2679 1178 2712 pecu·

1222 1401 1385 1434 manibus
1400 1401 1550 1434 filiolum
1568 1398 1734 1440 Admeti,
1759 1407 1793 1434 et
1809 1401 1901 1445 patri
1917 1402 2105 1435 ostendens
2120 1413 2203 1445 pro-

1223 1459 1298 1496 pter
1314 1464 1394 1485 eum
1412 1459 1488 1486 orat
1505 1464 1540 1484 se
1557 1452 1749 1496 supplicem
1765 1452 1890 1496 recipi,
1917 1452 1985 1485 sibi
2003 1451 2114 1495 parci,
2141 1463 2204 1484 nec

1225 1502 1308 1536 dedi
1330 1514 1401 1535 sese
1423 1500 1595 1537 hostibus.
1649 1501 1716 1535 Hic
1741 1502 1830 1536 ritus
1846 1510 1990 1547 propter
2011 1503 2121 1536 filium
2142 1514 2204 1546 pe-

1224 1554 1321 1587 tendi
1341 1553 1561 1587 indicabatur
1578 1564 1648 1585 esse
1663 1553 1912 1586 sanctissimus.
1965 1552 2074 1586 Dedit
2097 1553 2205 1594 igitur

1198 1625 1201 1654 3
1225 1605 1254 1636 ei
1271 1604 1442 1637 Admetus
1462 1604 1714 1648 aliquantisper
1736 1610 1850 1637 tutum
1877 1601 2082 1646 hospitium.
2136 1602 2206 1635 Sed

1197 1660 1201 1703 ι
1225 1667 1303 1687 cum
1322 1655 1457 1687 timeret
1473 1653 1644 1695 Graecos,
1672 1654 1733 1698 qui
1752 1655 1939 1697 poscebant
1957 1665 2037 1686 eum
2060 1653 2127 1685 sibi
2146 1653 2208 1685 de-

1198 1705 1201 1740 ἱ
1226 1703 1279 1742 di,
1306 1702 1440 1734 curavit
1460 1714 1538 1734 eum
1557 1705 1593 1733 in
1611 1705 1730 1735 Asiam
1752 1702 1942 1738 transvehi.

1199 1772 1203 1788 ‚
1328 1751 1408 1784 Duo
1432 1758 1547 1784 autem
1572 1751 1639 1783 viri
1657 1751 1879 1784 celebrantur
1896 1752 1932 1784 in
1950 1764 1989 1785 eo
2008 1754 2119 1793 bello,
2147 1755 2208 1798 qui

1228 1803 1268 1835 ad
1293 1809 1443 1835 caeteras
1469 1803 1632 1841 virtutes,
1666 1802 1870 1835 modestiam
1894 1809 1927 1836 et
1946 1803 2121 1836 iusticiam
2145 1805 2208 1837 ad-

1202 1864 1203 1884 3
1229 1854 1431 1892 iunxerunt,
1459 1850 1641 1885 Aristides
1655 1859 1688 1886 et
1700 1846 1844 1889 Cimon,
1872 1853 1932 1898 qui
1949 1860 1980 1886 et
1996 1865 2050 1886 res
2069 1866 2209 1897 magnas

1201 1895 1205 1962 ἰ
1229 1912 1260 1938 et
1279 1904 1382 1938 utiles
1401 1904 1532 1948 patriae
1548 1911 1746 1946 gesserunt,
1775 1911 1807 1937 et
1825 1916 1902 1936 cum
1924 1911 2038 1938 essent
2055 1904 2092 1937 in
2111 1905 2210 1938 omni

1202 1963 1205 1997 Ι
1229 1955 1342 1988 officio
1356 1955 1436 1988 iusti
1454 1961 1485 1988 et
1505 1955 1688 1994 moderati,
1706 1955 1862 1999 placidos
1879 1952 2079 1989 babuerunt
2090 1956 2211 1990 exitus.

1330 2005 1412 2039 Fuit
1435 2014 1466 2040 et
1488 2005 1614 2038 Xerxis
1639 2006 1749 2039 exitus
1768 2006 1936 2049 tragicus,
1963 2006 2024 2051 qui
2041 2013 2118 2050 post
2135 2006 2211 2040 bel—

1233 2057 1304 2090 lum
1337 2068 1495 2090 reversus
1529 2056 1563 2088 in
1589 2055 1730 2094 Asiam,
1766 2069 1843 2089 cum
1866 2057 1982 2090 fratris
2009 2069 2154 2090 uxorem
2179 2065 2211 2091 et

1231 2108 1336 2140 filiam
1364 2115 1515 2147 amaret,
1554 2108 1696 2140 fratrem
1732 2107 1917 2141 interfecit.
1978 2107 2135 2153 Sequuta
2161 2115 2211 2141 est

1232 2159 1338 2201 igitur
1368 2170 1479 2203 poena
1513 2158 1660 2191 incestas
1694 2158 1861 2191 libidines
1894 2166 1926 2193 et
1959 2159 2211 2199 crudelitatem,

1205 2220 1208 2282 ι
1232 2210 1325 2243 iuxta
1351 2210 1488 2242 divinas
1513 2209 1666 2252 regulas:
1704 2208 1834 2243 Omnis
1852 2210 1987 2251 anima,
2014 2221 2102 2254 quae
2122 2209 2211 2241 fece-

1232 2261 1277 2294 rit
1295 2258 1356 2294 lias
1372 2261 1672 2301 abominationes,
1701 2261 1946 2295 eradicabitur.
2000 2258 2102 2292 Item:
2139 2258 2212 2302 Qui

1231 2312 1388 2354 gladium
1430 2311 1617 2354 acceperit,
1658 2311 1774 2354 gladio
1811 2310 1948 2355 peribit.
2018 2308 2211 2355 Aliquanto

1233 2363 1325 2396 enim
1350 2370 1426 2406 post
1449 2362 1578 2395 Xerxes
1596 2363 1640 2395 ab
1658 2363 1837 2396 Artabano
1856 2361 2058 2395 interfectus
2077 2368 2138 2394 est.

1270 2448 1575 2481 Artaxerxes
1604 2448 1942 2491 Lonyimanus,
1979 2447 2178 2490 quintus

1541 2508 1616 2532 rex
1638 2499 1905 2531 Persarum.

1336 2563 1568 2598 Artaxerxen
1591 2561 1863 2607 Longimanum
1886 2574 1990 2606 supra
2007 2562 2158 2597 diximus
2176 2564 2211 2597 iu

1232 2614 1382 2650 Oriente
1399 2628 1544 2659 regnum
1564 2614 1713 2648 tenuisse
1738 2615 1881 2647 absente
1906 2613 2031 2646 Xerxe.
2085 2614 2212 2648 Graeci

1231 2679 1311 2710 ergo
1329 2673 1514 2700 numerant
1531 2677 1607 2699 eum
1622 2672 1698 2708 post
1716 2664 1866 2701 Xerxen.
1907 2663 2031 2698 Dictus
2050 2672 2099 2699 est
2116 2665 2213 2699 Lon-
