2324 2955
120 138 190 173 133

115 235 187 256 non
222 222 392 267 pertinet,
428 229 542 256 tamen
577 229 770 256 memoratu
799 221 1002 266 dignissima
1033 227 1092 254 est.

114 273 351 315 Interrogatus
374 273 467 305 enim
493 284 595 316 quem
622 280 757 316 caperet
782 274 932 306 fructum
958 272 1093 315 praeci—

115 336 223 366 puum
247 321 350 355 huius
377 328 492 355 tantae
517 323 666 364 gloriae,
692 330 723 356 et
748 335 863 356 rerum
890 334 907 354 a
923 334 958 355 se
981 329 1092 364 gesta-

113 386 208 411 rum,
236 372 433 416 respondit:
471 372 575 405 Hunc
594 385 703 406 unum
729 380 762 406 et
787 372 1092 412 iucundissimum,

112 424 206 467 quod
222 429 381 466 parentes
396 434 477 455 suae
495 423 651 464 virtutis,
676 430 708 457 et
726 424 855 466 gloriae
872 429 1090 465 spectatores,

111 479 144 505 et
160 472 407 517 approbatores
426 470 579 507 baberet,

196 521 312 555 Multo
330 519 386 554 hic
404 523 636 566 praestantior
654 529 687 556 et
707 522 864 555 foelicior
880 523 967 556 duce
982 523 1089 566 Spar-

108 580 190 607 tano
208 571 398 613 Pausania,
423 573 483 617 qui
506 580 649 606 matrem
667 585 738 605 non
763 584 844 606 suae
871 573 1002 613 laudis,
1029 573 1088 605 sed

108 622 339 666 turpitudinis
354 629 387 655 et
403 623 565 655 infamiae
582 623 817 666 spectatricem
837 621 970 656 habuit.
998 622 1087 656 Cum

108 673 202 707 enim
218 671 405 717 Byzantio,
433 684 520 716 quae
544 684 638 706 nunc
655 673 981 717 Constantinopolis
998 672 1087 705 dici-

108 730 178 763 tur,
206 722 409 766 praefectus,
433 720 569 755 honesti
587 724 671 756 civis
689 724 795 756 filiam
814 724 847 755 vi
864 730 995 767 raptam
1014 730 1087 756 stu—

107 779 251 817 prasset,
278 778 310 805 et
328 779 445 816 postea
463 773 700 814 interfecisset,
724 774 758 805 in
775 775 906 806 somnis
924 774 953 806 ei
973 775 1085 814 imago

106 834 254 867 poenam
280 820 346 854 hoc
368 823 540 856 versiculo
558 824 714 857 minitata
740 832 804 857 est:
833 826 964 867 Στεῖχε
985 821 1088 867 δίκης

107 869 224 907 ἆσσον
258 869 358 916 μάλα
398 870 443 917 δὴ
480 872 596 907 κακὸν
630 871 813 919 ἀνδράσιν
850 873 968 919 ὑβρῑς.
1029 873 1084 906 Ad

105 934 254 968 poenam
280 934 448 966 propera,
482 935 646 966 magnum
676 925 804 957 iniuria
831 926 999 957 damnum
1027 930 1086 958 est.

106 972 229 1007 Postea
247 971 456 1017 Byzantium
479 974 586 1007 eiecto
612 973 782 1007 Pausania
806 986 840 1007 se
858 972 1086 1007 Atheniensi-

105 1024 171 1057 bus
194 1023 352 1056 subiecit.
407 1022 483 1067 lpse
505 1036 587 1056 vero
604 1036 804 1069 quanquam
828 1025 930 1057 initio
956 1024 1086 1066 glorio-

105 1073 260 1107 sissimus
281 1073 411 1113 fuerat,
438 1080 472 1106 et
488 1073 716 1107 Mardonium
743 1077 783 1106 ad
810 1075 937 1118 plateas
956 1075 1084 1106 victum

104 1136 144 1158 ex
168 1123 315 1156 Graecia
341 1124 539 1166 pepulerat,
568 1131 684 1157 tamen
710 1126 851 1157 nefariis
877 1125 1086 1157 libidinibus

105 1180 138 1207 et
172 1173 249 1206 aliis
281 1173 470 1206 sceleribus
504 1175 675 1218 pollutus,
719 1182 836 1218 postea
871 1176 960 1207 fame
996 1175 1085 1206 mori

105 1230 242 1257 coactus
262 1230 322 1256 est.
374 1223 464 1257 Cum
487 1225 580 1258 enim
604 1226 788 1259 damnatus
809 1226 852 1259 ab
871 1223 1025 1269 Ephoris
1049 1226 1085 1256 iu

105 1274 269 1307 sacellum
292 1273 445 1307 Palladis
469 1275 696 1318 profugisset,
723 1277 818 1308 unde
845 1287 923 1308 eum
951 1272 1085 1307 extrahi

105 1335 179 1356 non
213 1324 358 1362 licebat,
399 1325 516 1354 sacelli
549 1325 641 1355 fores
675 1325 853 1366 lapidibus
889 1325 1086 1356 obstructae

106 1379 198 1412 sunt,
225 1379 258 1405 et
275 1378 384 1404 mater
400 1371 508 1414 ipsius
525 1369 665 1414 Argelia
682 1373 834 1416 primum
853 1373 1006 1416 lapidem
1024 1374 1087 1405 ad-

105 1422 231 1467 posuit.
285 1420 339 1453 lbi
354 1421 444 1452 fame
464 1421 635 1454 extinctus
652 1429 711 1455 est.

207 1469 322 1504 Multa
346 1481 482 1514 possem
500 1470 657 1503 virorum
682 1469 851 1513 ingeniis,
877 1470 1037 1503 doctrina
1055 1477 1086 1502 et

105 1521 289 1556 nobilitate
308 1520 559 1564 praestantium
577 1521 731 1564 exempla
751 1527 864 1553 vetera
881 1527 912 1552 et
935 1520 1085 1552 recentia

104 1582 394 1610 commemorare,
420 1571 547 1615 quibus
563 1572 707 1604 exitium
727 1582 831 1613 vagae
852 1570 1017 1603 libidines
1035 1577 1087 1602 at—

104 1623 272 1657 tulerunt.
332 1620 502 1654 Fortassis
527 1621 634 1665 aliqui
660 1633 757 1654 senes
780 1619 895 1653 adhuc
916 1621 1085 1652 memine-

104 1680 188 1707 runt
211 1677 405 1705 conventus
421 1670 659 1711 Coloniensis‚
687 1672 795 1704 coacti
813 1673 855 1703 ab
874 1670 1087 1714 Imperatore

105 1722 363 1762 B1aximiliano,
381 1733 474 1754 anno
488 1719 596 1756 1505.
615 1723 658 1754 ad
676 1734 792 1767 quem,
809 1734 886 1754 cum
904 1721 962 1753 alii
984 1721 1086 1754 Priu-

105 1774 197 1818 cipes
214 1772 336 1810 multi,
365 1779 439 1806 tum
457 1784 540 1804 vero
556 1771 659 1805 etiam
678 1771 823 1805 lacobus
838 1769 1000 1804 Max-chio
1018 1770 1086 1804 Ba—

104 1823 240 1863 densis,
276 1829 307 1856 et
335 1820 530 1865 Episcopus
556 1821 778 1855 Trevirensis
804 1822 964 1860 accessit,
989 1822 1087 1854 cuius

105 1881 241 1908 tantum
270 1873 336 1906 suit
368 1873 567 1916 ingenium,
602 1878 765 1917 tantaque
792 1872 1013 1916 eloquentia,
1050 1879 1087 1904 ut

106 1925 199 1958 idem
215 1922 352 1966 Legatis
371 1922 558 1967 pontificiis
575 1921 717 1962 Latine,
746 1923 967 1955 Germanicis
994 1921 1086 1954 Ger—

105 1974 260 2014 manice,
289 1972 435 2007 Gallicis
465 1973 621 2013 Gallice,
650 1973 791 2006 Venetis
817 1972 935 2006 ltalice
963 1985 1086 2015 magna

107 2037 187 2058 cum
204 2025 307 2057 laude
330 2031 363 2057 et
388 2023 618 2056 admiratione
637 2023 867 2067 responderit.
921 2022 952 2055 Is
971 2029 1087 2066 postea

108 2086 170 2119 per
197 2074 308 2118 ripam
336 2071 454 2107 Rheni
477 2074 685 2113 ascendens,
719 2073 964 2107 Confluentiae
989 2085 1006 2106 a
1030 2085 1087 2105 su-

107 2132 183 2159 tore
205 2125 356 2169 quodam
383 2121 621 2167 deprehensus
646 2125 736 2167 apud
769 2124 952 2166 coniugem
979 2123 1088 2155 inter-

107 2176 217 2209 sectus
240 2181 299 2207 est.
353 2173 584 2207 Meminimus
610 2174 712 2208 etiam
734 2173 907 2209 Comitem
935 2174 1090 2216 iugenio,

109 2225 324 2266 eruditione,
361 2225 552 2263 industria,
587 2231 620 2258 et
645 2224 711 2258 fide
735 2225 772 2258 in
786 2226 905 2264 cebus
929 2224 1089 2266 gerendis

108 2276 333 2309 excellentem
354 2275 390 2307 in
409 2275 516 2308 simili
533 2286 613 2308 casu
630 2286 648 2307 a
671 2276 851 2308 scriniario
875 2288 937 2308 suo
953 2275 1089 2306 confos-

110 2338 186 2359 sum
212 2326 394 2360 interiisse.
457 2325 595 2358 Scimus
618 2332 746 2370 quanta
777 2326 881 2358 fuerit
907 2324 1089 2367 Dalburgii

112 2376 338 2417 Vangionum
372 2375 556 2418 Episcopi,
596 2376 654 2420 qui
687 2374 880 2418 liudolpho
908 2375 1091 2416 Agricolae

110 2426 293 2460 familiaris
310 2426 392 2465 suit,
418 2427 577 2459 doctrina
592 2438 630 2458 ac
646 2426 843 2469 eloquentia
862 2432 895 2458 et
913 2426 1092 2458 autoritas.

113 2476 146 2510 Is
165 2476 415 2518 Heidelbergae
442 2477 476 2508 in
503 2477 604 2509 aedes
628 2476 806 2508 adulterae
831 2476 1029 2518 ingrediens
1058 2476 1092 2507 in

112 2527 235 2559 cellam
255 2527 401 2565 decidit,
429 2539 466 2559 ac
491 2527 607 2560 statim
631 2526 802 2559 extinctus
822 2534 882 2558 est.
935 2526 1001 2558 Sed
1024 2533 1092 2558 tam

115 2577 228 2611 tristes
260 2588 477 2609 summorum
506 2577 662 2609 virorum
691 2577 853 2609 interitus
884 2576 1094 2615 meminisse,

115 2625 234 2660 horret
251 2627 406 2664 animus,
435 2627 598 2671 luctuque
616 2627 752 2669 refugit.
806 2626 924 2668 Quare
947 2638 1017 2658 non
1040 2638 1094 2658 re-

116 2677 230 2711 citabo
253 2677 364 2722 plura.
428 2676 616 2711 Verissime
641 2678 754 2719 enim,
790 2689 862 2710 non
885 2677 986 2716 urbs,
1021 2689 1092 2709 non

825 135 981 172 DECL.
1017 133 1090 170 DE
1124 133 1431 174 CONIUGIO.

2059 148 2129 181 134

1143 222 1255 264 regio,
1282 234 1354 254 non
1372 229 1462 255 aetas
1487 224 1557 257 ulla
1576 225 1685 258 severi
1703 225 1824 260 iudicii
1842 229 2025 272 exemplis,
2053 243 2125 265 non

1143 273 1268 305 domus
1285 272 1357 304 ulla
1377 280 1479 306 caret.

1246 321 1449 355 lntueamur
1470 331 1583 357 autem
1610 323 1802 359 horrendas
1829 328 2018 362 libidinum
2039 343 2122 374 poe-

1143 383 1204 404 nas
1222 378 1385 416 tanquam
1404 374 1586 406 conciones
1605 377 1646 407 de
1666 377 1819 409 castitate
1837 385 1868 411 et
1894 379 2029 413 iusticia
2045 380 2122 421 Dei,

1143 429 1175 454 et
1199 423 1396 455 testimonia
1423 424 1611 456 voluntatis
1644 426 1802 465 divinae,
1836 429 1890 460 cui
1924 438 2122 464 reverenter

1142 473 1366 511 obediamus,
1395 480 1424 505 et
1443 474 1590 506 sciamus
1613 487 1691 507 eum
1717 473 1779 509 hac
1798 478 1994 512 obedientia
2015 481 2050 512 in
2071 482 2121 513 le·

1141 522 1262 563 gitimo
1284 529 1314 554 et
1337 530 1428 555 casto
1448 524 1610 565 coniugio
1634 525 1700 556 coli
1718 527 1822 565 velle,
1849 535 1881 560 et
1897 530 2019 561 maiori
2038 543 2118 563 cura

1141 573 1290 605 vitemus
1318 570 1402 605 haec
1430 574 1557 606 scelera
1579 581 1610 606 et
1633 574 1864 616 calamitates,
1891 590 1977 621 quae
1995 581 2119 613 ordine

1140 622 1312 656 divinitus
1329 624 1462 655 sancito
1483 624 1634 667 pollutos
1649 632 1853 668 sequuntur.

1242 673 1378 716 Sparsit
1401 671 1495 706 Deus
1522 675 1625 706 etiam
1657 674 1692 705 in
1723 675 1914 708 animantia
1948 679 2119 720 quaedam

1140 722 1349 756 simulachra
1368 724 1533 757 castitatis
1549 723 1759 766 coniugalis,
1787 731 1825 758 ut
1842 726 2023 759 columbae
2047 740 2118 760 non

1140 774 1350 817 copulantur
1381 775 1563 817 pluribus,
1605 786 1719 818 neque
1751 776 1915 808 deserunt
1945 777 2120 820 coniuges,

1139 825 1207 856 nisi
1229 824 1317 856 alter
1342 824 1469 857 viduus
1492 830 1552 856 aut
1577 824 1682 856 vidua
1711 825 1778 857 fiat.
1841 824 1935 858 llaec
1964 827 2118 861 fortassis

1139 875 1254 919 aliqua
1272 886 1370 907 causa
1389 881 1457 912 est,
1485 886 1546 906 cur
1572 874 1607 906 in
1628 875 1700 916 lege
1718 874 1828 907 Mosis
1852 888 2040 919 puerperae
2058 890 2120 921 par

1138 925 1381 957 columbarum
1409 924 1463 956 vel
1490 930 1666 957 turturum
1692 923 1766 957 Deo
1791 925 1950 960 offerant.
2010 925 2056 960 Et
2082 928 2118 959 in

1138 975 1335 1018 sapientum
1361 974 1506 1017 picturis
1527 975 1708 1006 columbae
1726 987 1866 1007 currum
1887 975 2032 1009 Veneris
2049 984 2120 1010 tra-

1139 1023 1220 1057 here
1245 1025 1442 1067 finguntur,
1469 1024 1549 1068 quia
1571 1025 1761 1057 foecundae
1783 1032 1882 1065 sunt,
1910 1032 1942 1058 et
1964 1027 2118 1069 coniugii

1138 1076 1212 1108 iura
1238 1081 1387 1107 servant.
1441 1074 1604 1107 Tuentur
1628 1074 1702 1106 iura
1728 1075 1883 1117 coniugii
1908 1075 2010 1107 etiam
2027 1075 2119 1114 Cevx

1138 1133 1170 1158 et
1195 1124 1375 1169 Ilalcyon,
1411 1125 1453 1156 de
1485 1124 1613 1168 quibus
1645 1124 1803 1158 scribunt
1832 1125 1941 1158 altero
1973 1116 2119 1168 coniu’ge

1138 1182 1295 1215 mortuo,
1331 1175 1479 1207 alterum
1516 1175 1698 1218 praeluctu
1729 1175 1895 1217 extingui.
1954 1174 2120 1208 Ciconiae

1138 1226 1258 1259 rostris
1283 1225 1450 1258 occidunt
1472 1225 1659 1257 adulteros.
1721 1223 1872 1269 Aquilae
1898 1236 1981 1258 suos
2005 1227 2121 1269 pullos

1138 1276 1175 1308 in
1209 1276 1316 1308 solem
1346 1276 1532 1307 adversum
1564 1282 1762 1318 exponunt,
1802 1275 2039 1318 explorantes,
2075 1289 2119 1308 au

1139 1326 1271 1368 proprii
1297 1325 1349 1356 vel
1372 1324 1482 1367 spurii
1506 1324 1587 1359 sint.
1640 1323 1733 1357 Ilaec
1759 1325 1900 1366 vestigia
1923 1325 2017 1358 Deus
2041 1326 2120 1358 ideo

1139 1375 1173 1406 in
1192 1380 1333 1406 naturas
1356 1372 1587 1404 animantium
1608 1373 1801 1416 impressit,
1830 1381 1866 1406 ut
1886 1385 1949 1406 nos
1968 1376 2010 1407 ad
2037 1376 2121 1408 casti

1138 1423 1291 1464 coniugii
1308 1423 1412 1454 decus
1429 1423 1602 1456 tuendum
1619 1422 1822 1464 invitarent,
1843 1430 1876 1457 et
1891 1435 1910 1456 a
1926 1425 2020 1467 vagis
2036 1425 2120 1458 libi-

1137 1472 1280 1505 dinibus
1298 1472 1522 1505 deterrerent.

1240 1521 1308 1554 Sed
1326 1521 1451 1553 accedo
1476 1522 1617 1554 tandem
1638 1521 1679 1554 ad
1698 1522 2015 1565 splendidissimam
2034 1536 2119 1558 con-

1139 1571 1224 1614 iugii
1248 1570 1504 1609 laudationem,
1531 1583 1619 1615 quae
1641 1583 1659 1604 a
1677 1571 1785 1605 Paulo
1803 1573 1942 1616 copiose
1967 1574 2122 1608 illustra-

1139 1629 1205 1656 tur.
1260 1619 1323 1654 Est
1338 1620 1431 1653 enim
1450 1621 1652 1664 coniugium
1671 1622 1784 1664 imago
1809 1623 1903 1656 illius
1921 1624 2120 1657 admirandi

1139 1672 1309 1709 foederis,
1343 1683 1412 1715 quo
1436 1668 1598 1704 Christus
1622 1672 1688 1703 sibi
1713 1670 1904 1705 Ecclesiam
1931 1675 2120 1717 copulavit,

1137 1734 1176 1755 ac
1193 1721 1483 1754 commonefactio
1501 1722 1544 1754 de
1559 1733 1696 1754 summo
1713 1729 1744 1755 et
1761 1723 1990 1756 inenarrabili
2003 1735 2121 1757 amore

1137 1772 1216 1810 Dei,
1245 1784 1313 1816 quo
1330 1782 1492 1815 sponsam
1509 1784 1605 1804 suam
1621 1769 1813 1805 Ecclesiam
1834 1774 2087 1817 complectitur.

1241 1822 1372 1855 Lucere
1391 1828 1506 1855 autem
1525 1822 1615 1856 inter
1638 1835 1804 1865 sponsum
1829 1830 1862 1856 et
1878 1835 2039 1867 sponsam
2052 1851 2060 1864 ‚
2089 1831 2121 1858 et

1141 1873 1175 1905 in
1200 1873 1297 1905 omni
1325 1873 1381 1915 pio
1408 1884 1446 1904 ac
1472 1880 1563 1906 casto
1590 1873 1752 1915 coniugio
1779 1871 1863 1906 haec
1887 1875 2043 1918 quinque
2059 1875 2121 1907 de-

1138 1924 1233 1958 bent.
1283 1920 1407 1954 Primo
1425 1934 1524 1954 amor
1543 1929 1703 1962 mutuus,
1730 1935 1850 1963 verus,
1876 1925 2018 1964 ardens,
2045 1926 2120 1956 sin-

1139 1985 1256 2011 cerus,
1290 1973 1423 2011 suavis,
1458 1970 1548 2004 nihil
1583 1970 1715 2005 babens
1739 1973 1993 2013 simulationis,
2027 1972 2119 2006 nihil

1139 2023 1366 2066 suspicionis,
1391 2020 1482 2054 nihil
1508 2022 1737 2059 morositatis,
1766 2023 1999 2063 diffidentiae,
2025 2024 2121 2056 fasti-

1140 2074 1188 2106 dii
1202 2098 1211 2111 ‚
1238 2073 1440 2116 superbiae,
1470 2072 1504 2104 in
1523 2084 1592 2116 quo
1616 2084 1733 2104 amore
1751 2078 1873 2105 mutuo
1890 2074 2122 2117 acquiescant,

1140 2131 1173 2157 et
1202 2131 1348 2167 uterque
1379 2123 1462 2155 velit
1487 2122 1586 2155 alteri
1621 2122 1709 2155 bene
1739 2133 1822 2155 esse.
1875 2121 2012 2156 Deinde
2038 2124 2122 2157 fides

1141 2174 1344 2215 coniugalis.
1399 2172 1521 2206 Postea
1546 2173 1689 2204 societas
1706 2173 1865 2204 omnium
1891 2174 2065 2206 bonorum
2089 2180 2123 2207 et

1141 2236 1409 2261 aerumnarum,
1438 2230 1511 2255 tum
1530 2222 1717 2263 generatio.
1758 2221 1938 2256 Postremo
1955 2224 2123 2257 defensio.

1243 2274 1317 2306 llae
1340 2273 1496 2318 quinquc
1521 2284 1592 2309 res,
1619 2284 1704 2316 quas
1724 2272 1848 2305 merito
1873 2285 1998 2306 nervos
2019 2281 2123 2318 atque

1142 2332 1237 2358 artus
1255 2325 1407 2365 coniugii
1435 2323 1618 2355 nominare
1636 2333 1839 2365 possumus,
1868 2323 1903 2355 in
1921 2324 1992 2356 filio
2008 2323 2074 2357 Dei
2090 2330 2123 2357 et

1144 2374 1296 2408 Ecclesia
1325 2374 1430 2406 simili
1462 2373 1598 2404 foedere
1627 2372 1795 2414 copulatis
1826 2374 2044 2416 potissimum
2072 2375 2125 2407 ln-

1144 2432 1223 2458 cent
1252 2433 1283 2458 et
1315 2424 1591 2466 conspiciuntur.
1646 2421 1692 2455 Ut
1720 2422 1814 2454 enim
1839 2435 1877 2456 ex
1903 2422 2016 2456 Adam
2043 2426 2126 2457 dor—

1144 2476 1284 2508 mientis
1309 2475 1413 2506 latere
1438 2473 1639 2505 aedificatur
1655 2472 1801 2512 mulier,
1827 2486 1915 2518 quae
1933 2486 2010 2506 cum
2029 2475 2070 2507 sit
2090 2485 2127 2506 os

1146 2538 1184 2558 ex
1203 2527 1338 2558 ossibus
1351 2525 1435 2562 eius,
1464 2530 1496 2555 et
1511 2534 1590 2554 caro
1608 2524 1651 2555 de
1668 2533 1772 2555 carne
1789 2523 1876 2563 cius,
1904 2524 1948 2556 ita
1966 2531 2057 2557 arcte
2075 2524 2127 2557 illi

1145 2577 1347 2619 copulatur,
1374 2580 1411 2606 ut
1428 2573 1498 2605 sint
1518 2584 1586 2605 una
1602 2584 1694 2610 caro,
1722 2573 1872 2617 ideoque
1888 2575 2129 2607 ardentissime

1146 2638 1218 2658 sese
1235 2632 1356 2657 mutuo
1375 2631 1540 2666 tauquam
1564 2623 1696 2666 seipsos
1713 2622 1879 2665 diligant,
1907 2625 1950 2656 ita
1968 2636 2005 2655 ex
2028 2624 2131 2654 latere

1144 2674 1278 2710 Christi
1295 2672 1587 2708 obdormiscentis
1604 2673 1640 2706 iu
1659 2685 1759 2707 cruce
1778 2680 1962 2716 promanat
1981 2674 2133 2714 sanguis,

1470 2719 1523 2755 9*
