2324 2955
196 111 271 145 943
439 106 645 144 SCRIPTA
673 106 747 143 PH.
775 105 889 140 MEL.
915 104 981 138 AD
1008 105 1134 140 HlST.
1162 105 1304 142 PROF.
1330 104 1396 140 ET
1423 102 1609 140 PHILOS.
1636 103 1952 141 SPECTANTIA.
2119 104 2195 140 944

200 195 262 227 filii
279 195 348 227 duo
367 190 578 225 dissimilimi
596 190 753 232 cognati,
778 189 1028 233 Heliogabalus
1048 190 1173 223 etAle-
1197 194 1201 217 l

200 246 330 277 xander
357 242 514 275 Severus.
1198 235 1201 274 ξ

440 303 589 335 Sorores
1200 327 1201 339 ἶ

353 355 456 389 Iulia
491 365 598 398 nupta
728 354 879 390 Jlaesa,
1199 353 1202 406 1

353 407 494 443 Severo,
508 406 608 438 dein-
1200 433 1202 436 ,

354 458 395 490 de
414 456 590 488 Bassssano,
745 454 865 479 Filiae.
1200 466 1202 482 ν

424 508 505 513 ,--
601 498 807 515 *q——j-
944 510 986 518 q
1200 500 1202 512 l

431 520 594 554 Soaemis
721 521 938 556 Jlammaea
1200 548 1202 562 ,

430 573 624 605 concubina
724 580 829 616 nupta
850 572 955 605 Vario
1200 565 1203 637 i

454 622 624 657 Bassiani.
754 623 933 656 Marcello.

851 674 855 690 ι

530 672 532 707 l
852 694 855 702 ,

441 773 474 779 ..
529 709 532 767 f
608 773 615 779 .
769 774 803 780 ..
852 706 856 767 Ι

407 771 518 805 Filius
535 772 658 805 Helio·
736 772 847 806 Filius
867 771 1067 806 Alexander

467 823 620 865 gabalus.
807 823 967 856 Severus

303 878 440 912 Nomen
454 878 699 925 Heliogabali
721 888 770 915 est
795 882 838 914 ab
857 882 971 919 idolo,
1000 883 1098 914 cuius
1125 894 1179 915 sa·
1204 899 1207 917 ;

206 930 325 962 cerdos
341 930 407 963 fuit
425 929 481 963 hic
499 931 696 964 Soaemidis
715 932 818 966 filius.
872 931 954 964 Fuit
981 940 1094 965 autem
1114 945 1179 964 no-
1204 961 1207 972 ,

204 991 282 1011 men
311 981 408 1013 urbis
433 980 470 1012 in
493 979 683 1013 Phoenicia
712 978 849 1021 Gebal,
891 982 981 1013 clara
1008 983 1177 1015 artificum

204 1029 389 1064 industria.
431 1029 516 1062 lnde
533 1032 751 1063 nominatum
770 1044 839 1064 esse
858 1032 990 1063 idolum
1009 1033 1179 1069 existimo,
1204 1058 1207 1068 .

205 1076 262 1110 El
276 1076 414 1119 Gebal‚
443 1081 478 1112 id
499 1088 559 1117 est,
585 1078 707 1113 Deum
725 1077 858 1113 Gebal.
911 1080 1033 1112 Postea
1054 1081 1178 1114 Graeci
1205 1075 1210 1106 ss'

205 1127 262 1160 El
278 1137 458 1162 mutarunt
478 1130 514 1162 in
541 1129 645 1174 ἣλιος.
699 1130 870 1163 Fortassis
894 1130 1019 1172 partim
1036 1130 1179 1167 Graeca,
1205 1118 1208 1176 l

206 1179 332 1222 partim
350 1179 491 1224 Syriaca
506 1193 572 1212 vox
591 1187 658 1218 est,
685 1178 782 1225 ἥλιος
796 1188 827 1214 et
845 1177 993 1219 Gabal,
1021 1182 1112 1224 quod
1134 1181 1179 1212 si-
1206 1180 1208 1223 l

208 1229 346 1271 gnificat
363 1230 550 1262 terminum
571 1242 630 1263 seu
649 1238 788 1269 metam,
807 1231 887 1275 quia
905 1231 957 1262 sol
975 1232 1180 1263 terminator

205 1285 277 1318 est,
305 1287 337 1312 et
355 1286 462 1312 metas
481 1291 656 1313 annorum
672 1281 765 1318 facit,
793 1281 927 1325 fuitque
944 1287 1054 1315 statua
1072 1282 1178 1324 figura
1206 1291 1209 1305 ²

206 1329 392 1371 trianguli,
433 1336 471 1362 ut
499 1328 717 1363 Phoenicum
747 1338 779 1364 et
811 1329 1049 1365 Chaldeorum
1086 1332 1178 1364 idola

206 1378 447 1421 significarunt
464 1380 572 1413 multa
592 1382 634 1413 de
649 1381 761 1415 astris.

256 1468 362 1503 Anno
395 1471 519 1503 mundi
552 1479 676 1516 quater
721 1473 927 1515 millesimo,
976 1475 1210 1515 centesimo,'

412 1523 644 1564 octuagesimo
663 1530 798 1567 quarto.

259 1570 363 1603 Anno
381 1569 516 1605 Romae
543 1574 826 1615 nongentesimo,
854 1574 1104 1618 septuagesimo
1130 1587 1180 1608 se-

407 1623 534 1656 cundo.

259 1668 365 1702 Anno
383 1668 514 1703 Christi
537 1673 774 1706 ducentesimo
794 1673 957 1706 vicesimo
982 1675 1147 1707 secundo.

412 1773 582 1805 Varius
616 1772 975 1819 Heliogabalus.

316 1834 458 1870 Varius
474 1836 748 1883 Heliogabalus
769 1841 861 1873 filius
877 1840 1036 1873 Bassiani
1060 1847 1097 1872 ut
1113 1840 1184 1872 exi-
1208 1839 1211 1893 j

211 1887 419 1920 stimabatur
444 1887 582 1921 Maesae
601 1890 697 1922 aviae
714 1891 904 1923 calliditate
929 1898 962 1924 et
985 1890 1183 1932 largitioni·
1208 1904 1211 1929 Ι

211 1937 276 1969 bus
298 1937 409 1970 factus
443 1945 491 1971 est
524 1939 724 1982 imperator.
790 1939 966 1983 Regnavit
1001 1933 1211 1972 biennium?

212 1994 243 2019 et
257 1993 387 2029 septem
407 2000 554 2021 menses.
605 1988 793 2032 Superavit
810 1991 1029 2034 turpitudine
1053 2003 1184 2030 omnes,

213 2037 331 2081 quiin
356 2035 510 2070 historiis
540 2038 685 2071 infames
717 2047 798 2073 sunt
828 2048 970 2084 propter
1006 2041 1183 2076 libidines,

212 2086 422 2120 Nominatus
439 2095 488 2121 est
506 2087 783 2132 Sardanapalus,
811 2092 866 2123 sed
885 2092 996 2124 multo
1015 2092 1082 2124 fuit
1099 2103 1184 2124 con-

213 2137 426 2170 taminatior.
455 2137 551 2172 Fecit
567 2137 747 2172 Caesarem
766 2142 1017 2174 consobrinum
1031 2140 1184 2174 Alexan-

185 2194 201 2210 *
214 2187 314 2219 drum
328 2211 335 2224 ‚
361 2200 544 2230 persuasus
561 2200 578 2221 a
598 2196 707 2222 matre
725 2197 757 2223 et
767 2190 982 2232 Mammaea,
1010 2204 1097 2236 quae
1112 2204 1185 2224 me-

215 2236 358 2270 tuebant
374 2250 537 2282 oppresso
561 2239 645 2279 isto,
672 2240 858 2283 imperium
876 2249 1125 2284 perventurum
1142 2243 1183 2274 ad
1210 2235 1213 2275 :¹

216 2285 379 2322 alienum.
431 2288 498 2322 Sed
516 2297 631 2332 postea
651 2291 747 2324 misit
769 2292 917 2331 milites,
948 2292 1008 2336 qui
1032 2290 1185 2325 Alexan·
1209 2280 1214 2342 l

217 2336 317 2367 drum
341 2339 566 2372 trucidarent.
619 2338 696 2373 Hoc
721 2353 799 2373 cum
816 2341 1034 2375 Praetoriani
1057 2343 1185 2375 milites
1210 2353 1213 2372 ι

218 2386 451 2428 rescivissent,
493 2390 550 2433 qui
585 2388 776 2423 Alexandri
821 2404 935 2425 mores
969 2379 1214 2436 prol)abant‚:

218 2435 330 2479 ipsum
345 2435 611 2479 Heliogabalum
638 2441 673 2472 in
695 2441 829 2481 cloaca,
858 2442 893 2474 in
917 2455 1019 2487 quam
1041 2443 1186 2485 fugerat,
1210 2454 1214 2488 ζ

217 2485 476 2522 interfecerunt.
527 2488 648 2522 Postea
669 2498 815 2524 tractum
840 2505 902 2535 per
921 2494 1049 2526 circum
1071 2493 1186 2525 carni-

217 2535 295 2568 fices
326 2537 362 2568 in
397 2536 544 2581 Tybrim
577 2540 788 2575 abiecerunt.
841 2541 979 2575 Deinde
1013 2550 1044 2576 et
1078 2541 1213 2575 mater*

217 2584 390 2623 Soaemis‚
434 2594 466 2620 et
497 2589 598 2621 multi
630 2591 797 2624 scelerum
829 2593 982 2627 ministri
1013 2593 1184 2627 interfecti
1209 2590 1214 2636 l

214 2642 306 2671 sunt.

1279 189 1385 223 Anno
1427 189 1550 221 mundi
1595 196 1716 234 quater
1752 189 1961 230 millesimo,
2009 189 2200 223 centesimo

1429 239 1659 281 octuagesimo
1677 240 1837 283 septimo.

1278 291 1384 324 Anno
1426 288 1562 322 Romae
1605 290 1891 332 nongentesimo,
1947 288 2198 332 septuagesimo

1429 346 1562 383 quintO.

1278 389 1382 423 Anno
1401 387 1531 422 Christi
1551 389 1789 422 ducentesimo
1809 389 1972 422 vicesimo
1991 388 2126 434 quinto.

1451 488 1724 523 Alemander
1767 490 1970 523 Severus.

1330 568 1544 605 Alexander
1562 570 1712 604 Severus
1729 580 1831 604 natus
1848 584 1887 604 ex
1905 570 2120 607 Mammam,
2151 570 2204 603 fa·

1227 630 1300 656 ctus
1327 630 1376 655 est
1404 624 1612 666 imperator,
1642 634 1813 655 consensu
1830 621 2142 654 praetorianorum
2168 626 2201 652 et

1200 705 1202 709 .
1229 673 1390 707 Senatus.
1426 672 1558 705 Tenuit
1577 673 1762 716 imperium
1785 684 1896 705 annos
1913 671 2089 710 tredecim,
2106 681 2205 702 rnen·

1231 735 1282 756 ses
1300 730 1378 757 tres.
1430 722 1550 755 Mores
1569 722 1710 756 fuerunt
1727 723 1809 755 casti
1827 729 1860 755 et
1876 722 1969 755 iusti.
2013 720 2119 754 Initio
2136 720 2202 751 im-

1204 784 1205 787 ’
1232 774 1317 817 perii
1345 785 1423 806 mox
1449 772 1598 806 removit
1621 773 1664 805 ab
1688 773 1802 806 officio
1831 772 1996 812 infames,
2023 772 2083 815 qni
2103 776 2204 803 antea

1204 815 1206 868 ἰ
1230 825 1294 857 sub
1311 824 1512 867 turpissimo
1529 830 1679 867 tyranno
1699 829 1891 856 creverant.
1940 821 2074 865 Delegit
2090 826 2204 853 autem

1231 887 1270 906 ex
1294 874 1426 908 Senatu
1445 880 1477 906 et
1497 885 1537 905 ex
1553 874 1664 906 doctis
1681 873 1764 905 viris
1781 873 2007 916 praecipuos,
2034 870 2206 904 excellen-

1230 931 1279 957 tes
1297 924 1464 966 sapientia
1485 930 1517 955 et
1533 923 1672 962 virtute,
1701 935 1788 968 quos
1806 924 1848 956 ad
1867 923 2013 956 consilia
2032 919 2207 957 adhibuit,

1231 981 1262 1007 et
1280 975 1321 1006 ad
1344 973 1568 1006 domesticam
1585 973 1871 1008 familiaritatem.
1919 972 2052 1007 Graece
2068 971 2207 1013 elegan-

1231 1031 1282 1056 ter
1300 1025 1422 1055 doctus
1440 1024 1523 1060 fuit,
1554 1024 1639 1055 adeo
1655 1031 1693 1056 ut
1710 1024 1799 1056 vitas
1817 1024 1990 1056 bonorum
2008 1021 2207 1065 principum

1233 1072 1367 1105 Graeco
1402 1072 1554 1104 carmine
1584 1073 1814 1115 descripserit.
1878 1071 1932 1105 Ex
1959 1072 2095 1104 Latinis
2122 1069 2207 1112 legit

1232 1122 1424 1165 plurimum
1434 1120 1613 1154 Ciceronis
1624 1119 1749 1154 Officia
1767 1128 1795 1154 et
1814 1122 1923 1154 libros
1936 1122 1978 1153 de
1993 1120 2207 1163 Republica.

1232 1171 1541 1204 Familiarissimus
1560 1171 1590 1203 ei
1609 1183 1646 1203 ex
1670 1173 1834 1205 omnibus
1853 1170 2117 1203 Iurisconsultis
2134 1166 2207 1202 Ul-

1230 1221 1368 1268 pianus
1391 1221 1478 1261 fuit,
1510 1233 1613 1265 quern
1639 1229 1672 1255 et
1695 1234 1772 1255 cum
1796 1222 1924 1255 milites
1948 1221 1986 1253 in
2002 1232 2079 1253 eum
2097 1220 2208 1262 impe-

1233 1280 1306 1306 tum
1328 1271 1453 1305 facturi
1477 1278 1606 1311 essent,
1633 1273 1714 1306 texit
1743 1284 1803 1306 sua
1828 1283 2005 1315 purpura,
2032 1277 2065 1303 et
2082 1269 2210 1302 milites

1232 1322 1406 1367 repressit.

1335 1378 1434 1413 Nihil
1453 1380 1532 1413 fecit
1550 1380 1704 1424 asperius
1721 1387 1794 1413 toto
1810 1379 1949 1423 imperii
1966 1379 2020 1412 sui
2045 1385 2211 1421 tempore,

1208 1447 1209 1466 ι
1234 1443 1338 1475 quam
1364 1431 1458 1475 quod
1480 1431 1576 1464 fumo
1600 1431 1735 1464 necavit
1757 1428 1959 1463 Thurinum
1986 1428 2211 1466 Verconium,

1208 1499 1210 1519 ;
1235 1482 1317 1526 quia
1340 1481 1464 1514 solitus
1487 1487 1573 1514 esset
1596 1481 1710 1514 fumos
1730 1482 1901 1524 vendere,
1928 1481 1962 1513 id
1985 1486 2053 1520 est,
2079 1479 2210 1521 fingere

1208 1563 1211 1568 ,
1234 1542 1398 1574 responsa
1418 1532 1658 1575 imperatoris,
1685 1539 1823 1575 accepta
1842 1531 2006 1574 pecunia,
2033 1541 2110 1562 cum
2127 1540 2210 1561 cau-

1208 1624 1209 1629 *
1235 1593 1287 1614 sas
1305 1593 1486 1625 nunquam
1504 1583 1548 1614 ad
1567 1582 1812 1624 imperatorem
1830 1581 2014 1619 retulisset,
2042 1578 2210 1622 iussitque

1235 1643 1440 1675 praeconem
1467 1631 1634 1663 clamare:
1676 1628 1796 1664 Fumo
1816 1630 1969 1676 punitur·
1990 1628 2055 1675 qui
2076 1627 2208 1674 fumos

1235 1678 1406 1714 vendidit.
1458 1679 1685 1724 Compererat
1702 1681 1794 1712 enirn
1808 1707 1817 1719 ,
1841 1692 1942 1723 saepe
1959 1691 2037 1711 eum
2056 1680 2100 1710 ab
2115 1685 2212 1712 utra-

1235 1743 1302 1774 que
1329 1737 1424 1774 parte
1447 1731 1631 1773 pecuniam
1660 1730 1841 1772 accepisse.
1895 1728 2069 1773 Supplicii
2096 1740 2212 1760 exem-

1208 1810 1210 1813 .
1236 1781 1330 1823 plum
1349 1787 1524 1822 sumptum
1544 1780 1610 1812 fuit
1627 1781 1669 1812 ab
1687 1778 1818 1812 Avidio
1837 1778 1968 1813 Cassio.
1996 1778 2127 1812 Scribit
2144 1790 2207 1810 au-

1234 1837 1302 1862 tem
1320 1829 1563 1872 Lampridius,
1590 1828 1829 1862 Alexandrum
1848 1830 2010 1872 deinceps
2032 1829 2069 1861 in
2087 1839 2211 1861 caven-

1236 1880 1289 1912 dis
1311 1879 1400 1911 furni
1424 1880 1667 1913 venditoribus
1687 1880 1875 1913 cautiorem
1899 1880 2024 1918 fuisse,
2049 1890 2113 1911 nec
2132 1889 2211 1922 pas-

1235 1942 1310 1963 sum
1337 1941 1426 1970 esse,
1451 1937 1491 1962 ut
1514 1931 1556 1962 de
1581 1930 1659 1962 aliis
1683 1930 1854 1974 quispiam
1880 1931 1970 1963 male
1994 1930 2086 1973 apud
2103 1940 2138 1961 se
2157 1928 2209 1961 lo-

1236 1987 1411 2025 queretur.
1466 1979 1508 2012 In
1534 1992 1592 2013 eos
1624 1980 1682 2024 qui
1716 1980 1872 2024 corrupti
1904 1979 2051 2023 pecunia
2082 1979 2212 2012 iniuste

1236 2031 1496 2071 iudicaverant,
1530 2031 1666 2064 duriter
1688 2031 1955 2070 animadvertit,
1989 2041 2091 2073 saepe
2117 2026 2212 2062 hunc

1236 2093 1374 2114 versum
1398 2081 1564 2114 recitans:
1592 2078 1706 2114 πολλὰ
1723 2080 1879 2127 κλέψας,
1907 2078 1969 2115 καὶ
1990 2078 2095 2127 ὀλίγα
2111 2076 2210 2119 δοὺς,

1236 2127 1457 2177 &wig-‘emb

1338 2188 1570 2234 Disciplinam
1590 2190 1778 2223 militarem
1795 2202 1912 2223 severe
1933 2189 2041 2227 rexit,
2067 2193 2210 2220 exauto-

1236 2247 1308 2274 rata
1338 2241 1444 2273 semel
1471 2241 1603 2283 integra
1621 2240 1780 2283 legione,
1807 2247 1839 2273 et
1857 2239 2030 2273 Tribunis
2055 2238 2208 2270 militnm

1237 2291 1369 2324 affectis
1387 2291 1525 2332 capitali
1542 2291 1726 2334 supplicio.
1772 2289 1861 2324 Cum
1880 2289 2031 2323 fustibus
2046 2288 2210 2320 subiicie-

1236 2342 1367 2374 bantnr
1382 2342 1531 2379 milites,
1559 2342 1619 2386 qui
1639 2342 1748 2374 socios
1765 2340 1891 2374 iniuria
1908 2339 2111 2378 affecerant,
2138 2339 2210 2371 ius-

1237 2392 1281 2424 sit
1306 2404 1510 2434 praeconem
1536 2392 1702 2424 clamare:
1731 2388 1841 2436 Quod
1863 2388 1932 2421 tibi
1953 2400 2026 2421 non
2044 2385 2211 2431 cisfieri,

1238 2440 1553 2488 {1l1erinefeceris.
1582 2441 1675 2474 Haec
1692 2442 1852 2473 mandata
1870 2439 2040 2472 Tribunis
2058 2439 2208 2470 militnm

1237 2493 1342 2524 redit:
1377 2491 1415 2525 Si
1441 2492 1494 2524 vis
1521 2491 1704 2525 Tribunus
1728 2502 1816 2529 esse,
1850 2491 1920 2522 imo
1944 2490 1971 2521 si
2005 2489 2121 2521 vivere
2146 2488 2210 2529 vis,

1237 2554 1361 2575 manus
1386 2543 1539 2576 militum
1565 2541 1724 2575 contine:
1766 2540 1876 2573 Nemo
1907 2546 2036 2582 segetes
2068 2545 2209 2572 atterat:

1237 2591 1348 2625 Nemo
1372 2593 1497 2632 salem,
1523 2593 1657 2629 oleum,
1682 2591 1774 2633 ligna
1800 2592 1947 2624 auferat:
1975 2589 2085 2622 Nemo
2109 2601 2209 2621 ovem

1238 2642 1380 2675 alterius
1398 2643 1525 2686 rapiat:
1554 2640 1708 2674 Annona
1734 2653 1794 2674 sua
1817 2641 1918 2675 miles
1941 2645 2126 2673 contentus
2150 2639 2208 2671 sit:
