2324 2955
170 122 244 158 567

179 206 296 241 tionis.
364 204 411 239 Et
433 212 631 248 quanquam
657 200 693 233 in
713 198 870 234 Ecclesia
895 211 1032 244 semper
1055 200 1159 234 etiam

182 265 302 290 notam
320 267 390 288 esse
404 260 539 298 oportet
555 253 665 295 legem
684 251 871 292 moralem,
896 257 1014 284 tamen
1033 250 1160 284 distin-

180 308 248 340 ctio
265 305 436 338 Ecclesiae
454 310 486 336 et
502 303 650 335 aliarum
668 302 823 345 gentium
836 328 846 342 ,
873 301 1042 334 sumenda
1067 308 1118 335 est
1142 314 1161 335 a

181 367 262 388 voce
282 353 484 397 Evangelii,
512 353 607 386 iuxta
625 352 733 385 illud:
761 351 1047 385 Fundamentum
1064 351 1159 385 aliud

183 416 310 448 ponere
329 416 431 437 nemo
451 409 580 448 potest,
608 409 745 446 praeter
762 402 797 435 id
813 403 908 447 quod
925 402 1078 446 positum
1101 409 1162 443 est,

180 456 270 500 quod
291 462 337 487 est
356 454 449 487 lesus
464 452 637 488 Christus.

281 505 314 540 6.
346 503 392 538 Et
408 515 609 549 quanquam
631 514 730 547 saepe
747 503 870 546 ingens
886 502 1076 537 multitudo
1095 503 1162 537 im—

179 556 317 600 piorum
346 562 439 588 tenet
457 562 490 588 et
509 557 674 598 depravat
691 554 944 595 ministerium,
971 560 1010 587 ut
1033 555 1159 598 depra-

180 607 309 639 vabant
325 603 504 639 Pharisaei
522 613 555 639 et
572 604 784 644 Sadducaei,
810 611 927 638 tamen
945 610 1059 637 servat
1068 603 1162 638 Deus

179 657 314 701 aliquas
332 656 516 701 reliquias,
541 662 581 689 ut
595 663 678 690 tunc
697 653 922 695 Zachariam,
949 654 1163 696 Simeonem,

179 705 379 747 Elisabeth,
419 705 581 746 Annam,
615 705 788 746 Mariam,
829 717 984 738 sororem
1014 705 1165 744 Mariae,

181 755 324 800 loseph,
353 764 384 790 et
402 756 495 790 haud
515 757 621 789 dubie
638 756 770 797 multos
794 755 891 788 alios.
949 754 1049 789 Sicut
1075 755 1162 789 scri-

179 815 276 849 ptum
298 814 364 840 est:
392 807 468 840 Nisi
484 806 658 840 Dominus
680 806 878 851 reliquisset
903 806 1006 838 nobis
1032 817 1162 846 semen,

179 858 267 890 sicut
284 857 435 890 Sodoma
453 857 534 892 facti
551 868 713 892 essemus,

282 907 314 940 7.
359 907 434 941 Hae
463 908 632 953 reliquiae
656 907 810 941 retinent
832 907 1102 939 fundamentum
1130 913 1162 939 et

178 970 295 990 veram
320 959 593 992 invocationem.
656 955 703 990 Et
733 964 814 990 sunt
846 968 928 989 vera
954 964 987 990 et
1012 956 1161 989 visibilis

178 1006 354 1048 Ecclesia,
382 1020 455 1041 non
471 1006 653 1042 Pharisaei
677 1013 710 1040 et
734 1006 929 1040 Sadducaei
954 1013 1073 1050 aperte
1097 1007 1161 1039 do-

179 1065 293 1090 centes
325 1059 514 1101 pugnantia
547 1069 626 1092 cum
657 1058 907 1097 fundamento,
940 1057 1161 1099 eet-furenter

178 1109 392 1141 stabilientes
414 1109 519 1144 idola.

282 1159 318 1192 8.
353 1158 399 1192 Et
416 1170 616 1204 quanquam
627 1155 806 1190 Pharisaei
823 1163 856 1190 et
866 1155 1062 1190 Sadducaei
1076 1157 1160 1190 titu-

178 1207 511 1242 lumEcclesiaesibi
527 1215 701 1251 arrogant,
729 1213 761 1240 et
775 1208 1016 1246 dominantur,
1043 1213 1161 1241 tamen

179 1260 348 1292 consessio
373 1259 556 1301 distinguit
580 1269 697 1291 veram
717 1255 927 1299 Ecclesiam,
954 1270 1029 1291 non
1045 1258 1159 1291 solum

178 1310 221 1341 ab
245 1308 414 1349 ethnicis,
455 1311 513 1342 sed
540 1309 644 1342 etiam
668 1309 712 1342 ab
736 1308 808 1341 illis
830 1309 916 1352 ipsis
940 1309 1159 1346 adversariis,

177 1360 236 1402 qui
253 1360 481 1392 dominantur
498 1360 533 1391 in
552 1360 627 1390 loco
645 1358 843 1393 ministerii.
897 1358 996 1393 Sicut
1019 1359 1159 1402 conspi-

176 1411 330 1442 ciebatur
343 1409 532 1447 discrimen
549 1420 627 1442 cum
637 1405 1034 1441 PharisaeiZachariam
1049 1410 1158 1440 inter-

175 1464 342 1494 iecerunt.

276 1510 309 1542 9.
344 1508 390 1542 Et
411 1510 485 1542 sine
508 1510 579 1542 ulla
603 1508 824 1542 dubitatione
851 1507 946 1540 Deus
967 1513 1016 1539 est
1041 1507 1158 1539 efficax

177 1558 450 1602 voceEvangelii
468 1560 682 1602 incorrupta.
715 1557 813 1591 quta
833 1558 891 1589 illa
911 1558 1018 1590 dicta:
1038 1555 1156 1589 Evan-

176 1610 303 1652 gelium
324 1616 372 1642 est
390 1611 544 1652 potentia
566 1608 632 1641 Dei
648 1610 689 1641 ad
709 1609 856 1641 salutem
875 1607 973 1639 omni
992 1606 1157 1641 credenti.

178 1659 278 1691 Item:
307 1659 538 1700 Evangelium
555 1666 605 1691 est
622 1658 853 1690 ministerium
865 1655 1028 1699 Spiritus.
1054 1655 1156 1689 Item:

176 1709 279 1743 Pater
296 1711 468 1743 sanctifica
487 1722 544 1742 eos
563 1710 599 1741 in
615 1709 760 1741 veritate
777 1715 852 1745 tua,
878 1718 990 1739 sermo
1008 1713 1088 1739 tuus
1107 1714 1156 1739 est

177 1761 312 1793 veritas.
379 1759 484 1798 Item,
527 1759 563 1793 Si
599 1760 677 1804 quis
706 1759 821 1799 diligit
847 1769 919 1795 me,
960 1768 1156 1789 sermonem

176 1822 290 1843 meum
319 1811 490 1850 servabit,
532 1817 564 1843 et
594 1817 690 1852 pater
715 1819 811 1841 meus
838 1807 960 1849 diliget
987 1819 1082 1845 eum,
1124 1813 1157 1840 et

176 1862 216 1892 :id
240 1872 317 1893 enm
343 1861 540 1900 veniemus,
574 1867 606 1893 et
629 1859 845 1892 mansionem
871 1858 963 1901 apud
996 1869 1074 1890 eum
1106 1857 1156 1889 sa-

174 1912 314 1945 eternus.

279 1961 334 1994 10.
371 1959 415 1994 Et
432 1962 468 1994 in
492 1959 558 1995 hoc
582 1967 682 1994 coetu
703 1966 905 1992 vocatorum
934 1969 1071 2001 semper
1091 1958 1155 1991 ali-

177 2011 235 2054 qui
258 2019 336 2043 sunt
362 2013 471 2044 electi.
529 2012 600 2045 Nec
625 2011 849 2053 cogitandum
876 2016 943 2052 est,
978 2009 1062 2041 alibi
1085 2020 1156 2041 esse

174 2059 363 2094 Ecclesiam
376 2062 458 2101 Dei,
484 2071 576 2096 extra
594 2060 687 2095 hunc
706 2068 842 2094 coetum
861 2067 1074 2099 vocatorum,
1097 2066 1156 2092 aut

176 2111 260 2144 alibi
277 2123 348 2144 esse
373 2113 516 2152 electos,
552 2113 611 2157 qui
639 2123 819 2156 nunquam
845 2111 1050 2143 inseruntur
1074 2106 1156 2142 huIc

176 2162 298 2195 coetui.
351 2162 432 2195 Ideo
449 2164 593 2196 dicitur:
619 2163 717 2204 Quos
736 2161 837 2203 elegit
856 2159 917 2192 hos
935 2167 967 2193 et
985 2160 1132 2193 vocavit.

278 2212 334 2246 11.
366 2212 459 2245 Ilaec
483 2213 676 2247 consolatio
698 2212 765 2256 piis
789 2211 964 2244 mentibus
982 2210 1078 2243 utilis
1096 2216 1154 2243 est.

174 2258 220 2293 Et
236 2272 314 2295 cum
331 2272 390 2295 sua
410 2263 534 2307 cuique
552 2264 661 2307 patria
680 2269 761 2296 nota
783 2273 854 2294 esse
877 2261 1016 2300 debeat,
1043 2260 1154 2293 multo

177 2311 285 2353 magis
302 2312 381 2344 sciri
395 2320 550 2354 oportet,
577 2313 662 2358 quid
679 2313 724 2346 sit
734 2311 908 2352 Ecclesia,
935 2323 1022 2355 quae
1039 2310 1154 2344 verius

177 2367 226 2394 est
242 2361 370 2404 patria,
398 2375 498 2406 quam
517 2364 612 2396 locus
630 2363 691 2408 qui
710 2369 906 2394 nascentem
926 2361 1070 2403 excepit.

279 2412 335 2446 12.
369 2411 421 2445 Sit
441 2412 544 2455 igitur
561 2411 645 2447 haec
660 2412 848 2455 descriptio
866 2411 1014 2444 visibilis
1030 2409 1152 2444 Eccle—

174 2461 254 2494 siae.
308 2459 461 2495 Ecclesia
482 2463 629 2496 visibilis
655 2471 702 2497 est
727 2469 846 2496 coetus
868 2462 1151 2504 amplectentium

173 2510 402 2554 Evangelium
416 2539 424 2552 ‚
451 2519 484 2546 et
500 2515 673 2546 utentium
687 2513 920 2547 Sacramentis
938 2513 1030 2545 iuxta
1050 2512 1152 2546 insti-

175 2562 363 2601 tutionem,
396 2563 432 2594 in
461 2575 530 2607 quo
557 2570 655 2596 coetu
681 2563 910 2596 certissimum
933 2570 1001 2604 est,
1035 2561 1149 2595 Deum

175 2613 343 2645 efficacem
359 2624 430 2646 esse
447 2625 507 2657 pet
523 2613 753 2646 ministerium
771 2611 954 2656 Evangelii
966 2640 975 2653 ,
1000 2620 1033 2646 et
1056 2613 1148 2645 mul-

175 2670 226 2696 tos
242 2662 464 2700 sanctificare.
516 2663 676 2708 Suntque
694 2663 730 2696 in
750 2664 870 2697 eodem
895 2670 993 2699 coetu
1021 2664 1057 2696 in
1082 2661 1148 2698 hac

932 108 1418 151 DISPUTATIONES

2119 112 2193 149 568

1215 199 1284 232 vita
1302 197 1404 230 multi
1423 208 1493 231 non
1512 196 1635 242 renati,
1662 197 1723 242 qui
1739 203 1857 231 tamen
1873 197 1916 230 de
1932 197 2090 232 doctrina
2107 209 2193 231 con-

1214 248 1382 282 sentiunt.

1322 297 1380 332 13.
1411 293 1458 329 Et
1484 307 1529 328 ne
1553 296 1599 331 sit
1620 298 1829 341 ambiguitas
1850 299 1893 332 de
1915 309 2041 341 genere
2061 299 2192 332 doctri-

1215 360 1299 390 nae,
1326 346 1558 380 certissimum
1576 353 1627 380 est
1641 345 1835 382 Ecclesiam
1848 355 2016 393 *oportere
2032 349 2192 392 amplecti

1215 399 1341 441 scripta
1358 394 1562 442 prophetica
1587 404 1621 430 et
1643 399 1830 441 apostolica
1842 425 1852 440 ,
1878 406 1911 433 et
1929 399 1965 431 in
1983 397 2037 432 his
2053 405 2195 432 senten-

1215 450 1297 481 tiam
1316 449 1485 488 retinere,
1513 459 1618 492 quam
1641 448 1840 492 exprimunt
1857 449 2024 495 Symbola
2041 448 2195 493 Aposto-

1214 500 1319 532 licum
1337 506 1368 532 et
1387 498 1569 534 Nicenum.

1318 548 1374 584 14.
1402 547 1489 582 Eius
1503 549 1682 582 doctrinae
1699 560 1834 583 summa
1850 560 1929 583 cum
1944 548 2195 593 comprehensa

1217 600 1261 633 sit
1278 600 1312 632 in
1331 612 1368 633 ea
1386 599 1624 638 consessione,
1652 612 1756 645 quarn
1775 597 1950 633 Ecclesiae
1973 607 2111 633 nostrae
2137 612 2195 633 ex-

1215 648 1360 684 hibuere
1375 649 1570 692 Augustae,
1596 649 1703 683 Anno
1725 650 1833 685 1530.
1884 649 1985 683 Hanc
2007 650 2196 683 confessio-

1214 713 1294 733 nem
1322 701 1482 745 amplecti
1507 712 1562 734 me
1586 713 1726 745 quoque
1747 701 1923 745 profiteor.
1977 699 2023 734 L't
2039 701 2142 744 plane
2164 707 2197 734 et

1215 752 1289 783 sine
1313 751 1539 794 ambiguitate
1561 752 1742 784 ostendam
1767 751 1852 796 quid
1879 751 2044 791 sentiam,
2068 757 2101 784 et
2119 751 2197 783 aliis

1215 803 1396 835 ostendam
1421 802 1458 834 in
1482 799 1546 833 hac
1566 801 1812 846 dissipatione,
1844 801 1927 846 quid
1949 801 2111 845 amplecti
2135 802 2197 834 de-

1215 852 1338 892 beant,
1381 859 1414 885 et
1443 863 1613 885 consensu
1642 852 1836 885 multorum
1867 852 2005 894 cognito
2036 852 2199 891 sciamus,

1215 914 1302 947 quae
1325 909 1358 936 et
1381 903 1442 935 ubi
1469 903 1512 935 sit
1534 913 1615 935 vera
1639 909 1671 935 et
1694 914 1765 935 una
1786 901 1854 935 Dei
1876 900 2053 942 Ecclesia,
2093 909 2125 935 et
2151 903 2195 935 ad

1215 951 1305 986 hanc
1321 964 1355 986 se
1372 952 1503 995 singuli
1520 959 1713 995 aggregent.
1756 951 1849 995 Quia
1867 951 1955 984 scire
1972 958 2110 996 oportet
2123 952 2197 984 sin-

1215 1003 1325 1046 gulos,
1347 1015 1382 1036 se
1400 1014 1500 1035 verae
1509 1001 1685 1035 Ecclesiae
1697 1003 1789 1035 cives
1805 1013 1888 1036 esse.
1930 1000 1976 1035 Ut
1985 1002 2124 1035 Psalmo
2135 1001 2196 1037 26.

1214 1053 1359 1086 dicitur:
1388 1052 1508 1086 Unum
1523 1051 1590 1085 hoc
1604 1053 1687 1096 petii
1704 1051 1905 1092 aDomino,
1932 1059 1971 1086 ut
1988 1050 2144 1085 habitem
2159 1053 2198 1084 iu

1215 1104 1318 1135 ‹lomo
1337 1101 1483 1135 Domini
1507 1103 1673 1135 omnibus
1695 1103 1819 1135 diebus
1841 1103 1932 1135 vitae
1948 1114 2056 1137 meae.
2108 1101 2196 1135 Item

1214 1151 1429 1187 Psalm.25.:
1451 1151 1540 1185 Cum
1556 1151 1675 1196 impiis
1690 1163 1763 1184 non
1778 1152 1916 1184 sedebo.
1967 1150 2110 1184 EtPsal.
2121 1152 2197 1186 83.:

1213 1201 1312 1236 Beati
1349 1203 1410 1247 qui
1442 1199 1603 1236 habitant
1633 1202 1671 1234 in
1701 1203 1806 1235 domo
1835 1208 1895 1235 tua
1924 1199 2088 1236 Domine.
2151 1199 2199 1235 Et

1214 1252 1304 1287 Psal.
1322 1252 1398 1287 91.:
1435 1252 1586 1285 Plantati
1610 1252 1649 1285 in
1672 1253 1778 1286 domo
1794 1251 1942 1286 Domini
1960 1252 1997 1285 in
2016 1252 2115 1287 atriis
2133 1253 2198 1286 do-

1214 1315 1290 1336 mus
1307 1301 1373 1336 Dei
1390 1303 1501 1336 nostri
1518 1303 1709 1336 florebunt.

1316 1360 1373 1397 15,
1415 1361 1456 1394 In
1487 1359 1552 1391 hac
1585 1369 1667 1391 vera
1690 1356 1848 1391 Ecclesia
1878 1358 2027 1401 intelligi
2061 1366 2199 1402 oportet

1211 1410 1401 1442 discrimen
1418 1408 1653 1441 invocationis
1670 1420 1772 1441 verae
1791 1415 1823 1442 et
1841 1408 1958 1442 falsae.
2001 1408 2093 1451 Quia
2112 1411 2198 1442 scri-

1213 1467 1312 1503 ptum
1338 1467 1404 1492 est:
1432 1458 1628 1492 Dominum
1643 1458 1757 1492 Deum
1780 1465 1880 1492 tuum
1903 1459 2084 1499 adorabis,
2111 1466 2143 1492 et
2164 1460 2195 1492 ei

1211 1510 1276 1542 soli
1297 1510 1435 1542 servies.

1316 1568 1372 1601 16.
1404 1565 1456 1600 Ac
1480 1566 1599 1600 differt
1624 1566 1800 1599 invocatio
1819 1566 2002 1610 praecipue
2018 1566 2194 1609 agnitione

1211 1618 1378 1649 essentiae
1395 1623 1427 1650 et
1445 1617 1638 1650 voluntatis
1656 1615 1734 1651 Dei.

1316 1673 1372 1710 17.
1408 1673 1512 1707 Mens
1529 1674 1730 1706 alloquatur
1745 1685 1866 1706 verum
1883 1673 1998 1706 Deum
2011 1697 2020 1710 ,
2047 1679 2080 1706 et
2102 1675 2196 1717 cogi-

1212 1724 1344 1757 tatione
1384 1731 1479 1757 tuam
1523 1724 1782 1759 inv-..cationem
1819 1723 1923 1755 simul
1957 1723 2118 1765 seiungas
2151 1725 2196 1757 ab

1209 1775 1375 1807 omnibus
1400 1774 1573 1806 damnatis
1598 1773 1899 1814 invocationibus,
1937 1779 1970 1806 et
1991 1785 2072 1807 cum
2095 1786 2195 1807 verae

1209 1823 1385 1858 Ecclesiae
1408 1824 1628 1857 invocatione
1651 1823 1854 1866 coniungas.
1907 1822 2006 1857 Sicut
2028 1823 2193 1858 usitatum

1209 1875 1277 1908 suit
1296 1874 1476 1908 Patribus:
1504 1873 1598 1908 Deus
1622 1881 1760 1918 patrum
1785 1881 1985 1907 nostrorum
2003 1872 2195 1915 Abraham,

1209 1925 1322 1965 Isaac,
1347 1925 1465 1961 Iacob.

1315 1984 1371 2017 18.
1406 1983 1562 2026 Agnosci
1586 1991 1702 2017 autem
1729 1989 1884 2026 oportet,
1918 1981 2011 2016 hunc
2034 1995 2106 2017 esse
2132 1996 2192 2017 ve-

1209 2047 1286 2067 rum
1305 2033 1416 2067 Deum
1433 2035 1494 2078 qui
1517 2046 1551 2066 se
1576 2034 1613 2066 in
1630 2032 1785 2066 Ecclesia
1808 2033 1984 2076 patefecit,
2016 2035 2109 2068 edita
2132 2046 2193 2068 sua

1211 2097 1293 2118 voce
1314 2084 1522 2117 testimoniis
1543 2084 1756 2124 illustribus,
1782 2090 1815 2117 et
1833 2083 1937 2117 misso
1961 2084 2052 2123 filio,
2078 2086 2190 2118 cruci-

1210 2135 1276 2168 fixo
1302 2142 1335 2168 et
1360 2134 1561 2167 resuscitato
1576 2161 1584 2174 ‚
1627 2134 1689 2179 qui
1713 2133 1829 2167 noluit
1854 2135 1972 2176 vagari
1996 2141 2129 2168 mentes
2153 2135 2188 2166 in

1210 2186 1409 2230 quaerendo
1429 2183 1524 2225 Deo,
1560 2185 1619 2217 sed
1643 2185 1740 2217 iubet
1768 2195 1804 2216 se
1827 2184 1984 2226 agnosci,
2019 2192 2051 2218 et
2077 2185 2188 2218 addit:

1209 2235 1320 2269 Nemo
1339 2235 1434 2268 venit
1454 2236 1497 2268 ad
1517 2242 1670 2279 patrem,
1697 2234 1765 2268 nisi
1782 2246 1844 2278 per
1859 2234 1979 2267 filium.

1314 2294 1368 2328 19.
1404 2293 1611 2327 invocamus
1634 2293 1742 2336 igitur
1767 2299 1946 2326 aeternum
1963 2298 2095 2335 patrem
2114 2291 2189 2327 Do-

1207 2345 1295 2378 mini
1314 2344 1423 2378 nostri
1441 2343 1517 2377 Iesu
1534 2341 1686 2382 Christi,
1712 2350 1744 2377 et
1754 2343 1868 2376 Iesum
1881 2340 2058 2376 Christum
2077 2343 2187 2377 filiurn

1206 2397 1296 2434 eius,
1333 2395 1535 2428 crucifixum
1559 2406 1622 2437 pro
1647 2394 1749 2427 nobis
1782 2399 1815 2426 et
1849 2392 2114 2438 resuscitatum,
2154 2402 2187 2428 et

1205 2447 1376 2490 Spiritum
1393 2452 1562 2481 sanctum.
1615 2444 1712 2479 Sicut
1727 2450 1759 2477 et
1775 2443 1942 2487 professio
1958 2443 1995 2476 in
2006 2441 2184 2488 Baptismo

1205 2509 1268 2530 nos
1285 2498 1395 2530 docet.

1302 2560 1364 2594 20.
1398 2559 1468 2592 Nec
1484 2559 1552 2592 alia
1567 2563 1618 2590 est
1633 2555 1704 2589 ulla
1721 2561 1846 2589 natura
1862 2556 2095 2601 omnipotens,
2122 2570 2185 2592 nec

1201 2611 1268 2644 alia
1285 2622 1338 2644 res
1356 2610 1563 2649 invocanda,
1590 2618 1662 2640 non
1678 2603 1838 2639 homines
1855 2607 1999 2648 mortui,
2026 2619 2099 2641 non
2115 2615 2184 2642 sta-

1200 2670 1298 2706 tuae,
1327 2672 1398 2706 non
1417 2660 1525 2702 signa.
1579 2657 1678 2692 Sicut
1693 2668 1793 2702 saepe
1810 2654 1970 2692 homines
1987 2657 2086 2702 signa
2104 2670 2179 2692 ver-
