<?xml version="1.0" encoding="UTF-8"?>
<!DOCTYPE html PUBLIC "-//W3C//DTD XHTML 1.0 Transitional//EN"
    "http://www.w3.org/TR/xhtml1/DTD/xhtml1-transitional.dtd">
<html xmlns="http://www.w3.org/1999/xhtml" xml:lang="en" lang="en">
 <head>
  <title>
</title>
<meta http-equiv="Content-Type" content="text/html;charset=utf-8" />
  <meta name='ocr-system' content='tesseract 3.04.00' />
  <meta name='ocr-capabilities' content='ocr_page ocr_carea ocr_par ocr_line ocrx_word'/>
</head>
<body>
  <div class='ocr_page' id='page_1' title='image "./operaquaesupersu12melauoft/operaquaesupersu12melauoft_0399.png"; bbox 0 0 2324 2955; ppageno 0'>
   <div class='ocr_carea' id='block_1_1' title="bbox 106 113 822 150">
    <p class='ocr_par' dir='ltr' id='par_1_1' title="bbox 106 113 822 150">
     <span class='ocr_line' id='line_1_1' title="bbox 106 113 822 150; baseline -0.004 0"><span class='ocrx_word' id='word_1_1' title='bbox 106 116 180 150; x_wconf 86' lang='grc'>773</span> <span class='ocrx_word' id='word_1_2' title='bbox 796 113 822 147; x_wconf 91' lang='lat'>1.</span> 
     </span>
    </p>
   </div>
   <div class='ocr_carea' id='block_1_2' title="bbox 103 195 1091 335">
    <p class='ocr_par' dir='ltr' id='par_1_2' title="bbox 103 195 1091 335">
     <span class='ocr_line' id='line_1_2' title="bbox 105 195 1089 244; baseline -0.001 -13"><span class='ocrx_word' id='word_1_3' title='bbox 105 211 186 244; x_wconf 83' lang='lat' dir='ltr'>gum</span> <span class='ocrx_word' id='word_1_4' title='bbox 203 198 430 232; x_wconf 88' lang='lat' dir='ltr'>intervallum</span> <span class='ocrx_word' id='word_1_5' title='bbox 447 210 519 232; x_wconf 89' lang='lat' dir='ltr'>esse</span> <span class='ocrx_word' id='word_1_6' title='bbox 537 199 630 231; x_wconf 88' lang='lat' dir='ltr'>inter</span> <span class='ocrx_word' id='word_1_7' title='bbox 647 195 778 242; x_wconf 79' lang='lat' dir='ltr'>Oedipi</span> <span class='ocrx_word' id='word_1_8' title='bbox 798 205 934 243; x_wconf 89' lang='lat' dir='ltr'>tempus</span> <span class='ocrx_word' id='word_1_9' title='bbox 951 204 985 231; x_wconf 85' lang='lat' dir='ltr'>et</span> <span class='ocrx_word' id='word_1_10' title='bbox 995 196 1089 230; x_wconf 89' lang='lat' dir='ltr'>Tro·</span> 
     </span>
     <span class='ocr_line' id='line_1_3' title="bbox 106 248 1091 293; baseline -0.002 -10"><span class='ocrx_word' id='word_1_11' title='bbox 106 252 225 283; x_wconf 81' lang='lat' dir='ltr'>ianum</span> <span class='ocrx_word' id='word_1_12' title='bbox 244 249 389 283; x_wconf 88' lang='lat' dir='ltr'>bellum.</span> <span class='ocrx_word' id='word_1_13' title='bbox 442 248 488 283; x_wconf 89' lang='lat' dir='ltr'>Et</span> <span class='ocrx_word' id='word_1_14' title='bbox 509 260 642 293; x_wconf 87' lang='lat' dir='ltr'>poenae</span> <span class='ocrx_word' id='word_1_15' title='bbox 662 250 832 283; x_wconf 85' lang='lat' dir='ltr'>scelerum</span> <span class='ocrx_word' id='word_1_16' title='bbox 850 248 1091 283; x_wconf 85' lang='lat' dir='ltr'>commonefa-</span> 
     </span>
     <span class='ocr_line' id='line_1_4' title="bbox 103 298 672 335; baseline 0 -1"><span class='ocrx_word' id='word_1_17' title='bbox 103 299 202 334; x_wconf 87' lang='lat' dir='ltr'>ciunt</span> <span class='ocrx_word' id='word_1_18' title='bbox 218 300 366 334; x_wconf 87' lang='lat' dir='ltr'>lectores</span> <span class='ocrx_word' id='word_1_19' title='bbox 384 301 427 333; x_wconf 92' lang='lat' dir='ltr'>de</span> <span class='ocrx_word' id='word_1_20' title='bbox 443 300 575 333; x_wconf 89' lang='lat' dir='ltr'>iudicio</span> <span class='ocrx_word' id='word_1_21' title='bbox 593 298 672 335; x_wconf 89' lang='lat' dir='ltr'>Dei.</span> 
     </span>
    </p>
   </div>
   <div class='ocr_carea' id='block_1_3' title="bbox 355 378 804 413">
    <p class='ocr_par' dir='ltr' id='par_1_3' title="bbox 355 378 804 413">
     <span class='ocr_line' id='line_1_5' title="bbox 355 378 804 413; baseline 0.002 -2"><span class='ocrx_word' id='word_1_22' title='bbox 355 382 361 388; x_wconf 80' lang='lat'><strong><em>‘</em></strong></span> <span class='ocrx_word' id='word_1_23' title='bbox 390 378 452 411; x_wconf 89' lang='lat' dir='ltr'>De</span> <span class='ocrx_word' id='word_1_24' title='bbox 482 379 589 412; x_wconf 84' lang='lat' dir='ltr'>bello</span> <span class='ocrx_word' id='word_1_25' title='bbox 621 379 804 413; x_wconf 78' lang='lat' dir='ltr'>Troiano.</span> 
     </span>
    </p>
   </div>
   <div class='ocr_carea' id='block_1_4' title="bbox 97 438 1090 1040">
    <p class='ocr_par' dir='ltr' id='par_1_4' title="bbox 97 438 1090 1040">
     <span class='ocr_line' id='line_1_6' title="bbox 203 438 1090 486; baseline 0 -13"><span class='ocrx_word' id='word_1_26' title='bbox 203 438 411 474; x_wconf 83' lang='lat' dir='ltr'>Troianum</span> <span class='ocrx_word' id='word_1_27' title='bbox 449 441 581 475; x_wconf 91' lang='lat' dir='ltr'>bellum</span> <span class='ocrx_word' id='word_1_28' title='bbox 612 442 769 475; x_wconf 88' lang='lat' dir='ltr'>vicinum</span> <span class='ocrx_word' id='word_1_29' title='bbox 807 452 879 474; x_wconf 88' lang='lat' dir='ltr'>esse</span> <span class='ocrx_word' id='word_1_30' title='bbox 919 440 1090 486; x_wconf 87' lang='lat' dir='ltr'>tempori-</span> 
     </span>
     <span class='ocr_line' id='line_1_7' title="bbox 101 490 1089 536; baseline -0.003 -9"><span class='ocrx_word' id='word_1_31' title='bbox 101 493 168 527; x_wconf 86' lang='lat' dir='ltr'>bus</span> <span class='ocrx_word' id='word_1_32' title='bbox 191 490 356 532; x_wconf 87' lang='lat' dir='ltr'>Davidis,</span> <span class='ocrx_word' id='word_1_33' title='bbox 383 492 533 535; x_wconf 77' lang='lat' dir='ltr'>intelligi</span> <span class='ocrx_word' id='word_1_34' title='bbox 559 492 640 525; x_wconf 89' lang='lat' dir='ltr'>inde</span> <span class='ocrx_word' id='word_1_35' title='bbox 664 499 794 536; x_wconf 82' lang='lat' dir='ltr'>potest,</span> <span class='ocrx_word' id='word_1_36' title='bbox 821 492 902 536; x_wconf 86' lang='lat' dir='ltr'>quia</span> <span class='ocrx_word' id='word_1_37' title='bbox 927 493 970 524; x_wconf 89' lang='lat' dir='ltr'>ab</span> <span class='ocrx_word' id='word_1_38' title='bbox 986 492 1089 525; x_wconf 87' lang='lat' dir='ltr'>initio</span> 
     </span>
     <span class='ocr_line' id='line_1_8' title="bbox 102 540 1088 586; baseline -0.001 -11"><span class='ocrx_word' id='word_1_39' title='bbox 102 541 204 586; x_wconf 87' lang='lat' dir='ltr'>regni</span> <span class='ocrx_word' id='word_1_40' title='bbox 232 540 384 583; x_wconf 67' lang='lat' dir='ltr'>Albam,</span> <span class='ocrx_word' id='word_1_41' title='bbox 422 543 465 576; x_wconf 86' lang='lat' dir='ltr'>ad</span> <span class='ocrx_word' id='word_1_42' title='bbox 487 542 625 577; x_wconf 70' lang='lat' dir='ltr'>Romae</span> <span class='ocrx_word' id='word_1_43' title='bbox 660 543 801 576; x_wconf 88' lang='lat' dir='ltr'>initium</span> <span class='ocrx_word' id='word_1_44' title='bbox 829 542 976 576; x_wconf 79' lang='lat' dir='ltr'>trecenti</span> <span class='ocrx_word' id='word_1_45' title='bbox 1003 542 1088 575; x_wconf 89' lang='lat' dir='ltr'>anni</span> 
     </span>
     <span class='ocr_line' id='line_1_9' title="bbox 103 591 1088 638; baseline -0.002 -11"><span class='ocrx_word' id='word_1_46' title='bbox 103 599 204 634; x_wconf 84' lang='lat' dir='ltr'>sunt,</span> <span class='ocrx_word' id='word_1_47' title='bbox 230 599 269 626; x_wconf 89' lang='lat' dir='ltr'>ut</span> <span class='ocrx_word' id='word_1_48' title='bbox 279 591 455 636; x_wconf 84' lang='lat' dir='ltr'>Vergilius</span> <span class='ocrx_word' id='word_1_49' title='bbox 474 593 606 638; x_wconf 88' lang='lat' dir='ltr'>inquit:</span> <span class='ocrx_word' id='word_1_50' title='bbox 635 592 702 627; x_wconf 88' lang='lat' dir='ltr'>Hic</span> <span class='ocrx_word' id='word_1_51' title='bbox 721 594 788 627; x_wconf 89' lang='lat' dir='ltr'>iam</span> <span class='ocrx_word' id='word_1_52' title='bbox 806 600 860 627; x_wconf 87' lang='lat' dir='ltr'>ter</span> <span class='ocrx_word' id='word_1_53' title='bbox 876 600 1015 627; x_wconf 86' lang='lat' dir='ltr'>centum</span> <span class='ocrx_word' id='word_1_54' title='bbox 1033 599 1088 626; x_wconf 89' lang='lat' dir='ltr'>to-</span> 
     </span>
     <span class='ocr_line' id='line_1_10' title="bbox 101 642 1087 686; baseline -0.002 -8"><span class='ocrx_word' id='word_1_55' title='bbox 101 650 156 678; x_wconf 83' lang='lat' dir='ltr'>tos</span> <span class='ocrx_word' id='word_1_56' title='bbox 177 643 384 686; x_wconf 81' lang='lat' dir='ltr'>regnabitur</span> <span class='ocrx_word' id='word_1_57' title='bbox 402 655 523 677; x_wconf 72' lang='lat' dir='ltr'>annos,</span> <span class='ocrx_word' id='word_1_58' title='bbox 577 642 669 677; x_wconf 84' lang='lat' dir='ltr'>Sunt</span> <span class='ocrx_word' id='word_1_59' title='bbox 690 651 806 677; x_wconf 86' lang='lat' dir='ltr'>autem</span> <span class='ocrx_word' id='word_1_60' title='bbox 829 644 872 677; x_wconf 92' lang='lat' dir='ltr'>ab</span> <span class='ocrx_word' id='word_1_61' title='bbox 890 644 993 677; x_wconf 85' lang='lat' dir='ltr'>initio</span> <span class='ocrx_word' id='word_1_62' title='bbox 1010 642 1087 677; x_wconf 84' lang='lat' dir='ltr'>Ro-</span> 
     </span>
     <span class='ocr_line' id='line_1_11' title="bbox 101 691 1086 733; baseline 0 -7"><span class='ocrx_word' id='word_1_63' title='bbox 101 705 179 727; x_wconf 90' lang='lat' dir='ltr'>mae</span> <span class='ocrx_word' id='word_1_64' title='bbox 195 694 279 726; x_wconf 92' lang='lat' dir='ltr'>anni</span> <span class='ocrx_word' id='word_1_65' title='bbox 299 701 392 727; x_wconf 87' lang='lat' dir='ltr'>retro</span> <span class='ocrx_word' id='word_1_66' title='bbox 411 693 600 733; x_wconf 88' lang='lat' dir='ltr'>numerati,</span> <span class='ocrx_word' id='word_1_67' title='bbox 629 694 792 728; x_wconf 87' lang='lat' dir='ltr'>videlicet</span> <span class='ocrx_word' id='word_1_68' title='bbox 807 695 851 728; x_wconf 84' lang='lat' dir='ltr'>ab</span> <span class='ocrx_word' id='word_1_69' title='bbox 867 706 959 727; x_wconf 91' lang='lat' dir='ltr'>anno</span> <span class='ocrx_word' id='word_1_70' title='bbox 970 691 1086 727; x_wconf 89' lang='lat' dir='ltr'>Achas</span> 
     </span>
     <span class='ocr_line' id='line_1_12' title="bbox 100 742 1086 787; baseline -0.001 -10"><span class='ocrx_word' id='word_1_71' title='bbox 100 744 236 777; x_wconf 90' lang='lat' dir='ltr'>decimo</span> <span class='ocrx_word' id='word_1_72' title='bbox 269 745 313 777; x_wconf 88' lang='lat' dir='ltr'>ad</span> <span class='ocrx_word' id='word_1_73' title='bbox 344 745 442 787; x_wconf 88' lang='lat' dir='ltr'>regni</span> <span class='ocrx_word' id='word_1_74' title='bbox 465 742 611 777; x_wconf 86' lang='lat' dir='ltr'>Davidis</span> <span class='ocrx_word' id='word_1_75' title='bbox 637 744 798 786; x_wconf 89' lang='lat' dir='ltr'>initium,</span> <span class='ocrx_word' id='word_1_76' title='bbox 829 745 914 778; x_wconf 90' lang='lat' dir='ltr'>anni</span> <span class='ocrx_word' id='word_1_77' title='bbox 940 744 1086 777; x_wconf 80' lang='lat' dir='ltr'><strong>trecenti</strong></span> 
     </span>
     <span class='ocr_line' id='line_1_13' title="bbox 100 794 1085 837; baseline 0 -10"><span class='ocrx_word' id='word_1_78' title='bbox 100 794 326 837; x_wconf 88' lang='lat' dir='ltr'>vigintiduo.</span> <span class='ocrx_word' id='word_1_79' title='bbox 379 794 500 837; x_wconf 81' lang='lat' dir='ltr'><strong>Quare</strong></span> <span class='ocrx_word' id='word_1_80' title='bbox 517 795 581 828; x_wconf 90' lang='lat' dir='ltr'>etsi</span> <span class='ocrx_word' id='word_1_81' title='bbox 605 807 791 829; x_wconf 89' lang='lat' dir='ltr'>numerum</span> <span class='ocrx_word' id='word_1_82' title='bbox 815 796 858 828; x_wconf 91' lang='lat' dir='ltr'>de</span> <span class='ocrx_word' id='word_1_83' title='bbox 876 794 985 828; x_wconf 89' lang='lat' dir='ltr'>Troia</span> <span class='ocrx_word' id='word_1_84' title='bbox 1011 806 1085 827; x_wconf 91' lang='lat' dir='ltr'>non</span> 
     </span>
     <span class='ocr_line' id='line_1_14' title="bbox 99 843 1083 890; baseline 0 -12"><span class='ocrx_word' id='word_1_85' title='bbox 99 851 215 878; x_wconf 86' lang='lat' dir='ltr'><strong>exacte</strong></span> <span class='ocrx_word' id='word_1_86' title='bbox 234 856 384 890; x_wconf 82' lang='lat' dir='ltr'>quaem,</span> <span class='ocrx_word' id='word_1_87' title='bbox 413 852 530 879; x_wconf 89' lang='lat' dir='ltr'>tamen</span> <span class='ocrx_word' id='word_1_88' title='bbox 553 843 618 879; x_wconf 89' lang='lat' dir='ltr'>hoc</span> <span class='ocrx_word' id='word_1_89' title='bbox 633 847 774 880; x_wconf 89' lang='lat' dir='ltr'>ostendi</span> <span class='ocrx_word' id='word_1_90' title='bbox 791 848 920 890; x_wconf 82' lang='lat' dir='ltr'>potest,</span> <span class='ocrx_word' id='word_1_91' title='bbox 946 844 1083 879; x_wconf 89' lang='lat' dir='ltr'>Ebrae-</span> 
     </span>
     <span class='ocr_line' id='line_1_15' title="bbox 99 892 1085 941; baseline 0.001 -13"><span class='ocrx_word' id='word_1_92' title='bbox 99 893 156 928; x_wconf 83' lang='lat' dir='ltr'>am</span> <span class='ocrx_word' id='word_1_93' title='bbox 182 892 366 929; x_wconf 77' lang='lat' dir='ltr'>historiam</span> <span class='ocrx_word' id='word_1_94' title='bbox 390 896 502 929; x_wconf 88' lang='lat' dir='ltr'>multo</span> <span class='ocrx_word' id='word_1_95' title='bbox 528 908 600 929; x_wconf 90' lang='lat' dir='ltr'>esse</span> <span class='ocrx_word' id='word_1_96' title='bbox 617 897 851 941; x_wconf 82' lang='lat' dir='ltr'>antiquiorem</span> <span class='ocrx_word' id='word_1_97' title='bbox 870 894 1023 935; x_wconf 89' lang='lat' dir='ltr'>Graeca,</span> <span class='ocrx_word' id='word_1_98' title='bbox 1051 901 1085 929; x_wconf 85' lang='lat' dir='ltr'>et</span> 
     </span>
     <span class='ocr_line' id='line_1_16' title="bbox 99 944 1083 990; baseline -0.001 -12"><span class='ocrx_word' id='word_1_99' title='bbox 99 944 297 978; x_wconf 90' lang='lat' dir='ltr'>Troianum</span> <span class='ocrx_word' id='word_1_100' title='bbox 321 946 453 979; x_wconf 86' lang='lat' dir='ltr'>bellum</span> <span class='ocrx_word' id='word_1_101' title='bbox 472 958 545 979; x_wconf 89' lang='lat' dir='ltr'>non</span> <span class='ocrx_word' id='word_1_102' title='bbox 563 947 675 979; x_wconf 89' lang='lat' dir='ltr'>multo</span> <span class='ocrx_word' id='word_1_103' title='bbox 692 947 791 990; x_wconf 90' lang='lat' dir='ltr'>prius</span> <span class='ocrx_word' id='word_1_104' title='bbox 813 945 918 978; x_wconf 86' lang='lat' dir='ltr'>fuisse</span> <span class='ocrx_word' id='word_1_105' title='bbox 933 945 1083 979; x_wconf 85' lang='lat' dir='ltr'>Davidis</span> 
     </span>
     <span class='ocr_line' id='line_1_17' title="bbox 97 995 1083 1040; baseline -0.001 -11"><span class='ocrx_word' id='word_1_106' title='bbox 97 996 326 1040; x_wconf 82' lang='lat' dir='ltr'>temporibus,</span> <span class='ocrx_word' id='word_1_107' title='bbox 402 995 496 1029; x_wconf 88' lang='lat' dir='ltr'>Haec</span> <span class='ocrx_word' id='word_1_108' title='bbox 531 997 672 1029; x_wconf 84' lang='lat' dir='ltr'>collatio</span> <span class='ocrx_word' id='word_1_109' title='bbox 709 1008 749 1027; x_wconf 93' lang='lat' dir='ltr'>eo</span> <span class='ocrx_word' id='word_1_110' title='bbox 786 996 948 1039; x_wconf 87' lang='lat' dir='ltr'>prodest,</span> <span class='ocrx_word' id='word_1_111' title='bbox 999 996 1083 1040; x_wconf 85' lang='lat' dir='ltr'>quia</span> 
     </span>
    </p>
   </div>
   <div class='ocr_carea' id='block_1_5' title="bbox 98 1043 1109 1079">
    <p class='ocr_par' dir='ltr' id='par_1_5' title="bbox 98 1043 1109 1079">
     <span class='ocr_line' id='line_1_18' title="bbox 98 1043 1109 1079; baseline 0.001 -1"><span class='ocrx_word' id='word_1_112' title='bbox 98 1045 432 1079; x_wconf 87' lang='lat' dir='ltr'>ostenditEbraeam</span> <span class='ocrx_word' id='word_1_113' title='bbox 447 1043 629 1078; x_wconf 86' lang='lat' dir='ltr'>historiam</span> <span class='ocrx_word' id='word_1_114' title='bbox 648 1053 681 1079; x_wconf 92' lang='lat' dir='ltr'>et</span> <span class='ocrx_word' id='word_1_115' title='bbox 697 1046 894 1079; x_wconf 83' lang='lat' dir='ltr'>doctrinam</span> <span class='ocrx_word' id='word_1_116' title='bbox 906 1044 1082 1078; x_wconf 85' lang='lat' dir='ltr'>Ecclesiae</span> <span class='ocrx_word' id='word_1_117' title='bbox 1107 1064 1109 1079; x_wconf 67' lang='lat'>1</span> 
     </span>
    </p>
   </div>
   <div class='ocr_carea' id='block_1_6' title="bbox 95 1095 1084 2403">
    <p class='ocr_par' dir='ltr' id='par_1_6' title="bbox 96 1095 1084 1591">
     <span class='ocr_line' id='line_1_19' title="bbox 96 1095 1084 1139; baseline 0 -12"><span class='ocrx_word' id='word_1_118' title='bbox 96 1095 209 1128; x_wconf 91' lang='lat' dir='ltr'>multo</span> <span class='ocrx_word' id='word_1_119' title='bbox 232 1095 458 1128; x_wconf 84' lang='lat' dir='ltr'>vetustiorem</span> <span class='ocrx_word' id='word_1_120' title='bbox 484 1106 557 1128; x_wconf 80' lang='lat' dir='ltr'>esse</span> <span class='ocrx_word' id='word_1_121' title='bbox 584 1097 688 1128; x_wconf 90' lang='lat' dir='ltr'>rebus</span> <span class='ocrx_word' id='word_1_122' title='bbox 714 1095 872 1129; x_wconf 87' lang='lat' dir='ltr'>Graecis.</span> <span class='ocrx_word' id='word_1_123' title='bbox 930 1095 1084 1139; x_wconf 88' lang='lat' dir='ltr'>Legatur</span> 
     </span>
     <span class='ocr_line' id='line_1_20' title="bbox 97 1143 1082 1179; baseline 0 -1"><span class='ocrx_word' id='word_1_124' title='bbox 97 1152 215 1178; x_wconf 82' lang='lat' dir='ltr'>autern</span> <span class='ocrx_word' id='word_1_125' title='bbox 248 1143 393 1178; x_wconf 85' lang='lat' dir='ltr'>historia</span> <span class='ocrx_word' id='word_1_126' title='bbox 425 1144 582 1178; x_wconf 87' lang='lat' dir='ltr'>Troiana</span> <span class='ocrx_word' id='word_1_127' title='bbox 610 1158 650 1178; x_wconf 80' lang='lat' dir='ltr'>ex</span> <span class='ocrx_word' id='word_1_128' title='bbox 674 1145 842 1179; x_wconf 87' lang='lat' dir='ltr'>Homero.</span> <span class='ocrx_word' id='word_1_129' title='bbox 903 1144 950 1179; x_wconf 87' lang='lat' dir='ltr'>Et</span> <span class='ocrx_word' id='word_1_130' title='bbox 981 1157 1082 1179; x_wconf 88' lang='lat' dir='ltr'>causa</span> 
     </span>
     <span class='ocr_line' id='line_1_21' title="bbox 98 1195 1082 1235; baseline 0 -7"><span class='ocrx_word' id='word_1_131' title='bbox 98 1196 351 1235; x_wconf 82' lang='lat' dir='ltr'>consideretur,</span> <span class='ocrx_word' id='word_1_132' title='bbox 374 1195 537 1228; x_wconf 88' lang='lat' dir='ltr'>videlicet</span> <span class='ocrx_word' id='word_1_133' title='bbox 551 1196 763 1230; x_wconf 83' lang='lat' dir='ltr'>adulterium</span> <span class='ocrx_word' id='word_1_134' title='bbox 780 1195 929 1229; x_wconf 88' lang='lat' dir='ltr'>Paridis.</span> <span class='ocrx_word' id='word_1_135' title='bbox 970 1195 1082 1229; x_wconf 91' lang='lat' dir='ltr'>Dein-</span> 
     </span>
     <span class='ocr_line' id='line_1_22' title="bbox 99 1245 1082 1290; baseline -0.002 -10"><span class='ocrx_word' id='word_1_136' title='bbox 99 1247 142 1279; x_wconf 90' lang='lat' dir='ltr'>de</span> <span class='ocrx_word' id='word_1_137' title='bbox 159 1253 192 1280; x_wconf 90' lang='lat' dir='ltr'>et</span> <span class='ocrx_word' id='word_1_138' title='bbox 209 1245 415 1290; x_wconf 86' lang='lat' dir='ltr'>Principum</span> <span class='ocrx_word' id='word_1_139' title='bbox 441 1246 714 1287; x_wconf 75' lang='lat' dir='ltr'>dissimilitudo,</span> <span class='ocrx_word' id='word_1_140' title='bbox 743 1247 909 1287; x_wconf 83' lang='lat' dir='ltr'>virtutes,</span> <span class='ocrx_word' id='word_1_141' title='bbox 942 1248 1082 1286; x_wconf 84' lang='lat' dir='ltr'>scelera,</span> 
     </span>
     <span class='ocr_line' id='line_1_23' title="bbox 98 1296 1082 1341; baseline 0 -12"><span class='ocrx_word' id='word_1_142' title='bbox 98 1296 311 1334; x_wconf 87' lang='lat' dir='ltr'>discordiae,</span> <span class='ocrx_word' id='word_1_143' title='bbox 346 1308 478 1340; x_wconf 89' lang='lat' dir='ltr'>poenae</span> <span class='ocrx_word' id='word_1_144' title='bbox 510 1303 651 1339; x_wconf 78' lang='lat' dir='ltr'>vagatae</span> <span class='ocrx_word' id='word_1_145' title='bbox 679 1309 741 1341; x_wconf 87' lang='lat' dir='ltr'>per</span> <span class='ocrx_word' id='word_1_146' title='bbox 765 1309 887 1330; x_wconf 87' lang='lat' dir='ltr'>omnes</span> <span class='ocrx_word' id='word_1_147' title='bbox 919 1297 1082 1337; x_wconf 73' lang='lat' dir='ltr'>familias,</span> 
     </span>
     <span class='ocr_line' id='line_1_24' title="bbox 98 1346 1081 1389; baseline 0.002 -9"><span class='ocrx_word' id='word_1_148' title='bbox 98 1353 132 1381; x_wconf 85' lang='lat' dir='ltr'>et</span> <span class='ocrx_word' id='word_1_149' title='bbox 162 1347 310 1381; x_wconf 89' lang='lat' dir='ltr'>mutatio</span> <span class='ocrx_word' id='word_1_150' title='bbox 343 1357 532 1389; x_wconf 87' lang='lat' dir='ltr'>regnorum</span> <span class='ocrx_word' id='word_1_151' title='bbox 558 1346 679 1387; x_wconf 85' lang='lat' dir='ltr'>Asiae,</span> <span class='ocrx_word' id='word_1_152' title='bbox 714 1347 884 1381; x_wconf 87' lang='lat' dir='ltr'>Graeciae</span> <span class='ocrx_word' id='word_1_153' title='bbox 909 1355 942 1381; x_wconf 90' lang='lat' dir='ltr'>et</span> <span class='ocrx_word' id='word_1_154' title='bbox 976 1348 1081 1382; x_wconf 88' lang='lat' dir='ltr'>Latii.</span> 
     </span>
     <span class='ocr_line' id='line_1_25' title="bbox 98 1396 1081 1441; baseline 0.001 -11"><span class='ocrx_word' id='word_1_155' title='bbox 98 1396 149 1430; x_wconf 89' lang='lat' dir='ltr'>Ita</span> <span class='ocrx_word' id='word_1_156' title='bbox 169 1409 247 1430; x_wconf 91' lang='lat' dir='ltr'>cum</span> <span class='ocrx_word' id='word_1_157' title='bbox 266 1409 306 1430; x_wconf 84' lang='lat' dir='ltr'>ex</span> <span class='ocrx_word' id='word_1_158' title='bbox 326 1409 397 1430; x_wconf 92' lang='lat' dir='ltr'>uno</span> <span class='ocrx_word' id='word_1_159' title='bbox 420 1398 513 1430; x_wconf 87' lang='lat' dir='ltr'>bello</span> <span class='ocrx_word' id='word_1_160' title='bbox 536 1409 680 1441; x_wconf 84' lang='lat' dir='ltr'>magnae</span> <span class='ocrx_word' id='word_1_161' title='bbox 701 1399 914 1433; x_wconf 81' lang='lat' dir='ltr'>calamitates</span> <span class='ocrx_word' id='word_1_162' title='bbox 930 1399 967 1431; x_wconf 91' lang='lat' dir='ltr'>in</span> <span class='ocrx_word' id='word_1_163' title='bbox 983 1405 1081 1431; x_wconf 89' lang='lat' dir='ltr'>utra-</span> 
     </span>
     <span class='ocr_line' id='line_1_26' title="bbox 97 1447 1081 1492; baseline 0.002 -12"><span class='ocrx_word' id='word_1_164' title='bbox 97 1459 164 1492; x_wconf 89' lang='lat' dir='ltr'>que</span> <span class='ocrx_word' id='word_1_165' title='bbox 186 1453 284 1491; x_wconf 89' lang='lat' dir='ltr'>parte</span> <span class='ocrx_word' id='word_1_166' title='bbox 309 1454 475 1492; x_wconf 88' lang='lat' dir='ltr'>sequutae</span> <span class='ocrx_word' id='word_1_167' title='bbox 498 1448 585 1490; x_wconf 90' lang='lat' dir='ltr'>sint,</span> <span class='ocrx_word' id='word_1_168' title='bbox 613 1460 860 1491; x_wconf 81' lang='lat' dir='ltr'>agnoscamus,</span> <span class='ocrx_word' id='word_1_169' title='bbox 887 1450 977 1482; x_wconf 87' lang='lat' dir='ltr'>bella</span> <span class='ocrx_word' id='word_1_170' title='bbox 998 1447 1081 1482; x_wconf 84' lang='lat' dir='ltr'>hor-</span> 
     </span>
     <span class='ocr_line' id='line_1_27' title="bbox 96 1497 1081 1542; baseline 0.001 -12"><span class='ocrx_word' id='word_1_171' title='bbox 96 1497 236 1531; x_wconf 89' lang='lat' dir='ltr'>ribilem</span> <span class='ocrx_word' id='word_1_172' title='bbox 271 1509 422 1542; x_wconf 90' lang='lat' dir='ltr'>poenam</span> <span class='ocrx_word' id='word_1_173' title='bbox 451 1510 540 1539; x_wconf 86' lang='lat' dir='ltr'>esse,</span> <span class='ocrx_word' id='word_1_174' title='bbox 576 1507 608 1533; x_wconf 89' lang='lat' dir='ltr'>et</span> <span class='ocrx_word' id='word_1_175' title='bbox 631 1511 703 1532; x_wconf 90' lang='lat' dir='ltr'>non</span> <span class='ocrx_word' id='word_1_176' title='bbox 735 1506 864 1532; x_wconf 89' lang='lat' dir='ltr'>temere</span> <span class='ocrx_word' id='word_1_177' title='bbox 890 1501 1081 1532; x_wconf 88' lang='lat' dir='ltr'>movendas</span> 
     </span>
     <span class='ocr_line' id='line_1_28' title="bbox 96 1547 428 1591; baseline 0.003 -10"><span class='ocrx_word' id='word_1_178' title='bbox 96 1559 168 1582; x_wconf 89' lang='lat' dir='ltr'>esse</span> <span class='ocrx_word' id='word_1_179' title='bbox 184 1547 428 1591; x_wconf 57' lang='lat' dir='ltr'>Respublica&amp;</span> 
     </span>
    </p>

    <p class='ocr_par' dir='ltr' id='par_1_7' title="bbox 95 1596 1082 2403">
     <span class='ocr_line' id='line_1_29' title="bbox 197 1596 1079 1642; baseline 0.001 -10"><span class='ocrx_word' id='word_1_180' title='bbox 197 1596 382 1642; x_wconf 84' lang='lat' dir='ltr'>Reliquias</span> <span class='ocrx_word' id='word_1_181' title='bbox 404 1598 579 1632; x_wconf 82' lang='lat' dir='ltr'>Troianas</span> <span class='ocrx_word' id='word_1_182' title='bbox 601 1599 699 1633; x_wconf 85' lang='lat' dir='ltr'>duxit</span> <span class='ocrx_word' id='word_1_183' title='bbox 718 1598 855 1633; x_wconf 80' lang='lat' dir='ltr'>Aeneas</span> <span class='ocrx_word' id='word_1_184' title='bbox 875 1600 909 1633; x_wconf 91' lang='lat' dir='ltr'>in</span> <span class='ocrx_word' id='word_1_185' title='bbox 927 1600 1079 1634; x_wconf 86' lang='lat' dir='ltr'>Latium.</span> 
     </span>
     <span class='ocr_line' id='line_1_30' title="bbox 97 1646 1080 1695; baseline 0.001 -14"><span class='ocrx_word' id='word_1_186' title='bbox 97 1646 259 1681; x_wconf 88' lang='lat' dir='ltr'>Antenor</span> <span class='ocrx_word' id='word_1_187' title='bbox 281 1647 438 1682; x_wconf 88' lang='lat' dir='ltr'>Henetos</span> <span class='ocrx_word' id='word_1_188' title='bbox 469 1650 603 1683; x_wconf 90' lang='lat' dir='ltr'>vicinos</span> <span class='ocrx_word' id='word_1_189' title='bbox 630 1650 869 1684; x_wconf 85' lang='lat' dir='ltr'>Troianorum</span> <span class='ocrx_word' id='word_1_190' title='bbox 903 1652 939 1684; x_wconf 92' lang='lat' dir='ltr'>in</span> <span class='ocrx_word' id='word_1_191' title='bbox 967 1650 1080 1695; x_wconf 79' lang='lat' dir='ltr'>lllyri-</span> 
     </span>
     <span class='ocr_line' id='line_1_31' title="bbox 97 1697 1080 1734; baseline 0.001 -3"><span class='ocrx_word' id='word_1_192' title='bbox 97 1710 176 1732; x_wconf 92' lang='lat' dir='ltr'>cum</span> <span class='ocrx_word' id='word_1_193' title='bbox 204 1705 234 1732; x_wconf 90' lang='lat' dir='ltr'>et</span> <span class='ocrx_word' id='word_1_194' title='bbox 255 1697 405 1734; x_wconf 85' lang='lat' dir='ltr'>Istriam.</span> <span class='ocrx_word' id='word_1_195' title='bbox 458 1698 616 1733; x_wconf 89' lang='lat' dir='ltr'>Achilles</span> <span class='ocrx_word' id='word_1_196' title='bbox 640 1708 673 1734; x_wconf 89' lang='lat' dir='ltr'>et</span> <span class='ocrx_word' id='word_1_197' title='bbox 690 1699 779 1733; x_wconf 82' lang='lat' dir='ltr'>Aiax</span> <span class='ocrx_word' id='word_1_198' title='bbox 802 1702 872 1733; x_wconf 91' lang='lat' dir='ltr'>duo</span> <span class='ocrx_word' id='word_1_199' title='bbox 898 1699 1080 1733; x_wconf 82' lang='lat' dir='ltr'>fortissimi</span> 
     </span>
     <span class='ocr_line' id='line_1_32' title="bbox 96 1748 1080 1792; baseline 0.001 -11"><span class='ocrx_word' id='word_1_200' title='bbox 96 1749 183 1790; x_wconf 90' lang='lat' dir='ltr'>viri,</span> <span class='ocrx_word' id='word_1_201' title='bbox 210 1755 242 1783; x_wconf 86' lang='lat' dir='ltr'>et</span> <span class='ocrx_word' id='word_1_202' title='bbox 268 1750 336 1782; x_wconf 90' lang='lat' dir='ltr'>orti</span> <span class='ocrx_word' id='word_1_203' title='bbox 361 1751 405 1780; x_wconf 85' lang='lat' dir='ltr'>ab</span> <span class='ocrx_word' id='word_1_204' title='bbox 429 1749 565 1789; x_wconf 88' lang='lat' dir='ltr'>Aeaco,</span> <span class='ocrx_word' id='word_1_205' title='bbox 596 1750 645 1782; x_wconf 85' lang='lat' dir='ltr'>sic</span> <span class='ocrx_word' id='word_1_206' title='bbox 666 1750 867 1792; x_wconf 88' lang='lat' dir='ltr'>perierunt,</span> <span class='ocrx_word' id='word_1_207' title='bbox 893 1758 932 1784; x_wconf 86' lang='lat' dir='ltr'>ut</span> <span class='ocrx_word' id='word_1_208' title='bbox 956 1748 1080 1784; x_wconf 92' lang='lat' dir='ltr'>Achil—</span> 
     </span>
     <span class='ocr_line' id='line_1_33' title="bbox 97 1798 1081 1843; baseline 0.001 -11"><span class='ocrx_word' id='word_1_209' title='bbox 97 1800 146 1832; x_wconf 88' lang='lat' dir='ltr'>les</span> <span class='ocrx_word' id='word_1_210' title='bbox 168 1799 213 1832; x_wconf 89' lang='lat' dir='ltr'>ab</span> <span class='ocrx_word' id='word_1_211' title='bbox 238 1799 362 1841; x_wconf 80' lang='lat' dir='ltr'>ignavo</span> <span class='ocrx_word' id='word_1_212' title='bbox 386 1798 513 1832; x_wconf 88' lang='lat' dir='ltr'>Paride</span> <span class='ocrx_word' id='word_1_213' title='bbox 533 1811 594 1843; x_wconf 90' lang='lat' dir='ltr'>per</span> <span class='ocrx_word' id='word_1_214' title='bbox 617 1800 776 1832; x_wconf 82' lang='lat' dir='ltr'>fraudem</span> <span class='ocrx_word' id='word_1_215' title='bbox 802 1800 1006 1834; x_wconf 82' lang='lat' dir='ltr'>interfectus</span> <span class='ocrx_word' id='word_1_216' title='bbox 1027 1801 1081 1833; x_wconf 90' lang='lat' dir='ltr'>sit.</span> 
     </span>
     <span class='ocr_line' id='line_1_34' title="bbox 96 1849 1079 1895; baseline 0 -12"><span class='ocrx_word' id='word_1_217' title='bbox 96 1849 186 1883; x_wconf 85' lang='lat' dir='ltr'>Aiax</span> <span class='ocrx_word' id='word_1_218' title='bbox 201 1849 321 1883; x_wconf 83' lang='lat' dir='ltr'>furens</span> <span class='ocrx_word' id='word_1_219' title='bbox 336 1849 403 1882; x_wconf 92' lang='lat' dir='ltr'>sibi</span> <span class='ocrx_word' id='word_1_220' title='bbox 422 1857 568 1883; x_wconf 89' lang='lat' dir='ltr'>mortem</span> <span class='ocrx_word' id='word_1_221' title='bbox 587 1850 767 1884; x_wconf 90' lang='lat' dir='ltr'>conscivit.</span> <span class='ocrx_word' id='word_1_222' title='bbox 804 1850 1007 1885; x_wconf 85' lang='lat' dir='ltr'>Palamedes</span> <span class='ocrx_word' id='word_1_223' title='bbox 1019 1851 1079 1895; x_wconf 89' lang='lat' dir='ltr'>qui</span> 
     </span>
     <span class='ocr_line' id='line_1_35' title="bbox 97 1900 1080 1946; baseline 0.001 -12"><span class='ocrx_word' id='word_1_224' title='bbox 97 1900 300 1934; x_wconf 86' lang='lat' dir='ltr'>antecelluit</span> <span class='ocrx_word' id='word_1_225' title='bbox 316 1900 498 1944; x_wconf 85' lang='lat' dir='ltr'>sapientia,</span> <span class='ocrx_word' id='word_1_226' title='bbox 520 1902 564 1933; x_wconf 87' lang='lat' dir='ltr'>ab</span> <span class='ocrx_word' id='word_1_227' title='bbox 576 1900 699 1946; x_wconf 80' lang='lat' dir='ltr'>Ulysse</span> <span class='ocrx_word' id='word_1_228' title='bbox 716 1913 778 1944; x_wconf 88' lang='lat' dir='ltr'>per</span> <span class='ocrx_word' id='word_1_229' title='bbox 793 1901 1004 1935; x_wconf 87' lang='lat' dir='ltr'>calumniam</span> <span class='ocrx_word' id='word_1_230' title='bbox 1016 1913 1080 1945; x_wconf 86' lang='lat' dir='ltr'>op—</span> 
     </span>
     <span class='ocr_line' id='line_1_36' title="bbox 96 1949 1080 1995; baseline 0.001 -12"><span class='ocrx_word' id='word_1_231' title='bbox 96 1962 234 1995; x_wconf 86' lang='lat' dir='ltr'>pressus</span> <span class='ocrx_word' id='word_1_232' title='bbox 252 1958 313 1984; x_wconf 84' lang='lat' dir='ltr'>est.</span> <span class='ocrx_word' id='word_1_233' title='bbox 357 1949 603 1994; x_wconf 82' lang='lat' dir='ltr'>Agamemnon</span> <span class='ocrx_word' id='word_1_234' title='bbox 621 1963 780 1985; x_wconf 84' lang='lat' dir='ltr'>reversus</span> <span class='ocrx_word' id='word_1_235' title='bbox 799 1953 943 1986; x_wconf 90' lang='lat' dir='ltr'>domum</span> <span class='ocrx_word' id='word_1_236' title='bbox 959 1965 976 1985; x_wconf 88' lang='lat' dir='ltr'>a</span> <span class='ocrx_word' id='word_1_237' title='bbox 995 1964 1080 1985; x_wconf 88' lang='lat' dir='ltr'>con-</span> 
     </span>
     <span class='ocr_line' id='line_1_37' title="bbox 98 2001 1080 2048; baseline 0.002 -14"><span class='ocrx_word' id='word_1_238' title='bbox 98 2002 176 2044; x_wconf 89' lang='lat' dir='ltr'>iuge</span> <span class='ocrx_word' id='word_1_239' title='bbox 201 2001 329 2035; x_wconf 82' lang='lat' dir='ltr'>incesta</span> <span class='ocrx_word' id='word_1_240' title='bbox 355 2002 556 2036; x_wconf 89' lang='lat' dir='ltr'>interfectus</span> <span class='ocrx_word' id='word_1_241' title='bbox 573 2009 633 2036; x_wconf 85' lang='lat' dir='ltr'>est.</span> <span class='ocrx_word' id='word_1_242' title='bbox 687 2001 829 2048; x_wconf 87' lang='lat' dir='ltr'>Ulysses</span> <span class='ocrx_word' id='word_1_243' title='bbox 846 2004 908 2036; x_wconf 88' lang='lat' dir='ltr'>diu</span> <span class='ocrx_word' id='word_1_244' title='bbox 927 2010 1080 2046; x_wconf 89' lang='lat' dir='ltr'>vagatus,</span> 
     </span>
     <span class='ocr_line' id='line_1_38' title="bbox 97 2052 1081 2098; baseline 0 -12"><span class='ocrx_word' id='word_1_245' title='bbox 97 2052 238 2086; x_wconf 84' lang='lat' dir='ltr'>tandem</span> <span class='ocrx_word' id='word_1_246' title='bbox 257 2052 353 2085; x_wconf 88' lang='lat' dir='ltr'>domi</span> <span class='ocrx_word' id='word_1_247' title='bbox 371 2064 388 2085; x_wconf 90' lang='lat' dir='ltr'>a</span> <span class='ocrx_word' id='word_1_248' title='bbox 406 2053 478 2086; x_wconf 91' lang='lat' dir='ltr'>filio</span> <span class='ocrx_word' id='word_1_249' title='bbox 495 2052 694 2096; x_wconf 77' lang='lat' dir='ltr'>Telegono,</span> <span class='ocrx_word' id='word_1_250' title='bbox 717 2054 777 2098; x_wconf 86' lang='lat' dir='ltr'>qui</span> <span class='ocrx_word' id='word_1_251' title='bbox 796 2054 826 2086; x_wconf 84' lang='lat' dir='ltr'>ei</span> <span class='ocrx_word' id='word_1_252' title='bbox 845 2067 883 2088; x_wconf 86' lang='lat' dir='ltr'>ex</span> <span class='ocrx_word' id='word_1_253' title='bbox 900 2053 1001 2087; x_wconf 88' lang='lat' dir='ltr'>Circe</span> <span class='ocrx_word' id='word_1_254' title='bbox 1018 2066 1081 2086; x_wconf 87' lang='lat' dir='ltr'>na-</span> 
     </span>
     <span class='ocr_line' id='line_1_39' title="bbox 97 2103 1081 2150; baseline 0 -13"><span class='ocrx_word' id='word_1_255' title='bbox 97 2109 154 2137; x_wconf 86' lang='lat' dir='ltr'>tus</span> <span class='ocrx_word' id='word_1_256' title='bbox 171 2103 301 2141; x_wconf 85' lang='lat' dir='ltr'>suerat,</span> <span class='ocrx_word' id='word_1_257' title='bbox 327 2104 460 2136; x_wconf 87' lang='lat' dir='ltr'>occisus</span> <span class='ocrx_word' id='word_1_258' title='bbox 479 2111 540 2139; x_wconf 89' lang='lat' dir='ltr'>est.</span> <span class='ocrx_word' id='word_1_259' title='bbox 593 2103 782 2137; x_wconf 85' lang='lat' dir='ltr'>Diomedes</span> <span class='ocrx_word' id='word_1_260' title='bbox 798 2117 816 2138; x_wconf 88' lang='lat' dir='ltr'>a</span> <span class='ocrx_word' id='word_1_261' title='bbox 834 2106 944 2150; x_wconf 87' lang='lat' dir='ltr'>patria</span> <span class='ocrx_word' id='word_1_262' title='bbox 962 2105 1081 2149; x_wconf 87' lang='lat' dir='ltr'>repul-</span> 
     </span>
     <span class='ocr_line' id='line_1_40' title="bbox 96 2153 1082 2196; baseline 0.002 -9"><span class='ocrx_word' id='word_1_263' title='bbox 96 2164 154 2187; x_wconf 88' lang='lat' dir='ltr'>sus</span> <span class='ocrx_word' id='word_1_264' title='bbox 180 2153 217 2185; x_wconf 89' lang='lat' dir='ltr'>in</span> <span class='ocrx_word' id='word_1_265' title='bbox 240 2153 376 2187; x_wconf 71' lang='lat' dir='ltr'>Italiam</span> <span class='ocrx_word' id='word_1_266' title='bbox 403 2155 520 2196; x_wconf 88' lang='lat' dir='ltr'>venit,</span> <span class='ocrx_word' id='word_1_267' title='bbox 555 2155 615 2188; x_wconf 89' lang='lat' dir='ltr'>ubi</span> <span class='ocrx_word' id='word_1_268' title='bbox 641 2155 727 2188; x_wconf 89' lang='lat' dir='ltr'>socii</span> <span class='ocrx_word' id='word_1_269' title='bbox 749 2155 917 2190; x_wconf 87' lang='lat' dir='ltr'>dicuntur</span> <span class='ocrx_word' id='word_1_270' title='bbox 938 2156 974 2189; x_wconf 91' lang='lat' dir='ltr'>in</span> <span class='ocrx_word' id='word_1_271' title='bbox 1002 2168 1082 2189; x_wconf 87' lang='lat' dir='ltr'>aves</span> 
     </span>
     <span class='ocr_line' id='line_1_41' title="bbox 98 2204 1082 2249; baseline 0.003 -12"><span class='ocrx_word' id='word_1_272' title='bbox 98 2204 257 2238; x_wconf 88' lang='lat' dir='ltr'>conversi</span> <span class='ocrx_word' id='word_1_273' title='bbox 281 2215 371 2245; x_wconf 85' lang='lat' dir='ltr'>esse,</span> <span class='ocrx_word' id='word_1_274' title='bbox 405 2217 475 2249; x_wconf 90' lang='lat' dir='ltr'>quo</span> <span class='ocrx_word' id='word_1_275' title='bbox 497 2206 731 2249; x_wconf 74' lang='lat' dir='ltr'>significatum</span> <span class='ocrx_word' id='word_1_276' title='bbox 751 2213 812 2242; x_wconf 90' lang='lat' dir='ltr'>est.</span> <span class='ocrx_word' id='word_1_277' title='bbox 865 2206 1001 2240; x_wconf 81' lang='lat' dir='ltr'>Piratas</span> <span class='ocrx_word' id='word_1_278' title='bbox 1024 2218 1082 2240; x_wconf 91' lang='lat' dir='ltr'>eos</span> 
     </span>
     <span class='ocr_line' id='line_1_42' title="bbox 95 2250 1082 2301; baseline 0.003 -14"><span class='ocrx_word' id='word_1_279' title='bbox 95 2250 222 2296; x_wconf 78' lang='lat' dir='ltr'>sacto&#39;s,</span> <span class='ocrx_word' id='word_1_280' title='bbox 257 2261 290 2289; x_wconf 90' lang='lat' dir='ltr'>et</span> <span class='ocrx_word' id='word_1_281' title='bbox 316 2255 486 2299; x_wconf 85' lang='lat' dir='ltr'>paulatim</span> <span class='ocrx_word' id='word_1_282' title='bbox 515 2257 715 2290; x_wconf 82' lang='lat' dir='ltr'>interfectos</span> <span class='ocrx_word' id='word_1_283' title='bbox 739 2268 820 2294; x_wconf 84' lang='lat' dir='ltr'>esse.</span> <span class='ocrx_word' id='word_1_284' title='bbox 874 2257 957 2291; x_wconf 82' lang='lat' dir='ltr'>Fuit</span> <span class='ocrx_word' id='word_1_285' title='bbox 974 2258 1082 2301; x_wconf 86' lang='lat' dir='ltr'>igitur</span> 
     </span>
     <span class='ocr_line' id='line_1_43' title="bbox 98 2304 1081 2350; baseline 0.003 -11"><span class='ocrx_word' id='word_1_286' title='bbox 98 2305 229 2339; x_wconf 86' lang='lat' dir='ltr'>bellum</span> <span class='ocrx_word' id='word_1_287' title='bbox 246 2304 446 2339; x_wconf 87' lang='lat' dir='ltr'>Troianum</span> <span class='ocrx_word' id='word_1_288' title='bbox 465 2319 545 2340; x_wconf 92' lang='lat' dir='ltr'>vere</span> <span class='ocrx_word' id='word_1_289' title='bbox 564 2308 656 2346; x_wconf 72' lang='grc' dir='ltr'>ἰ’λιας</span> <span class='ocrx_word' id='word_1_290' title='bbox 678 2310 824 2350; x_wconf 78' lang='grc' dir='ltr'><em>κακῶν,</em></span> <span class='ocrx_word' id='word_1_291' title='bbox 853 2321 926 2342; x_wconf 83' lang='lat' dir='ltr'>non</span> <span class='ocrx_word' id='word_1_292' title='bbox 944 2316 1081 2342; x_wconf 86' lang='lat' dir='ltr'>tantum</span> 
     </span>
     <span class='ocr_line' id='line_1_44' title="bbox 97 2354 1030 2403; baseline 0.005 -15"><span class='ocrx_word' id='word_1_293' title='bbox 97 2355 181 2401; x_wconf 88' lang='lat' dir='ltr'>ipsis</span> <span class='ocrx_word' id='word_1_294' title='bbox 196 2354 383 2398; x_wconf 89' lang='lat' dir='ltr'>Troianis,</span> <span class='ocrx_word' id='word_1_295' title='bbox 419 2358 478 2390; x_wconf 89' lang='lat' dir='ltr'>sed</span> <span class='ocrx_word' id='word_1_296' title='bbox 496 2357 601 2392; x_wconf 87' lang='lat' dir='ltr'>etiam</span> <span class='ocrx_word' id='word_1_297' title='bbox 622 2358 743 2392; x_wconf 90' lang='lat' dir='ltr'>multis</span> <span class='ocrx_word' id='word_1_298' title='bbox 761 2360 840 2392; x_wconf 87' lang='lat' dir='ltr'>aliis</span> <span class='ocrx_word' id='word_1_299' title='bbox 856 2360 1030 2403; x_wconf 86' lang='lat' dir='ltr'>gentibus.</span> 
     </span>
    </p>
   </div>
   <div class='ocr_carea' id='block_1_7' title="bbox 97 2444 1083 2591">
    <p class='ocr_par' dir='ltr' id='par_1_8' title="bbox 97 2444 1083 2591">
     <span class='ocr_line' id='line_1_45' title="bbox 97 2444 1083 2489; baseline 0.004 -10"><span class='ocrx_word' id='word_1_300' title='bbox 97 2446 156 2479; x_wconf 87' lang='lat' dir='ltr'>De</span> <span class='ocrx_word' id='word_1_301' title='bbox 190 2444 325 2478; x_wconf 77' lang='lat' dir='ltr'>veleri</span> <span class='ocrx_word' id='word_1_302' title='bbox 351 2445 546 2480; x_wconf 74' lang='lat' dir='ltr'>doctrina</span> <span class='ocrx_word' id='word_1_303' title='bbox 581 2447 736 2489; x_wconf 78' lang='lat' dir='ltr'>Ionum,</span> <span class='ocrx_word' id='word_1_304' title='bbox 779 2449 1011 2482; x_wconf 76' lang='lat' dir='ltr'>Atticorum</span> <span class='ocrx_word' id='word_1_305' title='bbox 1044 2454 1083 2483; x_wconf 83' lang='lat' dir='ltr'>et</span> 
     </span>
     <span class='ocr_line' id='line_1_46' title="bbox 103 2497 1067 2540; baseline 0.003 -10"><span class='ocrx_word' id='word_1_306' title='bbox 103 2497 354 2530; x_wconf 73' lang='lat' dir='ltr'>Vicinorum.</span> <span class='ocrx_word' id='word_1_307' title='bbox 398 2497 456 2528; x_wconf 85' lang='lat' dir='ltr'>De</span> <span class='ocrx_word' id='word_1_308' title='bbox 478 2499 677 2540; x_wconf 76' lang='lat' dir='ltr'>Sibyllis,</span> <span class='ocrx_word' id='word_1_309' title='bbox 702 2499 894 2540; x_wconf 75' lang='lat' dir='ltr'>Atlante,</span> <span class='ocrx_word' id='word_1_310' title='bbox 917 2501 1067 2534; x_wconf 78' lang='lat' dir='ltr'>OrIone</span> 
     </span>
     <span class='ocr_line' id='line_1_47' title="bbox 99 2546 1082 2591; baseline 0.005 -12"><span class='ocrx_word' id='word_1_311' title='bbox 99 2547 218 2589; x_wconf 72' lang='lat' dir='ltr'>Lino,</span> <span class='ocrx_word' id='word_1_312' title='bbox 242 2546 417 2588; x_wconf 71' lang='lat' dir='ltr'>Orpheo,</span> <span class='ocrx_word' id='word_1_313' title='bbox 439 2546 628 2591; x_wconf 74' lang='lat' dir='ltr'>Musaeo,</span> <span class='ocrx_word' id='word_1_314' title='bbox 650 2550 822 2582; x_wconf 82' lang='lat' dir='ltr'>Homero</span> <span class='ocrx_word' id='word_1_315' title='bbox 844 2555 881 2583; x_wconf 79' lang='lat' dir='ltr'>et</span> <span class='ocrx_word' id='word_1_316' title='bbox 901 2552 1082 2585; x_wconf 82' lang='lat' dir='ltr'>Hesiodo.</span> 
     </span>
    </p>
   </div>
   <div class='ocr_carea' id='block_1_8' title="bbox 98 2615 1082 2715">
    <p class='ocr_par' dir='ltr' id='par_1_9' title="bbox 98 2615 1082 2715">
     <span class='ocr_line' id='line_1_48' title="bbox 201 2615 1082 2658; baseline 0.007 -7"><span class='ocrx_word' id='word_1_317' title='bbox 201 2615 291 2651; x_wconf 92' lang='lat' dir='ltr'>Cum</span> <span class='ocrx_word' id='word_1_318' title='bbox 317 2628 337 2650; x_wconf 90' lang='lat' dir='ltr'>a</span> <span class='ocrx_word' id='word_1_319' title='bbox 361 2616 497 2651; x_wconf 89' lang='lat' dir='ltr'>diluvio</span> <span class='ocrx_word' id='word_1_320' title='bbox 512 2616 609 2653; x_wconf 87' lang='lat' dir='ltr'>Noae</span> <span class='ocrx_word' id='word_1_321' title='bbox 625 2620 695 2654; x_wconf 88' lang='lat' dir='ltr'>sint</span> <span class='ocrx_word' id='word_1_322' title='bbox 713 2621 803 2654; x_wconf 85' lang='lat' dir='ltr'>¹anni</span> <span class='ocrx_word' id='word_1_323' title='bbox 823 2622 865 2655; x_wconf 90' lang='lat' dir='ltr'>ad</span> <span class='ocrx_word' id='word_1_324' title='bbox 885 2621 1082 2658; x_wconf 85' lang='lat' dir='ltr'>Troianum</span> 
     </span>
     <span class='ocr_line' id='line_1_49' title="bbox 98 2667 1080 2715; baseline 0.005 -12"><span class='ocrx_word' id='word_1_325' title='bbox 98 2668 231 2705; x_wconf 89' lang='lat' dir='ltr'>bellum</span> <span class='ocrx_word' id='word_1_326' title='bbox 255 2667 394 2702; x_wconf 88' lang='lat' dir='ltr'>circiter</span> <span class='ocrx_word' id='word_1_327' title='bbox 414 2668 531 2710; x_wconf 87' lang='lat' dir='ltr'>mille,</span> <span class='ocrx_word' id='word_1_328' title='bbox 565 2678 840 2707; x_wconf 86' lang='lat' dir='ltr'>consentaneum</span> <span class='ocrx_word' id='word_1_329' title='bbox 866 2679 934 2715; x_wconf 88' lang='lat' dir='ltr'>cst,</span> <span class='ocrx_word' id='word_1_330' title='bbox 970 2674 1080 2709; x_wconf 78' lang='lat' dir='ltr'>lilium</span> 
     </span>
    </p>
   </div>
   <div class='ocr_carea' id='block_1_9' title="bbox 873 109 1447 149">
    <p class='ocr_par' dir='ltr' id='par_1_10' title="bbox 873 109 1447 149">
     <span class='ocr_line' id='line_1_50' title="bbox 873 109 1447 149; baseline 0 0"><span class='ocrx_word' id='word_1_331' title='bbox 873 109 1165 149; x_wconf 84' lang='lat' dir='ltr'>CHRONICON</span> <span class='ocrx_word' id='word_1_332' title='bbox 1201 109 1447 149; x_wconf 84' lang='lat' dir='ltr'>CARlONIS.</span> 
     </span>
    </p>
   </div>
   <div class='ocr_carea' id='block_1_10' title="bbox 2063 113 2137 147">
    <p class='ocr_par' dir='ltr' id='par_1_11' title="bbox 2063 113 2137 147">
     <span class='ocr_line' id='line_1_51' title="bbox 2063 113 2137 147; baseline 0.027 -2"><span class='ocrx_word' id='word_1_333' title='bbox 2063 113 2137 147; x_wconf 82' lang='lat'>774</span> 
     </span>
    </p>
   </div>
   <div class='ocr_carea' id='block_1_11' title="bbox 1134 195 2132 1097">
    <p class='ocr_par' dir='ltr' id='par_1_12' title="bbox 1134 195 2132 1097">
     <span class='ocr_line' id='line_1_52' title="bbox 1145 195 2132 243; baseline 0.001 -14"><span class='ocrx_word' id='word_1_334' title='bbox 1145 195 1242 230; x_wconf 89' lang='lat' dir='ltr'>Noae</span> <span class='ocrx_word' id='word_1_335' title='bbox 1258 195 1380 241; x_wconf 88' lang='lat' dir='ltr'>laphet</span> <span class='ocrx_word' id='word_1_336' title='bbox 1397 204 1430 231; x_wconf 90' lang='lat' dir='ltr'>et</span> <span class='ocrx_word' id='word_1_337' title='bbox 1446 197 1520 231; x_wconf 91' lang='lat' dir='ltr'>eius</span> <span class='ocrx_word' id='word_1_338' title='bbox 1534 203 1692 242; x_wconf 89' lang='lat' dir='ltr'>posteros</span> <span class='ocrx_word' id='word_1_339' title='bbox 1715 196 1923 243; x_wconf 86' lang='lat' dir='ltr'>aliquandiu</span> <span class='ocrx_word' id='word_1_340' title='bbox 1946 196 2132 230; x_wconf 83' lang='lat' dir='ltr'>retinuisse</span> 
     </span>
     <span class='ocr_line' id='line_1_53' title="bbox 1144 247 2128 293; baseline -0.001 -13"><span class='ocrx_word' id='word_1_341' title='bbox 1144 247 1341 281; x_wconf 89' lang='lat' dir='ltr'>doctrinam</span> <span class='ocrx_word' id='word_1_342' title='bbox 1367 260 1385 282; x_wconf 89' lang='lat' dir='ltr'>a</span> <span class='ocrx_word' id='word_1_343' title='bbox 1408 255 1505 292; x_wconf 88' lang='lat' dir='ltr'>patre</span> <span class='ocrx_word' id='word_1_344' title='bbox 1530 248 1713 289; x_wconf 86' lang='lat' dir='ltr'>traditam,</span> <span class='ocrx_word' id='word_1_345' title='bbox 1749 260 1853 293; x_wconf 88' lang='lat' dir='ltr'>quam</span> <span class='ocrx_word' id='word_1_346' title='bbox 1879 254 1912 280; x_wconf 94' lang='lat' dir='ltr'>et</span> <span class='ocrx_word' id='word_1_347' title='bbox 1938 247 2019 281; x_wconf 91' lang='lat' dir='ltr'>Sem</span> <span class='ocrx_word' id='word_1_348' title='bbox 2043 248 2128 280; x_wconf 75' lang='lat' dir='ltr'>reti—</span> 
     </span>
     <span class='ocr_line' id='line_1_54' title="bbox 1143 298 2125 344; baseline 0.001 -14"><span class='ocrx_word' id='word_1_349' title='bbox 1143 298 1241 338; x_wconf 91' lang='lat' dir='ltr'>nuit,</span> <span class='ocrx_word' id='word_1_350' title='bbox 1269 299 1471 343; x_wconf 87' lang='lat' dir='ltr'>praesertim</span> <span class='ocrx_word' id='word_1_351' title='bbox 1490 306 1570 333; x_wconf 87' lang='lat' dir='ltr'>ante</span> <span class='ocrx_word' id='word_1_352' title='bbox 1589 299 1800 344; x_wconf 89' lang='lat' dir='ltr'>longinquas</span> <span class='ocrx_word' id='word_1_353' title='bbox 1827 298 2125 342; x_wconf 86' lang='lat' dir='ltr'>peregrinationes</span> 
     </span>
     <span class='ocr_line' id='line_1_55' title="bbox 1142 346 2126 393; baseline 0 -12"><span class='ocrx_word' id='word_1_354' title='bbox 1142 354 1175 382; x_wconf 85' lang='lat' dir='ltr'>et</span> <span class='ocrx_word' id='word_1_355' title='bbox 1197 349 1302 384; x_wconf 89' lang='lat' dir='ltr'>bella.</span> <span class='ocrx_word' id='word_1_356' title='bbox 1363 347 1562 383; x_wconf 81' lang='lat' dir='ltr'>Occubavit</span> <span class='ocrx_word' id='word_1_357' title='bbox 1584 356 1700 382; x_wconf 91' lang='lat' dir='ltr'>autem</span> <span class='ocrx_word' id='word_1_358' title='bbox 1724 349 1907 393; x_wconf 87' lang='lat' dir='ltr'>posteritas</span> <span class='ocrx_word' id='word_1_359' title='bbox 1932 347 2039 382; x_wconf 84' lang='lat' dir='ltr'>Iavan</span> <span class='ocrx_word' id='word_1_360' title='bbox 2066 346 2126 381; x_wconf 89' lang='grc' dir='ltr'>Ιο-</span> 
     </span>
     <span class='ocr_line' id='line_1_56' title="bbox 1141 399 2125 444; baseline 0 -13"><span class='ocrx_word' id='word_1_361' title='bbox 1141 399 1255 440; x_wconf 83' lang='lat' dir='ltr'>niam,</span> <span class='ocrx_word' id='word_1_362' title='bbox 1288 400 1351 434; x_wconf 92' lang='lat' dir='ltr'>ubi</span> <span class='ocrx_word' id='word_1_363' title='bbox 1370 400 1520 434; x_wconf 89' lang='lat' dir='ltr'>extincta</span> <span class='ocrx_word' id='word_1_364' title='bbox 1541 400 1700 433; x_wconf 90' lang='lat' dir='ltr'>doctrina</span> <span class='ocrx_word' id='word_1_365' title='bbox 1724 407 1862 444; x_wconf 88' lang='lat' dir='ltr'>patrum</span> <span class='ocrx_word' id='word_1_366' title='bbox 1887 401 1930 432; x_wconf 93' lang='lat' dir='ltr'>de</span> <span class='ocrx_word' id='word_1_367' title='bbox 1951 400 2023 432; x_wconf 87' lang='lat' dir='ltr'>filio</span> <span class='ocrx_word' id='word_1_368' title='bbox 2043 399 2125 440; x_wconf 90' lang='lat' dir='ltr'>Dei,</span> 
     </span>
     <span class='ocr_line' id='line_1_57' title="bbox 1140 450 2123 495; baseline 0 -11"><span class='ocrx_word' id='word_1_369' title='bbox 1140 457 1257 484; x_wconf 87' lang='lat' dir='ltr'>tamen</span> <span class='ocrx_word' id='word_1_370' title='bbox 1281 452 1360 495; x_wconf 90' lang='lat' dir='ltr'>plus</span> <span class='ocrx_word' id='word_1_371' title='bbox 1383 451 1450 484; x_wconf 87' lang='lat' dir='ltr'>suit</span> <span class='ocrx_word' id='word_1_372' title='bbox 1473 451 1674 488; x_wconf 90' lang='lat' dir='ltr'>literarum,</span> <span class='ocrx_word' id='word_1_373' title='bbox 1702 451 1908 494; x_wconf 90' lang='lat' dir='ltr'>disciplinae</span> <span class='ocrx_word' id='word_1_374' title='bbox 1930 450 2061 490; x_wconf 75' lang='lat' dir='ltr'>civilis,</span> <span class='ocrx_word' id='word_1_375' title='bbox 2089 457 2123 484; x_wconf 91' lang='lat' dir='ltr'>et</span> 
     </span>
     <span class='ocr_line' id='line_1_58' title="bbox 1139 498 2123 546; baseline -0.001 -13"><span class='ocrx_word' id='word_1_376' title='bbox 1139 501 1288 542; x_wconf 88' lang='lat' dir='ltr'>artium,</span> <span class='ocrx_word' id='word_1_377' title='bbox 1322 512 1427 546; x_wconf 87' lang='lat' dir='ltr'>quam</span> <span class='ocrx_word' id='word_1_378' title='bbox 1454 502 1551 536; x_wconf 84' lang='lat' dir='ltr'>alibi.</span> <span class='ocrx_word' id='word_1_379' title='bbox 1604 500 1674 533; x_wconf 90' lang='lat' dir='ltr'>Sed</span> <span class='ocrx_word' id='word_1_380' title='bbox 1691 498 1837 534; x_wconf 89' lang='lat' dir='ltr'>Ethnici</span> <span class='ocrx_word' id='word_1_381' title='bbox 1862 498 1954 532; x_wconf 89' lang='lat' dir='ltr'>nihil</span> <span class='ocrx_word' id='word_1_382' title='bbox 1974 501 2123 534; x_wconf 81' lang='lat' dir='ltr'>recitant</span> 
     </span>
     <span class='ocr_line' id='line_1_59' title="bbox 1139 551 2122 597; baseline -0.001 -13"><span class='ocrx_word' id='word_1_383' title='bbox 1139 552 1309 585; x_wconf 87' lang='lat' dir='ltr'>vetustius</span> <span class='ocrx_word' id='word_1_384' title='bbox 1325 551 1483 597; x_wconf 79' lang='lat' dir='ltr'>sibyllis,</span> <span class='ocrx_word' id='word_1_385' title='bbox 1511 563 1596 597; x_wconf 90' lang='lat' dir='ltr'>quas</span> <span class='ocrx_word' id='word_1_386' title='bbox 1612 551 1717 583; x_wconf 84' lang='lat' dir='ltr'>fnisse</span> <span class='ocrx_word' id='word_1_387' title='bbox 1734 551 1861 584; x_wconf 88' lang='lat' dir='ltr'>multas</span> <span class='ocrx_word' id='word_1_388' title='bbox 1877 551 2044 583; x_wconf 85' lang='lat' dir='ltr'>credibile</span> <span class='ocrx_word' id='word_1_389' title='bbox 2061 558 2122 586; x_wconf 87' lang='lat' dir='ltr'>est.</span> 
     </span>
     <span class='ocr_line' id='line_1_60' title="bbox 1138 598 2122 646; baseline -0.002 -12"><span class='ocrx_word' id='word_1_390' title='bbox 1138 601 1275 635; x_wconf 81' lang='lat' dir='ltr'>Nomen</span> <span class='ocrx_word' id='word_1_391' title='bbox 1307 602 1401 635; x_wconf 91' lang='lat' dir='ltr'>enim</span> <span class='ocrx_word' id='word_1_392' title='bbox 1435 602 1607 646; x_wconf 76' lang='lat' dir='ltr'>significat</span> <span class='ocrx_word' id='word_1_393' title='bbox 1639 600 1852 640; x_wconf 70' lang='lat' dir='ltr'>Vatidicam,</span> <span class='ocrx_word' id='word_1_394' title='bbox 1886 598 1978 638; x_wconf 82' lang='grc' dir='ltr'>Σιός</span> <span class='ocrx_word' id='word_1_395' title='bbox 2009 600 2122 638; x_wconf 88' lang='lat' dir='ltr'>Deus,</span> 
     </span>
     <span class='ocr_line' id='line_1_61' title="bbox 1135 650 2123 697; baseline -0.004 -11"><span class='ocrx_word' id='word_1_396' title='bbox 1135 650 1254 697; x_wconf 79' lang='grc' dir='ltr'><strong><em>βουλὴ</em></strong></span> <span class='ocrx_word' id='word_1_397' title='bbox 1268 652 1477 687; x_wconf 86' lang='lat' dir='ltr'>Consilium.</span> <span class='ocrx_word' id='word_1_398' title='bbox 1529 652 1587 686; x_wconf 86' lang='lat' dir='ltr'>Sic</span> <span class='ocrx_word' id='word_1_399' title='bbox 1610 652 1804 695; x_wconf 78' lang='lat' dir='ltr'>appellatae</span> <span class='ocrx_word' id='word_1_400' title='bbox 1827 652 1970 683; x_wconf 86' lang='lat' dir='ltr'>fuerunt</span> <span class='ocrx_word' id='word_1_401' title='bbox 1995 651 2123 683; x_wconf 85' lang='lat' dir='ltr'>mulie-</span> 
     </span>
     <span class='ocr_line' id='line_1_62' title="bbox 1137 700 2122 748; baseline -0.004 -12"><span class='ocrx_word' id='word_1_402' title='bbox 1137 715 1210 743; x_wconf 79' lang='lat' dir='ltr'>reS,</span> <span class='ocrx_word' id='word_1_403' title='bbox 1238 715 1328 748; x_wconf 92' lang='lat' dir='ltr'>quae</span> <span class='ocrx_word' id='word_1_404' title='bbox 1346 701 1548 736; x_wconf 87' lang='lat' dir='ltr'>habuerunt</span> <span class='ocrx_word' id='word_1_405' title='bbox 1568 714 1628 735; x_wconf 86' lang='lat' dir='ltr'>sua</span> <span class='ocrx_word' id='word_1_406' title='bbox 1648 703 1818 746; x_wconf 85' lang='lat' dir='ltr'>quaedam</span> <span class='ocrx_word' id='word_1_407' title='bbox 1838 701 2022 738; x_wconf 89' lang='lat' dir='ltr'>vaticinia,</span> <span class='ocrx_word' id='word_1_408' title='bbox 2050 700 2122 733; x_wconf 84' lang='lat' dir='ltr'>sive</span> 
     </span>
     <span class='ocr_line' id='line_1_63' title="bbox 1136 749 2119 798; baseline -0.002 -12"><span class='ocrx_word' id='word_1_409' title='bbox 1136 761 1274 797; x_wconf 85' lang='lat' dir='ltr'>accepta</span> <span class='ocrx_word' id='word_1_410' title='bbox 1290 766 1309 787; x_wconf 90' lang='lat' dir='ltr'>a</span> <span class='ocrx_word' id='word_1_411' title='bbox 1326 754 1394 798; x_wconf 87' lang='lat' dir='ltr'>piis</span> <span class='ocrx_word' id='word_1_412' title='bbox 1412 753 1624 793; x_wconf 88' lang='lat' dir='ltr'>maioribus,</span> <span class='ocrx_word' id='word_1_413' title='bbox 1648 753 1722 785; x_wconf 87' lang='lat' dir='ltr'>sive</span> <span class='ocrx_word' id='word_1_414' title='bbox 1743 764 1885 797; x_wconf 86' lang='lat' dir='ltr'>quoquo</span> <span class='ocrx_word' id='word_1_415' title='bbox 1904 752 2010 785; x_wconf 88' lang='lat' dir='ltr'>modo</span> <span class='ocrx_word' id='word_1_416' title='bbox 2028 749 2119 784; x_wconf 59' lang='lat' dir='ltr'>Daea</span> 
     </span>
     <span class='ocr_line' id='line_1_64' title="bbox 1135 801 2122 847; baseline -0.002 -11"><span class='ocrx_word' id='word_1_417' title='bbox 1135 816 1281 837; x_wconf 88' lang='lat' dir='ltr'>monum</span> <span class='ocrx_word' id='word_1_418' title='bbox 1305 804 1501 847; x_wconf 85' lang='lat' dir='ltr'>praestigiis</span> <span class='ocrx_word' id='word_1_419' title='bbox 1525 815 1655 847; x_wconf 87' lang='lat' dir='ltr'>sparsa.</span> <span class='ocrx_word' id='word_1_420' title='bbox 1709 802 1874 837; x_wconf 88' lang='lat' dir='ltr'>Citantur</span> <span class='ocrx_word' id='word_1_421' title='bbox 1892 802 2048 835; x_wconf 88' lang='lat' dir='ltr'>carmina</span> <span class='ocrx_word' id='word_1_422' title='bbox 2063 801 2122 835; x_wconf 90' lang='lat' dir='ltr'>Si-</span> 
     </span>
     <span class='ocr_line' id='line_1_65' title="bbox 1135 854 2120 900; baseline -0.002 -13"><span class='ocrx_word' id='word_1_423' title='bbox 1135 855 1329 900; x_wconf 80' lang='lat' dir='ltr'>byllarum,</span> <span class='ocrx_word' id='word_1_424' title='bbox 1356 867 1507 899; x_wconf 85' lang='lat' dir='ltr'>quorum</span> <span class='ocrx_word' id='word_1_425' title='bbox 1525 855 1642 898; x_wconf 87' lang='lat' dir='ltr'>aliqua</span> <span class='ocrx_word' id='word_1_426' title='bbox 1661 854 1820 887; x_wconf 88' lang='lat' dir='ltr'>existimo</span> <span class='ocrx_word' id='word_1_427' title='bbox 1836 859 1971 887; x_wconf 87' lang='lat' dir='ltr'>retenta</span> <span class='ocrx_word' id='word_1_428' title='bbox 1989 864 2061 886; x_wconf 90' lang='lat' dir='ltr'>esse</span> <span class='ocrx_word' id='word_1_429' title='bbox 2079 864 2120 885; x_wconf 79' lang='lat' dir='ltr'>ex</span> 
     </span>
     <span class='ocr_line' id='line_1_66' title="bbox 1135 905 2120 949; baseline -0.001 -12"><span class='ocrx_word' id='word_1_430' title='bbox 1135 905 1295 938; x_wconf 89' lang='lat' dir='ltr'>doctrina</span> <span class='ocrx_word' id='word_1_431' title='bbox 1326 913 1486 948; x_wconf 90' lang='lat' dir='ltr'>patrum,</span> <span class='ocrx_word' id='word_1_432' title='bbox 1521 912 1558 938; x_wconf 90' lang='lat' dir='ltr'>ut</span> <span class='ocrx_word' id='word_1_433' title='bbox 1586 911 1668 937; x_wconf 86' lang='lat' dir='ltr'>sunt</span> <span class='ocrx_word' id='word_1_434' title='bbox 1698 917 1786 949; x_wconf 90' lang='lat' dir='ltr'>quae</span> <span class='ocrx_word' id='word_1_435' title='bbox 1810 910 2012 949; x_wconf 86' lang='lat' dir='ltr'>congruunt</span> <span class='ocrx_word' id='word_1_436' title='bbox 2039 915 2120 936; x_wconf 89' lang='lat' dir='ltr'>cum</span> 
     </span>
     <span class='ocr_line' id='line_1_67' title="bbox 1134 953 2121 997; baseline -0.003 -9"><span class='ocrx_word' id='word_1_437' title='bbox 1134 954 1329 997; x_wconf 88' lang='lat' dir='ltr'>Decalogo,</span> <span class='ocrx_word' id='word_1_438' title='bbox 1356 956 1398 987; x_wconf 85' lang='lat' dir='ltr'>de</span> <span class='ocrx_word' id='word_1_439' title='bbox 1416 955 1593 997; x_wconf 83' lang='lat' dir='ltr'>fugiendis</span> <span class='ocrx_word' id='word_1_440' title='bbox 1611 954 1733 993; x_wconf 86' lang='lat' dir='ltr'>idolis,</span> <span class='ocrx_word' id='word_1_441' title='bbox 1767 953 1989 993; x_wconf 79' lang='lat' dir='ltr'>homicidiis,</span> <span class='ocrx_word' id='word_1_442' title='bbox 2018 953 2121 986; x_wconf 89' lang='lat' dir='ltr'>adul-</span> 
     </span>
     <span class='ocr_line' id='line_1_68' title="bbox 1134 1004 2120 1046; baseline 0 -8"><span class='ocrx_word' id='word_1_443' title='bbox 1134 1006 1249 1046; x_wconf 85' lang='lat' dir='ltr'>teriis,</span> <span class='ocrx_word' id='word_1_444' title='bbox 1284 1005 1424 1038; x_wconf 85' lang='lat' dir='ltr'>incestis</span> <span class='ocrx_word' id='word_1_445' title='bbox 1459 1005 1687 1044; x_wconf 88' lang='lat' dir='ltr'>libidinibus,</span> <span class='ocrx_word' id='word_1_446' title='bbox 1720 1005 1823 1038; x_wconf 87' lang='lat' dir='ltr'>furtis</span> <span class='ocrx_word' id='word_1_447' title='bbox 1853 1012 1886 1038; x_wconf 87' lang='lat' dir='ltr'>et</span> <span class='ocrx_word' id='word_1_448' title='bbox 1915 1004 2120 1038; x_wconf 82' lang='lat' dir='ltr'>mendaciis.</span> 
     </span>
     <span class='ocr_line' id='line_1_69' title="bbox 1134 1055 2121 1097; baseline -0.003 -9"><span class='ocrx_word' id='word_1_449' title='bbox 1134 1055 1229 1088; x_wconf 85' lang='lat' dir='ltr'>Haec</span> <span class='ocrx_word' id='word_1_450' title='bbox 1245 1056 1400 1087; x_wconf 88' lang='lat' dir='ltr'>carmina</span> <span class='ocrx_word' id='word_1_451' title='bbox 1417 1067 1495 1087; x_wconf 89' lang='lat' dir='ltr'>cum</span> <span class='ocrx_word' id='word_1_452' title='bbox 1515 1056 1688 1097; x_wconf 89' lang='lat' dir='ltr'>posterior</span> <span class='ocrx_word' id='word_1_453' title='bbox 1703 1063 1796 1088; x_wconf 83' lang='lat' dir='ltr'>aetas</span> <span class='ocrx_word' id='word_1_454' title='bbox 1815 1055 2017 1097; x_wconf 83' lang='lat' dir='ltr'>negligeret,</span> <span class='ocrx_word' id='word_1_455' title='bbox 2040 1065 2121 1086; x_wconf 90' lang='lat' dir='ltr'>rur-</span> 
     </span>
    </p>
   </div>
   <div class='ocr_carea' id='block_1_12' title="bbox 1107 468 1117 1151">
    <p class='ocr_par' dir='ltr' id='par_1_13' title="bbox 1107 468 1117 1151">
     <span class='ocr_line' id='line_1_70' title="bbox 1107 468 1117 1151; baseline 0 0"><span class='ocrx_word' id='word_1_456' title='bbox 1107 468 1117 1151; x_wconf 95' lang='lat' dir='ltr'> </span> 
     </span>
    </p>
   </div>
   <div class='ocr_carea' id='block_1_13' title="bbox 1075 2527 1109 2542">
    <p class='ocr_par' dir='ltr' id='par_1_14' title="bbox 1075 2527 1109 2542">
     <span class='ocr_line' id='line_1_71' title="bbox 1075 2527 1109 2542; baseline 0 -3"><span class='ocrx_word' id='word_1_457' title='bbox 1075 2528 1083 2542; x_wconf 78' lang='lat'>,</span> <span class='ocrx_word' id='word_1_458' title='bbox 1107 2527 1109 2539; x_wconf 87' lang='grc' dir='ltr'>ι</span> 
     </span>
    </p>
   </div>
   <div class='ocr_carea' id='block_1_14' title="bbox 1107 1102 2119 2720">
    <p class='ocr_par' dir='ltr' id='par_1_15' title="bbox 1134 1102 2119 1200">
     <span class='ocr_line' id='line_1_72' title="bbox 1134 1102 2119 1150; baseline -0.001 -12"><span class='ocrx_word' id='word_1_459' title='bbox 1134 1117 1191 1138; x_wconf 90' lang='lat' dir='ltr'>sus</span> <span class='ocrx_word' id='word_1_460' title='bbox 1218 1105 1386 1139; x_wconf 89' lang='lat' dir='ltr'>dicuntur</span> <span class='ocrx_word' id='word_1_461' title='bbox 1411 1117 1429 1138; x_wconf 87' lang='lat' dir='ltr'>a</span> <span class='ocrx_word' id='word_1_462' title='bbox 1447 1102 1643 1150; x_wconf 83' lang='lat' dir='ltr'>Phocylide</span> <span class='ocrx_word' id='word_1_463' title='bbox 1667 1104 1784 1149; x_wconf 87' lang='lat' dir='ltr'>aliqua</span> <span class='ocrx_word' id='word_1_464' title='bbox 1802 1117 1841 1137; x_wconf 83' lang='lat' dir='ltr'>ex</span> <span class='ocrx_word' id='word_1_465' title='bbox 1859 1111 1957 1148; x_wconf 89' lang='lat' dir='ltr'>parte</span> <span class='ocrx_word' id='word_1_466' title='bbox 1974 1104 2119 1138; x_wconf 82' lang='lat' dir='ltr'>collecta</span> 
     </span>
     <span class='ocr_line' id='line_1_73' title="bbox 1134 1154 2067 1200; baseline -0.001 -11"><span class='ocrx_word' id='word_1_467' title='bbox 1134 1168 1223 1197; x_wconf 87' lang='lat' dir='ltr'>esse,</span> <span class='ocrx_word' id='word_1_468' title='bbox 1250 1162 1282 1189; x_wconf 88' lang='lat' dir='ltr'>et</span> <span class='ocrx_word' id='word_1_469' title='bbox 1299 1156 1373 1188; x_wconf 92' lang='lat' dir='ltr'>eius</span> <span class='ocrx_word' id='word_1_470' title='bbox 1391 1155 1534 1188; x_wconf 90' lang='lat' dir='ltr'>nomine</span> <span class='ocrx_word' id='word_1_471' title='bbox 1560 1155 1596 1188; x_wconf 90' lang='lat' dir='ltr'>in</span> <span class='ocrx_word' id='word_1_472' title='bbox 1615 1155 1745 1200; x_wconf 89' lang='lat' dir='ltr'>populo</span> <span class='ocrx_word' id='word_1_473' title='bbox 1762 1155 1890 1188; x_wconf 90' lang='lat' dir='ltr'>deinde</span> <span class='ocrx_word' id='word_1_474' title='bbox 1908 1154 2067 1199; x_wconf 87' lang='lat' dir='ltr'>repetita.</span> 
     </span>
    </p>

    <p class='ocr_par' dir='ltr' id='par_1_16' title="bbox 1234 1205 2118 1249">
     <span class='ocr_line' id='line_1_74' title="bbox 1234 1205 2118 1249; baseline -0.002 -9"><span class='ocrx_word' id='word_1_475' title='bbox 1234 1205 1357 1240; x_wconf 87' lang='lat' dir='ltr'>Sciant</span> <span class='ocrx_word' id='word_1_476' title='bbox 1379 1212 1496 1239; x_wconf 89' lang='lat' dir='ltr'>autem</span> <span class='ocrx_word' id='word_1_477' title='bbox 1520 1206 1695 1246; x_wconf 81' lang='lat' dir='ltr'>iuniores,</span> <span class='ocrx_word' id='word_1_478' title='bbox 1729 1206 1826 1240; x_wconf 90' lang='lat' dir='ltr'>aliud</span> <span class='ocrx_word' id='word_1_479' title='bbox 1851 1206 2033 1239; x_wconf 90' lang='lat' dir='ltr'>doctrinae</span> <span class='ocrx_word' id='word_1_480' title='bbox 2058 1216 2118 1249; x_wconf 87' lang='lat' dir='ltr'>ge-</span> 
     </span>
    </p>

    <p class='ocr_par' dir='ltr' id='par_1_17' title="bbox 1130 1255 2118 2518">
     <span class='ocr_line' id='line_1_75' title="bbox 1134 1255 2117 1299; baseline 0.001 -10"><span class='ocrx_word' id='word_1_481' title='bbox 1134 1268 1201 1289; x_wconf 91' lang='lat' dir='ltr'>nus</span> <span class='ocrx_word' id='word_1_482' title='bbox 1217 1268 1289 1290; x_wconf 89' lang='lat' dir='ltr'>esse</span> <span class='ocrx_word' id='word_1_483' title='bbox 1304 1257 1451 1299; x_wconf 78' lang='lat' dir='ltr'>Legem,</span> <span class='ocrx_word' id='word_1_484' title='bbox 1478 1257 1573 1289; x_wconf 84' lang='lat' dir='ltr'>aliud</span> <span class='ocrx_word' id='word_1_485' title='bbox 1597 1255 1850 1299; x_wconf 85' lang='lat' dir='ltr'>Evangelium,</span> <span class='ocrx_word' id='word_1_486' title='bbox 1877 1257 1913 1289; x_wconf 92' lang='lat' dir='ltr'>id</span> <span class='ocrx_word' id='word_1_487' title='bbox 1936 1263 2005 1295; x_wconf 90' lang='lat' dir='ltr'>est,</span> <span class='ocrx_word' id='word_1_488' title='bbox 2031 1268 2117 1299; x_wconf 87' lang='lat' dir='ltr'>pro-</span> 
     </span>
     <span class='ocr_line' id='line_1_76' title="bbox 1133 1305 2117 1349; baseline -0.001 -9"><span class='ocrx_word' id='word_1_489' title='bbox 1133 1308 1338 1340; x_wconf 87' lang='lat' dir='ltr'>missionem</span> <span class='ocrx_word' id='word_1_490' title='bbox 1358 1309 1400 1340; x_wconf 89' lang='lat' dir='ltr'>de</span> <span class='ocrx_word' id='word_1_491' title='bbox 1419 1307 1490 1340; x_wconf 85' lang='lat' dir='ltr'>filio</span> <span class='ocrx_word' id='word_1_492' title='bbox 1502 1305 1579 1339; x_wconf 91' lang='lat' dir='ltr'>Dei.</span> <span class='ocrx_word' id='word_1_493' title='bbox 1631 1306 1683 1340; x_wconf 93' lang='lat' dir='ltr'>Ac</span> <span class='ocrx_word' id='word_1_494' title='bbox 1700 1314 1820 1349; x_wconf 88' lang='lat' dir='ltr'>gentes</span> <span class='ocrx_word' id='word_1_495' title='bbox 1837 1314 1994 1341; x_wconf 87' lang='lat' dir='ltr'>amantes</span> <span class='ocrx_word' id='word_1_496' title='bbox 2008 1307 2117 1340; x_wconf 88' lang='lat' dir='ltr'>disci-</span> 
     </span>
     <span class='ocr_line' id='line_1_77' title="bbox 1134 1357 2117 1402; baseline -0.001 -12"><span class='ocrx_word' id='word_1_497' title='bbox 1134 1358 1287 1402; x_wconf 86' lang='lat' dir='ltr'>plinam,</span> <span class='ocrx_word' id='word_1_498' title='bbox 1319 1358 1401 1402; x_wconf 87' lang='lat' dir='ltr'>quia</span> <span class='ocrx_word' id='word_1_499' title='bbox 1434 1358 1488 1390; x_wconf 90' lang='lat' dir='ltr'>lex</span> <span class='ocrx_word' id='word_1_500' title='bbox 1523 1364 1648 1390; x_wconf 88' lang='lat' dir='ltr'>natura</span> <span class='ocrx_word' id='word_1_501' title='bbox 1681 1364 1764 1391; x_wconf 87' lang='lat' dir='ltr'>nota</span> <span class='ocrx_word' id='word_1_502' title='bbox 1795 1364 1864 1399; x_wconf 88' lang='lat' dir='ltr'>est,</span> <span class='ocrx_word' id='word_1_503' title='bbox 1898 1370 1937 1391; x_wconf 84' lang='lat' dir='ltr'>ex</span> <span class='ocrx_word' id='word_1_504' title='bbox 1960 1357 2117 1391; x_wconf 89' lang='lat' dir='ltr'>naturali</span> 
     </span>
     <span class='ocr_line' id='line_1_78' title="bbox 1134 1405 2117 1442; baseline 0 -1"><span class='ocrx_word' id='word_1_505' title='bbox 1134 1409 1265 1441; x_wconf 87' lang='lat' dir='ltr'>iudicio</span> <span class='ocrx_word' id='word_1_506' title='bbox 1283 1409 1411 1442; x_wconf 86' lang='lat' dir='ltr'>multas</span> <span class='ocrx_word' id='word_1_507' title='bbox 1428 1405 1592 1441; x_wconf 82' lang='lat' dir='ltr'>honestas</span> <span class='ocrx_word' id='word_1_508' title='bbox 1602 1409 1793 1442; x_wconf 81' lang='lat' dir='ltr'>sententias</span> <span class='ocrx_word' id='word_1_509' title='bbox 1809 1409 1850 1441; x_wconf 89' lang='lat' dir='ltr'>de</span> <span class='ocrx_word' id='word_1_510' title='bbox 1868 1409 2027 1442; x_wconf 90' lang='lat' dir='ltr'>moribus</span> <span class='ocrx_word' id='word_1_511' title='bbox 2042 1414 2117 1441; x_wconf 83' lang='lat' dir='ltr'>tra-</span> 
     </span>
     <span class='ocr_line' id='line_1_79' title="bbox 1133 1456 2117 1504; baseline 0.001 -13"><span class='ocrx_word' id='word_1_512' title='bbox 1133 1460 1313 1493; x_wconf 84' lang='lat' dir='ltr'>diderunt.</span> <span class='ocrx_word' id='word_1_513' title='bbox 1376 1458 1445 1492; x_wconf 86' lang='lat' dir='ltr'>Sed</span> <span class='ocrx_word' id='word_1_514' title='bbox 1472 1459 1640 1492; x_wconf 84' lang='lat' dir='ltr'>credibile</span> <span class='ocrx_word' id='word_1_515' title='bbox 1665 1465 1733 1500; x_wconf 89' lang='lat' dir='ltr'>est,</span> <span class='ocrx_word' id='word_1_516' title='bbox 1757 1456 1818 1491; x_wconf 90' lang='lat' dir='ltr'>has</span> <span class='ocrx_word' id='word_1_517' title='bbox 1842 1471 1982 1504; x_wconf 85' lang='lat' dir='ltr'>quoque</span> <span class='ocrx_word' id='word_1_518' title='bbox 2004 1459 2117 1492; x_wconf 86' lang='lat' dir='ltr'>multa</span> 
     </span>
     <span class='ocr_line' id='line_1_80' title="bbox 1133 1507 2116 1553; baseline 0.001 -11"><span class='ocrx_word' id='word_1_519' title='bbox 1133 1510 1217 1552; x_wconf 85' lang='lat' dir='ltr'>legis</span> <span class='ocrx_word' id='word_1_520' title='bbox 1241 1510 1333 1542; x_wconf 87' lang='lat' dir='ltr'>dicta</span> <span class='ocrx_word' id='word_1_521' title='bbox 1358 1521 1376 1542; x_wconf 92' lang='lat' dir='ltr'>a</span> <span class='ocrx_word' id='word_1_522' title='bbox 1396 1510 1553 1552; x_wconf 90' lang='lat' dir='ltr'>patribus</span> <span class='ocrx_word' id='word_1_523' title='bbox 1570 1516 1708 1553; x_wconf 88' lang='lat' dir='ltr'>accepta</span> <span class='ocrx_word' id='word_1_524' title='bbox 1727 1510 1924 1542; x_wconf 83' lang='lat' dir='ltr'>retinuisse.</span> <span class='ocrx_word' id='word_1_525' title='bbox 1978 1507 2026 1543; x_wconf 88' lang='lat' dir='ltr'>At</span> <span class='ocrx_word' id='word_1_526' title='bbox 2050 1510 2116 1543; x_wconf 90' lang='lat' dir='ltr'>do-</span> 
     </span>
     <span class='ocr_line' id='line_1_81' title="bbox 1132 1557 2117 1604; baseline -0.001 -11"><span class='ocrx_word' id='word_1_527' title='bbox 1132 1560 1244 1593; x_wconf 86' lang='lat' dir='ltr'>ctrina</span> <span class='ocrx_word' id='word_1_528' title='bbox 1279 1561 1321 1592; x_wconf 93' lang='lat' dir='ltr'>de</span> <span class='ocrx_word' id='word_1_529' title='bbox 1351 1560 1424 1592; x_wconf 81' lang='lat' dir='ltr'>filio</span> <span class='ocrx_word' id='word_1_530' title='bbox 1448 1558 1516 1593; x_wconf 91' lang='lat' dir='ltr'>Dei</span> <span class='ocrx_word' id='word_1_531' title='bbox 1540 1561 1638 1604; x_wconf 84' lang='lat' dir='ltr'>&#39;apud</span> <span class='ocrx_word' id='word_1_532' title='bbox 1663 1557 1836 1593; x_wconf 82' lang='lat' dir='ltr'>Ethnicos</span> <span class='ocrx_word' id='word_1_533' title='bbox 1866 1560 2015 1593; x_wconf 83' lang='lat' dir='ltr'>extincta</span> <span class='ocrx_word' id='word_1_534' title='bbox 2040 1560 2117 1594; x_wconf 88' lang='lat' dir='ltr'>suit.</span> 
     </span>
     <span class='ocr_line' id='line_1_82' title="bbox 1133 1610 2117 1656; baseline 0.002 -14"><span class='ocrx_word' id='word_1_535' title='bbox 1133 1611 1239 1653; x_wconf 81' lang='lat' dir='ltr'>Quod</span> <span class='ocrx_word' id='word_1_536' title='bbox 1265 1617 1379 1643; x_wconf 87' lang='lat' dir='ltr'>autem</span> <span class='ocrx_word' id='word_1_537' title='bbox 1398 1610 1601 1644; x_wconf 86' lang='lat' dir='ltr'>Lactantius</span> <span class='ocrx_word' id='word_1_538' title='bbox 1624 1611 1705 1644; x_wconf 88' lang='lat' dir='ltr'>citat</span> <span class='ocrx_word' id='word_1_539' title='bbox 1728 1612 1898 1655; x_wconf 88' lang='lat' dir='ltr'>quosdam</span> <span class='ocrx_word' id='word_1_540' title='bbox 1920 1611 2117 1656; x_wconf 72' lang='lat' dir='ltr'>Sibyllinos</span> 
     </span>
     <span class='ocr_line' id='line_1_83' title="bbox 1133 1658 2117 1706; baseline 0.001 -13"><span class='ocrx_word' id='word_1_541' title='bbox 1133 1672 1251 1693; x_wconf 79' lang='lat' dir='ltr'>versus</span> <span class='ocrx_word' id='word_1_542' title='bbox 1274 1662 1317 1693; x_wconf 91' lang='lat' dir='ltr'>de</span> <span class='ocrx_word' id='word_1_543' title='bbox 1338 1658 1499 1701; x_wconf 74' lang='lat' dir='ltr'>Christo,</span> <span class='ocrx_word' id='word_1_544' title='bbox 1525 1662 1554 1694; x_wconf 90' lang='lat' dir='ltr'>si</span> <span class='ocrx_word' id='word_1_545' title='bbox 1579 1673 1651 1694; x_wconf 88' lang='lat' dir='ltr'>non</span> <span class='ocrx_word' id='word_1_546' title='bbox 1669 1661 1755 1694; x_wconf 81' lang='lat' dir='ltr'>salso</span> <span class='ocrx_word' id='word_1_547' title='bbox 1774 1662 1980 1695; x_wconf 87' lang='lat' dir='ltr'>tribuuntur</span> <span class='ocrx_word' id='word_1_548' title='bbox 1996 1660 2117 1706; x_wconf 79' lang='lat' dir='ltr'>Sibyl-</span> 
     </span>
     <span class='ocr_line' id='line_1_84' title="bbox 1133 1710 2116 1756; baseline 0.003 -14"><span class='ocrx_word' id='word_1_549' title='bbox 1133 1710 1193 1751; x_wconf 85' lang='lat' dir='ltr'>lis,</span> <span class='ocrx_word' id='word_1_550' title='bbox 1229 1716 1502 1744; x_wconf 84' lang='lat' dir='ltr'>consentaneum</span> <span class='ocrx_word' id='word_1_551' title='bbox 1532 1717 1600 1751; x_wconf 81' lang='lat' dir='ltr'>est,</span> <span class='ocrx_word' id='word_1_552' title='bbox 1635 1718 1793 1755; x_wconf 86' lang='lat' dir='ltr'>acceptos</span> <span class='ocrx_word' id='word_1_553' title='bbox 1818 1723 1890 1744; x_wconf 87' lang='lat' dir='ltr'>esse</span> <span class='ocrx_word' id='word_1_554' title='bbox 1914 1724 1932 1744; x_wconf 91' lang='lat' dir='ltr'>a</span> <span class='ocrx_word' id='word_1_555' title='bbox 1957 1712 2116 1756; x_wconf 88' lang='lat' dir='ltr'>patribus</span> 
     </span>
     <span class='ocr_line' id='line_1_85' title="bbox 1132 1758 2117 1802; baseline 0.002 -8"><span class='ocrx_word' id='word_1_556' title='bbox 1132 1767 1234 1802; x_wconf 88' lang='lat' dir='ltr'>tunc,</span> <span class='ocrx_word' id='word_1_557' title='bbox 1260 1772 1340 1793; x_wconf 91' lang='lat' dir='ltr'>cum</span> <span class='ocrx_word' id='word_1_558' title='bbox 1363 1758 1480 1794; x_wconf 88' lang='lat' dir='ltr'>adhuc</span> <span class='ocrx_word' id='word_1_559' title='bbox 1498 1761 1658 1795; x_wconf 89' lang='lat' dir='ltr'>doctrina</span> <span class='ocrx_word' id='word_1_560' title='bbox 1683 1762 1726 1795; x_wconf 92' lang='lat' dir='ltr'>de</span> <span class='ocrx_word' id='word_1_561' title='bbox 1741 1762 1813 1795; x_wconf 82' lang='lat' dir='ltr'>filio</span> <span class='ocrx_word' id='word_1_562' title='bbox 1829 1760 1894 1795; x_wconf 91' lang='lat' dir='ltr'>Dei</span> <span class='ocrx_word' id='word_1_563' title='bbox 1915 1769 1998 1796; x_wconf 87' lang='lat' dir='ltr'>nota</span> <span class='ocrx_word' id='word_1_564' title='bbox 2015 1769 2117 1797; x_wconf 86' lang='lat' dir='ltr'>esset.</span> 
     </span>
     <span class='ocr_line' id='line_1_86' title="bbox 1231 1809 2117 1858; baseline 0.001 -13"><span class='ocrx_word' id='word_1_565' title='bbox 1231 1809 1344 1845; x_wconf 77' lang='lat' dir='ltr'>Atlas</span> <span class='ocrx_word' id='word_1_566' title='bbox 1367 1812 1498 1845; x_wconf 90' lang='lat' dir='ltr'>dicitur</span> <span class='ocrx_word' id='word_1_567' title='bbox 1515 1824 1555 1846; x_wconf 88' lang='lat' dir='ltr'>ex</span> <span class='ocrx_word' id='word_1_568' title='bbox 1581 1811 1693 1858; x_wconf 73' lang='lat' dir='ltr'>Libya</span> <span class='ocrx_word' id='word_1_569' title='bbox 1718 1813 1915 1847; x_wconf 88' lang='lat' dir='ltr'>doctrinam</span> <span class='ocrx_word' id='word_1_570' title='bbox 1939 1813 1981 1846; x_wconf 94' lang='lat' dir='ltr'>de</span> <span class='ocrx_word' id='word_1_571' title='bbox 2002 1813 2117 1846; x_wconf 90' lang='lat' dir='ltr'>coele-</span> 
     </span>
     <span class='ocr_line' id='line_1_87' title="bbox 1131 1862 2115 1904; baseline 0.003 -10"><span class='ocrx_word' id='word_1_572' title='bbox 1131 1862 1243 1896; x_wconf 88' lang='lat' dir='ltr'>stibus</span> <span class='ocrx_word' id='word_1_573' title='bbox 1266 1863 1424 1896; x_wconf 81' lang='lat' dir='ltr'>motibus</span> <span class='ocrx_word' id='word_1_574' title='bbox 1455 1869 1489 1896; x_wconf 83' lang='lat' dir='ltr'>et</span> <span class='ocrx_word' id='word_1_575' title='bbox 1521 1863 1630 1896; x_wconf 86' lang='lat' dir='ltr'>stellis</span> <span class='ocrx_word' id='word_1_576' title='bbox 1660 1863 1698 1895; x_wconf 90' lang='lat' dir='ltr'>in</span> <span class='ocrx_word' id='word_1_577' title='bbox 1731 1862 1916 1896; x_wconf 89' lang='lat' dir='ltr'>Graeciam</span> <span class='ocrx_word' id='word_1_578' title='bbox 1946 1864 2115 1904; x_wconf 85' lang='lat' dir='ltr'>attulisse,</span> 
     </span>
     <span class='ocr_line' id='line_1_88' title="bbox 1131 1912 2115 1947; baseline 0.001 -1"><span class='ocrx_word' id='word_1_579' title='bbox 1131 1913 1230 1946; x_wconf 89' lang='lat' dir='ltr'>cuius</span> <span class='ocrx_word' id='word_1_580' title='bbox 1254 1913 1451 1946; x_wconf 87' lang='lat' dir='ltr'>auditorem</span> <span class='ocrx_word' id='word_1_581' title='bbox 1476 1913 1581 1946; x_wconf 84' lang='lat' dir='ltr'>fuisse</span> <span class='ocrx_word' id='word_1_582' title='bbox 1600 1912 1774 1946; x_wconf 88' lang='lat' dir='ltr'>Orionem</span> <span class='ocrx_word' id='word_1_583' title='bbox 1804 1914 1840 1946; x_wconf 89' lang='lat' dir='ltr'>in</span> <span class='ocrx_word' id='word_1_584' title='bbox 1861 1913 2008 1947; x_wconf 85' lang='lat' dir='ltr'>Boeotia</span> <span class='ocrx_word' id='word_1_585' title='bbox 2028 1915 2115 1947; x_wconf 85' lang='lat' dir='ltr'>scri-</span> 
     </span>
     <span class='ocr_line' id='line_1_89' title="bbox 1131 1961 2113 2008; baseline 0.001 -12"><span class='ocrx_word' id='word_1_586' title='bbox 1131 1964 1245 2004; x_wconf 86' lang='lat' dir='ltr'>bitur,</span> <span class='ocrx_word' id='word_1_587' title='bbox 1271 1974 1292 1997; x_wconf 87' lang='lat' dir='ltr'>a</span> <span class='ocrx_word' id='word_1_588' title='bbox 1316 1975 1385 2008; x_wconf 89' lang='lat' dir='ltr'>quo</span> <span class='ocrx_word' id='word_1_589' title='bbox 1410 1961 1649 2007; x_wconf 87' lang='lat' dir='ltr'>pulcherrimo</span> <span class='ocrx_word' id='word_1_590' title='bbox 1667 1964 1774 1996; x_wconf 87' lang='lat' dir='ltr'>sideri</span> <span class='ocrx_word' id='word_1_591' title='bbox 1801 1976 1930 1997; x_wconf 86' lang='lat' dir='ltr'>nomen</span> <span class='ocrx_word' id='word_1_592' title='bbox 1959 1964 2113 1998; x_wconf 89' lang='lat' dir='ltr'>inditum</span> 
     </span>
     <span class='ocr_line' id='line_1_90' title="bbox 1131 2013 2115 2059; baseline 0 -12"><span class='ocrx_word' id='word_1_593' title='bbox 1131 2021 1199 2055; x_wconf 90' lang='lat' dir='ltr'>est,</span> <span class='ocrx_word' id='word_1_594' title='bbox 1227 2014 1309 2059; x_wconf 88' lang='lat' dir='ltr'>quia</span> <span class='ocrx_word' id='word_1_595' title='bbox 1336 2013 1480 2047; x_wconf 86' lang='lat' dir='ltr'>Graecis</span> <span class='ocrx_word' id='word_1_596' title='bbox 1503 2026 1634 2047; x_wconf 87' lang='lat' dir='ltr'>annum</span> <span class='ocrx_word' id='word_1_597' title='bbox 1652 2015 1843 2049; x_wconf 87' lang='lat' dir='ltr'>ordinavit.</span> <span class='ocrx_word' id='word_1_598' title='bbox 1895 2014 1943 2048; x_wconf 88' lang='lat' dir='ltr'>Et</span> <span class='ocrx_word' id='word_1_599' title='bbox 1966 2027 2115 2048; x_wconf 89' lang='lat' dir='ltr'>consen-</span> 
     </span>
     <span class='ocr_line' id='line_1_91' title="bbox 1131 2065 2116 2109; baseline 0 -11"><span class='ocrx_word' id='word_1_600' title='bbox 1131 2072 1273 2099; x_wconf 86' lang='lat' dir='ltr'>taneum</span> <span class='ocrx_word' id='word_1_601' title='bbox 1301 2071 1368 2104; x_wconf 91' lang='lat' dir='ltr'>est,</span> <span class='ocrx_word' id='word_1_602' title='bbox 1404 2072 1512 2098; x_wconf 89' lang='lat' dir='ltr'>metas</span> <span class='ocrx_word' id='word_1_603' title='bbox 1536 2065 1621 2098; x_wconf 83' lang='lat' dir='ltr'>anni</span> <span class='ocrx_word' id='word_1_604' title='bbox 1646 2066 1791 2109; x_wconf 85' lang='lat' dir='ltr'>scriptas</span> <span class='ocrx_word' id='word_1_605' title='bbox 1815 2076 1887 2099; x_wconf 86' lang='lat' dir='ltr'>esse</span> <span class='ocrx_word' id='word_1_606' title='bbox 1912 2066 1955 2098; x_wconf 87' lang='lat' dir='ltr'>ab</span> <span class='ocrx_word' id='word_1_607' title='bbox 1977 2072 2059 2098; x_wconf 90' lang='lat' dir='ltr'>ortu</span> <span class='ocrx_word' id='word_1_608' title='bbox 2082 2072 2116 2099; x_wconf 85' lang='lat' dir='ltr'>et</span> 
     </span>
     <span class='ocr_line' id='line_1_92' title="bbox 1130 2112 2116 2161; baseline 0 -12"><span class='ocrx_word' id='word_1_609' title='bbox 1130 2127 1254 2149; x_wconf 89' lang='lat' dir='ltr'>occasu</span> <span class='ocrx_word' id='word_1_610' title='bbox 1272 2112 1437 2156; x_wconf 88' lang='lat' dir='ltr'>Orionis,</span> <span class='ocrx_word' id='word_1_611' title='bbox 1464 2114 1646 2148; x_wconf 84' lang='lat' dir='ltr'>Pleiadum</span> <span class='ocrx_word' id='word_1_612' title='bbox 1670 2123 1701 2150; x_wconf 86' lang='lat' dir='ltr'>et</span> <span class='ocrx_word' id='word_1_613' title='bbox 1719 2116 1823 2158; x_wconf 90' lang='lat' dir='ltr'>Sirii,</span> <span class='ocrx_word' id='word_1_614' title='bbox 1857 2116 1940 2161; x_wconf 87' lang='lat' dir='ltr'>quia</span> <span class='ocrx_word' id='word_1_615' title='bbox 1964 2116 2116 2149; x_wconf 82' lang='lat' dir='ltr'>maxime</span> 
     </span>
     <span class='ocr_line' id='line_1_93' title="bbox 1131 2164 2116 2211; baseline 0 -11"><span class='ocrx_word' id='word_1_616' title='bbox 1131 2167 1340 2211; x_wconf 87' lang='lat' dir='ltr'>conspicuae</span> <span class='ocrx_word' id='word_1_617' title='bbox 1365 2174 1447 2201; x_wconf 90' lang='lat' dir='ltr'>sunt</span> <span class='ocrx_word' id='word_1_618' title='bbox 1471 2164 1536 2200; x_wconf 85' lang='lat' dir='ltr'>hae</span> <span class='ocrx_word' id='word_1_619' title='bbox 1557 2167 1676 2200; x_wconf 90' lang='lat' dir='ltr'>stellae</span> <span class='ocrx_word' id='word_1_620' title='bbox 1700 2167 1792 2201; x_wconf 91' lang='lat' dir='ltr'>inter</span> <span class='ocrx_word' id='word_1_621' title='bbox 1814 2167 1981 2202; x_wconf 79' lang='lat' dir='ltr'>minores,</span> <span class='ocrx_word' id='word_1_622' title='bbox 2042 2166 2116 2200; x_wconf 79' lang='lat' dir='ltr'>No-</span> 
     </span>
     <span class='ocr_line' id='line_1_94' title="bbox 1131 2216 2114 2262; baseline -0.001 -11"><span class='ocrx_word' id='word_1_623' title='bbox 1131 2229 1212 2251; x_wconf 89' lang='lat' dir='ltr'>men</span> <span class='ocrx_word' id='word_1_624' title='bbox 1229 2216 1389 2256; x_wconf 72' lang='lat' dir='ltr'>Orionis,</span> <span class='ocrx_word' id='word_1_625' title='bbox 1418 2224 1456 2252; x_wconf 86' lang='lat' dir='ltr'>ut</span> <span class='ocrx_word' id='word_1_626' title='bbox 1473 2228 1534 2259; x_wconf 85' lang='lat' dir='ltr'>ego</span> <span class='ocrx_word' id='word_1_627' title='bbox 1550 2218 1730 2258; x_wconf 88' lang='lat' dir='ltr'>existimo,</span> <span class='ocrx_word' id='word_1_628' title='bbox 1757 2224 1807 2251; x_wconf 83' lang='lat' dir='ltr'>est</span> <span class='ocrx_word' id='word_1_629' title='bbox 1823 2218 1866 2251; x_wconf 85' lang='lat' dir='ltr'>ab</span> <span class='ocrx_word' id='word_1_630' title='bbox 1888 2216 1988 2262; x_wconf 76' lang='grc' dir='ltr'>ὥρα,</span> <span class='ocrx_word' id='word_1_631' title='bbox 2017 2218 2114 2262; x_wconf 86' lang='lat' dir='ltr'>quod</span> 
     </span>
     <span class='ocr_line' id='line_1_95' title="bbox 1131 2267 2117 2313; baseline 0 -11"><span class='ocrx_word' id='word_1_632' title='bbox 1131 2269 1302 2313; x_wconf 86' lang='lat' dir='ltr'>significat</span> <span class='ocrx_word' id='word_1_633' title='bbox 1330 2268 1547 2302; x_wconf 84' lang='lat' dir='ltr'>differentias</span> <span class='ocrx_word' id='word_1_634' title='bbox 1573 2275 1771 2312; x_wconf 81' lang='lat' dir='ltr'>temporum</span> <span class='ocrx_word' id='word_1_635' title='bbox 1791 2268 1896 2307; x_wconf 88' lang='lat' dir='ltr'>anni,</span> <span class='ocrx_word' id='word_1_636' title='bbox 1925 2267 2018 2307; x_wconf 84' lang='lat' dir='ltr'>Ver,</span> <span class='ocrx_word' id='word_1_637' title='bbox 2044 2267 2117 2302; x_wconf 83' lang='lat' dir='ltr'>Ae-</span> 
     </span>
     <span class='ocr_line' id='line_1_96' title="bbox 1132 2317 2117 2364; baseline 0 -11"><span class='ocrx_word' id='word_1_638' title='bbox 1132 2327 1271 2360; x_wconf 87' lang='lat' dir='ltr'>statem,</span> <span class='ocrx_word' id='word_1_639' title='bbox 1298 2318 1539 2359; x_wconf 91' lang='lat' dir='ltr'>Autumnum,</span> <span class='ocrx_word' id='word_1_640' title='bbox 1567 2319 1751 2364; x_wconf 86' lang='lat' dir='ltr'>Hyemem.</span> <span class='ocrx_word' id='word_1_641' title='bbox 1807 2317 2117 2354; x_wconf 86' lang='lat' dir='ltr'>Grammaticide-</span> 
     </span>
     <span class='ocr_line' id='line_1_97' title="bbox 1132 2366 2116 2416; baseline -0.003 -11"><span class='ocrx_word' id='word_1_642' title='bbox 1132 2371 1249 2405; x_wconf 85' lang='lat' dir='ltr'>rivant</span> <span class='ocrx_word' id='word_1_643' title='bbox 1271 2371 1315 2404; x_wconf 87' lang='lat' dir='ltr'>ab</span> <span class='ocrx_word' id='word_1_644' title='bbox 1341 2366 1474 2416; x_wconf 75' lang='grc' dir='ltr'><em>οὗρον,</em></span> <span class='ocrx_word' id='word_1_645' title='bbox 1505 2371 1539 2403; x_wconf 90' lang='lat' dir='ltr'>id</span> <span class='ocrx_word' id='word_1_646' title='bbox 1565 2377 1633 2410; x_wconf 86' lang='lat' dir='ltr'>est,</span> <span class='ocrx_word' id='word_1_647' title='bbox 1660 2370 1705 2402; x_wconf 88' lang='lat' dir='ltr'>ab</span> <span class='ocrx_word' id='word_1_648' title='bbox 1727 2370 1851 2411; x_wconf 88' lang='lat' dir='ltr'>urina,</span> <span class='ocrx_word' id='word_1_649' title='bbox 1886 2370 1968 2415; x_wconf 87' lang='lat' dir='ltr'>quia</span> <span class='ocrx_word' id='word_1_650' title='bbox 1989 2370 2116 2403; x_wconf 89' lang='lat' dir='ltr'>cosmi-</span> 
     </span>
     <span class='ocr_line' id='line_1_98' title="bbox 1132 2420 2118 2465; baseline 0.001 -10"><span class='ocrx_word' id='word_1_651' title='bbox 1132 2433 1193 2455; x_wconf 86' lang='lat' dir='ltr'>cus</span> <span class='ocrx_word' id='word_1_652' title='bbox 1217 2433 1358 2455; x_wconf 88' lang='lat' dir='ltr'>occasus</span> <span class='ocrx_word' id='word_1_653' title='bbox 1386 2422 1424 2454; x_wconf 93' lang='lat' dir='ltr'>in</span> <span class='ocrx_word' id='word_1_654' title='bbox 1442 2420 1634 2454; x_wconf 77' lang='lat' dir='ltr'>Novembri</span> <span class='ocrx_word' id='word_1_655' title='bbox 1658 2421 1723 2454; x_wconf 76' lang='lat' dir='ltr'>ciet</span> <span class='ocrx_word' id='word_1_656' title='bbox 1749 2432 1867 2454; x_wconf 81' lang='lat' dir='ltr'>saevas</span> <span class='ocrx_word' id='word_1_657' title='bbox 1887 2427 2118 2465; x_wconf 80' lang='lat' dir='ltr'>tempestates.</span> 
     </span>
     <span class='ocr_line' id='line_1_99' title="bbox 1132 2469 2115 2518; baseline -0.002 -12"><span class='ocrx_word' id='word_1_658' title='bbox 1132 2472 1236 2506; x_wconf 88' lang='lat' dir='ltr'>Unde</span> <span class='ocrx_word' id='word_1_659' title='bbox 1257 2471 1434 2515; x_wconf 81' lang='lat' dir='ltr'>Vergilius</span> <span class='ocrx_word' id='word_1_660' title='bbox 1451 2472 1584 2516; x_wconf 87' lang='lat' dir='ltr'>inquit:</span> <span class='ocrx_word' id='word_1_661' title='bbox 1617 2471 1748 2506; x_wconf 84' lang='lat' dir='ltr'>Saevus</span> <span class='ocrx_word' id='word_1_662' title='bbox 1765 2472 1826 2506; x_wconf 90' lang='lat' dir='ltr'>ubi</span> <span class='ocrx_word' id='word_1_663' title='bbox 1849 2469 1966 2505; x_wconf 86' lang='lat' dir='ltr'>Orion</span> <span class='ocrx_word' id='word_1_664' title='bbox 1986 2469 2115 2518; x_wconf 76' lang='lat' dir='ltr'>hyber-</span> 
     </span>
    </p>

    <p class='ocr_par' dir='ltr' id='par_1_18' title="bbox 1133 2523 1513 2556">
     <span class='ocr_line' id='line_1_100' title="bbox 1133 2523 1513 2556; baseline 0 0"><span class='ocrx_word' id='word_1_665' title='bbox 1133 2524 1187 2556; x_wconf 89' lang='lat' dir='ltr'>nis</span> <span class='ocrx_word' id='word_1_666' title='bbox 1205 2523 1370 2556; x_wconf 87' lang='lat' dir='ltr'>conditur</span> <span class='ocrx_word' id='word_1_667' title='bbox 1394 2523 1513 2556; x_wconf 86' lang='lat' dir='ltr'>undis.</span> 
     </span>
    </p>

    <p class='ocr_par' dir='ltr' id='par_1_19' title="bbox 1107 2570 2116 2720">
     <span class='ocr_line' id='line_1_101' title="bbox 1233 2570 2113 2618; baseline -0.003 -13"><span class='ocrx_word' id='word_1_668' title='bbox 1233 2570 1358 2606; x_wconf 81' lang='lat' dir='ltr'>Linus</span> <span class='ocrx_word' id='word_1_669' title='bbox 1390 2586 1460 2617; x_wconf 84' lang='lat' dir='ltr'>quo</span> <span class='ocrx_word' id='word_1_670' title='bbox 1489 2580 1646 2618; x_wconf 86' lang='lat' dir='ltr'>tempore</span> <span class='ocrx_word' id='word_1_671' title='bbox 1680 2573 1802 2612; x_wconf 87' lang='lat' dir='ltr'>suerit,</span> <span class='ocrx_word' id='word_1_672' title='bbox 1846 2571 1930 2606; x_wconf 89' lang='lat' dir='ltr'>inde</span> <span class='ocrx_word' id='word_1_673' title='bbox 1965 2571 2113 2612; x_wconf 66' lang='lat' dir='ltr'>intelligi</span> 
     </span>
     <span class='ocr_line' id='line_1_102' title="bbox 1134 2622 2115 2669; baseline -0.003 -12"><span class='ocrx_word' id='word_1_674' title='bbox 1134 2631 1265 2669; x_wconf 85' lang='lat' dir='ltr'>potest,</span> <span class='ocrx_word' id='word_1_675' title='bbox 1293 2624 1374 2669; x_wconf 88' lang='lat' dir='ltr'>quia</span> <span class='ocrx_word' id='word_1_676' title='bbox 1393 2623 1583 2658; x_wconf 74' lang='lat' dir='ltr'>Herculem</span> <span class='ocrx_word' id='word_1_677' title='bbox 1603 2625 1722 2658; x_wconf 87' lang='lat' dir='ltr'>literas</span> <span class='ocrx_word' id='word_1_678' title='bbox 1739 2631 1771 2658; x_wconf 86' lang='lat' dir='ltr'>ct</span> <span class='ocrx_word' id='word_1_679' title='bbox 1789 2624 1956 2657; x_wconf 86' lang='lat' dir='ltr'>musicam</span> <span class='ocrx_word' id='word_1_680' title='bbox 1981 2622 2115 2662; x_wconf 76' lang='lat' dir='ltr'>docuit,</span> 
     </span>
     <span class='ocr_line' id='line_1_103' title="bbox 1107 2673 2116 2720; baseline -0.006 -10"><span class='ocrx_word' id='word_1_681' title='bbox 1107 2705 1109 2710; x_wconf 23' lang='grc' dir='ltr'><em>Α</em></span> <span class='ocrx_word' id='word_1_682' title='bbox 1133 2676 1249 2719; x_wconf 88' lang='lat' dir='ltr'>Quem</span> <span class='ocrx_word' id='word_1_683' title='bbox 1264 2687 1345 2709; x_wconf 89' lang='lat' dir='ltr'>cum</span> <span class='ocrx_word' id='word_1_684' title='bbox 1362 2675 1580 2720; x_wconf 76' lang='lat' dir='ltr'>obiurgaret,</span> <span class='ocrx_word' id='word_1_685' title='bbox 1606 2675 1808 2710; x_wconf 85' lang='lat' dir='ltr'>adolescens</span> <span class='ocrx_word' id='word_1_686' title='bbox 1826 2675 1934 2707; x_wconf 86' lang='lat' dir='ltr'>iratus</span> <span class='ocrx_word' id='word_1_687' title='bbox 1950 2673 2116 2710; x_wconf 75' lang='lat' dir='ltr'>tabulam,</span> 
     </span>
    </p>
   </div>
  </div>
 </body>
</html>
