2324 2955
140 122 236 156 1093
699 122 725 156 I.

136 206 210 238 sine
234 211 390 248 peccato,
424 216 487 238 nec
510 212 615 239 ruunt
642 213 735 240 extra
755 207 863 250 legem
882 206 957 241 Dei.
1011 207 1115 248 sitio,

135 255 270 300 inquit,
302 257 397 300 quod
424 256 528 299 primi
552 257 680 298 gradus
705 264 766 293 est.
818 257 973 292 Secundi
989 259 1116 302 gradus

136 311 218 338 sunt
241 306 379 338 dolores
405 306 441 338 in
468 306 679 340 laceratione
705 309 870 351 corporis.
924 308 996 342 Nec
1021 309 1113 342 enim

136 356 400 399 imaginandum
414 362 473 395 est,
495 354 675 390 Christum
692 358 797 391 fuisse
814 359 1009 402 scopulum,
1035 372 1113 392 cum

135 406 280 450 quidem
303 405 376 448 ipse
400 406 507 439 dicat:
536 405 664 441 Tristis
687 415 736 441 est
759 410 875 442 anima
900 421 974 443 mea
1004 421 1114 454 usque

134 457 178 488 ad
201 462 361 490 mortem.
416 454 462 490 Et
486 458 584 490 nervi
612 458 736 492 ordine
757 466 900 493 naturae
916 460 1114 493 sentiebant

133 506 417 541 destructionem.
478 506 536 540 Sic
566 515 598 541 et
631 521 691 541 cor
716 510 841 543 ordine
865 517 1008 544 naturae
1039 510 1113 543 sine

133 563 274 599 peccato
291 556 460 590 sentiebat
478 558 764 595 destructionem.

234 630 282 664 Hi
308 632 447 666 dolores
472 645 663 667 nervorum
688 641 720 668 et
743 636 857 669 cordis
883 636 1109 680 aliquomodo

131 683 175 715 ad
198 682 352 716 animam
377 695 516 729 quoque
545 692 747 728 penetrant,
780 686 867 720 sicut
891 687 990 720 dicit:
1031 686 1110 719 Non

130 733 221 766 sicut
255 744 316 776 ego
349 734 441 766 volo.
498 733 569 768 Nec
601 743 682 769 sunt
708 743 863 779 peccata,
888 738 946 769 sed
974 744 1108 770 tantum

131 783 306 816 cruciatus
337 784 501 827 patientis
528 783 677 827 Christi,
707 786 793 819 sicut
825 787 899 831 ipsa
929 799 1043 828 mors,
1076 794 1107 820 et

130 835 389 868 concurrebant
411 836 454 867 ad
478 847 667 869 nervorum
691 843 723 869 et
749 837 863 870 cordis
886 849 1026 870 sensum
1046 838 1105 870 alii

129 884 269 917 dolores
288 884 324 917 in
341 883 500 926 Christo,
528 887 588 931 qui
604 887 756 919 animam
772 887 959 927 feriebant,
986 899 1107 920 sensus

128 935 201 967 irae
225 933 290 968 Dei
315 936 481 969 adversus
508 943 641 979 peccata
660 937 796 979 generis
820 934 983 977 humani,
1011 939 1105 971 iuxta

129 985 276 1019 dictum:
305 984 512 1030 Iniquitates
529 998 648 1019 eorum
666 987 738 1030 ipse
758 988 928 1031 portabat.
970 987 1104 1021 Interea

128 1042 245 1068 tamen
269 1036 432 1068 voluntas
447 1034 599 1070 humana
623 1036 660 1069 in
679 1038 795 1070 anima
823 1036 951 1071 Christi
979 1039 1105 1072 retinet
1129 1045 1132 1057 ¹

126 1085 324 1119 firmitatem
349 1086 538 1130 propositi,
565 1093 598 1120 et
623 1099 658 1120 se
676 1088 718 1120 ad
736 1088 971 1122 obedientiam
988 1089 1103 1123 offert.

126 1134 208 1168 Non
230 1141 269 1168 ut
293 1146 355 1178 ego
378 1136 477 1176 volo,
504 1138 562 1169 sed
582 1143 620 1170 ut
639 1144 677 1171 tu
698 1138 761 1172 vis.
815 1137 864 1172 lta
882 1146 999 1173 manet
1024 1137 1104 1172 har-

125 1185 244 1218 monia
270 1192 303 1218 et
334 1187 560 1229 congruentia
593 1199 671 1221 cum
700 1186 786 1222 Deo.
843 1188 1103 1223 Testimonium

126 1248 209 1269 vero
232 1237 275 1269 de
297 1237 496 1276 voluntate,
528 1249 616 1282 quae
641 1246 692 1272 est
716 1240 856 1283 propria
882 1240 1021 1273 divinae
1040 1252 1103 1273 na-

125 1293 224 1320 turae
247 1287 284 1319 in
310 1284 469 1328 Christo,
503 1288 643 1322 firmum
671 1296 736 1323 est:
779 1289 891 1323 Nemo
918 1291 1017 1324 novit
1041 1302 1103 1334 pa—

125 1344 226 1378 trem,
253 1337 320 1369 nisi
338 1337 448 1376 filius,
475 1345 509 1372 et
522 1339 577 1372 cui
595 1340 670 1373 vult
686 1341 839 1374 revelare
855 1341 962 1376 filius.
991 1337 1020 1375 ὦ
1038 1339 1102 1375 ἐὰν

122 1383 301 1433 βούληται
324 1385 343 1421 ὃ
366 1386 445 1427 ὐἱὸς
465 1386 713 1436 ἀποκαλύψαι.
768 1390 807 1424 Id
826 1392 913 1425 velle
934 1399 983 1426 est
1000 1400 1102 1426 natu-

123 1450 183 1471 rae
206 1438 368 1481 divinae,
398 1452 486 1484 quae
510 1452 588 1474 cum
614 1448 710 1485 patre
728 1449 761 1475 et
786 1442 882 1485 eligit
898 1441 1101 1483 Ecclesiam,

123 1496 156 1522 et
171 1495 220 1522 est
243 1489 279 1521 in
304 1501 342 1522 ea
366 1489 493 1523 efficax.
545 1490 742 1535 Diligenter
763 1500 878 1526 autem
897 1501 930 1527 et
948 1495 994 1527 ob
1011 1491 1101 1527 hanc

122 1551 260 1573 causam
285 1539 319 1572 id
344 1540 476 1574 dictum
499 1542 793 1576 considerandum
813 1550 880 1583 est,
908 1544 988 1589 quia
1007 1545 1101 1577 refu—

122 1596 171 1622 tat
203 1589 489 1631 samosatenum,
530 1599 563 1626 et
598 1599 743 1627 testatur
775 1592 841 1628 τὸν
878 1591 988 1641 λόγον
1028 1605 1100 1628 csse

121 1635 388 1686 ὑφιστάμενον,

221 1721 317 1755 Haec
339 1722 492 1756 breviter
508 1725 625 1767 attigi,
652 1733 691 1760 ut
713 1729 935 1761 considerent
953 1729 1099 1762 studiosi

119 1773 393 1818 disputationem
411 1773 506 1806 illius
520 1776 688 1819 temporis
704 1789 758 1810 res
767 1778 987 1821 gravissimas
1003 1790 1098 1811 com-

119 1824 256 1869 plexam
277 1834 368 1864 esse,
400 1836 487 1869 quas
511 1825 663 1868 cogitare
685 1828 729 1860 ad
754 1827 971 1871 agnitionem
990 1835 1023 1862 et
1042 1828 1097 1861 in-

119 1874 340 1908 vocationem
362 1871 494 1909 Christi
519 1876 605 1910 utile
626 1883 693 1917 est,
719 1885 753 1912 et
777 1878 840 1913 alit
860 1878 1097 1913 eruditionem

119 1923 205 1960 haec
221 1924 466 1960 consideratio.

777 121 1064 158 curtofflcox
1091 122 1334 160 (niuosis,
1387 124 1511 162 1³1st
1540 109 1585 160 Π.

2049 134 2142 168 1094

1269 207 1444 252 Tempore
1476 209 1593 244 Irenes
1625 210 1788 256 Synodus
1823 225 1910 258 quae
1940 216 2141 249 nominans

1167 257 1323 303 Septima
1341 259 1597 306 οἶκουμηνικὴ,
1627 261 1663 294 in
1690 264 1813 295 urbem
1831 263 1972 297 Niceam
1992 267 2138 298 transii.-

1167 315 1198 341 ta
1218 317 1283 349 est,
1311 322 1398 354 quae
1420 312 1596 344 decretum
1618 312 1699 346 fecit
1720 314 1763 346 de
1785 314 1907 347 statuis
1927 322 1959 348 et
1977 316 2138 359 imagini—

1166 359 1231 391 bus
1248 361 1481 396 restituendis,
1533 360 1586 394 De
1612 374 1679 407 qua
1703 364 1939 397 controversia
1955 378 2027 398 non
2047 368 2137 399 addo

1167 409 1450 452 disputationem.
1503 411 1571 445 Sed
1594 413 1817 448 manifestum
1843 422 1891 448 est
1907 416 2039 450 cultum
2060 417 2138 449 idc—

1165 460 1278 492 lorum
1296 461 1511 496 cumulatum
1530 474 1600 495 esse
1616 464 1751 499 statuis,

1264 518 1346 551 Fuit
1360 518 1478 562 Pipini
1501 522 1718 564 temporibus
1734 522 1771 554 in
1788 521 1976 558 Germania
1992 524 2135 558 Bonita-

1164 568 1254 606 cius‚
1287 569 1386 602 cuius
1406 568 1587 613 Epistol-ae
1609 577 1744 610 extant,
1771 585 1859 616 quae
1884 576 2034 608 ostendit
2058 588 2135 608 eum

1163 619 1199 650 in
1223 618 1394 661 Turingia
1419 626 1451 652 et
1479 621 1603 653 vicinis
1633 621 1718 654 locis
1748 624 1877 656 multos
1900 622 2134 657 Ecclesiaruw.

1161 670 1290 701 abusus
1314 671 1498 702 emendare
1523 678 1686 703 conatum
1711 683 1798 704 esse:
1832 672 2001 715 Queritur
2017 677 2134 707 crebra

1162 730 1232 751 esse
1251 719 1422 753 adulteria
1447 722 1681 761 sacerdotum,
1714 728 1747 755 et
1770 734 1915 765 poenam
1941 732 2047 757 sancit
2075 726 2133 757 de—

1162 767 1351 812 prehenSO,
1394 782 1563 804 carcerem
1595 772 1700 805 unius
1733 773 1827 805 anni.
1886 772 2069 807 prohibuit
2104 784 2133 808 et

1160 817 1298 853 ethnica
1315 820 1477 854 sacrificia
1489 846 1498 858 ‚
1526 829 1563 855 ut
1581 822 1652 865 ipse
1668 823 1843 863 nominat,
1870 836 1958 869 quae
1975 826 2133 857 dicebam

1158 882 1194 902 se
1224 870 1351 904 sanctis
1378 871 1497 905 facere.
1558 870 1729 906 Existimo
1762 873 1940 907 barbarica
1975 877 2133 908 comula

1157 920 1273 954 fuisse.
1340 919 1528 955 Prohibuit
1558 930 1589 956 et
1621 922 1774 966 Magica,
1820 937 1969 969 quorum
2005 926 2132 969 ubiqua-

1157 971 1249 1013 apud
1285 968 1456 1004 Etltnicos
1496 984 1643 1015 magnus
1679 985 1761 1006 usus
1792 975 1868 1008 fuit.
1931 975 2059 1008 Scribit
2090 978 2131 1007 m!

1157 1018 1346 1063 Anglicum
1370 1032 1502 1064 regem,
1529 1034 1631 1067 quem
1655 1023 1814 1066 obiurgat
1837 1032 1978 1069 propter
2000 1028 2132 1058 ;1‹lu¹1<2-

1156 1071 1219 1106 ria.
1272 1069 1422 1104 Gentem
1445 1071 1651 1106 Saxonicam
1676 1073 1781 1106 etiam
1796 1081 1981 1119 antequam
2000 1076 2131 1107 audivit

1156 1121 1351 1154 doctrinam
1368 1119 1562 1164 Ecclesiae,
1589 1124 1675 1157 adeo
1702 1124 1904 1158 detestatam
1929 1137 1999 1158 esse
2015 1137 2131 1168 §Ulpia

1156 1178 1190 1204 et
1206 1172 1379 1206 adulteria
1391 1199 1399 1212 ‚
1434 1179 1473 1207 ut
1489 1180 1679 1218 strupratas
1696 1180 1728 1206 et
1743 1175 1919 1209 adulteras
1937 1177 2124 1215 strangula-

1155 1228 1207 1255 tas
1222 1223 1350 1255 deinde
1367 1224 1609 1258 cremaverint.
1663 1222 1714 1257 Ac
1732 1236 1835 1269 supra
1863 1238 1964 1267 rogos
1990 1239 2131 1269 suspen«

1154 1283 1210 1304 sos
1235 1279 1268 1307 et
1285 1273 1456 1307 ustulatos
1479 1286 1550 1307 esse
1575 1281 1790 1318 stupratores
1806 1283 1838 1308 et
1861 1274 2039 1309 moechos.
2068 1279 2128 1307 ‹to-

1154 1334 1217 1355 nec
1237 1330 1467 1358 morerentur.
1522 1324 1616 1358 Haec
1638 1326 1801 1359 severitas
1819 1326 1856 1358 in
1873 1328 1994 1370 poenis
2021 1330 2128 1368 stupri

1154 1379 1188 1406 et
1209 1374 1373 1407 adulterii
1397 1375 1502 1418 digna
1525 1375 1694 1408 memoria
1715 1383 1782 1416 est,
1810 1383 1842 1410 et
1856 1379 2048 1420 optandum
2072 1385 2129 1413 est„

1152 1430 1192 1457 ut
1220 1425 1485 1459 commonefacti
1517 1426 1737 1468 magistratus
1760 1424 1826 1459 hoc
1855 1428 2029 1469 exemplo.
2066 1424 2127 1459 bac

1154 1475 1226 1518 ipsa
1249 1475 1285 1507 in
1316 1487 1352 1508 re
1381 1475 1452 1510 sint
1474 1476 1682 1515 severiores,
1717 1477 1805 1510 sicut
1829 1475 1924 1510 Deus
1948 1478 2115 1520 praecipit

1153 1525 1214 1570 qui
1238 1525 1329 1569 leges
1350 1526 1513 1560 castitatis
1536 1526 1696 1565 tradidit,
1727 1534 1760 1560 et
1777 1538 1895 1560 earum
1912 1527 2024 1569 legum
2044 1540 2126 1559 con—

1152 1583 1322 1620 temptum
1345 1574 1565 1610 horribiliter
1584 1577 1704 1621 punit,
1729 1584 1769 1611 ut
1794 1589 1905 1620 poena
1928 1576 2073 1610 Daxidis
2095 1585 2125 1609 et

1151 1626 1218 1659 alia
1235 1627 1390 1670 exempla
1406 1627 1563 1660 omnium
1581 1634 1776 1671 temporum
1793 1629 1995 1663 ostendunt.
2030 1628 2126 1660 Tan-

1152 1677 1231 1709 dem
1256 1675 1476 1711 Bonifacium
1500 1690 1519 1710 a
1544 1676 1675 1722 Frysiis
1698 1678 1849 1711 occisum
1866 1690 1937 1711 esse
1951 1679 2127 1711 scribitur.

1151 1725 1288 1769 Corpus
1312 1727 1490 1761 doctrinae
1511 1728 1620 1771 ipsius
1645 1728 1819 1771 integrum
1843 1740 1915 1762 non
1933 1736 2041 1761 extat,
2068 1730 2124 1760 sed

1151 1783 1423 1810 consentaneum
1446 1784 1495 1811 est
1511 1776 1674 1821 Gregorii
1701 1778 1898 1812 doctrinam
1921 1786 1954 1812 et
1973 1779 2127 1820 exempla

1150 1833 1307 1861 secutum
1324 1839 1407 1863 esse.
1460 1827 1588 1861 Precor
1610 1835 1726 1862 autem
1750 1828 1861 1862 filium
1871 1827 1947 1867 Dei,
1975 1836 2011 1862 ut
2037 1839 2125 1861 sem-

1150 1889 1211 1921 per
1234 1875 1424 1911 Ecclesiam
1448 1878 1484 1910 in
1511 1876 1566 1911 his
1590 1878 1791 1922 regionibus
1813 1879 1971 1923 colligat,
2000 1889 2030 1911 ct
2054 1879 2125 1921 ipsc·

1150 1939 1224 1962 eam
1242 1928 1412 1971 gubernet
1431 1935 1463 1963 et
1481 1935 1655 1973 protegat,
1682 1927 1808 1965 Amen.
