2324 2955
98 126 142 159 41
841 122 1003 158 DECL.
1049 119 1126 156 DE
1163 121 1383 156 M1sN1A.
2073 127 2119 161 42

96 210 225 243 tionem
245 207 328 249 Dei,
357 215 389 241 et
410 209 452 241 ad
471 206 635 241 honestos
659 215 692 242 et
714 209 789 252 pios
809 220 933 242 mores.
990 208 1082 242 Sunt

95 267 126 294 et
149 260 277 294 iudicia
305 259 533 292 ecclesiastica
558 259 764 300 constituta,
792 266 830 292 ut
854 266 1008 304 pastores
1026 272 1079 292 re-

93 318 220 355 gantur
243 317 273 343 et
301 310 552 350 defendantur,
581 317 613 343 et
641 317 677 342 ut
702 311 879 343 doctrinae
898 311 1030 353 puritas
1049 317 1080 343 et

93 362 256 395 sanctitas
274 361 519 403 coniugiorum
537 367 798 395 conserventur.
851 360 898 395 Et
915 361 995 406 quia
1011 359 1080 393 Ec—

93 413 205 446 clesiis
229 417 260 443 et
290 411 535 453 gubernationi
562 412 656 444 civili
688 423 775 455 opus
804 418 854 445 est
888 413 1078 445 multarum

92 464 309 506 linguarum,
338 468 369 494 et
387 462 513 494 artium
531 463 693 502 scientia,
721 468 752 494 et
772 462 891 495 lumen
915 463 1006 496 vitae
1030 469 1079 494 est

91 526 170 546 vera
188 512 348 546 doctrina
364 513 406 545 de
423 511 499 545 Deo
528 519 560 546 et
578 514 620 544 de
638 519 761 545 natura
781 525 910 548 rerum.
961 513 1077 556 Lipsi-

90 576 127 598 ca
150 562 341 597 Academia
368 563 414 596 ita
439 563 624 596 constituta
649 569 715 602 est,
754 570 792 596 ut
818 564 936 605 lingua
959 564 1078 603 latina,

89 626 206 659 graeca
237 621 269 647 et
297 614 419 646 ebraea
445 619 535 646 recte
562 620 592 645 et
618 613 768 661 fideliter
794 612 851 647 bic
875 616 1077 648 doceantur.

89 667 271 699 Praeterea
306 664 429 696 ordine
467 663 550 696 libri
590 662 785 708 prophetici
824 672 856 698 et
895 665 1076 708 apostolici

89 721 318 752 enarrantur,
352 721 383 747 et
410 714 546 746 assidue
572 715 742 758 repetitur
763 715 895 759 integra
916 716 1075 749 doctrina

87 766 264 801 Ecclesiae
290 764 371 805 Dei,
407 763 657 809 comprehensa
690 766 726 798 in
754 766 855 799 libris
882 765 1077 810 Propheta—

87 829 165 851 rum
190 823 223 850 et
246 813 520 859 Apostolorum,
552 824 583 850 et
608 817 645 850 in
670 815 848 862 Symbolis
873 818 1076 860 apostolico,

85 868 219 902 Niceno
244 873 276 900 et
294 864 555 905 Athanasiano‚
591 874 624 900 et
648 867 684 899 in
704 868 923 901 consessione
941 866 1075 901 Luthe-

85 920 127 954 ri.
181 917 287 951 Hunc
313 924 518 961 perpetuum
554 929 762 951 consensum
788 917 979 952 catholicae
1006 917 1074 952 Ec-

85 969 209 1003 clesiae
241 967 324 1008 Dei,
368 968 554 1001 Academia
594 969 758 1001 universa
802 970 857 1011 pie
891 970 1074 1013 amplecti-

85 1029 159 1060 tur,
197 1027 228 1053 et
254 1019 404 1052 fideliter
427 1026 560 1059 tuetur,
587 1025 626 1052 ut
653 1019 736 1051 libri
759 1019 820 1064 qui
846 1016 901 1052 hic
920 1021 1075 1053 eduntur

84 1071 286 1105 ostendunt.

185 1120 277 1155 Sunt
298 1118 355 1153 hie
372 1126 404 1152 et
419 1120 533 1162 legum
559 1120 717 1153 civilium
739 1120 964 1164 interpretes,
993 1133 1073 1154 eru-

83 1173 218 1206 ditione
243 1178 276 1204 et
298 1170 466 1215 sapientia
491 1171 715 1212 excellentes,
742 1184 892 1216 quorum
917 1172 1073 1205 consiliis

83 1231 116 1257 et
137 1222 318 1257 sententiis
340 1221 469 1255 iudicia
493 1221 533 1254 111
557 1222 676 1255 multis
701 1223 863 1264 gentibus
891 1230 1071 1266 reguntur.

83 1274 175 1308 Sunt
189 1280 231 1306 ·et
254 1273 339 1306 artis
363 1272 517 1304 medicae
542 1272 714 1305 Doctores
739 1273 805 1305 viri
833 1274 1072 1313 eruditissimi,

84 1336 236 1368 quorum
261 1330 294 1355 et
317 1323 354 1353 in
376 1321 550 1352 medendo
579 1328 611 1353 et
634 1322 670 1353 in
699 1324 857 1356 docendo
877 1324 1072 1357 celebratur

83 1373 233 1406 eruditio
255 1378 288 1404 et
314 1371 407 1404 fides.
462 1369 671 1404 Traduntur
688 1379 720 1405 et
738 1373 938 1406 iunioribus
958 1381 1072 1417 partes

81 1419 332 1462 Philosophiae
348 1428 487 1456 omneS,
516 1417 728 1461 fueruntque
751 1419 834 1450 olim
858 1421 971 1452 studia
992 1423 1072 1452 Ma-

81 1470 275 1506 thematum
294 1466 350 1500 hic
365 1473 480 1504 tanta,
503 1473 542 1499 ut
559 1467 640 1499 iude
660 1468 697 1499 in
713 1468 798 1501 alias
814 1470 972 1511 regiones
988 1482 1070 1513 pro-

80 1528 200 1567 pagata
230 1519 318 1558 sint,
354 1518 555 1551 didicerunt
588 1514 645 1550 hic
678 1518 779 1551 initia
810 1517 1068 1553 Mathematum

78 1571 398 1615 Regiomontanus‚
425 1567 641 1608 Hassurdus,
671 1567 890 1611 Scbonerus,
917 1583 1067 1615 quorum

79 1623 224 1658 nomina
251 1627 332 1654 nota
357 1626 455 1653 sunt:
484 1626 516 1651 et
540 1619 659 1653 docuit
682 1617 738 1653 hic
756 1619 974 1662 Alexander,
1008 1623 1067 1667 qui

79 1682 112 1708 et
135 1673 246 1707 edidit
271 1670 530 1704 enarrationem
562 1671 902 1704 demonstrationum
929 1684 1068 1715 geome-

78 1726 266 1763 tricarum,
299 1734 339 1755 ex
358 1722 487 1766 quibus
510 1732 671 1764 magnam
702 1728 836 1766 partem
861 1721 1068 1757 Dialectices

78 1784 110 1810 et
135 1773 300 1821 Physices
318 1772 527 1806 Aristoteles
552 1773 712 1808 extruxit.
772 1772 823 1806 Ac
843 1775 977 1818 peperit
995 1775 1066 1818 ipsa

76 1826 193 1872 Mysia
220 1826 309 1858 duos
331 1824 369 1856 in
396 1821 462 1857 hoc
490 1834 615 1866 genere
643 1824 824 1857 doctrinae
849 1826 1067 1866 excellentes,

76 1877 219 1912 Petrum
242 1874 441 1919 Apianum,
468 1881 501 1907 et
519 1871 712 1907 Iohannem
737 1874 845 1916 Pseil,
873 1889 976 1920 quem
1002 1889 1067 1909 no-

75 1928 212 1962 minant
236 1926 339 1960 amici
362 1923 569 1965 Philonem,
606 1925 687 1970 quia
718 1934 861 1970 propter
891 1928 1067 1970 amplissi—

76 1991 167 2012 mam
184 1977 433 2015 eruditionem,
460 1976 647 2009 conferunt
661 1989 739 2009 eum
756 1979 798 2010 ad
817 1985 966 2011 veterem
980 1976 1066 2011 Phi-

76 2031 215 2068 lonem,
242 2031 285 2061 (le
303 2041 373 2073 quo
392 2028 526 2060 dictum
544 2026 628 2065 suit,
654 2025 677 2072 ’ἢ
694 2025 814 2073 φίλων
832 2027 1062 2071 πλατωνίζει,

74 2078 97 2126 ἢ
124 2076 275 2114 πλάτων
297 2075 495 2124 ῳιλωνίζει.
557 2076 595 2110 111
619 2079 662 2111 ad
689 2077 784 2112 bunc
810 2087 970 2113 nostrum
991 2093 1063 2113 non

75 2131 193 2165 minus
211 2130 394 2173 congruit,
421 2140 524 2174 quam
543 2129 586 2160 ad
606 2129 717 2163 illum.

177 2180 254 2216 Etsi
285 2181 380 2213 enim
414 2192 486 2212 non
520 2185 570 2212 est
599 2192 714 2214 meum
738 2182 780 2214 de
809 2181 955 2215 summis
979 2182 1064 2214 viris

75 2230 250 2273 iudicare,
277 2238 393 2265 tamen
409 2230 568 2263 existimo
587 2242 665 2264 eum
680 2232 921 2267 antecelluisse
944 2233 1063 2266 erudi-

74 2285 170 2319 tione
188 2285 224 2317 in
247 2289 318 2317 tota
344 2277 574 2325 Philosophia
600 2283 781 2324 omnibus,
813 2296 964 2328 quorum
982 2296 1064 2317 eru-

74 2335 162 2369 ditio
184 2333 250 2368 hoc
265 2335 382 2368 seculo
401 2333 608 2367 celebratur.

174 2385 254 2419 Non
277 2385 371 2418 volui
392 2382 457 2417 hoc
476 2384 550 2416 loco
571 2383 766 2426 catalogum
785 2385 968 2418 instituere
991 2386 1062 2418 cla-

74 2450 194 2471 rorum
220 2436 396 2476 virorum,
424 2435 484 2479 qui
502 2435 537 2467 in
557 2432 620 2467 bac
647 2432 835 2469 Academia
854 2436 1063 2477 floruerunt,

73 2496 107 2523 et
125 2489 184 2534 qui
208 2487 363 2520 consiliis
385 2486 456 2520 suis
481 2486 628 2530 patriam
654 2493 829 2521 rexerunt.
882 2486 971 2520 Nam
990 2487 1061 2520 sor—

74 2552 128 2573 ma
146 2538 414 2583 gubernationis
430 2537 518 2571 iusta
537 2544 570 2570 et
585 2537 776 2577 moderata,
804 2544 836 2570 et
848 2538 1061 2571 iudiciorum

73 2589 279 2625 constitutio
312 2590 502 2622 ostendunt
529 2588 634 2621 fuisse
666 2594 698 2621 et
725 2600 812 2626 esse,
846 2600 918 2621 non
947 2589 1061 2622 solum
1086 2620 1088 2625 ,

74 2642 276 2686 ingeniosos
303 2646 336 2673 et
361 2651 425 2672 usu
444 2639 573 2683 peritos
584 2639 853 2682 gubernatores,
877 2641 1059 2674 sedetiam

72 2694 239 2728 eruditos.

1136 206 1253 250 aliqua
1272 207 1470 240 celebritate
1494 207 1631 251 linguas
1654 209 1850 243 docuerunt
1867 208 2040 244 Ecclesiae
2065 224 2125 245 ne-

1136 258 1320 298 cessarias,
1350 265 1381 291 et
1401 269 1455 290 eas
1481 258 1549 291 late
1573 268 1864 303 propagaverunt.
1920 261 2121 295 Bernardus

1135 307 1295 350 Ciglerus
1322 316 1423 341 natus
1451 309 1488 340 in
1518 309 1650 343 familia
1683 313 1834 356 equestri
1867 310 1971 345 huius
2003 314 2126 356 gentis,

1108 362 1109 369 ¹
1135 371 1213 391 cum
1231 359 1369 401 linguae
1384 356 1552 392 hebraeae
1568 373 1732 403 magnum
1749 374 1850 395 usum
1867 361 2023 402 haberet,
2052 377 2122 397 nou

1134 409 1246 441 solum
1266 407 1371 442 buius
1387 411 1507 443 aetatis
1525 412 1648 444 studiis
1666 413 1701 444 in
1721 425 1757 445 ea
1775 414 1911 456 lingua,
1941 416 1999 447 sed
2019 416 2123 448 etiam

1135 460 1326 503 posteritati
1347 461 1489 504 profuit.
1545 461 1716 494 Graecam
1739 463 1895 506 linguam
1914 473 1993 498 ante
2013 478 2124 498 anuos

1135 510 1275 552 triginta
1307 523 1363 543 sex
1396 511 1527 544 Crocus
1561 512 1773 553 Britannus,
1816 516 1875 559 qui
1901 515 2120 549 Aleandruut

1134 560 1297 594 Luteciae
1313 562 1487 602 audierat,
1517 560 1572 595 hic
1596 563 1773 607 frequenti
1800 566 1974 599 auditorio
1994 567 2123 605 docuit,

1132 609 1227 644 hunc
1245 620 1383 645 secutus
1406 620 1454 646 est
1479 612 1603 645 Petrus
1625 612 1862 653 Mosellanus‚
1893 617 1991 648 cuius
2011 618 2121 650 oratio

1133 661 1427 706 Xenophonteam
1441 664 1646 696 suavitatem
1658 665 1839 698 referebat.
1872 666 1972 699 Nunc
1986 666 2123 699 [oachi-

1132 725 1208 746 mus
1229 713 1470 754 Camerarius,
1499 715 1558 758 qui
1579 712 1682 747 Croci
1709 716 1850 748 auditor
1873 717 1954 756 suit,
1983 729 2122 759 graecae

1132 764 1271 807 linguae
1288 766 1401 798 studia
1420 762 1477 797 hic
1493 766 1598 807 regit,
1627 766 1687 810 qui
1706 778 1783 798 curn
1804 768 1900 799 omni
1914 779 2038 810 genere
2050 769 2122 801 vir-

1131 822 1244 848 tutum
1281 817 1434 856 excellit,
1470 823 1543 848 tum
1572 828 1654 849 vero
1684 817 1920 860 cognitionem
1952 826 1984 852 et
2020 831 2121 851 usum

1129 877 1269 908 graecae
1303 867 1442 910 liuguae
1472 873 1609 900 tantum
1636 864 1756 908 habet,
1792 875 1830 901 ut
1863 881 1935 901 non
1961 867 2120 903 Athenae

1130 923 1262 950 veteres
1278 924 1347 950 tam
1367 918 1436 950 sint
1452 914 1607 956 Atticae,
1636 930 1741 962 quam
1759 927 1840 952 sunt
1858 920 1965 962 ipsius
1982 921 2121 964 scripta.

1232 967 1404 1011 Magnum
1433 969 1537 1001 decus
1562 976 1612 1002 est
1637 976 1754 1002 autem
1778 976 1809 1003 et
1832 972 1943 1012 gentis
1963 969 2067 1004 buius
2088 978 2120 1004 et

1129 1016 1356 1060 Academiae,
1381 1019 1474 1064 quod
1495 1019 1530 1051 in
1549 1019 1647 1052 nulla
1667 1020 1802 1062 regioni
1823 1022 1887 1053 viri
1906 1022 2023 1064 plures
2039 1029 2120 1054 sunt

1128 1075 1160 1101 et
1175 1068 1335 1106 suerunt,
1364 1069 1401 1101 in
1425 1069 1549 1101 ordine
1567 1071 1719 1114 equestri
1736 1071 1807 1103 nati
1826 1073 2034 1105 excellenter
2057 1073 2120 1104 do—

1129 1119 1175 1151 cti
1202 1126 1234 1152 et
1258 1119 1479 1164 eloquentes,
1508 1132 1612 1164 quam
1637 1121 1673 1153 in
1692 1119 1756 1153 hac
1774 1122 1926 1165 regione.
1981 1121 2116 1156 5111011-

1127 1170 1257 1212 bergii,
1284 1170 1345 1215 qui
1362 1171 1428 1204 fuit
1439 1169 1639 1204 Cardinalis
1657 1178 1690 1205 et
1705 1170 1904 1217 Episcopus
1921 1172 2120 1217 Capuanus,

1128 1220 1384 1266 eloquentiam,
1423 1222 1527 1255 etiam
1551 1222 1624 1266 ipsa
1649 1222 1749 1256 ltalia
1766 1224 1939 1257 admirata
1958 1232 2029 1265 est,
2058 1225 2119 1269 qui

1127 1272 1270 1316 quidem
1301 1271 1451 1315 Legatus
1474 1273 1540 1306 suit
1564 1274 1607 1305 ad
1638 1281 1707 1307 tres
1731 1285 1885 1308 summos
1912 1276 1948 1307 in
1975 1274 2119 1319 Europa

1127 1334 1239 1364 reges,
1268 1323 1311 1354 ad
1339 1322 1587 1366 imperatorem
1605 1322 1793 1363 Carolum‚
1827 1327 1869 1358 ad
1894 1338 2009 1367 regem
2032 1325 2119 1358 Gal—

1126 1372 1241 1404 lorum
1268 1372 1514 1413 Franciscum,
1552 1380 1584 1406 et
1608 1375 1650 1406 ad
1675 1386 1790 1416 regem
1810 1374 1960 1417 Angliae
1984 1375 2118 1408 11131111-

1125 1431 1215 1451 cum.
1268 1422 1370 1453 Nunc
1401 1435 1540 1466 quoque
1576 1430 1614 1455 111
1648 1426 1752 1458 audio
1787 1426 1907 1459 doctos
1942 1427 2116 1465 iudicare,

1125 1469 1260 1502 nullius
1284 1471 1397 1503 oratio
1422 1472 1549 1511 latina,
1584 1474 1745 1507 omnium
1771 1476 1831 1520 qui
1859 1488 1952 1509 nunc
1973 1478 2115 1521 quidem

1125 1520 1252 1563 scripta
1272 1521 1381 1554 edunt
1404 1521 1440 1553 in
1470 1521 1568 1555 Italia
1593 1531 1653 1557 aut
1671 1525 1756 1557 alibi
1774 1526 1899 1558 melior
1917 1533 1984 1567 est,
2011 1540 2116 1571 quam

1126 1569 1207 1603 Iulii
1234 1570 1361 1614 Pssugii
1395 1578 1428 1605 et
1449 1570 1700 1616 Christopbori
1733 1574 1959 1611 Carolovicii.
2025 1578 2114 1611 Sunt

1124 1628 1156 1654 et
1180 1621 1241 1654 alii
1264 1622 1389 1663 multi,
1425 1623 1485 1668 qui
1509 1624 1730 1659 nobilitatem
1753 1628 1888 1668 generis
1915 1628 2114 1661 eruditione

1123 1679 1262 1707 ornant.

1225 1721 1306 1756 Dixi
1326 1724 1532 1758 brevissime
1548 1726 1590 1758 de
1602 1724 1769 1760 Ecclesiis
1781 1735 1813 1761 et
1828 1729 1870 1761 de.
1890 1730 1965 1762 luce
1982 1731 2115 1763 doctri—

1122 1785 1260 1809 narum.
1308 1773 1411 1808 Nunc
1428 1787 1535 1819 pauca
1553 1778 1680 1810 addam
1698 1780 1739 1811 de
1757 1780 1868 1812 forma
1887 1781 2115 1822 gubernatio-

1122 1825 1176 1858 nis
1199 1825 1374 1868 politicae.
1434 1825 1500 1859 Dei
1525 1828 1694 1861 beneficio
1720 1831 1788 1862 iam
1812 1842 1922 1864 annos
1942 1832 2113 1876 quadrin-

1121 1882 1243 1918 gentos
1268 1873 1373 1909 huius
1395 1877 1563 1921 trianguli
1587 1880 1795 1922 gubernatio
1821 1883 1949 1916 mansit
1983 1884 2115 1923 eadem,

1121 1939 1188 1971 qua
1216 1926 1252 1959 in
1279 1939 1316 1959 re
1343 1934 1374 1961 et
1391 1926 1456 1961 Dei
1477 1929 1687 1964 beneficium
1704 1935 1964 1975 agnoscendum
1983 1937 2053 1973 e'st,
2082 1941 2112 1966 et

1120 1978 1278 2022 ipsorum
1292 1977 1497 2022 Principum
1515 1980 1692 2014 laudanda
1710 1983 1845 2016 iusticia
1863 1985 2112 2017 etmoderatiO.

1120 2028 1352 2061 Accesserunt
1365 2028 1540 2073 Turingia
1558 2037 1591 2064 et
1607 2043 1685 2074 pars
1704 2032 1895 2071 Saxoniae,
1925 2042 1955 2067 et
1972 2033 2111 2067 Electo-

1120 2091 1197 2112 rum
1222 2079 1397 2122 dignitas,
1431 2093 1520 2125 quae
1549 2082 1698 2115 accessio
1729 2083 1831 2116 etiam
1868 2085 2110 2118 testimonium

1119 2137 1170 2163 est
1185 2130 1342 2171 virtutis,
1371 2137 1403 2164 et
1418 2132 1617 2165 autoritatis
1633 2130 1760 2167 borum
1780 2133 1998 2178 Principum.
2042 2137 2111 2169 Sed

1119 2180 1238 2214 omnia
1254 2182 1438 2226 complecti
1455 2194 1550 2216 nunc
1566 2196 1638 2216 non
1658 2196 1809 2228 possum.
1846 2184 1993 2219 Familia
2006 2186 2111 2220 Priu-

1118 2233 1235 2276 cipum
1254 2239 1352 2266 vetus
1370 2240 1439 2272 est,
1467 2241 1542 2267 orta
1561 2235 1604 2267 ab
1623 2236 1742 2267 eadem
1762 2236 1892 2279 stirpe,
1916 2250 2005 2281 quae
2027 2250 2109 2280 pro-

1117 2284 1245 2317 creavit
1261 2284 1520 2317 laudatissimos
1537 2285 1765 2329 imperatores
1781 2286 1972 2321 Saxouiros
1991 2287 2109 2322 Otho-

1117 2346 1188 2368 nes.
1242 2333 1403 2380 Cumque
1422 2335 1572 2369 vicinam
1588 2337 1766 2379 regionem
1785 2338 1827 2370 ad
1847 2339 1982 2375 Salam,
2012 2339 2109 2372 Mul—

1117 2387 1197 2418 dam
1219 2392 1251 2419 et
1270 2384 1413 2419 Plisiam
1438 2386 1499 2420 diu
1525 2387 1737 2426 tenuissent,
1767 2395 1882 2432 postea
1907 2389 2110 2424 Fridericus

1116 2436 1350 2476 Barbarossa,
1384 2437 1548 2470 Conrado
1580 2445 1688 2471 totam
1724 2438 1875 2485 Mysiam
1908 2443 2107 2483 gubernan-

1116 2489 1195 2521 dam
1214 2488 1378 2525 tradidit,
1407 2500 1557 2533 eumque
1574 2487 1820 2523 Marchiouem
1838 2490 1974 2536 Mysiae
1993 2494 2108 2525 uomi-

1116 2540 1231 2579 navit,
1259 2539 1330 2571 sive.
1352 2539 1384 2570 id
1404 2551 1534 2572 nomen
1553 2547 1603 2574 est
1621 2554 1638 2573 a
1664 2539 1870 2587 νομαρχία,
1896 2550 1933 2575 111
1954 2544 2107 2577 Sabinus

1116 2590 1170 2623 x‘ir
1193 2590 1494 2630 ingeniosissimus
1512 2591 1704 2632 existimat,
1731 2593 1804 2626 sive
1825 2606 1842 2625 a
1862 2593 1972 2627 limite
1991 2602 2106 2627 custo-

1115 2642 1257 2675 diendo.
1312 2639 1398 2673 Inde
1423 2643 1602 2685 propagati
1628 2642 1810 2688 Principes
1840 2651 2026 2678 tenuerunt
2053 2651 2105 2677 to-

299 2690 458 2724 Tantum
479 2691 522 2723 de
547 2690 589 2723 iis
613 2690 746 2729 dicam,
781 2691 841 2736 qui
859 2691 963 2734 primi
981 2704 1059 2725 cum
1084 2681 1088 2736 1
1115 2698 1188 2726 111111
1222 2689 1315 2724 bunc
1346 2692 1582 2736 triangulum,
1616 2707 1768 2740 quorum
1803 2707 1939 2739 semper
1970 2706 2105 2728 summa
