2324 2955
173 121 248 157 279

182 203 379 242 troversffis,
420 200 578 232 viderant
606 194 698 228 enim
724 199 885 238 parentes
906 190 1002 234 longi
1027 197 1161 234 tempo-

184 257 232 289 ris
249 252 454 289 certamina‚
481 247 563 291 quia
587 245 711 288 egressi
728 250 809 277 sunt
828 254 961 276 annum
977 241 1161 283 nonagesi-

184 316 296 338 mum:
325 307 421 344 pater
442 297 545 330 simul
563 295 714 333 curavit,
740 300 779 327 ut
796 295 838 327 ad
857 291 1081 326 domesticam
1099 292 1163 324 do-

187 354 332 388 ctrinam
349 349 552 390 adiungeret
573 345 773 379 adolescens
796 343 911 377 studia
931 341 1164 385 Eloquentiae

185 411 219 436 et
249 396 518 442 Philosophiae,
552 406 700 439 eumque
731 394 885 437 primum
916 391 1164 426 Alexandriam

186 451 299 489 misit,
326 460 412 493 quae
434 454 516 480 tunc
542 446 609 479 suit
632 457 691 478 arx
709 444 946 477 doctrinarum
964 442 1000 474 in
1022 447 1092 474 toto
1109 452 1165 484 ge-

186 512 269 535 nere
286 498 440 532 humano
458 497 654 541 praecipua.
705 493 875 527 Fortassis
895 499 927 526 et
944 504 983 525 eo
1001 491 1166 524 libentius

187 552 298 585 filium
323 561 362 581 eo
386 548 499 587 misit,
538 546 620 591 quia
648 552 732 578 tunc
751 551 827 588 post
852 544 996 585 longum
1024 542 1165 574 exilium

189 612 292 635 senex
316 596 528 632 Athanasius
554 608 593 629 eo
618 595 785 634 redierat,
818 594 873 626 cui
898 592 1053 626 Ecclesia
1069 598 1166 629 *recte

190 651 342 685 sentiens
358 649 394 681 in
410 648 496 681 urbe
511 645 740 679 Trevirorum
756 641 947 688 hospitium
964 653 1074 676 annos
1090 649 1166 675 octo

191 702 344 734 dederat.

293 748 382 783 Cum
400 755 515 781 autem
533 745 752 791 eloquentiae
767 745 926 778 exercitia
949 744 1080 776 maiora
1099 754 1169 776 esse

190 798 362 839 Athenis,
389 805 422 831 et
437 809 562 831 sonum
580 796 732 830 Graecae
750 796 889 838 linguae
905 794 1100 827 suaviorem
1119 794 1167 826 ibi

189 862 262 883 esse
279 849 432 888 audiret,
459 855 491 880 et
507 848 578 890 ipse
594 852 716 878 natura
734 847 842 887 magis
858 846 901 878 ad
918 856 954 877 ea
972 845 1085 878 studia
1103 845 1169 876 du-

191 907 343 939 ceretur,
370 896 528 932 Athenas
544 903 621 940 post
639 896 771 940 :lIIquot
789 907 899 928 annos
917 896 1089 938 profectus
1108 900 1168 927 est.

190 949 246 982 lbi
262 949 432 982 Basilium
449 958 550 980 nosse
567 946 674 989 cepit,
701 952 733 978 et
750 957 827 978 cum
846 945 956 988 patria
973 944 1169 977 communis

191 1006 294 1039 esset,
320 1006 352 1032 et
372 998 501 1031 similia
527 1003 639 1029 essent
660 995 791 1035 studia,
817 995 947 1028 similes
962 995 1170 1034 voluntates,

191 1056 223 1082 et
240 1049 408 1093 quaedam
426 1054 630 1080 naturarum
647 1045 844 1085 adiunctio,
872 1045 995 1087 spretis
1020 1045 1098 1077 aliis
1115 1056 1169 1076 so-

190 1099 327 1132 daliciis
345 1095 426 1130 huic
451 1097 512 1129 uni
538 1095 718 1128 familiaris
734 1095 811 1128 fuit,
872 1094 998 1127 Narrat
1022 1095 1114 1126 enim
1138 1099 1170 1126 et

190 1156 273 1182 tunc
298 1145 448 1182 Athenis
477 1146 581 1178 fuisse
605 1145 886 1187 corruptissimos
914 1155 1029 1176 mores
1057 1150 1089 1177 et
1113 1144 1170 1176 in—

190 1199 323 1241 signem
340 1195 532 1230 iuventutis
547 1195 793 1239 petulantiam,
820 1194 901 1238 quia
920 1194 1023 1226 multi
1046 1194 1171 1226 divites

191 1246 399 1282 Scholastici
423 1247 500 1290 plus
539 1245 648 1278 dediti
677 1250 776 1276 erant
803 1245 913 1283 ludis,
954 1244 1170 1287 spectaculiS,

191 1297 364 1330 conviviis
392 1303 424 1329 et
448 1295 629 1328 obscoenis
648 1293 898 1336 voluptatibus,
917 1305 1022 1335 quam
1040 1293 1169 1324 doctri-

190 1358 318 1380 narum
335 1345 470 1383 studiis,
497 1344 614 1387 plures
631 1342 732 1374 etiam
751 1341 865 1384 palam
878 1339 1001 1378 Athei‚
1029 1347 1060 1373 et
1076 1340 1169 1372 mul-

190 1398 219 1430 ti
235 1395 377 1438 magicis
400 1394 533 1427 artibus
556 1391 665 1425 dediti
690 1397 801 1424 erant.
854 1389 910 1423 Ab
928 1387 982 1422 his
1001 1402 1077 1422 cum
1096 1402 1169 1422 am—

189 1448 237 1480 bo
253 1444 482 1479 abhorrerent
498 1442 650 1476 Basilius
666 1448 698 1474 et
715 1440 924 1483 Gregorius,
953 1440 1032 1484 quia
1049 1442 1171 1472 dome-

191 1497 274 1530 stica
304 1494 490 1538 disciplina
512 1494 556 1525 ad
579 1503 696 1524 veram
724 1489 789 1522 Dei
813 1490 1047 1532 agnitionem,
1079 1496 1109 1521 et
1127 1489 1168 1521 ad

191 1545 358 1579 honestos
382 1550 415 1576 et
436 1548 544 1576 castos
567 1551 681 1573 mores
704 1539 891 1572 adsuefacti
913 1540 1069 1579 fuerant,
1100 1549 1170 1570 sese

193 1596 470 1633 coniunxerunt,
503 1598 536 1624 et
557 1590 661 1623 simul
683 1590 719 1621 in
743 1589 867 1622 studiis
892 1589 1071 1621 doctrinae
1090 1601 1169 1631 pro-

193 1651 382 1679 cesserunt.
428 1641 480 1676 Ex
494 1653 531 1674 ea
546 1639 778 1674 familiaritate
792 1645 866 1672 orta
881 1639 1044 1679 amicitia,
1072 1639 1171 1671 (lein-

194 1697 237 1729 de
264 1705 446 1738 nunquam
473 1692 667 1734 interrupta
691 1696 760 1730 est,
812 1696 850 1722 ut
882 1696 963 1722 sunt
995 1689 1171 1722 durabiles

193 1745 379 1784 amicitiae,
405 1754 551 1787 quarum
570 1738 712 1773 honesta
727 1746 808 1772 sunt
825 1739 936 1772 initia.
987 1737 1033 1772 Et
1051 1750 1170 1771 verum

194 1796 284 1828 illud
301 1801 367 1833 est,
395 1791 493 1826 ἅπαν
510 1789 551 1825 τὸ
565 1788 727 1835 χρηστὸν
750 1787 817 1833 τὴν
833 1790 937 1833 ἴσην
960 1788 1027 1833 ἔχει
1045 1785 1169 1834 ([ύσιν.

193 1844 248 1879 Eo
280 1852 434 1887 tempore
464 1842 560 1874 venit
584 1838 741 1874 Athenas
771 1848 803 1872 et
829 1838 987 1872 Iulianus
1011 1840 1169 1871 nondum

193 1895 405 1938 Imperator,
433 1893 491 1925 sed
512 1892 579 1924 iam
596 1903 634 1923 ex
652 1888 769 1923 schola
785 1889 969 1922 accersitus
987 1890 1030 1921 ad
1049 1900 1172 1931 regen-

192 1947 273 1978 dam
288 1942 459 1981 Galliam,
485 1948 517 1974 et
538 1951 679 1984 sperans
702 1940 900 1983 imperium.
953 1938 1020 1972 Hic
1043 1939 1172 1973 confir-

191 1995 301 2027 mavit
320 1993 421 2027 etiam
441 1992 683 2034 improborum
700 1989 880 2023 audaciam
895 1986 1066 2029 Athenis,
1090 1989 1172 2034 quia

193 2042 355 2077 Ethnicis
371 2054 442 2075 sese
459 2040 680 2080 venditabat,
706 2046 739 2073 et
756 2039 880 2081 Magos
900 2040 1113 2077 consulebat,
1140 2046 1172 2072 et

193 2092 410 2128 Christianos
439 2091 701 2134 aspernabatur.
749 2088 803 2122 Ex
828 2087 882 2121 his
909 2090 1066 2122 moribus
1088 2096 1171 2123 tunc

194 2155 332 2188 quoqne
365 2143 599 2175 coniecturam
634 2140 792 2172 fecerunt
826 2139 944 2179 multi,
988 2147 1169 2183 rapturum

195 2206 266 2226 esse
299 2192 594 2230 dominationem,
636 2196 668 2222 et
703 2195 953 2222 renovaturum
988 2190 1169 2222 saeviciam

195 2244 360 2276 adversus
379 2241 615 2281 Christianos,
648 2245 687 2272 ut
708 2251 781 2272 non
804 2239 915 2272 multo
938 2246 1014 2281 post
1034 2239 1170 2275 accidit.

193 2293 326 2337 Estque
354 2292 498 2333 insignis
526 2297 558 2323 et
590 2290 766 2323 luculenta
800 2288 986 2331 descriptio
1011 2295 1169 2331 gestuum

194 2343 321 2375 Iuliani
343 2343 434 2384 apud
456 2340 732 2380 Nazianzenum,
759 2351 797 2372 ex
822 2338 947 2383 quibus
963 2339 1169 2372 vaticinatus

194 2400 261 2433 est,
284 2392 395 2436 qualis
411 2392 548 2424 futurus
568 2397 664 2424 esset.

294 2441 368 2474 Etsi
390 2441 481 2472 enim
506 2451 647 2481 magnae
666 2445 745 2472 sunt
763 2439 914 2472 latebrae
930 2444 1108 2482 pectorum
1131 2439 1167 2471 in

194 2492 363 2536 improbis
386 2497 419 2523 et
443 2490 583 2529 astutis,
617 2496 647 2521 et
664 2489 867 2522 artificiosae
883 2495 963 2522 sunt
985 2488 1118 2521 ironiae
1135 2496 1167 2522 et

191 2542 418 2575 consiliorum
439 2539 702 2572 occultationes:
736 2545 851 2572 tamen
867 2546 1010 2572 naturae
1025 2550 1166 2582 perver-

189 2593 269 2625 sitas
287 2604 325 2624 ex
343 2589 546 2624 monstrosis
563 2589 713 2631 gestibus
731 2595 762 2621 et
780 2589 856 2622 aliis
874 2589 982 2631 signis
1005 2589 1164 2622 animad-

186 2643 272 2676 verti
296 2649 417 2685 potest.
479 2639 593 2673 Yerba
617 2638 826 2672 Nazianzeni
851 2641 893 2673 de
915 2639 1053 2673 Iuliano
1079 2636 1163 2672 haec

714 107 873 144 DECL.
910 104 986 141 DE
1020 102 1339 141 GREGORIO
1372 104 1639 142 NAZIANZ.

2107 106 2188 155 2804

1210 197 1307 225 sunt:
1341 189 1445 224 Tunc
1464 203 1540 224 mea
1563 191 1762 225 coniectura
1787 202 1859 224 non
1882 191 1949 224 suit
1969 203 2068 226 vana.
2121 189 2188 223 Fe-

1211 242 1257 274 cit
1282 240 1375 273 enim
1398 252 1451 273 me
1476 248 1587 274 vatem
1611 254 1748 275 morum
1774 242 1882 284 ipsius
1905 241 2132 285 inaequalitas
2156 248 2189 274 et

1213 291 1457 324 admirationis
1482 291 1696 333 magnitudo.
1760 291 1839 324 Non
1863 291 1955 324 enim
1978 289 2067 323 mihi
2089 291 2188 324 vide-

1213 342 1341 373 bantur
1365 341 1461 383 signa
1488 341 1601 374 bonae
1635 348 1779 374 naturae
1813 353 1902 382 esse,
1944 341 2057 374 crebri
2081 340 2188 374 ssexus

1215 391 1314 431 colli,
1346 388 1486 423 humeri
1507 403 1568 435 per
1598 391 1689 423 vices
1718 392 1967 425 subsultantes:
2012 390 2106 423 oculi
2129 401 2190 423 va-

1214 441 1369 484 gabundi
1393 447 1425 473 et
1450 448 1583 480 truces,
1618 447 1651 474 et
1676 441 1794 485 quales
1816 449 1897 474 sunt
1922 442 1958 474 in
1983 440 2192 480 furentibus,

1215 492 1318 535 pedes
1342 491 1521 524 instabiles
1543 498 1576 525 et
1600 491 1741 524 crebrae
1763 491 2051 533 geniculationes:
2087 502 2191 524 nasus

1215 548 1418 584 corrugatus
1433 543 1474 574 ad
1494 542 1761 584 significandum
1778 547 2014 584 contemptum
2026 568 2035 582 ‚
2060 542 2192 574 ridicu-

1217 592 1269 624 lae
1286 592 1414 634 figurae
1430 592 1564 630 vultus,
1589 589 1750 625 cachinni
1767 590 1875 624 altum
1897 598 2090 634 crepantes:
2125 604 2193 623 nu-

1217 649 1272 675 tus
1296 649 1327 674 et
1356 648 1500 674 renutus
1531 643 1605 674 sine
1634 653 1811 681 sermone,
1846 652 2022 674 sermones
2052 641 2194 684 abrupti

1218 704 1289 724 non
1314 692 1493 736 completis
1514 692 1714 733 sententiis,
1750 691 2038 733 interrogationes
2057 691 2194 724 inordi-

1218 749 1318 775 natae
1343 749 1375 774 ct
1397 743 1471 775 sine
1497 754 1598 776 causa
1624 744 1751 782 sactae,
1791 742 2034 785 responsiones
2059 742 2194 774 alienae

1218 805 1235 825 a
1254 793 1443 836 proposito,
1470 805 1532 826 nec
1548 793 1639 826 inter
1655 803 1688 824 se
1708 792 1972 827 consentientes.
2025 792 2092 826 Sed
2109 792 2194 836 quid

1218 843 1353 885 singula
1376 843 1535 875 scribam.
1587 842 1709 875 Talem
1734 849 1812 875 ante
1835 842 1922 875 facta
1949 854 2019 874 esse
2037 842 2195 874 animad-

1219 893 1304 925 verti
1320 919 1328 932 ,
1356 893 1492 937 qualem
1519 904 1590 926 esse
1611 899 1730 937 postea
1756 892 1793 924 in
1822 892 1905 935 ipsis
1920 893 2018 924 factis
2033 892 2196 927 vidimus,

1219 942 1312 975 Ilaec
1328 955 1405 974 cnm
1424 943 1607 983 vidissem,
1632 942 1819 975 exclamavi
1839 954 1953 974 coram
1971 942 2109 982 multis,
2136 942 2196 986 qui

1220 999 1319 1025 testes
1347 991 1451 1025 huius
1474 994 1540 1025 mei
1560 993 1729 1025 sermonis
1749 1003 1819 1025 esse
1840 999 2000 1034 possunt:
2033 990 2067 1025 O
2085 1003 2196 1036 quan-

1220 1049 1292 1076 tum
1318 1043 1447 1074 malum
1478 1044 1589 1076 nutrit
1612 1042 1814 1076 Romanum
1839 1043 2035 1085 imperium.
2096 1041 2197 1075 Hanc

1220 1092 1487 1134 descriptionem
1517 1091 1574 1125 hic
1603 1093 1753 1132 inserui,
1795 1098 1833 1125 ut
1866 1092 2099 1125 adolescentes
2133 1089 2198 1125 hac

1220 1143 1420 1174 narratione
1456 1143 1721 1175 commonefacti
1761 1142 1911 1184 cogitent
1952 1148 2065 1184 gestus
2107 1148 2198 1175 recte

1220 1193 1388 1234 regendos
1411 1203 1505 1233 esse,
1545 1200 1578 1226 et
1605 1192 1792 1225 modestiae
1819 1192 2087 1235 significationes
2115 1203 2199 1225 con-

1220 1242 1384 1276 siderent.

1319 1290 1530 1322 Discesserat
1561 1290 1710 1321 Athenis
1739 1291 1909 1328 Basilius,
1945 1304 2051 1323 manu
2084 1292 2198 1324 fratris

1221 1339 1365 1371 eductus
1383 1349 1423 1370 ex
1440 1339 1531 1378 sede,
1559 1339 1596 1370 in
1613 1351 1679 1383 qua
1697 1339 1950 1381 declamitabat,
1977 1347 2010 1373 et
2025 1341 2093 1373 iam
2109 1340 2200 1374 Gre-

1221 1388 1318 1431 gorio
1335 1385 1493 1420 Athenae
1511 1389 1662 1421 solitudo
1681 1397 1797 1427 erant,
1826 1390 1905 1433 quia
1923 1397 2014 1423 casta
2030 1403 2126 1424 mens
2143 1392 2200 1425 su-

1221 1438 1337 1480 giebat
1369 1435 1506 1471 ethnica
1534 1445 1566 1471 et
1586 1439 1653 1470 alia
1676 1439 1852 1471 sodalicia.
1915 1439 2032 1481 Quare
2064 1447 2096 1473 et
2127 1441 2199 1484 ipse

1222 1488 1402 1531 aliquanto
1425 1494 1502 1530 post
1525 1489 1567 1520 ad
1592 1499 1708 1520 senem
1734 1495 1866 1531 patrem
1891 1489 2001 1530 redit,
2032 1502 2110 1523 curn
2130 1491 2198 1524 iam

1222 1537 1436 1570 tricesimum
1479 1549 1610 1570 annum
1657 1538 1834 1580 attigisset.
1912 1538 2014 1572 Tunc
2059 1547 2198 1584 accepto

1223 1587 1395 1629 baptismo
1419 1595 1517 1629 pater
1539 1587 1697 1620 adiunxit
1715 1600 1791 1620 cum
1808 1587 2044 1633 presbyteris,
2072 1590 2120 1623 ibi
2144 1591 2199 1623 di-

1223 1637 1366 1679 remptis
1388 1638 1634 1670 controversiis
1660 1644 1691 1670 et
1708 1639 1863 1672 restituta
1882 1640 2067 1672 concordia
2089 1651 2199 1674 seces-

1223 1687 1266 1719 sit
1284 1687 1325 1719 ad
1348 1685 1532 1728 Basiliam,
1559 1688 1617 1732 qui
1638 1695 1669 1721 et
1685 1688 1756 1731 ipse
1777 1700 1854 1721 cum
1872 1688 1998 1721 Lector
2014 1688 2199 1725 Caesareae

1223 1737 1360 1774 fuisset,
1388 1737 1505 1770 relicta
1522 1738 1630 1781 patria
1646 1745 1791 1781 propter
1807 1739 2092 1780 obtrectationes,
2116 1747 2198 1775 tunc

1225 1787 1260 1818 in
1278 1799 1339 1819 suo
1357 1787 1499 1830 praedio
1517 1799 1595 1820 cum
1611 1788 1744 1832 aliquot
1760 1789 1979 1822 auditoribus
1995 1790 2091 1824 vixit.
2145 1791 2198 1824 Ibi

1224 1836 1328 1869 simul
1362 1837 1526 1870 tredecim
1559 1838 1659 1870 annis
1687 1840 1891 1872 commorati
1921 1847 2021 1880 sunt,
2060 1852 2131 1873 non
2162 1842 2198 1874 in

1223 1887 1350 1930 ignavo
1368 1887 1462 1928 ocio,
1487 1888 1545 1920 sed
1564 1888 1600 1920 in
1615 1889 1884 1931 precationibus,
1910 1897 1943 1922 et
1962 1890 1996 1922 in
2013 1891 2199 1925 collatione

1224 1937 1431 1980 scriptorum
1442 1964 1450 1978 ,
1476 1938 1603 1982 quibus
1617 1939 1799 1972 universae
1815 1937 1918 1972 Asiae
1932 1938 2105 1974 Ecclesias
2120 1953 2200 1975 eru-

1224 1987 1386 2028 diebant,
1435 1995 1468 2021 et
1503 1988 1682 2022 veritatem
1724 1990 1993 2033 propugnabant
2034 1991 2199 2026 adversus

1224 2037 1392 2078 Arianos,
1419 2036 1625 2071 Manicheos
1653 2045 1685 2072 et
1712 2040 1798 2072 alios
1814 2040 1960 2074 furores.
2015 2039 2196 2082 Quantum

1224 2088 1356 2121 bonum
1379 2088 1422 2121 sit
1449 2086 1576 2122 habere
1601 2089 1736 2122 fidelem
1762 2089 2018 2135 παραστάτην,
2054 2098 2086 2125 et
2103 2093 2197 2126 velut

1224 2135 1412 2177 Achatem,
1439 2150 1479 2171 ex
1503 2139 1609 2173 veteri
1633 2140 1820 2183 proverbio
1840 2147 1962 2174 notum
1987 2147 2047 2173 est.
2097 2141 2196 2175 Duo-

1223 2188 1288 2220 bus
1305 2188 1434 2232 pariter
1449 2190 1623 2224 euntibus.

1323 2238 1476 2272 Multum
1496 2240 1603 2283 igitur
1624 2241 1755 2284 profuit
1773 2238 1944 2274 Ecclesiae
1961 2239 2086 2275 horum
2106 2243 2195 2276 duo-

1222 2300 1300 2321 rum
1325 2289 1544 2331 coniunctio,
1576 2303 1654 2323 cum
1678 2291 1764 2324 alter
1795 2291 1941 2324 alterum
1971 2299 2129 2326 moneret
2163 2303 2195 2329 et

1221 2339 1458 2380 confirmaret,
1502 2347 1532 2373 et
1573 2341 1676 2374 ambo
1712 2341 1965 2375 consentientes
1998 2342 2194 2377 vicinorum

1221 2389 1442 2421 concordiam
1473 2391 1671 2425 retinerent.
1731 2389 1796 2424 Sed
1828 2397 2003 2436 utrunque
2026 2391 2121 2425 Deus
2153 2406 2193 2427 ex

1221 2439 1280 2471 illo
1298 2439 1498 2473 dulcissimo
1517 2452 1647 2474 secessu
1671 2440 1707 2472 in
1724 2440 1830 2473 aciem
1849 2448 1881 2474 et
1898 2441 1933 2473 in
1955 2443 2078 2484 magna
2093 2455 2193 2486 prae-

1220 2489 1265 2522 lia
1290 2489 1421 2523 eduxit.
1478 2489 1647 2524 Basilium
1670 2490 1780 2533 patria
1804 2492 1939 2525 vocavit
1960 2492 2004 2524 ad
2025 2490 2192 2538 Episcopi

1219 2551 1362 2579 munus,
1397 2541 1457 2572 ubi
1485 2553 1562 2573 cum
1593 2540 1804 2582 Imperatore
1834 2540 1980 2576 Valente
2006 2553 2128 2584 magna
2159 2546 2191 2577 ei

1217 2590 1402 2622 certamina
1415 2591 1566 2625 suerunt.
1618 2589 1827 2632 Gregorium
1844 2602 1944 2624 senex
1969 2597 2064 2635 pater
2078 2604 2191 2635 egres-

1215 2650 1271 2672 sus
1285 2651 1416 2673 annum
1432 2639 1695 2683 nonagesimum
1713 2641 1778 2674 sibi
1795 2642 1971 2683 adiunxit,
1997 2648 2035 2676 ut
2051 2643 2189 2678 doceret
