2324 2955
563 107 722 144 DECL.
755 107 830 144 DE
869 107 1078 144 CAUSIS

99 198 196 232 sione
215 196 282 229 levi
300 196 344 229 ab
360 202 525 229 extraneo
543 195 657 227 calore
674 201 882 238 occupatum
900 200 1085 239 putrescat,

99 247 286 290 congenito
317 247 432 280 calore
455 258 494 279 ex
522 245 614 279 illisa
639 245 778 278 flamma
804 245 958 279 extranei
982 245 1085 277 effer-

99 305 268 332 vescente.
317 297 360 338 ,Si
379 297 423 330 sit
436 296 552 329 acrior
567 302 599 329 et
619 294 862 329 vehementior
886 296 994 335 iusto,
1023 297 1083 327 ad-

97 350 234 383 urendo
266 354 477 381 nocumenta
500 347 605 380 infert
629 354 661 380 et
685 349 935 380 consumendo.
992 346 1084 379 Fieri

98 397 181 433 haec
197 400 243 432 ita
261 406 294 433 et
311 398 421 432 oculis
440 398 616 431 cernimus
631 404 663 430 et
679 398 846 430 discimus
864 397 1086 441 experientia,

98 457 132 484 et
147 450 175 483 si
195 461 267 494 non
284 449 512 493 perspicimus
531 449 682 492 integre,
710 460 777 492 qua
795 449 829 479 vi
855 449 1005 481 calorem
1033 448 1085 479 vi-

96 501 258 534 ficantem
282 512 343 534 cor
365 499 485 543 gignat
507 506 539 533 et
557 501 646 534 edat.
700 497 905 531 Aristoteles
929 499 971 532 ad
992 497 1086 532 hunc

97 551 248 585 calorem
275 551 438 584 alludens
462 550 597 595 inquit,
636 548 852 592 Sanguinem
884 550 995 582 calere
1024 561 1086 593 per

101 112 173 149 177

97 601 259 636 accidens
275 601 451 636 imbutum
475 601 607 641 calore,
642 600 702 644 qui
730 601 772 632 de
796 601 899 633 corde
922 601 1016 640 fluit,
1053 608 1086 633 et
1111 616 1112 624 ¹

98 659 249 687 mortem
271 664 343 685 esse
358 651 661 696 putrefactionem,
691 650 727 682 id
744 658 805 691 est,
834 651 1084 684 extinctionem

97 703 224 737 caloris
240 702 367 737 vitalis.
421 702 463 735 In
479 693 710 755 omniQpie
728 703 982 745 putrefactione
1007 714 1083 734 mu-

96 754 182 788 tatio
200 754 307 788 totius
326 753 540 787 substantiae
565 754 606 786 ad
633 753 896 796 corruptionem
923 753 1086 796 provenit

96 816 117 838 a
142 804 371 849 corruptione
397 804 523 837 caloris
549 804 836 847 temperamenti,
871 804 925 836 vel
949 804 986 836 in
1012 810 1084 837 toto

98 866 246 899 corpore
282 855 338 888 vel
372 855 410 887 in
442 861 540 899 parte
571 861 810 898 putrescente,
851 866 956 899 quam
981 854 1085 887 efficit

97 912 265 940 externus
289 906 385 939 calor
406 906 574 939 obsidens
595 905 743 938 mixtum
763 906 967 939 destitutum
994 905 1085 948 regi-

96 956 194 990 mine
218 963 250 990 et
274 957 434 990 dominio
459 956 585 989 caloris
611 955 802 989 influentis.
863 956 910 990 At
933 957 1083 989 calorem

96 1007 304 1041 influentem
329 1007 383 1051 (ut
405 1008 448 1040 de
473 1006 709 1039 animantium
732 1008 938 1050 corporibus
962 1008 1084 1052 loqua-

96 1056 196 1104 mur)
214 1058 423 1101 extinguunt
439 1058 476 1090 in
502 1064 574 1090 toto
601 1069 748 1101 corpore
771 1070 885 1098 mors,
914 1059 950 1090 in
978 1058 1085 1102 parti-

97 1108 164 1142 bus
184 1120 400 1152 gangrenae,
426 1104 638 1153 νεκρώσεις,
667 1116 699 1141 et
714 1108 854 1143 similia.
908 1108 1085 1142 Hebetant

96 1170 199 1201 vero,
226 1160 431 1193 obtundunt
449 1172 487 1192 ac
506 1160 769 1202 languefaciunt
794 1161 945 1192 eundem
972 1161 1086 1204 pluri—

96 1222 175 1244 mae
204 1221 326 1244 causae
361 1207 675 1255 προκαταρκῖικαί
707 1208 769 1243 καὶ
805 1207 1086 1257 npotyot'qusiscu,

96 1267 167 1294 tam
190 1272 208 1294 a
233 1273 351 1294 rerum
377 1261 592 1294 naturalium
620 1272 684 1293 usu
708 1261 988 1303 applicationeve
1014 1274 1086 1293 non

97 1311 342 1348 conveniente,
366 1322 470 1354 quam
491 1311 804 1342 constitutionibus
822 1312 875 1342 vel
891 1312 1085 1344 affectioni-

97 1361 165 1394 bus
184 1367 321 1404 praeter
338 1367 501 1393 naturam
520 1366 634 1399 ortae,
660 1371 746 1403 quas
769 1371 947 1392 recensere
965 1372 1087 1392 omnes

98 1411 206 1444 nimis
227 1410 372 1452 longum
397 1416 496 1443 esset.
568 1408 608 1440 lu
631 1409 861 1441 cadaveribus
886 1411 1087 1442 recentibus

98 1461 194 1494 calor
211 1459 479 1503 temperamenti
498 1460 654 1502 reliquus
672 1465 732 1490 est.
787 1459 905 1498 Quare
923 1460 951 1491 si
979 1460 1007 1491 is
1032 1460 1086 1492 so—

98 1518 222 1544 veatur
236 1517 269 1544 et
293 1510 521 1543 confirmetur
542 1509 721 1541 moderate
743 1508 866 1541 calidis
890 1510 1087 1551 astringen-
1113 1522 1114 1539 ι

97 1562 192 1596 tibus
214 1569 247 1596 et
268 1560 544 1600 desiccantibus,
571 1559 688 1603 qualia
713 1565 794 1592 sunt
819 1560 917 1600 aloe',
945 1558 1087 1605 myrrba

98 1620 132 1646 et
155 1609 445 1657 pissasphaltum,
481 1610 693 1643 muniuntur
713 1611 899 1648 cadavera,
932 1623 975 1643 ne
995 1624 1012 1644 a
1032 1623 1088 1643 ca-

98 1664 172 1697 lore
190 1671 334 1697 externo
349 1662 559 1699 afficiantur,
585 1661 755 1705 tantisper
774 1662 885 1694 donec
901 1663 1087 1705 absumpto
1113 1681 1114 1687 κ

98 1727 138 1748 ac
160 1713 342 1747 deficiente
367 1710 515 1745 humore
542 1712 629 1744 cinis
652 1718 786 1745 terreus
811 1720 985 1752 remanet,
1027 1714 1085 1757 qui

100 1763 276 1798 halituum
301 1763 421 1797 afflatu
445 1763 668 1806 dispergitur.
738 1761 891 1796 Eaedem
920 1776 1008 1808 quae
1034 1765 1087 1795 in-

99 1816 288 1856 fluentem,
315 1815 417 1847 etiam
436 1812 477 1848 ’τὸ
503 1810 700 1859 σύμφυτον
724 1813 868 1859 θερμὸν
891 1826 1012 1847 causae
1039 1822 1089 1847 at-

99 1873 257 1906 tenuant,
282 1867 341 1898 sed
358 1872 396 1898 ut
414 1865 618 1898 remotiores
635 1872 667 1898 et
686 1865 801 1898 vitiosi
822 1866 1088 1909 temperamenti
1115 1875 1116 1882 ¹

100 1915 312 1957 humorum,
339 1928 426 1961 quos
446 1923 515 1949 tres
531 1916 715 1949 distinctae
734 1917 770 1949 in
789 1929 936 1961 corpore
961 1916 1090 1949 coctio-

101 1980 163 2002 nes
192 1968 310 2012 plures
342 1979 380 2000 ac
411 1967 595 1999 distinctos
626 1974 829 2010 procreant,
861 1979 983 2000 causae
1009 1974 1089 2000 sunt

101 2018 335 2063 multiplices,
362 2030 401 2051 ac
422 2018 548 2050 variae.

1120 107 1661 148 PUTREFACTIONIS.
2054 115 2121 149 178

1137 201 1202 233 tus,
1231 195 1309 237 plus
1325 208 1429 239 quam
1449 204 1595 230 naturae
1613 198 1750 241 expedit
1766 199 1981 234 ealefaciunt.
2020 199 2123 233 Calor

1136 247 1202 278 τοῦ
1226 244 1456 290 περιῷζοντος
1478 254 1510 280 et
1537 246 1709 281 balituum
1737 249 1773 282 in
1800 252 1880 283 a‘e're
1900 258 1961 284 aut
1979 251 2122 294 simplex

1137 302 1188 329 est
1213 303 1271 328 aut
1297 305 1466 330 venenata
1492 298 1640 331 infectus
1660 300 1839 343 qualitate.
1901 301 2017 335 Huius
2042 315 2122 334 vero

1138 347 1228 379 vela
1246 347 1332 379 coeli
1354 348 1470 390 positu
1489 350 1656 392 peculiari
1681 351 1778 393 origo
1804 360 1868 392 est,
1897 353 1951 385 vel
1976 365 1992 385 a
2021 365 2124 385 vene-

1138 397 1228 430 natis
1265 410 1303 430 ac
1338 399 1488 441 putridis
1526 397 1708 440 balitibus,
1764 415 1851 446 quos
1884 401 2123 447 aqnmiovojdrs

1135 446 1330 492 μιάσματα
1357 456 1387 481 et
1412 448 1678 494 agnai'm‘ojd'ag
1700 450 1972 497 ἀναθυμιάσεις
1996 462 2025 487 et
2052 457 2124 487 λοι-

1135 501 1210 543 μοῦ
1226 497 1417 545 σπέρματα
1438 500 1595 533 Galenus
1616 508 1732 541 vocat,
1758 504 1830 536 sive
1845 517 1970 547 magna
1997 503 2031 537 hi
2059 518 2124 549 pu-

1137 550 1274 583 tredine
1297 551 1527 592 cadaverum,
1569 552 1650 584 item
1676 552 1833 586 locorum
1858 556 2064 597 palustrium
2093 563 2125 588 et

1137 601 1413 642 lutulentorum,
1439 609 1498 635 aut
1522 602 1682 646 alioquin
1712 605 1977 643 conclusorum,
2006 607 2123 650 qualia

1110 675 1112 688 ;
1137 659 1218 685 sunt
1234 649 1395 696 mikvp'at
1419 651 1595 700 πνιγηραὶ
1620 653 1814 687 excitentur
1839 662 1872 688 et
1897 656 2124 690 effundantur

1111 958 1350 998 3c01inivent,
1392 958 1542 990 calorem
1576 959 1782 991 influentem
1818 968 1953 1000 evocat,

1112 1034 1113 1039 ,
1138 1008 1281 1041 resolvit
1305 1021 1343 1041 ac
1365 1009 1522 1052 dissipat.

601 2018 669 2050 Sed
693 2019 786 2051 unde
809 2019 934 2051 caloris
957 2019 1088 2052 externi
1115 2013 1117 2059 ᾗ

101 2069 201 2113 origo
220 2076 289 2108 est,
317 2068 377 2113 qui
395 2069 429 2100 in
450 2068 548 2100 mixti
566 2069 722 2112 corporis
740 2081 812 2102 sese
833 2070 1018 2103 insinuans
1038 2076 1091 2102 at-
1115 2070 1116 2099 ἶ

101 2126 169 2166 que
187 2121 348 2163 ingerens
368 2119 618 2159 substantiam,
646 2121 800 2153 nativum
827 2134 896 2165 quo
923 2134 984 2153 ceu
1013 2121 1090 2152 vin—

102 2171 182 2205 culo
215 2178 285 2206 tota
319 2170 416 2203 mixti
451 2181 634 2213 compages
662 2171 820 2213 colligata
851 2184 889 2204 ac
917 2172 1088 2213 glutinata

104 2222 280 2262 consistit,
308 2221 525 2264 corrumpit?
565 2219 630 2253 Est
652 2222 746 2254 calor
770 2223 829 2254 ille
856 2230 914 2256 aut
931 2228 977 2260 Jex
1002 2223 1092 2255 aeris

103 2273 305 2307 circumfusi
331 2284 539 2316 earumque,
574 2285 662 2316 quae
691 2285 751 2316 per
783 2277 896 2306 aorem
930 2274 1092 2306 feruntur

103 2320 399 2368 ἀναθυμιάσεων
430 2323 564 2363 calore,
601 2330 660 2355 aut
685 2335 701 2355 a
732 2324 866 2357 fervore
895 2325 1090 2357 calidorum

103 2386 143 2408 ac
161 2375 433 2418 fuliginosorum
460 2371 654 2413 balituuin,
683 2374 811 2408 scilicet
837 2376 864 2408 si
890 2376 949 2420 qui
972 2389 988 2408 e
1015 2388 1091 2408 cor-

105 2437 189 2470 pore
228 2437 289 2469 per
319 2425 473 2458 occultos
509 2437 612 2468 poros
646 2433 705 2459 aut
738 2433 869 2459 meatus
905 2427 1093 2470 ampliores

104 2477 255 2510 effluunt
281 2478 468 2519 perpetuo,
503 2476 730 2509 detineantur
751 2476 841 2509 intra
864 2489 990 2521 corpus
1014 2489 1093 2510 ora-

105 2524 240 2575 γνώσει
257 2527 392 2571 aliqua,
422 2527 454 2558 id
473 2534 541 2566 est,
569 2524 750 2561 siv-amiam
773 2528 824 2559 vel
843 2525 1030 2574 ἐμφράξῃ,
1055 2541 1092 2560 ac

107 2584 366 2612 coacerventur.
421 2577 524 2610 Aucti
551 2578 644 2610 enim
668 2579 726 2611 tali
752 2579 895 2612 detentu
914 2583 1041 2612 coi-'unt
1061 2586 1093 2612 et

108 2635 320 2669 exaestuant,
347 2635 379 2660 et,
396 2628 538 2672 Spiritus
558 2630 681 2672 primo,
710 2642 788 2662 mox
808 2627 982 2664 humores.
1012 2643 1092 2674 pro-

108 2686 232 2725 pagato
250 2680 418 2713 continua
439 2679 645 2712 alteratione.
671 2688 766 2714 aestu
791 2681 825 2713 in
853 2694 973 2714 omnes
1002 2694 1093 2714 mea—

159 2730 342 2764 Memmi«.
372 2732 473 2763 Oeta.
503 2731 584 2762 Vni..
613 2732 689 2763 ΧΠ.

1117 2342 1118 2347 ¹
1143 2332 1266 2358 natura
1287 2325 1456 2359 derelicti.

1137 703 1173 735 in
1192 711 1326 743 a'e'rem,
1352 703 1424 736 sive
1444 717 1483 737 ex
1502 704 1580 736 aliis
1600 704 1822 747 appellantur
1839 706 2043 748 regionibus
2070 705 2120 740 δι’

1137 753 1298 798 ἑπιῤῥοῆς
1319 752 1413 788 κατὰ.
1441 768 1482 788 το
1509 752 1674 798 συνεχές,
1717 755 1788 788 sive
1815 754 1927 789 halitu
1950 758 2125 794 afflatuve,

1137 812 1299 838 contactu
1322 812 1383 838 aut
1407 806 1530 839 somite
1554 813 1798 849 propagentur.
1854 807 2011 851 Simplex
2036 809 2126 842 aeris

1137 856 1232 888 calor
1256 856 1331 888 susa
1357 857 1539 901 laxataque
1563 863 1639 889 cute
1664 864 1696 890 et
1714 858 1841 900 apertis
1861 858 2125 892 insensibilibus

1137 906 1226 939 cutis
1252 906 1504 947 foraminibus,
1548 908 1584 939 iu
1615 920 1702 952 quae
1731 909 1859 941 osculis
1883 910 2030 943 arteriae
2055 911 2125 942 suis

2000 962 2126 998 educit.

1579 1009 1656 1051 lpse
1673 1022 1754 1041 vero
1772 1017 1802 1043 et
1822 1011 2054 1055 inspiratione
2074 1019 2124 1044 at-

1138 1071 1206 1103 que
1230 1060 1438 1092 arteriarum
1458 1060 1624 1093 continua
1652 1060 1858 1093 dilatatione
1883 1068 2069 1101 attractus,
2096 1070 2126 1095 et

1139 1116 1263 1153 sponte
1295 1122 1356 1154 per
1389 1107 1561 1143 liiscentes
1590 1122 1693 1154 poros
1718 1123 1845 1155 corpus
1868 1113 2030 1152 subiens,
2058 1125 2127 1150 cor,

1139 1159 1320 1200 liumores,
1361 1161 1505 1205 spiritus
1541 1168 1574 1194 et
1610 1162 1766 1194 membra
1800 1170 1933 1196 caetera
1971 1173 2126 1207 occupat.

1139 1213 1239 1253 Quae
1264 1212 1380 1256 itaque
1402 1212 1438 1244 in
1463 1224 1608 1255 corpore
1631 1212 1750 1245 nativo
1776 1214 1889 1246 calore
1915 1214 2043 1247 debilia
2066 1216 2128 1247 ad-

1139 1263 1269 1294 versari
1295 1274 1333 1294 ac
1358 1274 1552 1306 repugnare
1578 1264 1819 1306 impressioni,
1854 1265 2071 1298 incremento
2097 1273 2125 1298 et

1140 1312 1399 1344 confirmationi
1432 1313 1537 1345 alieni
1570 1320 1602 1345 et
1631 1314 1764 1346 externi
1790 1316 1912 1347 caloris
1938 1324 2128 1359 nequeunt,

1140 1373 1177 1393 ea
1197 1362 1335 1403 penitus
1352 1363 1507 1402 obsidet,
1535 1363 1712 1395 imbecillo
1731 1365 1790 1407 qui
1815 1365 1973 1409 reliquus
1998 1373 2046 1399 est
2072 1379 2127 1398 ca-

1142 1412 1213 1443 lore
1236 1411 1374 1454 penitus
1391 1412 1620 1446 inflammato.
1677 1414 1794 1455 Quare
1812 1416 1892 1447 talia
1914 1423 2127 1459 putrescunt.

1142 1460 1345 1493 Venenatus
1365 1463 1459 1494 calor
1478 1463 1601 1494 veneni
1621 1463 1671 1502 vi,
1700 1465 1727 1496 si
1746 1472 1846 1498 acuta
1868 1473 1917 1499 est
1934 1467 2072 1500 subtilis
2091 1480 2128 1500 ac

1141 1517 1339 1553 penetranS,
1360 1512 1522 1554 protinus
1539 1513 1682 1555 spiritus
1699 1521 1730 1547 et
1749 1515 1899 1547 calorem
1916 1517 2020 1559 fugat,
2044 1531 2129 1550 con-

1140 1561 1253 1594 culcat
1277 1568 1382 1605 atque
1407 1562 1507 1595 elidit
1532 1563 1568 1594 in
1593 1569 1666 1595 toto
1694 1576 1858 1608 corpore,
1887 1573 1919 1599 et
1944 1569 2127 1601 confestim

1140 1611 1247 1644 vitam
1275 1612 1463 1655 extinguit:
1494 1613 1547 1645 sin
1568 1613 1684 1646 minus
1702 1622 1819 1656 acuta,
1847 1618 1975 1649 sensim
2003 1616 2128 1651 bumo-

1141 1674 1212 1702 res‚
1250 1663 1363 1706 primo
1398 1663 1752 1708 thplTTwIttHleotl-affi
1798 1680 1876 1699 mox
1911 1675 1941 1701 et
1976 1670 2130 1713 reliquos

1141 1714 1230 1747 vitae
1258 1721 1291 1746 et
1315 1715 1502 1757 spirituum
1536 1717 1779 1758 propagationi
1808 1730 1845 1750 ae
1871 1721 2128 1753 conservationi

1141 1765 1352 1797 necessarios
1374 1766 1578 1808 putrefacit,
1606 1769 1818 1812 tandemque
1845 1769 2048 1802 influentem
2075 1784 2130 1803 ca-

1140 1816 1250 1848 lorem
1268 1816 1416 1859 perimit.
1471 1816 1547 1849 Hoc
1563 1819 1668 1849 modo
1689 1825 1762 1851 tuin
1783 1820 1944 1862 putridae
1972 1828 2044 1853 tum
2073 1835 2131 1865 pe-

1141 1867 1298 1900 stilentes
1330 1867 1570 1900 incenduntur
1602 1869 1714 1901 febres
1745 1883 1763 1902 a
1795 1871 1909 1903 calore
1944 1873 2131 1906 ambientis

1142 1918 1231 1950 aeris
1247 1924 1412 1962 tanquam
1437 1930 1538 1951 causa
1565 1927 1707 1954 remota.
1769 1919 1876 1953 Calor
1898 1934 1935 1954 ex
1964 1920 2130 1956 tuditibus

1142 1968 1286 2000 fervidis
1310 1965 1503 2015 (Πεγνώσει
1525 1967 1688 2002 cohibitis
1717 1971 1805 2004 intra
1832 1985 1958 2015 corpus
1983 1986 2021 2006 ac
2046 1986 2129 2005 con-

1142 2020 1246 2051 clusis
1264 2020 1384 2051 eodem
1406 2021 1509 2051 modo
1527 2033 1596 2064 quo
1614 2020 1759 2063 simplex
1783 2028 1841 2054 aut
1861 2031 2053 2056 venenatus
2074 2038 2129 2056 ca-

1141 2071 1195 2102 lor
1213 2070 1435 2113 putredinem
1454 2071 1537 2110 ciet,
1566 2071 1732 2103 nimirum
1754 2073 1846 2116 quod
1869 2073 1894 2104 si
1915 2086 1985 2106 non
2005 2076 2131 2107 robore

1143 2121 1252 2154 nativi
1275 2122 1401 2153 caloris
1425 2134 1504 2153 mox
1533 2129 1715 2165 superetur
1739 2130 1769 2155 et
1795 2123 1965 2160 elidatur,
1996 2126 2128 2159 invadi:

1141 2179 1174 2204 et
1192 2174 1385 2215 corrumpit
1404 2184 1460 2211 ea,
1489 2185 1576 2216 (piae
1601 2173 1750 2205 maxime
1775 2174 1827 2205 sui
1853 2175 1978 2207 caloris
2003 2177 2130 2209 debili—

1143 2230 1211 2256 tate
1231 2223 1417 2264 languent,
1447 2230 1483 2255 ut
1503 2231 1581 2255 sunt
1607 2224 1704 2255 erudi
1733 2224 1767 2255 in
1795 2237 1940 2267 corpore
1967 2225 2131 2259 bumores

1142 2281 1201 2307 aut
1228 2274 1328 2306 ell'usi
1353 2282 1446 2306 extra
1474 2286 1569 2311 vasa,
1607 2275 1659 2305 vel
1686 2276 1876 2307 coacervati
1903 2276 2030 2309 alieubi
2057 2287 2085 2311 et
2113 2292 2129 2310 a

1510 2324 1623 2357 Potest
1644 2325 1736 2356 euim
1761 2333 1791 2358 et
1818 2326 1852 2357 iu
1882 2340 2028 2370 corpore
2052 2330 2129 2360 vixi,

1145 2378 1293 2419 putredo
1314 2377 1386 2408 lieri
1409 2376 1496 2411 talis.
1525 2388 1612 2418 quae
1631 2376 1760 2408 febrem
1783 2377 1941 2410 intendat
1965 2381 2127 2421 pestilew

1145 2435 1211 2460 tem
1233 2429 1412 2459 venenatis
1434 2424 1617 2463 lisditibus„
1646 2427 1731 2459 sieut
1753 2427 1910 2460 Galenus
1930 2430 2062 2473 inquit:
2093 2445 2118 2463 ,ιι

1142 2481 1194 2523 τῷ
1207 2477 1346 2520 &tottam
1361 2475 1473 2521 liuto)
1490 2474 1780 2522 :ssitmjd‘ezoi7981>-
1796 2476 1908 2523 σήψιν
1928 2478 2128 2524 &urolfum

1143 2527 1201 2562 καὶ
1237 2526 1412 2573 titfoptttsv
1441 2540 1518 2560 [ινα
1543 2527 1723 2572 p'pcclat‘r'e‘
1749 2530 1787 2562 ἐκ
1816 2533 1877 2563 ιωΐ1
1903 2531 2128 2574 ‚upupam-1:

1144 2581 1192 2617 εἷς
1210 2577 1325 2623 ‘'Old’'
1344 2580 1503 2622 nupt-rosv
1519 2575 1615 2623 de’ys
1641 2577 1678 2612 ιι)
1694 2578 1800 2620 ζώων.

1143 2643 1199 2663 sat·
1219 2636 1481 2673 corrumpentes
1501 2631 1655 2662 nativum
1681 2631 1843 2664 ιάΙιιι-ιηιη

1859 2580 1929 2614 ltm-
1951 2590 2028 2613 suut
2049 2596 2126 2613 sais

1911 2631 1977 2664 Nee
2004 2633 2033 2663 tit
2066 2645 2125 2674 pu-

1146 2681 1300 2714 trefactio
1320 2693 1495 2725 unquam,
1525 2682 1589 2712 nisi
1611 2688 1678 2713 tota
1699 2683 1892 2714 substantia
1913 2682 2017 2713 natixi
2038 2683 2125 2714 calo-

1459 2732 1500 2764 12
