2324 2955
100 114 172 147 837
784 112 805 147 Ι.

101 198 185 241 spici
213 197 338 240 possit,
374 197 467 240 quod
493 196 576 229 dicit
603 195 825 237 Herodotus,
861 198 966 230 etiam
990 197 1082 240 opti-

99 259 196 280 mum
222 247 334 279 virum
357 248 391 278 in
411 254 502 279 tauta
524 247 677 289 potentia
697 248 885 291 corrumpi.
937 245 983 281 Et
1000 254 1081 280 nota

99 305 179 330 sunt
203 297 311 331 dicta:
341 297 536 330 Luxuriant
561 297 668 329 animi
695 298 797 330 rebus
816 298 1010 342 plerunque
1027 309 1081 330 se-

99 348 223 381 cundis
241 355 303 380 etc.

200 397 335 431 Mirum
366 404 414 430 est
441 403 574 435 autem,
610 409 682 430 non
703 399 815 430 solun:
844 409 988 441 corpora
1015 393 1080 428 ho-

97 449 231 481 minum
249 454 281 480 et
302 448 531 490 possessiones
549 449 674 481 mutari
692 456 723 481 et
742 449 871 487 deleri,
899 449 956 481 sed
975 447 1078 480 etiam

97 497 291 541 sapientiam
323 504 355 530 ot
382 498 546 530 virtutem
574 499 609 530 in
635 499 770 539 anima,
807 510 894 543 quae.
920 504 1003 531 sunt
1025 508 1078 529 res

96 547 286 590 firmiores,
337 547 549 589 langut‘fieri.
622 547 667 582 Ut
697 549 814 581 minus
851 549 979 581 mirum
1018 553 1078 586 est,

97 609 223 640 corpus
250 597 332 630 lulii
359 599 579 631 intersectum
609 610 699 638 esse,
735 612 838 642 quam
872 598 1075 641 sapientiam

96 655 129 682 et
146 648 312 681 virtutem
331 648 553 681 excellentem
572 647 608 680 in
625 647 776 681 Hercule
793 650 977 681 extinctam
995 658 1077 686 esse,

95 698 155 742 qui
179 699 296 730 furens
321 698 492 731 interfecit
508 698 608 731 filios.
661 700 900 739 Agnoscamus
916 700 1023 740 igitur
1041 697 1075 728 in

95 746 149 781 his
168 745 356 780 horrendis
377 749 542 792 exemplis
561 749 838 783 imbecillitatem
856 748 990 789 generis
1008 745 1076 779 hu-

95 798 208 835 mani,
242 804 275 831 et
304 798 472 839 sciamus,
508 801 694 842 petendum
722 811 794 832 esse
818 812 835 831 a
857 798 950 839 Deo,
983 807 1022 832 ut
1045 805 1075 830 et

94 848 252 892 corporis
271 854 303 882 et
318 849 427 881 animi
446 850 536 882 bona
558 850 658 881 nobis
675 857 806 891 servet,
835 856 866 882 et
886 849 1075 891 cogitemus

93 899 224 932 dictum
251 897 432 932 Ieremiae:
461 899 540 932 Scio
557 898 730 938 Domine,
760 912 829 931 non
854 907 901 931 est
922 897 1075 930 hominis

94 950 147 981 xia
173 949 257 981 eius.
309 948 355 982 Et
383 948 554 981 Danielis:
589 947 682 981 Deus
704 951 760 981 dat
789 949 994 992 sapientiam
1022 959 1075 980 sa-

94 1000 281 1041 pientibus.

193 1048 346 1081 Tristius
369 1054 418 1080 est
444 1047 550 1089 igitur
567 1049 601 1080 in
623 1048 841 1088 Alexandro,
868 1047 961 1092 quod
980 1054 1075 1079 tanta

93 1099 203 1132 virtus
216 1097 432 1140 languesarta
445 1105 504 1137 est,
527 1111 630 1142 quam
644 1099 736 1141 quod
752 1110 876 1141 corpus
889 1099 1074 1129 immatura

90 1156 203 1182 morte
219 1148 330 1192 periit.
374 1147 467 1179 Ante
485 1155 617 1192 captam
635 1148 853 1193 Babylonem
871 1147 938 1180 fnit
955 1147 1074 1178 mode—

91 1207 173 1239 stus,
199 1206 408 1240 temperans,
432 1198 469 1229 in
486 1198 632 1241 imperio
650 1199 772 1236 iustus,
798 1210 870 1231 non
887 1197 1074 1239 indulgens

91 1250 162 1282 irae
175 1256 213 1281 ut
230 1249 395 1282 iniustam
411 1249 651 1282 crudelitatem
670 1256 859 1289 exerceret,
885 1248 1022 1291 sapiens
1037 1247 1073 1278 in

91 1298 331 1342 praeficiendis
352 1298 657 1338 gubernatoribus.
710 1297 809 1331 Nihil
829 1298 936 1341 igitur
954 1298 991 1330 in
1012 1297 1073 1329 illo

90 1348 237 1391 imperio
261 1344 444 1391 pulchrius
459 1355 533 1380 erat
552 1348 624 1391 ipso
643 1360 722 1389 rege
738 1356 881 1392 propter
898 1349 1074 1379 virtutem.

89 1398 212 1432 Postea
237 1395 329 1430 nihil
351 1409 390 1430 eo
409 1397 547 1441 turpius
563 1405 596 1430 et
612 1398 804 1431 deformius
819 1398 898 1430 fuit.
950 1396 1074 1429 Nomi-

90 1450 166 1482 nari
199 1460 233 1481 se
257 1447 370 1481 Deum
403 1454 436 1480 et
469 1448 536 1480 coli
567 1448 698 1480 divinis
727 1446 922 1481 honoribus
950 1447 1072 1480 voluit.

90 1498 166 1532 Hoc
187 1505 322 1531 tantum
348 1498 458 1530 scelus
486 1510 617 1540 poenae
641 1505 806 1542 sequutae
828 1506 927 1539 sunt,
962 1504 1072 1529 certa-

89 1549 184 1582 mina
209 1549 245 1581 in
271 1548 456 1585 ebrietate,
485 1548 519 1579 in
539 1549 667 1591 quibus
686 1549 791 1580 iratus
809 1547 981 1581 interfecit
1000 1546 1073 1580 Cli-

88 1607 182 1640 tum,
215 1611 234 1632 a
259 1610 329 1643 quo
354 1604 509 1630 servatus
532 1598 645 1630 suerat
668 1599 702 1630 in
730 1610 845 1641 pugna
871 1600 913 1630 ad
942 1595 1074 1629 Grani-

89 1661 185 1690 cum,
210 1656 241 1681 et
265 1649 332 1680 alia
357 1648 465 1680 multa
483 1648 682 1690 turpissime
698 1649 788 1680 fecit.
841 1646 991 1679 Adorari
1012 1660 1073 1677 xo·-

91 1700 168 1734 lnit.
228 1696 275 1731 Et
298 1695 551 1730 Callisthenem
572 1695 849 1741 Philosophum,
884 1703 1006 1729 natum
1033 1708 1072 1728 ex

89 1748 301 1783 consobrina
326 1746 544 1786 Aristotelis,
581 1747 641 1791 qui
664 1760 741 1780 eum
766 1750 913 1780 adorare
935 1758 1072 1779 recusa-

88 1800 156 1840 vit,
183 1797 319 1832 includi
342 1797 379 1829 in
403 1808 542 1829 caveam
567 1797 685 1836 iussit,
714 1804 746 1830 et
764 1797 979 1829 circumduci
995 1808 1072 1840 spe-

89 1850 275 1888 ctandum,
309 1859 347 1880 ac
382 1847 524 1880 tandem
555 1847 722 1885 interfici,
756 1857 896 1879 versum
923 1847 1072 1879 addens:

91 1902 207 1935 Mun&
231 1895 447 1944 Σοφιστὴν,
482 1895 581 1935 ὅστις
612 1895 681 1940 οὐχ
710 1894 813 1942 αὐτῷ
840 1894 971 1942 σοφὸς,
1006 1894 1072 1929 hoc

89 1958 154 1984 est:
182 1949 255 1985 Odi
274 1948 476 1993 sapientem,
498 1947 558 1991 qni
576 1947 642 1980 sibi
661 1959 732 1980 non
750 1948 852 1990 sapit.
904 1945 948 1980 Et
965 1947 1073 1980 crevit

89 2003 189 2035 furor
212 2001 320 2039 adeo,
358 2006 394 2032 ut
418 1997 626 2031 interficeret
650 2009 765 2030 senem
793 1999 915 2030 ducem
940 1997 1073 2040 optime

89 2052 253 2085 meritum
271 2048 562 2086 Parmenionem,
591 2049 651 2093 qui
675 2049 881 2091 praecipuus
900 2048 991 2080 iuter
1007 2049 1071 2080 du-

89 2113 144 2136 ces
162 2098 321 2144 Philippi
341 2106 374 2132 et
391 2099 500 2142 ipsius
518 2097 711 2131 Alexandri
729 2099 854 2132 suerat.
910 2097 1008 2130 Talis
1024 2106 1073 2131 est

89 2151 274 2197 praecipue
287 2149 400 2183 aulica
415 2149 658 2182 benevolentia
673 2157 705 2182 et
719 2149 908 2192 gratitudo.
954 2148 1073 2190 Quare

89 2203 222 2236 dictum
251 2207 317 2233 est:
351 2200 501 2233 Saevum
536 2199 723 2243 praelustri
753 2199 887 2232 fulmen
922 2199 965 2231 ab
996 2210 1073 2232 arce

89 2243 195 2286 venit.
247 2249 294 2285 Et
304 2250 478 2284 Pindarus
493 2250 624 2295 inquit:
650 2250 787 2284 παλαῖα
803 2247 876 2296 γὰρ
895 2247 989 2283 εὕδει
1003 2246 1073 2293 χὼ-

91 2315 165 2349 (ne,
192 2298 406 2346 ἀμνάμονες
422 2297 461 2334 δὲ
478 2299 620 2345 βροτοί.
675 2300 830 2345 Antiqua
846 2301 977 2333 dormit
995 2312 1073 2343 gra-

91 2355 137 2387 tia
150 2380 159 2395 ,
186 2359 220 2386 et.
237 2350 396 2385 homines
412 2358 493 2384 sunt
512 2351 744 2384 immemores.

193 2401 281 2437 Cum
306 2408 419 2435 autem
440 2402 640 2435 Alexander
662 2414 701 2434 ex
722 2401 820 2434 India
841 2413 999 2434 reversus
1017 2412 1073 2433 ac—

92 2454 246 2488 cessisset
271 2452 313 2485 ad
328 2451 564 2497 Babylonem,
591 2450 758 2485 Chaldaei
783 2459 878 2485 vates
896 2452 1073 2490 dixerunt,

91 2506 303 2538 moriturum
326 2513 397 2535 esse
415 2502 530 2543 brevi,
556 2510 737 2547 postquam
756 2503 878 2534 urbem
897 2502 1072 2543 ingressus

91 2562 191 2589 esset.
242 2553 320 2586 lloe
340 2552 506 2586 vaticinio
530 2560 644 2586 motus
660 2553 791 2597 aliquot
812 2553 883 2584 dies
899 2559 992 2584 extra
1012 2564 1071 2584 ur-

90 2607 170 2640 bem
186 2610 420 2638 commoratus
435 2610 495 2637 est.
531 2602 654 2636 Postea
670 2600 890 2641 Anaxarcho,
915 2600 1071 2646 physico,

90 2656 253 2700 epicureo
289 2661 324 2688 et
356 2653 535 2699 cyclopico
567 2650 729 2691 homine,
774 2654 954 2686 deridente
987 2649 1070 2685 haec

859 109 1151 147 CHRONICON
1177 110 1423 147 CARIONIS.

2039 111 2110 145 858

1136 196 1317 237 vaticinia,
1362 197 1559 238 ingreditur
1595 198 1735 236 urbem,
1782 203 1815 229 et
1843 196 1892 228 ibi
1924 195 2111 238 legationes

1133 247 1291 278 omnium
1320 248 1475 289 gentium
1501 248 1617 287 audit,
1647 247 1824 288 cognoscit
1847 247 2111 285 controversias,

1132 296 1312 330 constituit
1346 297 1544 340 provincias
1568 304 1600 330 et
1623 297 1751 339 legatos
1777 297 1880 338 regiis
1903 297 2110 329 muneribus

1131 347 1249 380 donat.
1313 346 1436 380 Postea
1459 349 1590 380 dedens
1612 358 1683 379 sese
1706 347 1962 390 voluptatibus,
1999 353 2108 379 certa-

1131 397 1224 428 mina
1248 398 1442 440 potentium
1469 404 1563 431 tanta
1590 397 1761 436 instituit,
1788 404 1825 429 ut
1845 397 1954 441 aliqui
1972 397 2007 429 in
2025 408 2109 429 con-

1129 446 1231 479 viviis
1247 448 1361 480 subito
1378 448 1671 490 extinguerentur.
1720 446 1796 490 Ipse
1812 454 1947 480 tantum
1965 448 2007 480 ad
2024 449 2109 479 duas

1128 494 1232 530 choas
1249 498 1433 540 processit,
1461 499 1495 530 id
1515 505 1582 536 est,
1610 505 1688 530 octo
1707 497 1882 531 sextarios-

1229 555 1330 588 Tunc
1349 564 1464 589 antem
1483 556 1574 588 inter
1590 554 1734 588 Aulicos
1750 553 1895 588 Colacas
1910 555 2110 587 familiaris-

1127 604 1235 637 simus
1260 606 1288 638 ei
1307 606 1373 639 suit
1393 604 1582 638 Thessalus
1602 605 1765 649 quidam,
1792 605 1935 637 nomine
1958 604 2109 639 Medius,

1127 656 1225 688 cuius
1245 654 1309 688 hoc
1327 664 1375 689 est
1395 656 1546 689 dictum:
1570 655 1747 689 Audacter
1763 655 1994 693 calumniare,
2021 665 2109 686 sem-

1129 718 1190 748 per
1213 707 1347 750 aliquid
1371 704 1499 740 haeret.
1554 705 1610 739 Ab
1637 704 1700 737 hoc
1719 702 1889 737 Thessalo
1911 711 2050 736 vocatus
2067 706 2110 735 ad

1127 757 1328 788 convivium
1347 769 1425 789 cum
1444 756 1574 799 largius
1590 756 1751 791 bibisset,
1778 756 1894 788 subito
1914 755 2017 786 sensit
2038 766 2109 786 ma-

1126 816 1233 847 gnum
1259 807 1451 839 cruciatum
1479 807 1571 839 inter
1597 806 1774 848 scapulas,
1800 806 1837 837 in
1863 817 1902 838 eo
1929 806 2021 839 loco,
2050 804 2108 847 qni

1126 856 1331 888 nominatur
1352 853 1604 900 Ιαπάᾳριῑιόν,
1640 856 1702 888 ubi
1727 855 1897 888 orificium
1925 855 2107 887 ventriculi

1127 906 1305 947 alligatum
1330 913 1379 938 est
1405 907 1524 949 spinae
1546 907 1659 947 dorsi,
1687 908 1776 939 sicut
1791 906 1958 938 usitatum
1977 912 2044 944 est,
2075 905 2109 936 in

1127 969 1164 988 eo
1188 956 1262 988 loco
1290 957 1477 988 cruditates
1504 956 1637 988 sentiri.
1690 955 1777 988 lude
1794 963 1827 988 et
1844 956 1949 987 febris
1966 964 2110 998 sequuta

1126 1013 1191 1044 est,
1220 1006 1254 1037 in
1281 1018 1348 1050 qua
1376 1018 1448 1038 non
1469 1006 1638 1038 abstinuit
1656 1017 1673 1038 a
1692 1006 1786 1039 vino.
1840 1004 1985 1037 Initium
2004 1005 2109 1036 febris

1126 1057 1192 1089 suit
1209 1068 1326 1088 mense
1341 1055 1487 1095 Daesio,
1515 1056 1573 1100 qui
1592 1068 1670 1088 cum
1688 1063 1808 1088 nostro
1826 1055 1923 1087 lunio
1940 1054 2110 1096 congruit,

1126 1106 1181 1139 die
1206 1106 1261 1140 18.
1321 1105 1481 1150 Cumque
1506 1113 1713 1148 aegrotasset
1738 1106 1810 1138 dies
1834 1105 2019 1144 undet-ini,
2054 1105 2110 1135 die

1127 1156 1289 1189 vicesimo
1309 1163 1430 1189 octavo
1447 1157 1577 1189 mensis
1593 1155 1712 1189 Daesii
1730 1163 1888 1188 mortuns
1905 1164 1963 1187 est.

1225 1222 1284 1256 Sic
1309 1222 1527 1261 Alexander,
1555 1235 1633 1255 cnm
1661 1223 1697 1255 in
1723 1230 1774 1256 tot
1797 1222 1936 1266 praeliis
1962 1222 2110 1253 ἰωὴ-1115

1124 1274 1263 1313 fuisset,
1299 1274 1402 1316 periit
1425 1273 1614 1306 immodico
1640 1274 1740 1312 xiuo,
1768 1274 1857 1305 sicut
1879 1271 2003 1304 Daniel
2033 1272 2110 1304 §ta-

1125 1324 1332 1356 cedonicnm
1353 1335 1466 1365 regem
1485 1323 1620 1366 pardali
1639 1324 1787 1355 similem
1804 1324 1904 1361 facit,
1933 1334 2019 1366 qnae
2039 1334 2109 1353 non

1125 1374 1261 1416 capitur
1292 1374 1336 1405 ab
1362 1373 1503 1404 armatis
1529 1373 1774 1411 venatoribus,
1808 1371 1991 1417 (ipsorum
2016 1373 2109 1403 enim

1127 1424 1237 1456 iacula
1269 1434 1329 1455 sua
1363 1423 1538 1455 celeritate
1570 1422 1698 1466 eludit)
1730 1424 1788 1455 sed
1820 1423 1932 1466 sopita
1964 1422 2045 1454 vino
2078 1430 2109 1454 et

1126 1486 1263 1508 venere.

1225 1530 1289 1565 Est
1319 1539 1434 1564 autem
1466 1538 1499 1565 et
1532 1529 1637 1564 huius
1667 1533 1756 1574 regis
1785 1532 1949 1565 interitus
1975 1532 2109 1573 insigne

1124 1583 1322 1626 exemplum
1351 1582 1608 1616 inconstantiae
1640 1594 1757 1615 rerum
1791 1580 2043 1621 humanarum,
2078 1590 2110 1614 et

1125 1640 1261 1671 monet,
1288 1644 1331 1664 ne
1359 1633 1552 1664 exultantes
1574 1633 1708 1664 laeticia
1735 1633 1887 1664 laxemus
1913 1633 2029 1664 frenos
2055 1632 2109 1663 in-

1124 1682 1225 1713 iustis
1256 1682 1528 1724 cupiditatibus,
1563 1689 1595 1715 et
1626 1694 1755 1725 poenas
1782 1680 2016 1721 attrahamus,
2051 1684 2108 1714 sed

1125 1738 1284 1775 petamus
1307 1743 1371 1764 nos
1390 1744 1407 1764 a
1431 1731 1505 1763 Deo
1525 1733 1733 1773 gubernari,
1762 1732 1952 1774 cogitantes
1970 1740 2002 1764 et
2020 1734 2109 1764 acci-

1124 1784 1206 1814 dere
1239 1793 1340 1825 posse
1371 1782 1502 1814 subitas
1533 1783 1798 1821 conversiones,
1843 1783 1929 1815 sicut
1963 1783 2106 1815 dicitnr

1125 1831 1254 1874 Magna
1280 1840 1458 1865 momento
1486 1840 1613 1870 ruunt,
1641 1840 1673 1865 et
1700 1832 1812 1865 Deum
1840 1833 2014 1865 vindicem
2039 1844 2110 1865 esse

1124 1882 1304 1914 scelerum.

1227 1937 1324 1971 Vixit
1356 1950 1468 1971 annos
1501 1939 1645 1981 triginta
1676 1940 1763 1970 dnos
1792 1946 1823 1971 et
1855 1950 1990 1970 menses
2019 1945 2108 1972 octo.

1124 1988 1298 2030 Regnavit
1323 2000 1435 2021 annos
1460 1989 1644 2021 duodecim
1668 1995 1700 2021 et
1726 2000 1859 2020 menses
1886 1996 1973 2024 octo.
2027 1987 2106 2021 Fuit

1125 2036 1181 2072 hic
1200 2039 1328 2072 mensis
1347 2039 1480 2082 primus
1498 2038 1722 2083 Olympiadis
1742 2040 1949 2071 centesimae
1967 2046 2108 2083 quartae

1124 2090 1299 2129 decimae,
1336 2096 1417 2122 ante
1444 2087 1626 2123 Christum
1661 2096 1780 2122 natum
1813 2090 1916 2121 anuis
1948 2090 2109 2122 trecentis

1125 2140 1247 2183 viginti
1267 2146 1428 2185 quatuor.

1227 2198 1297 2231 lam
1319 2199 1394 2230 sine
1413 2205 1506 2231 certo
1526 2210 1604 2241 rege
1622 2205 1691 2230 erat
1709 2199 1858 2230 maxima
1878 2209 1956 2240 pars
1972 2198 2108 2238 generis

1125 2247 1291 2288 humani,
1325 2256 1356 2281 et
1389 2249 1534 2288 accidit,
1568 2250 1661 2292 quod
1685 2249 1858 2281 Demades
1882 2248 1988 2286 dixit,
2024 2248 2106 2280 Ale-

1124 2300 1248 2332 xandri
1279 2300 1466 2332 exercitum
1499 2299 1573 2342 ipso
1600 2306 1740 2330 mortuo
1764 2298 1914 2330 similem
1942 2310 2014 2331 esse
2038 2297 2107 2341 Cy-

1124 2350 1216 2393 clopi
1250 2350 1374 2382 effosso
1399 2350 1520 2386 oculo,
1555 2361 1592 2381 ac
1618 2349 1772 2380 membra
1797 2355 1930 2380 rectore
1954 2349 2106 2381 carentia

1125 2401 1258 2433 ruitura
1279 2400 1315 2432 in
1336 2408 1490 2432 mutuam
1510 2399 1717 2442 perniciem,
1745 2399 1832 2432 sicut
1851 2399 2032 2432 interfecto
2050 2401 2106 2431 lu—

1124 2451 1170 2483 lio
1190 2450 1325 2484 liomae
1345 2450 1489 2489 accidit,
1517 2457 1548 2482 et
1568 2450 1676 2482 multa
1695 2456 1775 2482 sunt
1794 2449 1922 2481 similia
1939 2449 2106 2492 exempla,

1122 2500 1356 2533 Constantino
1390 2506 1529 2532 mortuo
1562 2500 1624 2531 filii
1656 2499 1749 2532 inter
1779 2511 1850 2532 sese
1880 2499 2105 2533 dimicarunt.

1124 2551 1223 2584 Nunc
1257 2562 1396 2594 quoqne
1427 2557 1611 2595 postquam
1634 2548 1783 2583 Carolus
1812 2550 2104 2592 gubernationem

1122 2601 1299 2645 deposuit,
1327 2600 1538 2639 Germania,
1564 2599 1764 2643 Belgicum,
1793 2599 1893 2634 ltalia
1913 2607 1993 2633 sunt
2010 2600 2101 2632 velut

1121 2651 1282 2696 Cyclopis
1299 2662 1424 2694 corpus
1440 2651 1566 2683 amisso
1583 2651 1695 2684 oculo.
1740 2650 1964 2684 Praedixerat
1982 2656 2011 2682 et
2033 2650 2103 2691 ipse
