2324 2955
183 118 255 156 455

291 202 352 237 38.
383 200 503 244 Neque
525 203 641 230 tamen
667 193 799 228 habent
822 200 959 229 tantum
980 197 1173 229 mercedem

950 102 1427 145 DISPUTATIONES

2127 111 2200 147 456

1330 193 1388 227 10.
1418 187 1467 225 Et
1497 189 1582 227 haec
1606 192 1805 228 iustificatio
1833 194 1983 229 traditur
1998 195 2035 229 in
2049 193 2213 240 Evange-

192 260 270 300 post
294 251 384 285 hanc
407 249 533 287 vitam,
569 247 628 279 sed
659 243 788 279 habent
813 245 969 289 praemia
991 252 1025 279 et
1050 246 1088 279 in
1110 244 1175 280 hac
1229 245 1296 285 lio,
1320 249 1361 276 ut
1376 242 1745 293 sciamus‚bquomod0
1769 257 1848 278 curn
1863 244 1940 278 Deo
1963 257 2064 289 agere
2086 247 2214 281 debea-

193 305 282 343 vita'
314 302 408 333 iuxta
435 298 541 331 illud:
568 295 717 330 Honora
741 302 876 340 patrem
901 302 934 330 ct
955 302 1121 337 matrem,
1147 297 1176 330 si
1226 305 1325 334 mus,
1353 293 1516 326 videlicet
1531 299 1571 326 ut
1593 305 1728 339 semper
1749 292 2055 340 apprehendamus
2072 297 2213 331 miseri-

194 355 245 388 vis
263 362 333 385 esse
353 350 543 391 longaevus
560 359 665 392 super
682 354 822 381 terram.

297 399 357 435 39.
391 399 484 432 Hinc
510 398 691 432 evidenter
711 403 874 442 apparet,
900 398 994 443 quod
1017 395 1179 443 Evange-

196 454 281 486 lium
300 462 374 483 non
390 450 509 483 abolet
526 450 649 492 legem.

299 501 357 535 40.
393 499 520 543 Legem
538 500 661 534 tollere
683 511 723 532 ex
743 497 931 533 hominum
954 505 1098 540 natura,
1130 507 1181 534 est

198 559 305 586 totam
322 558 482 584 naturam
499 557 532 584 et
551 550 815 583 universitatem
838 561 956 583 rerum
983 550 1181 591 dissolvere,

196 610 234 636 ut
249 603 276 635 si
293 602 371 647 quis
385 601 545 634 ordinem
563 601 762 634 coelestium
781 607 815 633 et
831 600 981 633 aliorum
995 612 1180 645 corporum

197 653 413 686 dissolveret.

301 702 360 736 41.
399 700 477 735 Etsi
510 701 687 735 subtiliter
713 701 902 744 cogitatum
929 708 979 735 est
1001 713 1020 734 a
1044 700 1182 740 Stoicis,

200 754 270 786 (luo
303 764 374 785 esse
403 753 515 795 prima
550 759 583 785 et
616 758 755 785 aeterna
782 752 953 795 principia
986 748 1098 800 λόγον
1121 751 1183 786 καὶ

199 802 309 847 ’ἱίλιῃω
346 802 481 835 Tamen
507 803 604 834 nulla
631 803 747 835 afferri
772 803 870 835 firma
896 802 970 835 eius
992 804 1183 837 sententiae

201 854 290 887 ratio
314 859 445 896 potest,
481 853 570 886 sicut
594 864 709 897 neque
727 850 927 886 Aristotelis
948 854 1101 886 rationes
1124 854 1182 886 111·-

198 915 275 936 mae
302 909 399 942 sunt,
433 903 562 947 quibus
579 909 727 936 conatur
744 905 971 947 persuadere,
1003 903 1183 938 Mundum

201 965 272 987 esse
289 960 482 987 aeternum.

199 1070 285 1115 (X.)
318 1070 428 1103 Alia
464 1067 734 1113 disputatio
765 1068 813 1102 de
846 1071 1058 1104 exclusiva.-
1095 1071 1184 1105 Sola

322 1119 399 1166 fide
426 1124 495 1154 etc.
548 1121 650 1161 (Opp.
668 1120 762 1154 Basil.
784 1120 823 1151 T.
839 1119 898 1151 III.
927 1134 958 1162 p.
975 1123 1064 1160 315.)

198 1196 331 1246 Neque
355 1201 524 1244 intelligi,
555 1213 668 1246 neque
694 1200 836 1233 defendi
860 1208 973 1244 potest
993 1200 1078 1235 haec
1103 1214 1179 1236 sen-

197 1253 324 1286 tentia:
353 1252 458 1294 Quod
475 1253 546 1284 sola
564 1252 649 1284 fides
666 1251 845 1291 iustificet,
870 1252 899 1284 si
916 1253 993 1296 quis
1012 1253 1183 1296 imagina-

198 1309 278 1340 tur,
312 1302 391 1334 ideo
416 1303 482 1334 fide
507 1300 667 1334 homines
690 1301 887 1341 iustificari,
931 1303 1012 1346 quia
1036 1303 1120 1335 fides
1145 1304 1184 1335 in

199 1352 302 1386 nobis
318 1352 363 1385 sit
380 1352 516 1384 novitas
533 1352 703 1396 quaedam
716 1376 725 1390 ,
752 1362 812 1383 seu
829 1363 918 1384 nova
935 1352 1096 1395 qualitas.

299 1404 334 1437 2.
369 1401 407 1435 Si
426 1402 519 1434 enim
538 1408 682 1445 propter
700 1407 856 1433 nostram
881 1402 1073 1435 novitatem
1100 1403 1181 1436 iusti

198 1452 515 1497 pronunciaremur
527 1478 536 1492 ‚
563 1463 637 1484 non
654 1451 768 1484 solum
786 1458 929 1495 propter
944 1450 1033 1485 hanc
1049 1460 1180 1495 partem

198 1504 384 1542 novitatis,
411 1503 470 1534 sed
485 1502 596 1534 multo
614 1501 724 1542 magis
749 1508 892 1543 propter
914 1509 1022 1535 totam
1044 1503 1183 1535 novita-

197 1561 266 1588 tem
278 1580 287 1593 ,
309 1560 341 1586 et
358 1563 478 1584 omnes
496 1558 610 1585 motus
625 1551 693 1593 legi
709 1549 774 1583 Dei
797 1552 1072 1591 consentientes,
1100 1553 1181 1586 iusti

196 1603 525 1648 pronunciat-emur.

299 1654 334 1687 3.
371 1651 419 1685 Et
445 1652 662 1685 abiiciendae
685 1657 766 1684 sunt
791 1651 876 1685 istae
900 1652 1183 1695 imaginationes,

200 1703 361 1738 homines
398 1710 479 1736 ante
514 1702 814 1744 regenerationem
850 1714 921 1735 non
957 1715 1028 1736 esse
1063 1704 1183 1742 iustos,

199 1756 280 1799 quia
303 1754 462 1787 nondum
478 1750 609 1785 habent
625 1752 848 1785 munditiem.
900 1752 983 1787 Post
1001 1765 1184 1796 regenera—

199 1806 331 1838 tionem
349 1805 458 1837 iustos
475 1815 547 1836 esse
564 1810 708 1846 propter
726 1803 949 1845 munditiem,
976 1816 1081 1849 quam
1099 1817 1184 1837 con-

198 1855 305 1889 secuti
323 1861 415 1888 sunt.

297 1904 331 1940 4.
367 1904 442 1937 Hae
459 1902 725 1946 imaginationes
740 1903 1099 1946 oppresseruntPauli
1119 1906 1183 1938 do-

196 1956 362 1996 ctrinam,
404 1965 493 1999 quae
517 1960 633 1986 tamen
659 1953 714 1986 vel
740 1953 890 1987 maxime
913 1955 1106 1989 necessaria
1134 1963 1184 1990 est

196 2005 430 2040 conscientiis.

296 2056 330 2092 5.
363 2055 451 2089 Fide
469 2052 631 2088 homines
646 2053 846 2094 iustificari,
872 2060 921 2087 est
938 2050 1100 2088 homines
1121 2068 1185 2100 per

196 2106 474 2140 misericordiam
492 2112 588 2139 certo
605 2105 716 2138 iustos
739 2105 989 2149 pronunciari,
1016 2107 1122 2140 modo
1144 2114 1183 2142 ut

196 2159 230 2189 id
247 2159 401 2192 credant.

298 2208 331 2243 6.
372 2208 510 2241 Nomen
544 2206 625 2239 fidei
657 2204 828 2248 significat
856 2205 1062 2240 correlative
1091 2208 1182 2242 fidu-

198 2258 283 2290 ciam
301 2259 433 2291 alienae
448 2258 517 2298 rei,
541 2257 671 2290 scilicet
688 2256 948 2289 misericordiae
963 2255 1041 2290 Dei.

296 2310 330 2343 7.
364 2306 457 2350 Ergo
480 2306 564 2341 haec
587 2306 802 2351 propositio,
829 2305 916 2339 Fide
942 2306 1180 2350 iustificamur,

194 2359 232 2390 in
251 2370 312 2392 sua
329 2359 478 2401 simplici
499 2364 532 2391 et
555 2368 720 2400 germana
744 2357 1020 2400 significatione,
1047 2366 1096 2393 est
1120 2371 1179 2393 ex-

193 2408 324 2442 clusiva
335 2435 344 2449 ,
369 2408 503 2441 etiamsi
519 2419 592 2441 non
606 2407 756 2441 addatur
770 2407 939 2452 particula
952 2434 961 2448 ‚
988 2407 1085 2445 Sola.

293 2461 327 2494 8.
362 2458 454 2501 Quia
470 2459 554 2491 fides
579 2465 630 2492 est
650 2458 776 2491 fiducia
804 2458 940 2491 alienae
965 2458 1033 2499 rei,
1059 2461 1177 2494 exclu-

191 2510 277 2543 dens
309 2509 473 2543 fiduciam
505 2508 691 2542 cuiuslibet
724 2515 866 2543 nostrae
901 2509 1082 2554 qualitatis
1115 2519 1176 2546 aut

189 2559 316 2604 operis,

284 2609 319 2644 9.
352 2609 508 2643 Proinde
523 2608 732 2653 simpliciter
749 2608 842 2643 idem
866 2610 1080 2654 significant:
1106 2612 1174 2648 fide

185 2661 414 2697 iustificamur
426 2687 438 2704 ,
462 2666 510 2695 et:
538 2660 612 2695 sola
630 2659 697 2694 fide
711 2659 954 2699 iustificamur.

1229 344 1397 379 cordiam.
1451 342 1543 386 Quis
1558 350 1674 378 autem
1692 346 1778 379 adeo
1794 347 1940 379 demens
1955 352 2026 387 est,
2054 346 2115 392 qui
2137 359 2213 381 non

1229 395 1356 439 cogitet
1371 393 1440 427 sibi
1459 394 1700 429 misericordia
1718 407 1834 429 coram
1848 394 1932 431 Deo
1951 408 2039 441 opus
2057 397 2154 430 esse?

1333 445 1393 479 11.
1432 443 1511 479 Hoc
1535 452 1673 480 tantum
1700 454 1874 491 quaerunt
1891 447 2125 481 conscientiae
2141 458 2215 481 non

1230 496 1416 534 vecordeS‚
1464 503 1584 530 utrum
1611 496 1673 530 illa
1695 496 1936 531 misericordia
1959 498 2004 533 sit
2028 504 2140 540 certa,
2182 504 2216 531 et

1231 546 1411 593 quomodo
1430 546 1475 579 sit
1490 554 1594 582 certa.

1335 599 1393 633 12.
1424 595 1492 630 Hic
1500 596 1734 641 Evangelium
1750 599 1850 631 docet
1864 609 1946 639 nos,
1972 595 2063 632 hanc
2079 598 2216 631 miseri·

1232 648 1388 682 cordiam
1418 654 1546 682 certam
1580 659 1673 689 esse,
1714 655 1748 683 et
1772 649 1914 694 quidem
1939 649 2045 692 gratis
2072 655 2216 692 propter

1232 697 1423 733 Christum.

1341 751 1398 783 18.
1435 747 1512 782 Hoc
1527 747 1637 791 igitur
1652 755 1702 782 est
1717 749 1784 782 fide
1802 749 2000 790 iustificari,
2028 749 2215 792 confugere

1233 800 1277 833 ad
1309 800 1406 833 illam
1439 799 1735 840 misericordiam,
1773 806 1806 833 et
1840 806 2010 839 statuere,
2047 801 2142 845 quod
2173 799 2219 832 sit

1234 857 1338 886 certa.

1338 901 1397 936 14.
1430 899 1650 942 Scholastici‚
1676 898 1895 944 Campanus,
1923 908 1954 935 et
1970 900 2073 934 multi
2090 900 2218 944 passim

1234 958 1371 992 errant,
1418 950 1476 984 llli
1513 952 1615 983 fidem
1650 950 1855 993 intelligunt
1881 951 1985 984 fidem
2020 952 2217 984 formatam.

1234 1001 1435 1046 Campanus
1453 1002 1555 1035 dicit:
1590 1000 1694 1034 fidem
1717 1001 1910 1044 significare
1933 1001 2038 1034 simul
2062 1001 2165 1034 fidem
2186 1006 2220 1033 et

1234 1064 1352 1096 opera.
1399 1052 1473 1085 Alii
1491 1052 1627 1094 fingunt
1644 1051 1729 1084 alias
1745 1051 1995 1086 cavillationes.

1340 1099 1398 1136 15.
1432 1100 1479 1135 Et
1500 1099 1565 1134 hae
1587 1101 1827 1134 cavillationes
1846 1114 1968 1135 omnes
1991 1101 2158 1135 oriuntur
2179 1112 2219 1133 ex

1235 1149 1300 1188 hac
1318 1151 1590 1194 imaginatione,
1616 1151 1712 1195 quod
1729 1151 1838 1184 simus
1857 1151 1939 1184 iusti
1954 1159 2098 1195 propter
2121 1151 2220 1184 illam

1235 1202 1447 1242 novitatem,
1473 1213 1560 1245 quae
1579 1207 1629 1233 est
1645 1201 1746 1239 fides,
1771 1207 1804 1234 et
1820 1201 1881 1233 alii
1898 1208 2014 1235 motus
2032 1202 2069 1234 in
2085 1202 2201 1236 corde.

1339 1252 1397 1287 16.
1434 1249 1479 1284 Et
1495 1258 1612 1285 tamen
1628 1261 1765 1283 necesse
1781 1257 1832 1284 est
1852 1253 1956 1284 corda
1974 1252 2156 1292 renovari,
2187 1257 2220 1284 et

1235 1313 1346 1334 novos
1383 1308 1499 1335 motus
1531 1302 1600 1345 legi
1623 1299 1691 1333 Dei
1712 1302 1971 1335 consentientes
2004 1302 2150 1335 existere
2183 1302 2220 1333 in

1235 1352 1411 1385 cordibus.

1339 1402 1395 1437 17.
1426 1401 1548 1447 Neque
1563 1408 1681 1437 tamen
1699 1410 1750 1437 est
1775 1404 1997 1446 fingendum,
2020 1403 2114 1447 quod
2137 1413 2219 1446 pro-

1236 1458 1314 1495 pter
1330 1450 1421 1485 hanc
1436 1453 1630 1486 novitatem
1646 1454 1729 1486 iusti
1753 1454 1884 1493 simus,
1911 1453 1971 1485 sed
1995 1464 2057 1496 per
2081 1451 2220 1485 miseri-

1235 1502 1390 1535 cordiam
1408 1509 1551 1546 propter
1567 1500 1760 1538 Christum.

1338 1552 1395 1587 18.
1432 1551 1576 1585 Summa
1602 1549 1707 1586 huius
1731 1552 1913 1586 doctrinae
1937 1559 2004 1594 est,
2037 1553 2132 1598 quod
2158 1565 2220 1597 per

1234 1602 1514 1636 misericordiam
1529 1602 1647 1643 :simus
1672 1603 1773 1644 iusti,
1798 1609 1832 1636 et
1857 1604 1951 1648 quod
1977 1603 2219 1638 misericordia

1233 1653 1278 1686 sit
1294 1659 1399 1688 certa.

1338 1704 1396 1737 19.
1432 1701 1522 1744 Quis
1546 1709 1662 1736 autem
1687 1709 1758 1736 tam
1783 1703 1926 1736 demens
1950 1711 2020 1744 est,
2059 1704 2119 1749 qui
2146 1716 2219 1738 non

1234 1753 1360 1796 cogitet
1377 1753 1445 1786 sibi
1466 1752 1706 1785 misericordia
1731 1765 1820 1796 opus
1839 1755 1936 1787 esse?
1969 1755 2048 1800 quis
2071 1762 2121 1788 est
2148 1762 2218 1788 tam

1235 1815 1355 1837 vecors
1375 1810 1414 1836 ut
1430 1814 1503 1835 non
1520 1809 1614 1846 optet
1629 1802 1906 1837 misericordiam
1922 1813 2050 1840 certam
2066 1806 2162 1838 esse‘?

1336 1855 1398 1888 20.
1432 1852 1521 1886 Cum
1545 1854 1588 1886 de
1611 1850 1665 1885 his
1683 1854 1787 1887 rebus
1803 1861 1963 1898 oporteat
1987 1857 2217 1890 conscientias

1234 1905 1352 1937 doceri
1370 1910 1402 1937 et
1420 1903 1631 1944 confirmari,
1659 1915 1797 1938 necesse
1810 1912 1859 1939 est
1876 1906 2005 1948 doceri,
2031 1909 2125 1952 quod
2142 1908 2215 1941 sola

1233 1954 1301 1987 fide
1318 1954 1401 1988 iusti
1419 1953 1707 1998 pronunciemur.

1333 2005 1393 2040 21.
1437 2003 1530 2047 Quia
1555 2005 1790 2039 conscientiae
1816 2007 1952 2041 nullam
1977 2016 2124 2052 possunt
2150 2006 2217 2042 ha-

1232 2056 1316 2089 bere
1339 2062 1468 2089 certam
1491 2061 1526 2088 et
1545 2055 1680 2088 firmam
1696 2057 1993 2100 consolationem,
2018 2059 2087 2093 nisi
2105 2060 2217 2094 sciant

1233 2118 1297 2139 nos
1316 2118 1378 2150 per
1395 2105 1674 2139 misericordiam
1692 2107 1801 2141 iustos
1817 2109 2066 2153 pronunciari,
2092 2116 2125 2144 et
2147 2110 2215 2142 mi-

1232 2156 1457 2191 sericordiam
1476 2156 1574 2189 illam
1591 2163 1721 2190 certam
1739 2169 1821 2195 esse.
1859 2199 1861 2201 q

1332 2208 1393 2241 22.
1430 2206 1611 2250 Significat
1634 2208 1742 2251 igitur
1757 2209 1893 2244 iusticia
1910 2222 1983 2244 non
1999 2210 2215 2256 qualitatem,

1230 2258 1287 2290 sed
1305 2258 1595 2301 acceptationem:
1624 2257 1740 2293 Iustus
1757 2272 1858 2301 eum,
1884 2261 1946 2305 qui
1970 2268 2130 2305 acceptus
2153 2268 2214 2295 est.

1230 2306 1355 2341 Gratia
1375 2308 1651 2342 misericordiam
1675 2309 1713 2342 in
1735 2308 1830 2349 Deo,
1862 2321 1921 2343 seu
1942 2313 2130 2354 gratuitam
2153 2324 2213 2345 ac-

1228 2358 1473 2402 ceptationem.
1534 2358 1754 2402 Iustificatio,
1786 2361 1943 2405 reputari
1967 2373 2028 2396 seu
2053 2375 2213 2408 pronun-

1227 2409 1312 2442 ciari
1329 2409 1470 2444 iustum.

1326 2460 1388 2495 23.
1422 2459 1554 2494 Paulus
1572 2473 1645 2494 non
1661 2467 1798 2495 tantum
1817 2463 1972 2497 excludit
1987 2459 2212 2505 ceremonias,

1225 2521 1304 2543 cum
1324 2508 1479 2545 detrabit
1505 2512 1672 2555 operibus
1695 2511 1782 2555 legis
1802 2512 2101 2557 iustificationem,
2128 2516 2212 2560 quia

1224 2560 1305 2593 illae
1320 2562 1578 2606 propositiones
1594 2573 1675 2595 vere
1691 2569 1774 2597 sunt
1790 2566 2098 2601 contradictoriae:
2121 2564 2210 2599 Fide

1222 2610 1485 2648 misericordiae
1516 2611 1763 2655 iustificamur‚
1815 2621 1847 2649 et
1882 2617 2049 2662 operibus
2084 2616 2210 2654 iustifi-

1222 2671 1353 2698 camur.
