2324 2955
182 105 257 141 583

953 104 1433 144 DISPUTATIONES

1420 0 1438 10 s

2123 111 2200 150 584

186 192 235 226 tio
260 189 462 230 hominum,
489 190 547 233 qui
571 201 608 221 ex
633 187 696 222 hac
720 189 790 224 vita
809 190 1061 233 discesserunt,
1087 205 1165 226 cum
1189 198 1193 226 l
1216 194 1345 238 gratiae
1368 193 1588 229 vivificantur
1611 196 1734 238 corda,
1761 203 1955 240 agnoscunt
1970 198 2136 241 gratiam,
2160 200 2199 233 id

186 240 402 276 horrendum
426 240 575 281 cogitatu
602 240 663 279 sit,
690 241 899 284 compellare
925 239 1086 276 homines
1104 245 1166 277 ab-

184 300 314 331 sentes,
339 290 437 335 quasi
453 297 568 323 motus
586 291 744 323 cordium
764 292 969 337 inspiciant,
997 295 1091 338 quod
1110 306 1167 327 so-

184 344 252 375 lius
276 349 325 374 est
348 341 602 384 omnipotentis
621 348 782 382 naturae,
810 351 842 375 et
861 355 1018 387 expresse
1035 345 1165 379 dictum

184 394 241 426 sit:
270 392 468 424 Dominum
486 390 599 424 Deum
618 399 716 425 tuum
735 393 909 427 adorabis.

283 442 344 477 50.
381 440 540 475 Omnino
557 442 750 476 necessaria
768 451 819 477 est
837 456 917 477 cura
935 445 1083 488 singulis
1099 444 1165 480 ho·
1188 455 1191 462 ⁴

182 494 354 533 minibus,
382 505 548 536 quaerere
570 506 687 526 veram
703 492 895 527 Ecclesiam
911 494 995 537 Dei,
1022 503 1055 530 et
1078 497 1109 530 ei
1130 509 1165 530 se
1188 532 1190 538 ,

181 544 391 587 adiungere,
419 551 451 577 et
472 544 508 576 in
535 556 571 576 ea
594 545 715 577 audire
740 545 936 578 doctrinam
961 558 979 579 a
997 546 1071 580 Deo
1094 554 1165 581 tra-

180 595 309 634 ditam,
337 601 371 628 et
396 606 475 627 cum
502 592 606 628 huius
626 597 729 628 verae'
744 596 921 629 Ecclesiae
940 597 1165 631 invocatione

180 652 213 679 et
245 646 463 678 confessione
489 646 701 687 coniungere
725 659 821 679 suam
847 648 1107 681 invocationem
1133 656 1165 682 et

179 697 451 736 confessionem,
495 697 582 730 sicut
613 695 727 730 David
760 698 894 743 inquit,
935 698 1063 734 Psalm.
1086 699 1162 735 26.:

180 746 298 780 [num
325 747 408 790 petii
431 760 449 780 a
466 747 638 787 Domino,
667 745 732 780 hoc
757 748 918 792 requiro,
945 757 984 783 ut
1008 747 1163 785 habitem

178 799 214 829 in
240 799 346 830 domo
364 795 509 830 Domini
527 798 692 831 omnibus
709 799 832 832 diebus
851 799 942 833 vitae
959 812 1074 841 meae,
1101 808 1163 836 etc.

176 898 339 932 Domine.

176 949 283 990 mini,
313 950 349 982 in
367 949 464 983 atriis
483 951 609 983 domus
627 950 690 984 Dei
711 951 823 984 nostri
841 952 1028 987 florebunt.

174 1101 259 1134 siam
285 1102 460 1145 conspici,
490 1109 521 1135 et
546 1109 680 1135 coetum
701 1103 874 1136 visibilem
894 1116 977 1138 esse.

173 1203 394 1244 dementum,
419 1204 454 1236 id
479 1210 548 1243 est,
582 1204 779 1237 doctrinam
795 1203 982 1249 Evangelii
998 1205 1162 1239 incorru—

172 1260 284 1297 ptam,
309 1254 403 1287 iuxta
418 1266 540 1286 omnes
557 1254 722 1288 articulos
739 1255 832 1296 fidei,
856 1263 1049 1300 praecepta,
1078 1269 1161 1300 pro-

171 1304 374 1345 missiones,
414 1304 609 1347 legitimum
649 1316 751 1338 usum
782 1305 1092 1340 Saeramentorum
1130 1314 1161 1340 et

170 1355 403 1388 reverentiam
436 1354 633 1387 ministerio
665 1356 838 1397 debitam,
874 1369 937 1391 nec
968 1358 1161 1391 defendens

169 1405 277 1440 idola.

372 1455 443 1489 Nec
470 1456 554 1489 alibi
581 1464 662 1490 sunt
688 1457 786 1490 electi
813 1457 881 1490 nisi
906 1457 944 1490 in
970 1455 1036 1492 hoc
1061 1466 1161 1492 coetu

170 1514 392 1544 vocatorum,
422 1507 515 1540 iuxta
535 1507 640 1539 illud:
670 1506 770 1550 Quos
785 1508 901 1551 elegit,
926 1505 990 1541 hos
1008 1516 1040 1542 et
1058 1522 1161 1542 voca·
1184 1511 1185 1546 Ῐ

170 1557 230 1590 vit.
274 1556 344 1590 Nec
360 1558 504 1591 libertas
522 1558 581 1590 illa
600 1558 657 1600 pia
674 1565 743 1599 est,
771 1571 876 1603 quam
895 1559 963 1592 sibi
981 1560 1082 1593 multi
1103 1572 1161 1593 su—

169 1614 282 1648 munt,
310 1609 369 1653 qui
390 1621 486 1641 more
502 1607 794 1642 Academicorum
813 1617 995 1652 vagantur,
1024 1617 1057 1644 et
1076 1622 1160 1643 con-

170 1659 349 1692 tradicunt
373 1659 555 1698 omnibus,
583 1666 615 1692 et
635 1659 770 1693 nullius
785 1657 963 1693 Ecclesiae
980 1660 1070 1693 cives
1088 1673 1159 1694 esse

170 1710 309 1748 volunt,
343 1711 384 1743 de
407 1711 535 1755 quibus
557 1710 704 1743 dicitur:
734 1709 805 1753 Qui
831 1722 902 1743 non
929 1711 1061 1755 colligit
1084 1724 1158 1744 me-

171 1772 269 1800 cum,
294 1761 474 1805 dispergit.

271 1809 331 1846 53.
375 1810 421 1845 Et
452 1811 545 1845 filius
568 1810 633 1844 Dei
664 1811 699 1843 in
727 1823 838 1854 agone
863 1819 1024 1855 precatur
1047 1820 1157 1846 aeter-

169 1873 255 1893 num
290 1869 444 1906 patrem,
479 1869 517 1895 ut
545 1862 647 1895 faciat
678 1869 715 1894 ut
737 1875 848 1895 unum
875 1863 983 1896 simus
1008 1864 1044 1896 in
1069 1862 1157 1899 Deo.

167 1912 413 1956 Adiungamus
434 1913 541 1956 igitur
561 1925 626 1945 nos
642 1913 683 1945 ad
702 1925 818 1945 veram
838 1911 1050 1953 Ecclesiam,
1077 1915 1158 1948 ubi-

170 1974 308 2007 cunque
327 1976 464 2003 sumus,
492 1964 583 1997 votis
604 1971 636 1996 et
655 1964 884 1996 confessione.
937 1964 1056 2007 Quare
1073 1977 1157 1998 con-

169 2014 270 2047 fiteor
292 2027 346 2047 me
369 2015 531 2058 amplecti
549 2026 757 2047 consensum
773 2012 964 2048 catholicae
980 2016 1158 2050 Ecclesiae

169 2064 233 2098 Dei
258 2077 457 2110 expressum
481 2066 519 2098 in
542 2066 779 2106 confessione,
807 2078 911 2111 quam
935 2064 1019 2100 haec
1033 2066 1158 2101 Eccle-
1181 2099 1182 2109 ¹

171 2115 219 2148 sia
252 2115 411 2150 exhibuit
441 2116 649 2160 Imperatori
680 2115 808 2150 Carolo
839 2115 1018 2160 Augustae
1049 2116 1182 2152 Αῐιιιο1

173 2163 282 2200 1550.
306 2175 338 2201 et
362 2168 400 2200 in
425 2167 587 2201 societate
610 2180 751 2207 corum,
778 2167 839 2212 qui
862 2165 952 2201 hanc
978 2169 1158 2203 doctrinae

172 2229 293 2250 vocem
320 2219 593 2261 amplectuntur:
628 2218 762 2251 Verum
779 2216 912 2259 Deum,
945 2219 1071 2253 fiducia
1094 2221 1157 2253 filii

171 2265 238 2300 Dei
252 2266 398 2301 Domini
418 2270 530 2304 nostri
549 2268 626 2302 lesu
642 2267 776 2303 Christi
794 2269 931 2305 invoco.

276 2318 337 2354 54.
378 2319 466 2353 Cum
495 2320 625 2353 dicitur
651 2321 744 2363 apud
768 2317 992 2353 Zachariam:
1031 2319 1159 2355 Effun-

176 2370 256 2402 dam
284 2382 387 2413 super
416 2372 558 2404 domum
582 2371 723 2411 David,
757 2378 790 2405 et
814 2369 1158 2415 super—habitatores
1180 2372 1182 2394 ³

174 2419 362 2454 Ierusalem
389 2420 560 2465 Spiritum
587 2422 717 2465 gratiae
738 2428 773 2456 et
796 2434 958 2466 precum,
985 2423 1158 2457 discerni-

1190 280 1191 287 ,
1217 252 1277 285 est,
1305 245 1583 278 misericordiam
1602 245 1680 288 Dei,
1707 254 1850 292 propter
1866 249 2098 283 redemtorem
2114 263 2198 296 pro-

1190 338 1191 344 *
1215 295 1378 336 missum,
1413 303 1446 329 et
1467 308 1502 329 se
1524 297 1633 340 recipi
1654 300 1813 334 credunt.
1871 296 1918 332 Et
1941 311 2019 332 cum
2043 297 2108 334 hac
2129 301 2197 335 fide

1190 346 1379 393 ,Spiritus
1405 354 1544 380 sanctus
1580 350 1737 383 accendit
1773 361 1893 383 veram
1927 350 2198 393 invocationem,

1189 423 1191 448 ἒ
1215 409 1302 441 quae
1322 397 1358 430 fit
1374 403 1510 431 tantum
1528 398 1565 430 in
1584 410 1663 431 vera
1680 397 1846 435 Ecclesia.

1315 444 1375 480 55.
1408 447 1498 481 Nam
1515 446 1682 490 Ethnici,
1709 449 1818 483 Turci
1838 458 1871 484 et
1885 451 2033 490 similes,
2062 452 2198 486 etiamsi

1215 498 1401 532 adfirmant
1418 510 1452 531 se
1469 500 1632 533 invocare
1650 512 1771 533 verum
1789 501 1917 542 Deum,
1943 509 1976 535 et
1995 503 2083 535 illud
2101 503 2199 535 vide-

1214 549 1294 582 licet
1323 561 1473 590 numen,
1508 552 1603 595 quod
1636 551 1795 585 condidit
1826 553 1962 585 coelum
1993 560 2025 585 et
2059 560 2199 594 terram,

1212 606 1331 633 tamen
1360 612 1378 633 a
1413 612 1496 633 vero
1526 599 1601 634 Deo
1635 603 1819 643 aberrant,
1853 602 1934 648 quia
1965 610 2095 646 negant
2126 615 2198 637 esse

1213 657 1391 684 aeternum
1417 658 1570 695 patrem,
1597 659 1630 686 et
1655 653 1767 687 filium
1789 653 1977 696 imaginem
2002 655 2044 687 de
2065 654 2199 687 aeterni

1188 727 1189 743 2
1212 702 1320 744 patris
1345 702 1493 736 essentia
1519 703 1688 745 genitam,
1716 711 1749 738 et
1769 703 1944 748 Spiritum
1969 712 2129 738 sanctum
2154 705 2198 739 ab

1212 759 1354 786 aeterno
1373 760 1470 796 patre
1489 759 1523 786 et
1541 753 1612 787 filio
1630 755 1888 797 procedentem.

1186 826 1189 846 Υ
1313 803 1373 837 56.
1413 803 1494 836 Non
1520 804 1627 847 igitur
1648 806 1797 840 adorant
1822 817 1945 840 verum
1969 805 2102 843 Deum,
2137 807 2199 839 sed

176 846 222 881 Et
246 847 376 881 Psalm.
400 849 475 883 83.:
509 847 610 881 Beati
636 850 695 893 qui
723 847 887 884 habitant
909 851 945 884 in
970 852 1077 885 domo
1104 859 1162 886 tua
1186 849 1188 860 “

391 897 438 933 Et
461 898 601 932 Psalmo
619 899 695 934 91.:
725 899 879 934 Plantati
903 902 940 934 in
965 903 1070 937 domo
1088 902 1162 937 Do·
1186 904 1188 913 '

1211 853 1376 897 sculpunt
1397 855 1463 888 sibi
1487 855 1571 898 ipsis
1595 856 1821 889 simulacrum
1840 857 1878 889 in
1897 868 1956 890 sua
1973 856 2198 899 cogitatione,

1211 906 1306 949 quod
1338 905 1570 949 compellant,
1605 907 1775 950 fingentes
1804 907 1939 953 aliquid
1970 917 2042 940 esse
2072 905 2199 948 Deum,

1185 955 1187 998 ξ
1211 956 1305 1000 quod
1322 967 1395 988 non
1414 963 1464 989 est
1482 955 1589 990 Deus.

278 998 338 1034 51.
375 999 422 1034 Et
443 1013 521 1033 cum
549 1001 632 1034 velit
653 1000 768 1042 Deus,
801 1002 912 1035 filium
936 1004 1097 1046 agnosci,
1130 1010 1163 1037 et

175 1051 335 1084 exaudiri
367 1051 403 1084 in
429 1058 502 1084 toto
527 1063 652 1094 genere
675 1049 851 1090 humano,
886 1054 962 1087 vult
985 1062 1019 1088 et
1040 1053 1162 1087 Eccle-
1184 1094 1186 1100 Α

1028 1103 1162 1148 Estque
1184 1103 1187 1136 ἶ

174 1163 254 1185 vera
278 1150 344 1184 Dei
363 1151 537 1192 Ecclesia,
565 1160 682 1186 coetus
706 1154 874 1195 visibilis,
901 1154 1057 1188 retinens
1079 1155 1162 1187 fun—
1184 1169 1186 1177 >

1184 1209 1186 1215 ⁸
1210 1206 1309 1240 Talis
1339 1215 1389 1242 est
1419 1208 1595 1242 invocatio
1629 1209 1918 1253 compellantium
1950 1206 2113 1244 homines
2137 1210 2198 1243 ab·

1311 1005 1372 1042 57.
1413 1004 1486 1040 Alii
1520 1014 1637 1050 postea
1669 1008 1736 1040 alia
1761 1008 1870 1041 multa
1895 1007 2082 1041 simulacra
2106 1009 2198 1041 scul-

1211 1063 1317 1098 punt,
1344 1064 1383 1090 ut
1397 1056 1632 1091 Athenienses
1651 1058 1688 1090 in
1705 1059 1799 1091 bello
1816 1058 1942 1091 Xerxis
1956 1059 2199 1092 sacrificabant

1208 1105 1360 1146 Boreae,
1386 1113 1554 1152 tanquam
1580 1108 1686 1141 veteri
1705 1109 1814 1141 adfini
1833 1116 1977 1152 propter
1995 1107 2198 1154 Orithyam,

1210 1163 1241 1189 et
1266 1157 1450 1200 petebant,
1485 1164 1524 1191 ut
1549 1158 1693 1191 classem
1710 1157 1837 1191 Xerxis
1863 1170 1925 1192 suo
1940 1159 2025 1192 ssatu
2042 1160 2199 1202 pelleret.

1184 1277 1185 1292 l
1210 1264 1333 1292 sentes.

1311 1306 1371 1345 58.
1412 1309 1550 1343 Deinde
1580 1310 1750 1342 accedunt
1774 1307 1920 1341 Ethnici
1945 1311 1989 1341 ad
2016 1310 2106 1344 illud
2130 1322 2198 1344 nu-

1210 1371 1290 1392 men
1317 1360 1392 1393 sine
1420 1360 1735 1404 promissionibus,
1769 1358 1844 1392 sine
1874 1360 2085 1400 mediatore,
2118 1371 2197 1393 cum

1184 1429 1185 1432 =
1209 1415 1375 1453 perpetua
1393 1410 1628 1444 dubitatione.
1680 1408 1730 1442 Ita
1747 1410 1974 1443 mediatorem
1994 1422 2090 1444 nunc
2108 1422 2198 1456 quo-

1182 1455 1186 1507 ]
1209 1472 1276 1505 que
1299 1467 1499 1501 removent,
1528 1460 1587 1505 qui
1611 1460 1734 1494 iubent
1752 1472 1894 1492 manere
1911 1461 1947 1492 in
1964 1461 2196 1500 dubitatione,

1209 1517 1268 1544 aut
1292 1511 1352 1555 qui
1371 1511 1495 1544 fiducia
1513 1511 1567 1543 sui
1584 1510 1761 1550 sacrificii,
1789 1517 1850 1544 aut
1863 1510 2014 1544 aliorum
2031 1511 2194 1555 proprio-

1183 1560 1185 1566 ⁴
1208 1573 1285 1594 rum
1304 1573 1449 1603 operum
1466 1562 1509 1594 ad
1525 1559 1639 1594 Deum
1655 1562 1835 1594 accedunt.

1310 1609 1370 1645 59.
1397 1609 1445 1644 At
1461 1624 1539 1645 cum
1556 1623 1637 1644 vera
1651 1611 1875 1645 invocatione
1890 1611 2098 1645 coniunctae
2113 1619 2195 1646 sunt

1208 1669 1362 1695 caeterae
1393 1662 1556 1703 virtutes,
1590 1660 1763 1700 Dilecfio,
1797 1662 1930 1694 bonum
1963 1662 2196 1705 propositum,

1207 1712 1313 1757 Spes,
1346 1712 1538 1753 Patientia,
1566 1720 1599 1746 et
1621 1713 1728 1752 aliae,
1756 1712 1802 1761 ita
1829 1724 1908 1745 cum
1934 1711 2089 1756 Spiritus
2113 1724 2196 1746 san-

1207 1771 1280 1796 ctus
1311 1764 1415 1796 corda
1448 1764 1514 1796 fide
1547 1763 1714 1803 vivificat,
1749 1762 1855 1795 simul
1886 1760 2030 1797 inchoat
2063 1763 2100 1796 in
2130 1761 2195 1797 hac

1207 1814 1447 1847 consolatione
1469 1814 1673 1847 interiorem
1700 1813 1958 1855 obedientiam,
1991 1815 2085 1859 quod
2110 1826 2194 1848 voce

1207 1865 1292 1908 legis
1310 1877 1530 1910 nequaquam
1551 1864 1637 1897 effici
1657 1866 1780 1908 potuit.

1307 1915 1367 1950 60.
1402 1915 1470 1949 Sed
1486 1913 1570 1948 haec
1586 1916 1785 1949 obedientia
1803 1915 1963 1948 nondum
1977 1922 2026 1949 est
2043 1916 2194 1959 perfecta

1207 1966 1291 2010 legis
1316 1966 1494 2010 impletio,
1519 1967 1600 2011 quia
1624 1967 1844 1999 verissimum
1862 1973 1930 2004 est,
1960 1973 2137 2011 peccatum
2157 1966 2194 1999 in

1207 2024 1332 2050 natura
1357 2015 1511 2050 humana
1538 2017 1713 2062 reliquum
1738 2017 1775 2050 in
1796 2015 1858 2050 hac
1876 2017 1962 2058 vita,
1988 2017 2051 2050 etsi
2070 2017 2194 2051 morti-

1206 2068 1301 2101 ficari
1339 2068 1447 2111 cepit,
1490 2075 1607 2100 tamen
1645 2069 1806 2101 nondum
1840 2079 1982 2112 prorsus
2013 2075 2192 2102 mortuum

1208 2130 1291 2153 esse.
1345 2118 1494 2162 Tegitur
1516 2125 1633 2152 autem
1656 2131 1675 2152 a
1697 2118 1770 2151 filio
1790 2117 1875 2159 Dei,
1904 2119 1965 2164 qui
1981 2126 2030 2152 est
2046 2119 2192 2152 umbra-

1207 2170 1344 2210 culum,
1371 2177 1403 2202 et
1419 2169 1583 2203 liberavit
1600 2171 1780 2203 credentes
1797 2181 1816 2202 a
1830 2170 2078 2203 maledictione
2097 2169 2192 2212 legis.

1181 2220 1183 2259 l
1308 2221 1369 2256 61.
1411 2218 1661 2265 Philosophica
1691 2220 1894 2264 imaginatio
1927 2227 1996 2260 est,
2040 2217 2191 2254 heroicis

1180 2271 1183 2304 l
1207 2272 1312 2305 donis
1342 2271 1484 2310 infusis,
1518 2278 1700 2316 propterea
1730 2269 1911 2305 hominem
1942 2270 2073 2304 iustum
2108 2282 2192 2312 esse,

1207 2323 1297 2356 sicut
1320 2329 1352 2355 et
1370 2321 1493 2357 Cicero
1519 2323 1656 2368 inquit,
1690 2322 1832 2356 Nullam
1854 2321 2000 2354 existere
2025 2321 2189 2356 virtutem

1180 2402 1182 2417 ,
1207 2385 1370 2417 magnam
1393 2373 1468 2406 sine
1489 2374 1621 2407 adflatu
1644 2373 1780 2408 divino.
1832 2369 1877 2406 Et
1897 2372 2039 2417 quidem
2057 2370 2192 2406 Ethai-

1179 2422 1182 2467 ξ
1206 2425 1254 2458 cis
1286 2424 1367 2458 illae
1399 2424 1492 2469 ipsae
1524 2422 1685 2458 heroicae
1715 2423 1879 2463 virtutes,
1912 2430 1951 2457 ut
1975 2420 2126 2466 Achillis
2156 2429 2190 2457 et

174 2478 232 2505 tur
262 2483 379 2505 carcer
402 2472 485 2515 legis
507 2485 526 2505 a
549 2473 758 2506 liberatione
782 2474 912 2507 donata
933 2485 996 2517 per
1019 2475 1157 2508 redem-
1180 2478 1181 2514 l
1206 2474 1400 2509 Alexandri
1427 2476 1618 2516 fortitudo,
1651 2473 1800 2507 illustria
1824 2473 2025 2507 testimonia
2047 2474 2091 2507 de
2113 2473 2188 2508 Deo

173 2528 285 2556 torem
309 2522 420 2555 filium
443 2522 518 2556 Dei.
578 2523 646 2557 Lex
671 2524 907 2558 ministerium
932 2532 982 2558 est
1006 2522 1157 2559 horren-
1205 2527 1358 2562 fuerunt.
1412 2527 1482 2562 Sed
1505 2527 1544 2560 in
1558 2524 1712 2559 Ecclesia
1737 2536 1874 2559 necesse
1895 2532 1962 2566 est,
1987 2525 2057 2558 dici
2074 2526 2117 2558 de
2133 2537 2189 2558 re·

174 2574 238 2606 dae
262 2573 333 2606 irae
350 2572 434 2614 Dei,
462 2580 494 2606 et
519 2574 555 2605 in
579 2571 641 2606 hac
666 2574 798 2617 ingenti
823 2576 1106 2610 consternatione
1123 2584 1156 2611 et
1178 2583 1179 2625 ζ
1205 2577 1371 2612 missione
1407 2584 1647 2622 peccatorum,
1687 2576 1730 2609 de
1765 2575 1997 2620 imputatione
2030 2575 2189 2610 iusticiae

171 2624 253 2667 fuga
276 2624 477 2658 conticescit
499 2623 687 2659 invocatio.
739 2625 808 2659 Sed
832 2639 909 2659 cum
934 2639 1020 2661 voce
1035 2625 1156 2661 Evan-
1205 2635 1347 2673 propter
1378 2629 1490 2662 filium
1521 2626 1606 2668 Dei,
1639 2633 1673 2660 et
1701 2627 1744 2659 de
1773 2627 1862 2668 fide,
1892 2627 1930 2660 id
1959 2633 2026 2668 est,
2059 2626 2187 2661 fiducia

171 2675 253 2718 gelii
285 2676 524 2709 annunciatur
554 2675 711 2708 remissio
745 2684 985 2719 peccatorum,
1018 2678 1154 2723 Spiritu
1175 2693 1180 2719 ι
1202 2680 1464 2714 misericordiae
1486 2678 1646 2712 intuente
1666 2677 1779 2712 filium
1794 2676 1880 2720 Dei,
1903 2689 1972 2724 qua
1996 2677 2187 2712 liberamur
