2324 2955
178 110 250 148 65t

182 195 391 241 cogitatione
408 191 602 225 medentur.
652 182 700 219 Et
719 181 799 218 'veri
822 182 960 216 dolores
985 188 1018 216 et
1043 192 1163 216 sensus

180 243 428 283 consolationis
461 241 667 274 discernunt
698 233 904 281 hypocrisin
929 244 948 267 a
970 243 1051 267 vera
1075 245 1160 267 con-

181 298 352 332 versione.

281 345 337 379 36.
371 341 567 386 Utrumque
587 336 894 377 sitcertissimum‚
921 345 1061 368 sensum
1079 345 1166 367 con-

181 395 361 431 solationis
389 391 633 426 testimonium
664 400 736 422 esse
770 386 987 432 praesentiae
1010 384 1163 429 Spiritus

179 447 309 486 sancti,
334 444 394 489 qui
412 450 462 476 est
480 442 617 475 Arrabo
644 438 792 482 gratiae,
820 444 853 471 et
878 437 1014 470 assidue
1037 436 1164 468 confir-

180 497 346 531 mandam
375 505 446 526 esse
473 491 722 525 certitudinem
748 489 784 521 in
807 487 1048 524 invocatione,
1076 486 1164 518 sicut

180 546 406 581 meminimus
437 549 591 576 sanctam
623 546 820 573 matronam
852 549 925 570 non
951 537 1062 570 multo
1087 543 1166 569 ante
1192 536 1193 566 j

182 604 332 631 mortem
351 595 485 634 dicere,
512 604 584 625 nou
602 603 637 624 se
655 596 770 634 petere
788 590 928 630 longam
950 587 1076 625 vitam,
1108 587 1166 618 sed

182 646 268 681 haec
292 658 327 680 se
353 651 490 690 petere,
533 654 577 675 ne
603 641 827 683 extinguatur
852 636 935 671 haec
963 637 1168 677 consolatio,

185 710 290 743 quam
307 695 403 730 Deus
419 694 516 727 cordi
534 692 726 726 tribuisset.

291 754 351 788 37.
391 752 525 787 Nititur
549 757 663 784 autem
687 747 772 782 haec
796 747 880 780 fides
908 757 972 780 nec
998 745 1168 789 dignitate

183 806 349 852 propria,
372 815 437 836 nec
462 801 691 847 qualitatibus
711 798 882 843 propriis,
917 798 976 830 sed
1000 797 1075 840 ipso
1092 795 1166 829 Deo

184 865 217 890 et
234 856 426 889 mediatore
445 853 563 896 agnito
584 862 644 895 per
662 850 820 882 verbum.
865 847 964 882 Sicut
982 848 1018 879 in
1028 847 1166 880 Psalmo

184 907 330 941 dicitur:
365 904 476 948 Spero
497 904 534 935 in
551 902 657 934 verbo
675 900 767 939 eius,
794 910 894 943 spero
912 898 948 931 in
963 897 1169 931 Dominum.

289 964 350 998 58.
385 961 572 996 Horrenda
588 970 655 992 vox
676 964 743 998 est,
770 958 894 990 docere
922 955 1082 990 homines
1105 968 1169 989 vo-

187 1023 282 1049 catos
301 1021 333 1048 et
351 1013 526 1049 dolentes,
553 1017 592 1044 ut
608 1014 772 1041 maneant
791 1008 828 1040 in
846 1007 1078 1048 dubitatione,
1106 1009 1170 1040 do-

184 1078 250 1099 nec
275 1065 311 1098 vi
336 1069 505 1106 cogantur
529 1061 689 1099 credere,
731 1059 790 1091 sed
825 1059 1017 1090 doceantur
1041 1058 1170 1100 potius,

184 1124 226 1151 ut
249 1114 451 1157 confugiant
478 1113 518 1144 ad
545 1111 656 1143 filium
675 1108 741 1141 Dei
765 1107 903 1140 assidua
930 1107 1169 1139 invocatione:

185 1165 363 1201 Converte
385 1175 440 1196 me
457 1160 627 1200 Domine,
655 1165 684 1191 et
712 1164 907 1191 convertar.
961 1156 1076 1189 Credo
1096 1155 1171 1189 Do-

187 1217 300 1250 mine,
331 1224 432 1258 opem
451 1213 502 1244 ser
521 1208 755 1243 imbecillitati
775 1219 880 1240 meae.
933 1206 1046 1240 Petite
1064 1214 1095 1239 et
1112 1219 1170 1239 ac-

187 1266 335 1310 cipietis.
366 1260 479 1307 Ephe.
493 1263 544 1296 3.:
571 1259 612 1293 Iu
624 1257 764 1293 Christo
780 1255 950 1291 habemus
966 1254 1171 1302 παρῤησίαν

187 1315 248 1351 καὶ
273 1310 523 1360 προσαγωγὴν
548 1310 586 1344 ἐν
610 1304 825 1353 πεποιθήσει
846 1306 908 1342 διὰ
934 1309 998 1352 τῆς
1018 1305 1172 1345 πίστεως

187 1366 315 1401 αὐτοῦ.
381 1363 470 1397 Cum
503 1361 634 1395 talibus
667 1359 971 1393 consolationibus
994 1358 1172 1400 erigimur,

187 1417 227 1451 fit
254 1414 339 1456 hoc,
369 1413 464 1459 quod
489 1417 588 1445 vetus
612 1409 745 1443 dictum
772 1409 902 1453 inquit:
936 1407 1172 1441 Praecedente

187 1467 318 1511 gratia,
344 1464 533 1498 comitante
558 1461 752 1495 voluntate.
804 1458 875 1492 Nec
899 1458 1063 1492 voluntas
1084 1469 1173 1503 quae

189 1517 308 1551 sanari
324 1514 468 1558 incipit,
500 1513 569 1546 iam
590 1523 625 1544 se
642 1516 682 1544 ut
698 1517 843 1544 truncus
863 1506 987 1549 habet,
1011 1514 1071 1541 aut
1096 1519 1173 1541 sco—

188 1568 304 1612 pulus.
372 1564 442 1598 Sed
465 1569 556 1596 recte
578 1561 711 1594 dictum
733 1566 800 1600 est,
842 1565 875 1593 et
904 1559 1046 1603 quidem
1074 1569 1174 1591 vere-

187 1618 323 1654 cunde,
351 1614 445 1660 quod
460 1612 702 1647 Nazianzenus
719 1609 872 1654 scripsit:
908 1610 999 1643 Πᾶν
1020 1606 1062 1642 τὸ
1086 1620 1175 1642 κατ-

192 1663 429 1713 ορθούμενον
457 1660 557 1706 παρὰ
590 1662 684 1695 θεοῦ
713 1657 809 1700 ἐστὶ,
853 1657 1001 1694 δέδοται
1028 1655 1068 1692 δὲ
1099 1658 1176 1696 τοῖς

191 1714 431 1760 καλοιχιιένοις
439 1740 450 1755 ‚
477 1712 539 1748 καὶ
558 1710 655 1746 οὕτω
670 1706 832 1745 νεύουσι.

296 1773 355 1808 39.
385 1772 454 1806 Hic
475 1780 656 1816 processus
679 1780 698 1801 a
723 1768 832 1801 verbo
857 1765 999 1800 initium
1024 1777 1176 1803 sumens,

194 1834 228 1861 et
247 1824 397 1866 intelligi
422 1828 551 1867 potest,
578 1827 611 1853 et
635 1830 737 1852 usum
764 1815 869 1850 habet
896 1816 933 1849 in
954 1817 1122 1849 docendis
1144 1822 1178 1849 et

192 1874 417 1911 consolandis
434 1873 495 1912 iis,
522 1870 583 1916 qui
598 1875 787 1912 anguntur.
827 1866 931 1900 Prius
947 1867 990 1899 de
1007 1866 1178 1899 electione

192 1927 392 1970 disputare,
417 1929 468 1956 est
492 1931 657 1966 quaerere
687 1930 760 1952 non
783 1918 967 1958 mandata,
1002 1923 1034 1950 et
1058 1916 1179 1960 impli-

191 1988 269 2011 care
285 1981 419 2009 mentes
436 1969 691 2006 incertitudini.

296 2034 358 2069 40.
398 2031 469 2066 Nec
488 2029 646 2075 sequitur
671 2039 711 2060 ex
736 2025 803 2059 hoc
826 2036 991 2070 processu
1014 2024 1178 2058 meritum

193 2084 363 2122 stabiliri,
391 2083 463 2115 imo
480 2081 564 2113 fides
580 2090 651 2112 non
670 2077 936 2117 accenderetur,
962 2075 1031 2108 nisi
1047 2075 1179 2119 gratui-

195 2146 266 2171 tam
283 2131 563 2168 misericordiam
581 2130 812 2162 intueremur.

298 2192 358 2227 41.
388 2190 630 2226 Ptemovemus
653 2186 759 2230 igitur
782 2185 843 2218 illa
865 2190 940 2218 turn
963 2181 1181 2224 manichaea,

199 2254 274 2280 tum
302 2239 571 2280 enthusiastica,
619 2248 708 2282 quae
732 2236 868 2278 fingunt
893 2234 1087 2268 violentam
1112 2235 1180 2266 im-

196 2293 414 2340 pressionem
438 2290 632 2324 adssatuum
657 2286 907 2330 expectandam
933 2296 1022 2325 esse,
1059 2290 1093 2317 et
1122 2284 1179 2316 in-

197 2353 292 2379 terea
314 2342 549 2376 dubitandum
577 2339 619 2371 de
643 2337 773 2381 gratia,
815 2336 912 2380 quod
939 2346 1018 2367 curn
1044 2334 1181 2376 dicunt,

200 2399 360 2440 pugnant
376 2403 454 2425 cum
472 2388 539 2423 hoc
555 2389 664 2422 dicto:
691 2386 775 2421 Sola
792 2386 860 2419 fide
878 2384 1118 2419 iustificamur.

298 2451 360 2485 42.
394 2448 508 2482 Simul
526 2447 630 2481 etiam
648 2447 855 2479 damnamus
869 2443 1092 2486 Pelagianos,
1119 2443 1180 2489 qui

201 2510 284 2539 sunt
307 2496 505 2543 blasphemi
529 2504 649 2530 contra
676 2495 848 2538 Spiritum
871 2501 1052 2535 sanctum,
1088 2500 1121 2526 et
1143 2505 1181 2527 re

199 2557 274 2599 ipsa
298 2551 429 2586 tollunt
455 2547 643 2580 articulum
667 2546 765 2578 fidei:
800 2544 915 2578 Credo
941 2545 977 2576 in
1006 2543 1179 2588 Spiritum
1205 2551 1207 2592 ¹]

203 2609 372 2639 sanctum,
408 2598 484 2632 Imo
502 2597 590 2640 grati
609 2594 676 2628 hoc
693 2606 867 2628 summum
877 2594 942 2629 Dei
960 2594 1180 2633 beneficium,
1204 2595 1208 2639 J

946 91 1427 132 DISPUTATIONES

2120 97 2193 135 652

1215 181 1312 224 Quid
1334 179 1430 213 enim
1458 179 1541 213 dare
1570 177 1683 213 maius
1715 185 1830 224 potest
1857 192 1962 225 quam
1992 193 2027 216 se
2055 182 2192 227 ipsum?

1215 233 1303 265 sicut
1317 230 1449 276 inquit:
1475 229 1664 265 Effundam
1682 231 1725 264 de
1742 242 1820 263 meo
1830 229 1976 275 Spiritu.
2002 230 2050 268 Et
2063 240 2194 278 quanta

1216 281 1409 316 consolatio
1426 287 1477 314 est
1494 280 1532 313 in
1547 287 1643 315 tanta
1667 281 1870 315 infirmitate
1896 288 2032 323 nostra,
2065 281 2194 318 habere

1216 331 1310 366 hunc
1329 328 1580 377 Παράκληῑον
1597 331 1865 374 gubernatorem
1880 338 1914 366 et
1935 333 2194 377 opitulatorem.

1318 381 1381 418 43.
1421 381 1536 415 Datur
1559 388 1675 415 autem
1701 383 1909 425 cogitatione
1924 381 2131 427 Evangelii,
2156 393 2195 418 ut

1218 444 1317 477 saepe
1340 433 1527 466 adfirmant
1543 432 1633 465 dicta
1650 431 1771 465 divina
1799 432 1879 468 Gal.
1897 434 1952 475 3.,
1982 442 2020 468 ut
2044 435 2196 480 promis·

1219 486 1352 518 sionem
1371 483 1524 527 Spiritus
1543 482 1751 526 accipiamus
1768 494 1828 526 per
1843 483 1956 519 fidem.

1319 532 1382 569 44.
1440 532 1648 575 Imaginatio
1693 533 1820 567 stoicae
1858 534 2070 568 necessitatis
2086 562 2095 576 ,
2147 544 2197 570 est

1219 585 1362 630 abyssus
1378 581 1607 617 horribilium
1630 595 1790 617 errorum
1806 589 1838 617 et
1855 585 2102 618 confusionum
2120 588 2197 619 ani-

1219 636 1279 675 mi,
1307 634 1420 668 Deum
1439 634 1651 667 contumelia
1665 634 1792 672 adficit,
1821 634 1914 668 delet
1929 634 2199 678 invocationem,

1220 686 1392 728 extinguit
1427 685 1645 728 diligentiam
1682 685 1718 717 in
1753 685 1913 727 regendis
1947 685 2123 727 moribus,
2166 693 2199 721 et

1221 736 1426 781 praecipitat
1443 742 1574 768 mentes
1591 735 1627 767 in
1645 735 1934 779 desperationem.

1323 786 1382 822 45.
1416 785 1494 819 Etsi
1513 786 1619 828 igitur
1636 786 1691 829 pie
1709 792 1741 819 et
1760 793 1960 820 constanter
1984 785 2200 831 profitemur,

1220 837 1332 871 Deum
1350 838 1469 870 adesse
1494 836 1658 870 omuibus
1684 836 1849 870 creaturis
1873 838 2027 879 generali
2051 838 2200 879 actione,

1220 894 1258 922 ut
1284 887 1506 927 nominatur,
1540 887 1575 919 id
1601 894 1666 925 est,
1703 887 1965 920 conservatione
1989 889 2202 923 substantia-

1220 950 1315 978 rum,
1342 939 1453 970 donec
1477 944 1747 978 conservantur,
1781 937 1870 970 sicut
1891 938 2091 972 dulcissime
2116 952 2202 973 con-

1221 989 1382 1022 cionatur
1397 988 1570 1022 Psalmus:
1606 986 1757 1020 Domine
1782 988 1937 1031 probasti
1961 1001 2016 1022 me
2044 995 2106 1023 etc.
2155 988 2202 1023 Et

1222 1050 1424 1084 quanquam
1456 1039 1564 1072 multa
1597 1044 1678 1071 sunt
1704 1038 1842 1078 fatalia,
1875 1045 1914 1072 ut
1937 1051 2071 1083 poenae
2094 1041 2202 1073 scele-

1221 1101 1322 1129 rum,
1361 1095 1393 1121 et
1414 1088 1661 1121 translationes
1686 1089 1938 1131 imperiorum,
1975 1096 2009 1122 et
2029 1090 2139 1123 multa
2164 1091 2202 1122 in

1222 1138 1367 1183 privatis
1396 1138 1607 1171 mirabiliter
1637 1138 1897 1180 gubernantur,
1940 1144 2056 1171 tamen
2085 1140 2203 1182 regula

1222 1187 1502 1222 constantissime
1521 1188 1673 1221 tenenda
1691 1193 1758 1221 est:
1786 1188 1904 1221 Deum
1929 1200 2002 1221 non
2026 1201 2096 1222 esse
2121 1202 2204 1223 cau-

1222 1251 1294 1272 sam
1320 1238 1469 1282 peccati‚
1497 1249 1560 1270 nec
1585 1237 1691 1278 velle,
1719 1250 1782 1271 nec
1806 1238 1963 1279 efficere,
1989 1251 2052 1272 nec
2076 1241 2204 1285 adpro-

1223 1290 1305 1322 bare
1322 1295 1519 1333 peccatum,
1547 1299 1610 1321 nec
1628 1288 1809 1332 impellere
1833 1289 2031 1322 voluntates
2054 1291 2097 1323 ad
2124 1298 2205 1335 pec-

1223 1340 1387 1375 candum.

1325 1388 1386 1424 46.
1421 1387 1539 1423 Etiam
1557 1390 1594 1423 in
1611 1400 1684 1422 non
1701 1389 1831 1425 renatis
1852 1389 1988 1435 reliqua
2013 1397 2064 1425 est
2087 1391 2206 1436 aliqua

1223 1440 1367 1474 libertas
1391 1441 1563 1484 regendae
1586 1440 1836 1479 locomotivae‚
1878 1447 1918 1474 ut
1940 1441 2065 1475 usitate
2090 1442 2205 1475 nomi-

1225 1502 1370 1531 namus,
1411 1491 1492 1536 quia
1524 1491 1628 1524 etia'm
1660 1497 1737 1534 post
1760 1490 2046 1534 depravationem
2070 1492 2206 1534 generis

1225 1539 1373 1574 humani
1398 1546 1516 1573 manet
1539 1552 1729 1573 nervorum
1754 1541 1832 1573 talis
1850 1547 1994 1582 natura,
2020 1548 2057 1575 ut
2075 1542 2207 1585 cogita·-

1226 1591 1321 1625 tione
1344 1591 1478 1634 impelli
1502 1590 1653 1634 possint,
1686 1597 1725 1623 ut
1748 1590 1861 1623 cieant
1885 1597 2026 1624 externa
2050 1593 2208 1625 membra

1227 1641 1282 1673 vel
1312 1642 1514 1679 coerceant,
1556 1646 1595 1673 ut
1617 1637 1773 1673 Achilles
1800 1651 2000 1685 quanquam
2023 1643 2123 1675 ardet
2145 1642 2209 1682 ira,

1227 1698 1343 1725 tamen
1361 1697 1474 1734 potest
1491 1701 1617 1724 manus
1632 1690 1786 1729 frenare,
1821 1701 1865 1722 ne
1884 1689 2096 1725 interficiant
2114 1689 2208 1736 Aga-

1227 1752 1463 1775 memnonem.

1329 1790 1390 1826 47.
1425 1788 1476 1823 Ac
1493 1789 1708 1823 severissime
1723 1788 1995 1834 praecipitDeus
2012 1792 2116 1825 etiam
2135 1805 2207 1827 non

1228 1840 1377 1881 renatis,
1404 1847 1443 1874 ut
1459 1841 1681 1885 disciplinam
1698 1847 1891 1884 praestent,
1918 1853 2008 1885 quae
2026 1850 2074 1876 est
2092 1855 2209 1886 regere

1230 1897 1391 1924 externos
1417 1897 1551 1933 gestus,
1591 1897 1630 1924 ut
1655 1897 1852 1936 congruant
1874 1892 1917 1924 ad
1940 1899 2080 1926 externa
2105 1906 2210 1937 opera

1228 1939 1413 1984 Decalogi,
1447 1948 1480 1975 et
1504 1940 1655 1974 declarat
1672 1940 1759 1974 iram
1776 1952 1873 1975 suam
1891 1942 2057 1976 adversus
2074 1943 2212 1978 violan-

1230 1998 1278 2025 tes
1297 1991 1518 2035 disciplinam
1537 1989 1770 2024 horribilibus
1787 1991 1909 2035 poenis
1927 1992 1964 2025 in
1982 1991 2046 2027 hac
2061 1994 2131 2028 vita
2143 2022 2150 2034 ‚
2178 2003 2210 2029 et

1232 2041 1299 2075 nisi
1315 2042 1373 2074 fiat
1389 2041 1589 2082 conversio,
1615 2042 1766 2075 aeternis
1782 2048 1859 2085 post
1876 2039 1967 2076 hanc
1984 2044 2103 2079 vitam.

1331 2090 1392 2124 48.
1429 2090 1500 2124 Nec
1523 2098 1639 2125 tamen
1664 2090 1748 2125 haec
1771 2092 1957 2137 disciplina
1980 2100 2030 2128 est
2053 2095 2210 2138 impletio

1231 2142 1314 2185 legis
1338 2140 1426 2182 Dei,
1453 2153 1516 2175 nec
1538 2142 1673 2176 iusticia
1699 2154 1816 2176 coram
1838 2141 1934 2185 Deo,
1959 2156 2023 2178 nec
2046 2144 2210 2177 meritum

1231 2192 1448 2226 remissionis
1466 2200 1685 2235 peccatorum
1696 2195 1734 2226 'et
1751 2193 1894 2236 gratiae.

1331 2241 1393 2276 49.
1437 2241 1653 2276 Tristissima
1678 2243 1782 2277 etiam
1806 2250 1888 2278 sunt
1910 2241 2015 2277 huius
2039 2244 2210 2279 libertatis

1231 2292 1502 2337 impedimenta,
1536 2294 1779 2335 imbecillitas,
1813 2304 1917 2338 quam
1941 2301 2120 2328 nascentes
2146 2307 2211 2329 no-

1232 2343 1368 2377 biscum
1392 2344 1603 2384 adferimus,
1644 2350 1677 2378 et
1700 2343 1892 2378 diabolicae
1919 2342 2067 2378 insidiae
2087 2352 2120 2378 et
2144 2346 2212 2378 im-

1232 2394 1430 2438 pulsiones,
1457 2405 1545 2440 quae
1560 2394 1651 2428 mala
1669 2394 1888 2428 considerare
1909 2394 2037 2429 debent
2054 2397 2211 2429 conversi

1231 2445 1276 2477 ad
1300 2443 1433 2486 Deum,
1459 2451 1499 2479 ut
1524 2444 1727 2488 confugiant
1748 2444 1792 2477 ad
1814 2443 1925 2477 filium
1946 2443 2034 2486 Dei,
2054 2453 2087 2479 et
2111 2447 2212 2480 auxi-

1233 2494 1321 2528 lium
1337 2502 1469 2540 petant.
1523 2495 1582 2529 Sic
1599 2495 1767 2538 scriptum
1784 2500 1849 2529 est:
1878 2494 2031 2539 Vigilate
2055 2503 2087 2529 ct
2105 2504 2212 2535 orate,

1232 2557 1276 2579 ne
1294 2546 1433 2579 intretis
1450 2546 1487 2578 in
1513 2545 1753 2579 tentationem.

1332 2595 1394 2631 50.
1437 2595 1651 2640 Quanquam
1674 2595 1775 2628 valde
1797 2596 1908 2630 multa
1925 2596 2018 2630 Deus
2041 2597 2077 2630 in
2095 2598 2211 2631 omni-

207 2663 239 2689 et
276 2650 515 2697 agnoscimu5‚
561 2653 593 2680 et
630 2645 837 2689 expetimus,
886 2651 919 2680 et
954 2645 1180 2684 celebramus.
1231 2645 1277 2681 bu
1288 2658 1310 2698 s.
1330 2646 1459 2682 renatis
1483 2646 1529 2681 ita
1553 2645 1641 2689 agit,
1666 2651 1704 2680 ut
1723 2646 1886 2681 voluutas
1912 2644 2064 2682 humana
2081 2659 2115 2682 se
2135 2655 2212 2681 tan-
