2324 2955
103 104 174 140 721
788 100 818 138 1.

192 184 382 221 Undecim:
413 186 458 219 ad
475 185 646 220 excidium
667 183 902 233 lerosolymae
923 187 988 222 sub
1002 186 1074 221 Na-

93 235 376 272 buchodonosor.

190 287 418 332 Septuaginta
434 286 529 321 exilii
541 285 752 333 Babylonici
767 294 844 332 post
860 288 1072 323 destructam

92 337 354 384 lerosolymam.
1018 388 1027 396 ·

190 388 352 432 Triginta
379 397 456 420 sex:
485 385 582 422 Iesus
598 400 746 432 magnus
763 390 944 431 sacerdos,
971 399 1071 423 culus

88 440 125 474 fit
141 439 274 473 mentio
291 438 327 470 in
348 434 518 471 Zacharia
535 439 601 473 sub
618 438 722 484 Cyre.

188 486 300 523 Octo:
326 487 475 521 Ioiakim
491 489 633 523 absente
651 497 760 534 patre.

186 538 344 582 Viginti:
375 537 471 572 Iesus
487 551 647 573 reversus
666 552 684 573 a
702 551 782 583 rege
799 539 954 575 Persico.

185 588 429 633 Quadraginta
448 596 542 624 octo:
574 589 722 624 loiakim
740 591 878 628 iterum.

182 640 320 684 Viginti
337 646 370 674 et
388 651 497 673 unus:
524 639 695 677 Eliakim.

184 689 323 734 Viginti
345 696 511 735 quatuor:
540 689 672 727 loiada.

181 739 318 784 Viginti
333 746 502 785 quatuor:
533 740 693 776 Ioathan.

181 789 328 824 Decem:
357 789 490 825 laddua
507 792 572 825 sub
591 790 807 827 Alexandro.

79 839 261 874 Summa
294 853 471 875 annorum
502 843 546 875 ad
577 842 820 877 Alexandrum
855 853 966 887 usque
995 840 1062 875 tria

77 892 190 926 millia
207 892 391 937 quingenti
412 893 610 935 octuaginta
630 900 793 938 quatuor.

179 942 316 986 Viginti
332 949 479 987 septem:
509 940 624 976 Onias
644 944 792 987 priscus.

175 990 380 1027 Tredecim:
409 991 535 1026 Simon
559 993 715 1036 priscus,
743 993 937 1027 celebratus
958 1003 978 1026 a
1003 991 1059 1026 Si-

74 1041 204 1079 racide.

176 1092 333 1136 Viginti:
358 1090 516 1126 Eleasar.

174 1143 313 1186 Viginti
331 1149 477 1186 septem:
506 1141 702 1179 Manasses.

176 1192 314 1235 Viginti
328 1199 423 1226 octo:
452 1191 578 1226 Simon
597 1191 722 1227 Iustus.

175 1242 339 1286 Triginta
355 1253 500 1275 novem:
530 1238 565 1275 Ο
576 1254 599 1275 n
610 1242 655 1275 ia
666 1255 684 1276 s
709 1243 802 1276 filius
818 1241 900 1277 'eius
912 1270 921 1284 ,
949 1243 1058 1277 inter-

73 1293 183 1327 fectus
197 1294 241 1327 ab
256 1291 464 1325 Andronico
475 1318 483 1332 ‚
509 1294 682 1336 praefecto
695 1291 905 1328 Antiochiae
915 1318 924 1333 ‚
952 1305 1056 1338 quem

72 1343 221 1387 pecunia
242 1349 445 1386 corruperat
467 1341 652 1376 Menelaus
681 1345 724 1377 ad
759 1342 892 1378 Oniam
921 1344 1056 1377 interfi-

72 1394 249 1434 ciendum,
270 1400 310 1427 ut
325 1393 398 1437 ipse
409 1392 594 1426 Menelaus
603 1395 845 1438 pontificatum
862 1401 1054 1438 occuparet.

173 1443 271 1478 Anni
295 1444 469 1488 quinque:
497 1441 646 1476 Iudas
673 1442 996 1478 sylaccabaeus.

170 1493 429 1528 Novendecim:
456 1490 510 1525 Io
520 1504 543 1525 n
554 1490 637 1526 ath
648 1506 671 1526 a
682 1506 712 1528 s.

170 1541 279 1578 Octo:
314 1542 474 1576 Simon
498 1544 607 1577 frater
631 1543 739 1578 Iudae
765 1544 978 1579 Maccabaei.

170 1593 394 1637 Vigintisex:
422 1593 573 1626 loannes
589 1592 779 1629 Hircanus.

168 1644 304 1679 Unicus
318 1655 448 1677 annus:
477 1642 716 1681 Aristobulus.

169 1694 308 1738 Viginti
324 1701 470 1737 septem:
497 1692 710 1730 Alexander.

167 1744 320 1778 Novem:
348 1743 562 1778 Alexandra.

170 1794 332 1837 Triginta
351 1800 518 1839 quatuor:
544 1792 720 1827 Hircanus
739 1794 895 1828 ultimus.

168 1844 333 1889 Triginta
351 1850 480 1888 septem
495 1857 501 1876 :
528 1841 741 1876 Herodes.
794 1844 902 1878 Natus
921 1853 970 1880 est
987 1857 1048 1879 au-

68 1904 135 1931 tem
160 1892 382 1929 Christus
408 1906 502 1927 anno
526 1894 586 1929 30.
602 1893 766 1930 Herodis.

166 1946 267 1980 Hanc
293 1944 456 1979 Philonis
480 1945 644 1978 tabellam
670 1946 810 1986 addidi,
844 1957 1045 1991 quanquam

62 2004 207 2041 propter
224 1997 421 2040 interregna
434 1996 561 2030 desunt
577 1996 661 2029 anni
677 1996 823 2041 aliquot.
877 1996 945 2030 Sed
965 2009 1046 2041 pro-

63 2054 139 2092 pter
172 2045 358 2081 Philonem
401 2053 434 2080 et
474 2053 617 2090 propter
651 2047 774 2080 seriem
815 2044 1045 2081 historiarum

62 2098 204 2142 prodest
238 2097 402 2132 studiosis
425 2103 459 2131 et
486 2094 575 2130 hanc
604 2097 768 2131 tabellam
794 2098 830 2131 in
856 2105 1042 2142 conspectu

62 2159 143 2184 esse·

344 2282 509 2323 Liber
549 2282 760 2336 primuS,

62 2369 124 2412 qui
158 2364 416 2410 complectitur
450 2362 522 2397 duo
557 2364 678 2398 millia
708 2374 908 2404 annorum,
952 2363 1041 2399 inde

304 2425 420 2461 usque
447 2413 493 2449 ab
520 2416 629 2449 initio
654 2414 795 2450 mundi.

65 2492 252 2543 Singulari
279 2497 425 2531 consilio
458 2495 581 2531 Deus
616 2498 652 2531 in
684 2496 840 2531 Ecclesia
868 2503 982 2554 extare
1005 2504 1039 2531 et

57 2561 192 2594 semper
213 2547 414 2584 conservari
431 2548 543 2582 voluit
562 2549 662 2582 initia
687 2548 831 2589 mundi,
858 2554 891 2582 et
912 2559 1036 2581 seriem

58 2611 249 2635 annorum:
277 2611 366 2645 quae
383 2598 524 2644 quidem
540 2606 573 2633 et
589 2599 830 2634 testimonium
847 2605 897 2633 est
914 2595 1035 2631 deEc-

55 2651 176 2693 clesia,
199 2658 233 2686 ct
259 2661 424 2694 magnum
450 2649 565 2684 decus.
616 2649 704 2685 Vult
729 2650 824 2684 enim
842 2649 921 2683 sciri
937 2648 1034 2683 Deus

865 99 1036 138 CHRON
1042 95 1157 134 ICON
1185 96 1430 136 CARIONIS.

2043 112 2113 146 722

1126 182 1298 226 originem
1324 186 1461 227 generis
1487 184 1653 230 humani,
1689 196 1723 224 et
1744 190 1883 225 divinas
1909 194 2113 236 patefactio-

1125 244 1208 275 nes,
1236 240 1268 268 et
1285 237 1485 271 testimonia
1503 239 1776 282 patefactionum
1788 269 1797 282 ,
1825 249 1858 276 et
1873 255 1962 288 quae
1979 246 2112 279 doctri-

1123 295 1187 324 na,
1216 291 1250 318 et
1275 288 1453 330 quomodo
1480 297 1669 333 propagata
1688 292 1743 327 sit.
1797 291 1883 327 Vult
1907 295 1987 328 sciri
2006 303 2112 338 certo,

1122 334 1202 367 ideo
1237 337 1420 370 conditum
1453 350 1525 372 esse
1558 351 1667 383 genus
1699 340 1913 385 humanum,
1954 353 1991 380 ut
2027 347 2111 380 inde

1120 391 1261 418 aeterna
1288 385 1445 421 Ecclesia
1473 390 1669 433 colligatur.
1723 391 1812 427 Vult
1836 401 1868 428 et
1891 407 2010 430 causas
2028 398 2110 431 sciri

1120 435 1360 470 calamitatum
1387 435 1640 482 humanarum,
1673 449 1706 476 et
1729 445 1875 484 mortis,
1910 453 1943 479 et
1968 449 2108 490 agnosci

1116 484 1252 526 filium,
1289 498 1352 529 per
1376 500 1480 532 quem
1506 491 1738 525 liberabimur
1766 494 1809 526 ab
1837 492 1890 527 his
1921 498 2039 536 malis,
2074 506 2108 533 et

1117 535 1351 570 restituentur
1377 538 1514 573 iusticia
1534 548 1565 575 et
1583 542 1652 576 vita
1679 549 1831 578 aeterna.
1883 543 2006 580 Deliis
2027 554 2106 581 tan-

1116 586 1161 619 tis
1189 587 1295 620 rebus
1318 595 1356 622 ut
1381 590 1467 623 certi
1494 602 1663 630 essemus,
1698 594 1782 625 anni
1807 602 1918 628 metae
1947 597 1983 628 in
2007 606 2106 633 motu

1115 635 1209 671 Solis
1234 639 1446 672 constitutae
1470 648 1571 682 sunt,
1601 648 1633 675 et
1656 643 1780 686 primis
1809 646 1968 687 patribus
1988 654 2105 680 osten-

1114 697 1171 720 sae
1187 694 1287 728 sunt,
1315 695 1348 722 et
1367 689 1404 722 in
1423 691 1582 725 doctrina
1602 693 1797 735 primorum
1821 702 1981 738 patrum,
2012 699 2105 730 divi-

1114 736 1209 773 nitus
1226 739 1366 780 tradita,
1389 751 1566 775 annorum
1584 743 1688 776 series
1706 744 1895 787 diligenter
1910 748 2103 792 perscripta

1114 794 1174 820 est.
1225 787 1274 822 Et
1298 790 1437 825 addidit
1463 788 1592 825 Deus
1616 794 1781 827 omnibus
1816 798 2035 840 temporibus
2059 800 2102 832 il—

1112 837 1235 872 lustria
1260 840 1480 880 testimonia,
1517 855 1606 886 quae
1632 847 1842 886 ostendunt,
1869 859 1943 879 eam
1970 850 2102 882 doctri-

1111 899 1192 921 nam
1221 902 1240 922 a
1264 890 1390 932 primis
1418 893 1577 934 patribus
1603 896 1841 929 transmissam
1865 899 1907 930 ad
1933 906 2100 942 posteros,

1110 949 1227 971 veram
1245 946 1277 973 et
1296 951 1369 972 non
1387 941 1582 975 fabulosam
1602 956 1685 978 esse.
1734 944 1827 979 IIuic
1846 948 2027 982 doctrinae
2045 951 2099 983 di-

1108 988 1243 1022 vinitus
1269 990 1417 1024 traditae
1447 993 1491 1024 de
1517 992 1628 1026 initiis
1652 998 1777 1028 mundi
1805 1004 1836 1030 et
1868 1000 2005 1041 generis
2031 998 2099 1033 hu-

1108 1039 1222 1078 mani,
1257 1046 1290 1073 et
1324 1041 1367 1073 de
1389 1042 1684 1085 patefac-tionibus
1713 1046 1863 1089 divinis,
1898 1057 2099 1084 constanter

1111 1089 1355 1125 assentiamur.

1210 1139 1400 1174 Sumamus
1426 1141 1533 1185 igitur
1558 1155 1597 1176 ex
1624 1144 1740 1187 primo
1764 1146 1858 1181 libro
1878 1147 1985 1182 Moisi
2014 1162 2097 1184 nar-

1106 1188 1260 1222 rationes
1278 1191 1320 1223 de
1343 1193 1520 1226 creatione
1534 1195 1660 1227 mundi
1678 1202 1711 1229 et
1734 1194 1917 1232 hominum
1931 1225 1940 1242 ‚
1969 1202 2011 1234 de
2031 1199 2095 1234 ho-

1105 1239 1243 1273 minum
1267 1240 1367 1285 lapsu
1396 1249 1428 1276 et
1454 1244 1565 1277 causis
1591 1245 1851 1289 calamitatum,
1884 1250 1926 1283 de
1950 1252 2093 1285 restitu-

1104 1290 1201 1323 tione
1218 1288 1395 1326 Ecclesiae
1410 1301 1488 1337 post
1504 1295 1640 1338 lapsum
1652 1322 1660 1336 ‚
1689 1303 1721 1330 et
1740 1299 1783 1331 de
1811 1311 1987 1334 annorum
2004 1302 2093 1335 serie

1103 1346 1137 1373 et
1161 1341 1361 1376 firmissima
1394 1345 1596 1378 assensione
1624 1357 1680 1378 eas
1705 1349 1968 1392 amplectamur.
2019 1351 2091 1385 Nec

1103 1390 1189 1424 alias
1213 1391 1506 1435 imaginationes,
1540 1395 1613 1428 sive
1639 1396 1854 1441 Democriti,
1883 1401 1954 1434 sive
1970 1401 2091 1436 Plato—

1103 1441 1178 1482 nis,
1221 1442 1294 1475 sive
1328 1442 1532 1478 Aristotelis
1561 1447 1807 1485 anteferamus.
1870 1449 1991 1496 Itaque
2025 1450 2090 1486 hae

1101 1502 1156 1523 res
1179 1492 1350 1527 maximae
1374 1494 1478 1528 initio
1502 1502 1597 1529 actae
1620 1505 1721 1539 sunt,
1748 1511 1834 1544 quas
1858 1499 1954 1535 Deus
1976 1503 2089 1536 voluit

1100 1547 1201 1574 notas
1220 1553 1309 1575 esse:

1150 1590 1178 1626 I.
1219 1591 1359 1626 Creatio
1378 1595 1503 1628 mundi
1522 1602 1553 1629 et
1573 1594 1775 1632 hominum.

1150 1640 1197 1676 Π.
1234 1641 1413 1678 Institutio
1430 1644 1608 1680 Ecclesiae
1626 1655 1657 1681 et
1674 1650 1842 1693 coniugii.

1151 1690 1216 1726 111.
1244 1691 1388 1726 Certum
1422 1707 1529 1738 opus,
1585 1700 1679 1742 quod
1724 1708 1812 1735 esset
1844 1703 2083 1738 testimonium

1256 1743 1490 1781 obedientiae.

1146 1790 1210 1827 IV.
1239 1791 1418 1828 Institutio
1436 1796 1598 1830 dominii,

1148 1841 1191 1876 V.
1227 1842 1383 1888 Lapsus‚
1411 1857 1511 1879 causa
1529 1848 1653 1881 mortis
1669 1857 1699 1883 et
1721 1850 1969 1887 calamitatum.

1148 1891 1209 1926 VI.
1233 1892 1427 1928 Restitutio
1454 1895 1652 1938 Ecclesiae,
1688 1907 1721 1933 et
1749 1914 1881 1944 poenae
1899 1904 2082 1946 mitigatio.

1146 1941 1229 1978 VII.
1263 1942 1382 1978 Prima
1405 1948 1642 1990 promulgatio
1666 1952 1909 1992 promissionis
1931 1955 1973 1987 de
2001 1954 2082 1988 Sal—

1248 2001 1380 2035 vatore,
1404 1997 1586 2031 reddituro
1604 1998 1777 2033 iusticiam
1796 2009 1829 2036 et
1845 2004 1951 2036 vitam
1968 2011 2079 2038 aeter-

1246 2056 1344 2078 nam:
1372 2044 1527 2080 Semen
1550 2047 1766 2084 mulieris
1785 2058 1982 2087 conteret
2006 2067 2078 2088 ca-

1245 2099 1326 2139 pul
1349 2097 1594 2143 Serpentis,

1194 2142 1331 2179 Harum
1364 2149 1596 2183 maximarum
1624 2163 1743 2185 rerum
1770 2154 2005 2195 cognitionem
2038 2158 2074 2189 in

1091 2190 1249 2229 Ecclesia
1281 2199 1511 2233 necessariam
1545 2212 1617 2233 esse
1649 2214 1721 2235 nou
1755 2204 1905 2238 dubium
1943 2213 2009 2247 est,
2045 2215 2077 2241 et

1091 2252 1222 2289 quauta
1246 2246 1291 2281 sit
1315 2249 1542 2291 magnitudo,
1569 2251 1646 2294 piae
1671 2260 1805 2287 mentes
1821 2262 2000 2301 utcunque
2018 2269 2076 2291 co-

1090 2295 1200 2338 gitare
1216 2305 1374 2340 possunt,
1401 2300 1537 2334 etiamsi
1548 2299 1721 2346 prophani
1739 2301 1901 2340 homines
1917 2304 1978 2340 has
1993 2320 2074 2342 nar-

1090 2347 1242 2381 rationes
1269 2349 1446 2389 derident,
1480 2358 1540 2385 aut
1571 2352 1608 2384 in
1643 2353 1878 2402 Διιινθολογίοις
1902 2359 2073 2392 transfor-

1088 2404 1196 2432 mant.
1237 2398 1310 2432 Nos
1327 2412 1409 2433 vero
1427 2403 1608 2435 credamus
1620 2404 1696 2436 voci
1712 2405 1868 2447 divinae,
1895 2415 1929 2442 et
1946 2409 1981 2441 in
2000 2410 2071 2443 siu-

1087 2447 1178 2491 gulis
1196 2451 1459 2485 narrationibus
1477 2453 1747 2496 amplitudinem
1764 2458 2037 2495 consideremus.

1188 2498 1214 2532 I.
1245 2499 1403 2535 Primum
1422 2502 1590 2542 sciamus,
1617 2505 1762 2539 unicum
1779 2504 1873 2542 hunc
1896 2512 2069 2544 mundum

1085 2556 1239 2584 creatum
1260 2562 1351 2591 esse,
1386 2552 1423 2585 in
1448 2564 1519 2598 quo
1543 2566 1579 2588 se
1601 2555 1693 2589 fitius
1709 2555 1775 2590 Dei
1793 2560 1971 2602 patefecit,
2007 2573 2069 2595 nec

1084 2611 1156 2633 esse
1179 2608 1239 2635 aut
1262 2602 1369 2636 fuisse
1396 2603 1485 2637 alios
1510 2607 1682 2647 mundos,
1709 2608 1792 2653 quia
1814 2609 1851 2642 in
1876 2609 1991 2644 Moise
2009 2623 2067 2644 cx—

1082 2662 1196 2694 presse
1232 2652 1377 2687 dicitur:
1426 2654 1617 2701 Postquam
1656 2655 1764 2692 homo
1805 2661 1969 2693 conditus
2004 2669 2066 2700 cst,
