2324 2955
184 117 253 149 103

184 213 228 234 an
245 199 340 234 Deus
356 200 477 242 diligat
494 209 568 235 nos,
597 196 774 240 quomodo
793 194 947 227 invocari
970 201 1002 228 et
1019 194 1086 226 coli
1104 206 1163 227 veâ€”

186 253 244 292 lit,
271 264 314 284 an
331 258 362 284 et
381 262 443 283 cur
462 247 622 290 recipiat,
649 258 687 278 ac
705 246 867 278 exaudiat
896 245 1010 289 lapsos
1037 250 1070 277 et
1088 245 1164 288 pol-

185 303 288 340 lutos,
311 303 392 335 satis
409 311 452 331 ne
467 298 510 330 sit
527 297 673 342 alloqui,
695 303 728 329 et
745 296 873 329 intueri
891 308 970 328 eum
989 296 1066 334 fide,
1086 307 1163 327 cum

185 365 256 385 non
274 361 455 384 cernamus
471 348 582 381 oculis
597 345 663 380 hoc
685 359 814 379 numen
835 347 927 391 quod
949 346 1163 379 invocamus.

186 403 257 436 Has
272 400 513 434 solicitudines
534 398 636 431 multi
652 409 692 430 ex
709 398 808 429 vobis
826 397 1039 439 intelligunt.
1079 393 1166 435 Etsi,

184 460 222 486 ut
239 452 330 495 apud
349 450 544 483 Homerum
560 447 704 494 Cyclopi
724 447 856 493 Ulyssis
874 447 995 480 concio
1012 447 1055 478 de
1073 446 1166 478 iudi-

184 504 237 536 cio
255 502 389 541 divino,
414 500 563 533 ridicula
580 500 729 537 videtur,
759 499 804 531 ita
822 496 1012 541 prophanis
1028 497 1167 530 audito-

184 554 281 586 ribus
297 551 380 585 haec
396 550 680 584 commemoratio
691 576 699 589 ,
726 561 824 581 error
839 549 965 581 mentis
981 559 1050 580 esse
1067 547 1168 580 duci-

185 612 259 641 tur,
288 603 400 648 qualis
418 608 467 634 est
486 602 523 633 in
542 601 601 640 iis,
628 600 686 645 qui
710 599 856 632 atrabile
873 599 1103 641 exagitantur.

286 654 354 687 Sed
374 653 509 686 rideant
526 649 711 695 prophani,
732 650 840 682 risum
860 650 1077 687 sardonium,
1104 649 1169 680 do-

185 717 249 738 nec
266 704 409 737 veniant
427 715 567 746 poenae.
612 700 685 743 Ego
705 701 780 745 pios
798 700 974 733 auditores
993 700 1029 731 in
1046 697 1168 732 Eccle-

186 756 236 788 sia
255 754 319 788 Dei
337 755 510 798 alloquor.
552 752 617 785 His
634 751 915 785 dubitationibus
931 752 973 783 de
989 750 1168 782 voluntate

185 805 250 839 Dei
277 805 429 838 occurrit
451 811 484 836 et
510 804 668 835 medetur
693 800 750 835 hic
774 808 978 845 conspectus
1005 800 1068 832 filii
1092 799 1169 839 Dei,

187 857 258 889 nati
277 868 315 888 ex
330 854 444 888 Maria
464 854 615 895 virgine,
645 859 776 885 certum
794 859 827 885 et
849 852 991 885 evidens
1013 851 1170 884 testimo-

186 907 284 939 nium
303 912 363 945 est,
390 916 470 937 vere
489 915 552 936 nos
569 916 586 936 a
606 902 679 935 Deo
696 903 807 945 diligi,
834 914 912 935 cum
931 908 1048 934 nostra
1068 912 1169 933 causa

186 969 258 989 non
283 957 396 989 solum
420 954 621 999 patefecerit
647 965 682 986 se
707 965 790 986 voce
817 960 849 986 et
878 952 1077 991 miraculis,
1111 951 1169 983 sed

186 1008 290 1041 etiam
318 1006 469 1039 voluerit
499 1005 609 1037 filium
641 1016 814 1038 assumere
846 1001 1034 1036 humanam
1068 1008 1170 1034 natu-

187 1071 272 1091 ram.
339 1056 388 1089 Ne
427 1063 588 1100 putemus
615 1055 682 1088 hoc
712 1062 849 1088 tantum
885 1055 1008 1087 foedus
1042 1053 1169 1085 frustra

187 1109 317 1142 factum
335 1119 416 1141 esse.

291 1158 503 1203 Quanquam
529 1164 644 1190 autem
671 1155 776 1190 huius
808 1156 1006 1188 admirandi
1033 1152 1171 1186 consilii

188 1221 308 1243 causas
324 1216 356 1242 et
375 1209 487 1241 fontes
501 1209 661 1240 nondum
682 1208 716 1239 in
737 1205 801 1239 hac
820 1208 889 1239 vita
910 1206 1049 1250 penitus
1067 1204 1172 1236 intel-

189 1261 347 1302 ligimus:
390 1257 473 1291 haec
505 1259 597 1291 enim
626 1259 691 1291 erit
721 1258 816 1290 illius
844 1265 1002 1290 aeternae
1035 1253 1173 1287 scholae

188 1307 429 1353 Philosophia,
457 1310 492 1341 in
505 1321 572 1353 qua
590 1309 709 1340 divina
728 1308 897 1350 sapientia
918 1306 1062 1349 propius
1079 1305 1173 1336 frue-

188 1373 283 1393 mur:
320 1371 414 1392 nunc
440 1365 556 1392 tamen
576 1359 651 1390 vult
669 1358 772 1388 nobis
789 1356 883 1388 Deus
910 1356 1039 1387 factum
1059 1353 1173 1396 ipsum

188 1418 311 1444 notum
331 1421 420 1449 esse,
448 1416 481 1442 et
504 1409 539 1440 in
556 1405 619 1440 hac
637 1407 706 1439 vita
726 1407 762 1438 in
785 1405 939 1438 Ecclesia
962 1405 1006 1437 ab
1030 1402 1174 1435 infanti-

188 1463 254 1496 bus
270 1468 302 1494 et
321 1459 531 1493 lactentibus
547 1457 729 1492 celebrari.
781 1455 827 1490 Et
844 1453 935 1488 hanc
952 1453 1173 1498 praecipuam

190 1523 328 1545 causam
357 1508 463 1543 huius
487 1509 587 1549 facti,
621 1519 709 1552 quae
740 1519 812 1539 non
838 1512 889 1538 est
910 1507 1077 1543 obscura,
1110 1514 1175 1534 nos

191 1560 390 1595 meminisse
407 1560 492 1599 vult,
519 1565 551 1592 et
569 1570 704 1601 semper
716 1558 878 1600 cogitare,
895 1556 1068 1591 videlicet,
1095 1553 1175 1586 ideo

191 1614 314 1646 foedus
330 1609 397 1644 hoc
418 1611 547 1643 sactum
565 1621 657 1649 esse,
683 1615 722 1641 ut
743 1615 832 1640 extet
850 1607 994 1640 evidens
1017 1604 1176 1638 testimo-

192 1664 290 1696 nium
312 1662 384 1694 veri
402 1672 480 1704 erga
504 1672 568 1692 nos
585 1659 714 1692 amoris
732 1659 768 1691 in
788 1658 872 1691 Deo.
927 1657 984 1690 Sic
1001 1656 1094 1688 enim
1120 1654 1178 1686 in-

192 1710 456 1759 quitChristus:
486 1709 778 1744 SicDeusdilexit
798 1709 981 1745 mundum,
1008 1713 1046 1739 ut
1065 1705 1176 1738 filium

193 1776 293 1797 suum
317 1762 537 1805 unigenitum
562 1760 707 1795 miserit.
770 1758 1057 1801 Magnitudinem
1080 1767 1177 1788 amo-

193 1815 241 1848 ris
265 1815 414 1846 affirmat
441 1810 546 1845 huius
574 1811 801 1844 admirandae
832 1809 1016 1852 legationis
1040 1818 1176 1840 causam

196 1877 279 1899 esse.

296 1914 554 1948 Removeamus
579 1911 663 1946 haec
686 1912 821 1952 Stoica,
853 1918 884 1944 et
908 1922 978 1943 nou
1001 1909 1113 1941 solum
1140 1919 1179 1940 ex

196 1965 324 1999 scholis
346 1965 592 2008 explodamus,
626 1964 685 1997 sed
708 1963 885 1996 deleamus
912 1974 951 1994 ex
979 1959 1180 2004 pectoribus

197 2017 344 2055 nostriS,
372 2027 545 2055 amorem,
572 2015 680 2053 iram,
708 2013 849 2053 odium,
877 2013 1054 2051 dolorem,
1081 2009 1178 2042 suro-

197 2080 251 2101 res
266 2079 356 2106 esse,
382 2065 498 2100 Deum
523 2077 595 2098 esse
612 2072 763 2098 mentem
782 2064 954 2109 quietam,
980 2073 1051 2094 non
1069 2061 1180 2093 obno-

198 2119 293 2151 xium
327 2115 381 2150 his
405 2117 518 2150 ventis
542 2117 727 2149 stultarum
751 2114 1076 2158 perturbationum,
1109 2110 1184 2144 Re-

201 2181 300 2201 move
330 2169 392 2200 ista
416 2167 544 2201 Stoica.
598 2164 674 2199 Etsi
705 2166 797 2198 enim
829 2165 865 2197 in
899 2164 1002 2196 nobis
1029 2161 1182 2195 stulticia

201 2219 383 2251 affectibus
407 2219 506 2250 mista
533 2225 598 2257 est,
634 2224 666 2250 et
689 2214 726 2249 hi
749 2222 865 2249 motus
886 2215 954 2247 alio
970 2214 1074 2246 modo
1092 2218 1184 2252 sunt,

203 2271 238 2302 iu
257 2269 330 2302 Deo
345 2275 459 2301 tamen
479 2269 697 2301 verissimum
713 2273 781 2306 est,
807 2272 969 2300 mutuum
987 2271 1019 2297 et
1034 2264 1183 2296 immen-

201 2333 277 2353 sum
295 2331 449 2353 amorem
469 2330 540 2351 esse
554 2319 689 2359 Patris,
716 2317 818 2356 Filii,
846 2324 879 2350 et
894 2315 1047 2359 Spiritus
1062 2313 1183 2347 sancti.

204 2371 261 2404 Sic
277 2371 370 2403 enim
388 2375 485 2413 pater
501 2370 543 2402 de
564 2370 635 2401 filio
646 2370 787 2402 clamat:
813 2367 880 2400 Hic
897 2373 946 2399 est
964 2366 1057 2398 filius
1075 2375 1184 2404 meus,

205 2434 274 2466 quo
299 2421 470 2458 delector,
498 2432 600 2464 quem
626 2420 876 2463 complectens,
903 2417 1037 2451 laeticia
1063 2422 1094 2448 et
1122 2426 1184 2447 vo-

206 2473 338 2515 luptate
353 2471 496 2504 afficior.
543 2469 591 2503 Ita
609 2477 641 2503 et
657 2482 765 2512 genus
783 2467 977 2503 humanum
998 2478 1078 2499 vere
1094 2471 1185 2498 amat

206 2524 321 2563 Deus,
345 2534 423 2554 vere
439 2521 600 2554 irascitur
616 2521 821 2559 sceleribus,
849 2532 928 2553 vere
945 2519 1039 2552 dolet
1056 2516 1185 2549 multos

204 2572 369 2607 horribili
385 2572 602 2605 contumacia
623 2572 716 2604 ultro
733 2571 799 2604 sibi
817 2571 958 2604 exitium
977 2578 1159 2603 accersere.

307 2624 384 2658 Non
402 2630 482 2656 sunt
500 2620 583 2656 haec
600 2622 636 2655 in
658 2621 729 2655 Deo
749 2622 926 2661 simulata,
953 2621 1023 2653 imo
1045 2630 1079 2651 se
1102 2629 1183 2651 suae

206 2683 349 2709 naturae
377 2682 410 2708 et
432 2685 575 2707 suorum
599 2674 787 2707 affectuum
809 2672 978 2715 imagines
1001 2669 1102 2703 nobis
1118 2669 1184 2701 im-

781 108 934 143 DECL.
981 106 1054 142 DE
1091 107 1284 144 PARTU
1320 107 1464 142 FILII
1498 108 1606 144 DEI.

2124 106 2197 144 104

1216 194 1358 238 pressit,
1390 194 1504 235 imago
1529 194 1643 226 divini
1670 194 1799 227 amoris
1828 201 1877 228 est
1900 206 1977 237 erga
2002 206 2085 235 nos,
2112 192 2195 228 haee

1218 246 1289 288 ipsa
1307 241 1442 290 ÏƒÏ„Î¿ÏÎ³á½´
1463 243 1595 276 intimis
1611 245 1848 288 penetralIbus
1864 246 1979 277 cordis
1996 245 2110 285 insita,
2129 257 2196 290 qua

1217 303 1294 328 tuos
1313 301 1412 327 natos
1428 305 1532 333 amaS,
1550 291 1639 327 hanc
1656 295 1791 339 quoties
1805 296 1921 336 sentis,
1943 296 2091 338 cogitato
2109 295 2198 328 ima-

1217 346 1333 389 ginem
1351 352 1382 377 te
1400 344 1511 377 divini
1531 345 1660 377 amoris
1674 346 1908 387 circumferre,
1935 357 1973 379 ae
1992 358 2071 379 vere
2087 347 2198 378 amari

1219 397 1262 429 ab
1277 402 1417 433 aeterno
1434 402 1542 438 patre,
1566 402 1598 428 et
1615 395 1737 435 filium,
1765 403 1796 429 et
1814 408 1888 437 nos,
1915 409 2064 441 quorum
2083 396 2200 429 induit

1220 453 1381 479 naturam
1399 446 1506 478 filius:
1548 452 1666 490 estque
1693 443 1796 477 huius
1815 448 1950 490 paterni
1969 447 2098 480 amoris
2119 459 2198 490 erga

1220 508 1284 530 nos
1307 496 1402 529 testis
1430 503 1462 529 et
1489 496 1625 540 pignus.
1679 494 1845 530 Occurrit
1868 498 1973 539 igitur
1989 498 2051 530 filii
2070 498 2144 531 nati
2161 510 2200 530 ex

1221 548 1355 590 virgine
1386 554 1590 590 conspectus
1621 545 1702 579 huic
1730 547 1862 590 primae
1889 548 2127 589 solicitudiniâ€š
2163 547 2201 581 in

1221 611 1287 643 qua
1304 597 1515 642 quaerimus,
1541 610 1585 630 an
1604 596 1698 630 Deus
1716 609 1779 629 nos
1795 598 1929 641 diligat.
1967 597 2062 630 Idem
2079 610 2203 631 occur-

1221 649 1266 681 rit
1284 648 1427 681 caeteris
1443 648 1717 692 quaestionibus.
1771 647 1933 681 Affirmat
1953 661 2015 682 nos
2035 655 2128 681 certo
2146 660 2203 681 re-

1222 699 1289 743 cipi
1318 706 1351 732 et
1378 698 1533 731 exaudiri
1565 699 1609 731 ab
1638 706 1780 731 aeterno
1807 706 1922 742 patre,
1961 707 1993 732 et
2018 699 2161 732 liberari
2184 711 2202 731 a

1221 750 1369 793 peccatis
1397 755 1429 781 et
1460 750 1610 782 aeternis
1633 750 1753 793 poenis
1778 757 1921 793 propter
1950 750 2084 793 ipsum,
2122 750 2204 794 quia

1222 801 1432 833 constitutus
1450 806 1500 832 est
1516 800 1683 843 placator,
1701 798 1817 844 á¼±Îºá½³Ï„Î·Ï‚
1831 798 1892 834 ÎºÎ±á½¶
1907 799 2065 846 Î¼ÎµÏƒá½·Ï„Î·Ï‚.
2097 799 2205 834 Affir-

1223 858 1293 884 mat
1311 850 1422 883 Deum
1442 850 1490 883 sic
1516 851 1653 893 agnosci
1683 858 1715 883 et
1737 850 1804 883 coli
1823 851 1928 891 velle,
1956 864 2028 884 non
2046 852 2157 886 aliter.

1325 914 1441 948 Multa
1468 916 1641 959 sapientes
1665 916 1730 948 viri
1763 916 1799 948 in
1826 915 1973 949 Graecia
2003 918 2138 951 erudite
2164 918 2206 952 de

1223 966 1297 1001 Deo
1314 966 1549 1009 disputarunt,
1574 979 1645 999 non
1663 967 1871 1009 ignorabant
1888 967 2059 1009 Socrates,
2087 968 2207 1001 Xenoâ€”

1224 1016 1340 1062 phon,
1368 1016 1484 1057 Plato,
1511 1029 1583 1049 esse
1598 1017 1710 1051 Deum
1731 1024 1882 1050 mentem
1901 1025 2096 1059 aeternam,
2126 1031 2208 1052 cau-

1224 1080 1296 1101 sam
1323 1067 1408 1100 boni
1430 1068 1466 1100 in
1485 1075 1629 1108 natura,
1656 1075 1689 1101 et
1709 1068 1803 1101 illam
1828 1080 1926 1101 suam
1946 1069 1982 1101 in
2001 1081 2078 1101 arce
2094 1067 2208 1103 Attica

1224 1118 1403 1151 Palladem
1428 1119 1653 1162 aspicientes,
1679 1131 1751 1152 non
1778 1116 1924 1152 Phidiae
1944 1126 2092 1152 statuam
2116 1120 2210 1152 cole-

1226 1170 1327 1209 bant,
1354 1175 1413 1201 aut
1442 1176 1576 1202 torvam
1597 1169 1801 1212 Gorgonem
1826 1170 1966 1202 infixam
1984 1171 2124 1215 clypeo,
2151 1171 2210 1203 sed

1225 1219 1433 1263 sapientiam
1462 1227 1620 1252 aeternae
1648 1221 1795 1259 mentis,
1829 1221 2008 1253 rectricem
2037 1218 2212 1254 humanae

1225 1270 1418 1307 societatis,
1444 1270 1650 1313 punientem
1675 1271 1825 1309 scelera,
1852 1277 1885 1303 et
1906 1278 2102 1303 servantem
2121 1271 2211 1304 iusta

1227 1320 1391 1361 imperia,
1424 1319 1634 1361 cogitabant.
1694 1319 1762 1352 Sed
1790 1320 2002 1361 ignorabant
2026 1327 2143 1353 tamen
2168 1333 2212 1353 an

1228 1369 1396 1412 reciperet
1424 1380 1462 1401 ac
1494 1369 1678 1402 exaudiret
1714 1370 1848 1412 lapsos,
1880 1376 1911 1403 et
1937 1371 2117 1414 quomodo
2143 1371 2211 1404 coli

1228 1419 1326 1451 velit.
1380 1417 1428 1451 At
1450 1419 1542 1451 filius
1560 1417 1623 1450 Dei
1651 1419 1800 1451 affirmat
1818 1426 1949 1462 patrem
1969 1420 2018 1452 sie
2043 1421 2212 1454 invocan-

1228 1469 1312 1500 dum
1335 1480 1426 1508 esse,
1460 1469 1508 1500 sic
1535 1469 1689 1512 recipere
1716 1476 1748 1501 et
1774 1469 1939 1501 exaudire
1964 1470 2097 1514 lapsos,
2133 1484 2211 1504 cum

1229 1519 1295 1551 fide
1313 1516 1409 1552 hunc
1427 1519 1540 1562 ipsum
1559 1517 1693 1559 Deum,
1718 1520 1778 1564 qui
1797 1531 1831 1552 se
1850 1532 1932 1552 voce
1949 1518 2134 1564 Evangelii
2151 1534 2213 1565 pa-

1229 1569 1364 1610 tefecit,
1400 1569 1599 1609 intuemur,
1634 1576 1666 1602 et
1702 1582 1766 1602 nos
1799 1577 1940 1614 propter
1967 1571 2078 1604 filium
2103 1573 2211 1617 recipi

1230 1627 1262 1653 et
1280 1620 1438 1653 exaudiri
1456 1620 1651 1654 statuimus.

1331 1686 1378 1722 Et
1395 1700 1595 1734 quanquam
1616 1700 1713 1720 mens
1731 1688 1889 1730 angitur,
1918 1701 1962 1722 an
1980 1691 2062 1724 satis
2085 1691 2128 1725 sit
2147 1692 2213 1725 fide

1231 1739 1413 1779 invocare,
1441 1751 1545 1784 quem
1566 1750 1637 1771 non
1656 1739 1768 1772 cernis
1786 1740 1914 1781 oculis,
1942 1748 1974 1774 et
1996 1742 2123 1786 expetit
2146 1743 2213 1775 ali-

1231 1802 1336 1836 quam
1361 1790 1533 1823 illustrem
1557 1790 1722 1833 spedem,
1756 1802 1823 1835 qua
1849 1799 2048 1835 conspecta,
2082 1792 2214 1826 discerâ€”

1232 1848 1337 1874 natur
1353 1853 1474 1873 verum
1494 1852 1626 1873 numen
1647 1852 1664 1873 a
1681 1841 1953 1883 commenticiis,
1977 1849 2093 1876 tamen
2119 1843 2215 1877 iubet

1233 1892 1342 1932 filius,
1368 1898 1407 1925 ut
1433 1903 1504 1924 sese
1522 1891 1734 1926 intueamur.
1785 1890 1857 1934 Qui
1876 1904 1931 1925 me
1951 1893 2057 1934 vidit,
2086 1895 2215 1939 iuquit,

1233 1943 1329 1976 videt
1348 1949 1492 1986 patrem.

1334 2007 1413 2041 Non
1437 2008 1577 2041 aberras
1599 2021 1616 2041 a
1636 2007 1728 2048 Deo,
1755 2020 1834 2042 cum
1860 2006 1954 2043 hunc
1972 2008 2086 2043 Deum
2113 2010 2214 2044 invo-

1235 2071 1310 2100 cas,
1336 2059 1396 2103 qui
1413 2070 1448 2092 se
1464 2059 1569 2092 misso
1587 2057 1653 2092 hoc
1669 2060 1740 2092 filio
1764 2060 1927 2093 crucifixo
1956 2067 1987 2093 et
2010 2061 2213 2094 resuscitato

1236 2110 1416 2154 patefecit,
1445 2116 1479 2143 et
1495 2111 1521 2143 is
1539 2111 1687 2143 affirmat
1706 2111 1789 2153 fide,
1815 2123 1886 2144 non
1903 2111 2014 2144 oculis
2028 2123 2212 2155 corporum

1236 2162 1272 2193 in
1291 2159 1355 2193 hac
1372 2161 1440 2193 vita
1458 2172 1493 2193 se
1507 2161 1716 2194 intuendum
1735 2173 1816 2196 esse.
1850 2159 2012 2195 Affirmat
2030 2162 2123 2200 item,
2151 2174 2214 2195 nec

1236 2213 1403 2256 petendas
1421 2223 1493 2244 esse
1513 2212 1596 2244 alias
1621 2212 1884 2256 patefactiones,
1912 2224 1975 2245 nec
1999 2212 2085 2245 alios
2112 2212 2215 2245 invo-

1237 2263 1359 2301 candi,
1394 2269 1453 2296 aut
1478 2263 1615 2295 colendi
1642 2262 1711 2297 Dei
1735 2263 1858 2295 modos
1882 2263 2120 2307 quaerendOS,
2154 2264 2213 2296 sed

1236 2321 1326 2347 recte
1340 2313 1407 2346 coli
1424 2312 1536 2346 Deum
1548 2341 1557 2354 ,
1584 2326 1662 2347 cum
1679 2324 1776 2346 mens
1798 2312 1865 2345 fide
1882 2313 2068 2358 acquiescit
2088 2313 2123 2346 in
2148 2312 2214 2347 hoc

1238 2365 1312 2408 ipso
1332 2363 1424 2405 Deo,
1452 2364 1511 2409 qui
1536 2377 1620 2397 voce
1643 2362 1824 2407 Evangelii
1848 2364 1952 2396 nobis
1976 2364 2216 2406 concionatur,

1237 2422 1271 2449 et
1285 2415 1406 2449 statuit
1422 2426 1487 2447 nos
1504 2423 1647 2460 propter
1661 2414 1772 2448 filium
1789 2414 1909 2458 recipi.
1963 2414 2127 2448 Maximis
2150 2415 2215 2458 igi-

1237 2473 1295 2499 tur
1310 2466 1591 2499 dubitationibus
1616 2464 1789 2499 humanae
1804 2465 1947 2505 mentis,
1975 2462 2031 2498 hic
2057 2466 2129 2510 ipse
2152 2466 2215 2498 filii

1237 2523 1442 2560 conspectus
1465 2518 1643 2556 medetur,
1677 2515 1738 2560 qui
1762 2515 1914 2549 induens
1938 2514 2127 2549 humanam
2153 2528 2216 2549 na-

1237 2574 1370 2606 turam,
1406 2568 1535 2601 nostris
1560 2567 1669 2600 oculis
1693 2578 1727 2599 se
1752 2566 1903 2609 ingessit.
1962 2566 2057 2600 Haec
2082 2567 2216 2611 praeci-

1237 2630 1303 2661 pua
1329 2619 1522 2651 consolatio
1545 2618 1631 2652 alias
1654 2617 1782 2650 deinde
1806 2617 1990 2651 inferiores
2012 2617 2216 2651 innumeraâ€”

1236 2669 1324 2702 biles
1347 2670 1514 2703 continet.
