2324 2955
155 113 228 147 877
831 112 859 148 Ι.

154 197 254 230 initia
278 196 492 240 praeliorum
519 195 625 230 ludae
640 195 819 230 Macabaei
843 198 1071 231 conferuntur
1094 195 1132 228 in

153 258 286 279 annum
305 247 348 280 ab
365 248 452 280 urbe
468 248 609 280 condita
625 247 945 292 quingentesimum
969 253 1131 290 octuage-

152 296 280 330 simum
298 297 494 341 septimum.

307 417 516 450 Tertium
544 417 768 450 Punicum
795 415 979 452 bellum.

252 499 358 533 Anno
387 512 404 533 a
440 500 580 533 condita
612 501 698 533 urbe
721 498 846 534 Roma
879 499 1127 535 sexcentesimo

150 556 286 593 quarto,
307 562 399 584 anuo
417 558 494 594 post
511 552 614 583 finem
631 550 847 584 hellil'unici
863 551 1005 585 secundi
1023 550 1128 595 quin-

150 600 350 643 quagesimo
382 602 535 634 secundo
564 607 698 634 motum
723 608 772 635 est
795 602 927 635 bellum
952 601 1124 634 Punicum

149 650 303 684 tertium.
366 648 454 684 Eius
484 651 567 683 belli
599 662 692 684 auno
721 659 845 695 quarto
869 646 1063 695 Carthago
1090 650 1123 681 vi

149 705 246 742 capta
265 707 298 732 et
315 700 427 734 deleta
447 707 514 739 est,
544 700 1039 746 duceScipioneAemyliano,
1063 700 1123 744 qui

149 756 249 782 natus
275 756 325 783 est
347 757 444 794 patre
467 749 578 783 Paulo
596 751 778 796 Aeinyli0,
813 753 870 785 sed
895 752 1079 794 adoptatus
1106 762 1123 782 a

148 797 333 843 Scipione,
360 807 442 834 nato
461 812 500 833 ex
520 800 684 844 Scipione
701 801 832 834 victore
849 801 1048 834 Annibalis.

250 849 361 883 Causa
377 851 461 884 belli
477 851 560 891 suit,
586 852 679 895 quod
696 852 767 893 regi
781 851 1003 891 Masinissae,
1029 850 1122 883 socio

147 900 271 942 populi
293 898 466 941 Romani,
498 901 628 933 bellum
656 901 865 942 intulerant,
898 901 1003 934 misso
1027 911 1124 932 exer-

149 949 219 982 citu
252 950 290 982 in
321 951 395 983 eius
424 951 509 983 fines
531 951 784 995 quinquaginta
809 958 842 984 et
865 956 942 983 octo
969 949 1123 982 millium

148 997 352 1040 hominum,
392 1001 454 1044 qui
481 1007 597 1033 tamen
628 1000 874 1034 circumsessus
903 1001 947 1034 ab
972 1001 1124 1033 exercitu

147 1047 376 1090 Masinissae,
407 1061 532 1093 magna
551 1062 590 1082 ex
607 1056 703 1092 patre
723 1050 812 1082 same
832 1050 948 1094 periit.
999 1050 1123 1083 Postea

147 1110 227 1131 cum
252 1100 354 1141 legati
378 1111 396 1132 a
413 1098 585 1133 Romanis
605 1099 701 1132 missi
720 1099 923 1133 viderentur
943 1100 1125 1144 aequiores

148 1160 219 1181 esse
242 1148 451 1182 Masinissae
483 1151 572 1183 bene
604 1150 748 1189 merito,
788 1150 1009 1183 conditiones
1031 1150 1124 1194 pacis

146 1196 439 1241 Carthaginenses
462 1199 746 1243 repudiaverunt.
800 1199 956 1245 Sequuta
981 1207 1031 1233 est
1058 1200 1125 1242 igi-

147 1255 206 1281 tur
232 1256 310 1293 post
340 1250 533 1292 legationes
563 1250 748 1294 aliquoties
770 1250 892 1283 missas
918 1250 1124 1284 deliberatio

147 1310 221 1330 non
234 1305 369 1331 tantum
387 1300 430 1332 de
446 1301 558 1338 bello,
592 1301 650 1333 sed
679 1300 782 1332 etiarn
805 1301 848 1333 de
870 1301 958 1333 urhe
976 1298 1126 1335 Cartha-

147 1348 227 1389 gine
244 1349 409 1389 delenda,
436 1351 605 1394 quianon
624 1350 826 1394 quiesceret.
877 1350 926 1382 Ea
944 1351 986 1383 de
1003 1362 1039 1382 re
1053 1351 1126 1383 dis-

148 1399 263 1431 sensio
274 1397 409 1432 Romae
427 1400 461 1431 in
473 1399 605 1433 Senatu
622 1400 697 1432 suit.
751 1398 875 1444 Scipio
885 1397 1030 1434 lVasica
1047 1412 1125 1432 sen-

148 1449 193 1481 sit
220 1461 292 1481 non
320 1449 504 1483 delendam
529 1461 622 1490 esse,
654 1451 735 1494 quia
758 1450 864 1482 nimis
889 1458 985 1483 atrox
1010 1462 1127 1482 exem-

148 1499 247 1542 plum
264 1506 371 1540 esset,
397 1506 429 1532 et
449 1512 520 1532 non
547 1500 760 1532 conveniens
776 1499 959 1534 Romanae
973 1502 1126 1533 clemen-

131 1549 233 1588 stiae,
280 1556 412 1582 tantam
447 1547 633 1582 hominum
670 1550 934 1582 multitudinem
969 1551 1126 1594 perdere.

147 1597 270 1632 Deleta
297 1599 401 1633 etiam
436 1611 474 1633 ea
509 1600 596 1633 urbe
621 1599 803 1633 Romanos
838 1600 975 1632 facilius
1010 1600 1127 1633 civilia

148 1648 241 1681 bella
276 1656 434 1682 moturos
468 1661 560 1690 esse,
605 1650 686 1694 quia
722 1650 781 1682 illa
819 1649 957 1693 imperii
991 1651 1128 1682 aemula

150 1698 284 1731 sublata
301 1699 388 1731 soris
405 1700 582 1731 neminem
600 1699 823 1733 formidaturi
841 1706 963 1732 essent.
1014 1696 1128 1732 Calo-

151 1748 210 1780 m's
233 1748 299 1780 suit
316 1748 490 1782 contraria
512 1749 700 1788 sententia,
735 1750 815 1794 quia
840 1750 951 1783 virtus
966 1749 1127 1783 Romana

150 1798 318 1842 paulatim
335 1800 431 1831 fieret
447 1799 660 1840 languidior,
679 1796 928 1840 Carthaginem
948 1800 1127 1832 occasione

150 1849 382 1892 recuperandi
399 1849 537 1891 imperii
556 1849 746 1892 aliquando
763 1860 904 1881 usuram
923 1861 1005 1882 esse.

251 1897 423 1932 Consules
447 1899 484 1931 in
504 1896 694 1942 Aphricam
719 1899 814 1931 missi
841 1899 986 1931 biennio
1014 1899 1128 1932 vicina

151 1949 278 1993 oppida
296 1956 531 1993 occuparunt,
559 1955 591 1982 et
613 1949 797 1993 aliquoties
819 1949 1029 1982 infoeliciter
1053 1958 1129 1983 ten-

152 2006 271 2032 tarunt
287 2000 584 2043 oppugnationem
597 1997 835 2041 Carthaginis,
857 2011 895 2031 ac
911 1999 1039 2032 virtute
1055 1999 1130 2033 Sci-

153 2049 270 2092 pionis
282 2049 492 2094 Aemyliani‚
509 2050 570 2094 qui
587 2056 670 2083 tunc
680 2048 862 2082 Tribunus
878 2050 1030 2082 militum
1049 2057 1131 2090 erat,

153 2097 209 2132 his
226 2111 349 2143 magna
366 2111 444 2133 cum
469 2101 580 2143 gloria
606 2100 732 2132 servati
758 2106 839 2133 sunt
856 2098 1011 2133 Romani
1034 2112 1131 2133 exer-

106 2188 110 2193 ·
153 2150 252 2183 citus.
305 2149 389 2184 Post
405 2150 589 2183 biennium
607 2147 663 2183 hic
678 2149 796 2194 Scipio
813 2157 894 2183 ante
912 2150 1130 2183 consularem

153 2206 299 2240 aetatem
325 2207 460 2234 creatus
479 2200 632 2240 Consul,
668 2207 701 2233 et
726 2200 850 2233 missus
873 2201 909 2232 in
931 2198 1133 2244 Aphricam,

154 2250 223 2283 alio
238 2250 386 2284 consilio
404 2262 486 2284 usus
504 2258 572 2292 est,
597 2262 702 2296 quam
729 2251 862 2294 priores
886 2251 1002 2284 duces.
1056 2250 1129 2284 To-

154 2307 226 2334 tam
250 2301 371 2334 urbem
394 2302 688 2341 circumvallavit,
714 2313 759 2334 ne
780 2302 994 2335 frumentum
1014 2299 1134 2334 invehi

155 2357 282 2393 posset.
335 2350 372 2384 Id
391 2363 480 2396 opus
497 2352 641 2385 disficile
658 2359 690 2385 et
708 2363 832 2395 magna
855 2359 927 2385 arte
952 2358 984 2385 et
1007 2363 1133 2395 magno

156 2402 277 2435 labore
303 2402 493 2444 perfectum
518 2410 580 2436 est.
634 2401 716 2435 Fuit
740 2403 833 2436 enim
858 2402 1011 2436 ambitus
1038 2403 1135 2436 urbis

157 2463 213 2485 sex
237 2451 441 2486 milliarium
465 2453 771 2487 Germanicorum.
828 2451 1008 2487 Diameter
1031 2453 1137 2496 igitur

157 2502 225 2535 fuit
249 2502 387 2536 circiter
409 2504 560 2537 duorum
584 2504 801 2539 milliarium.
869 2502 1005 2537 Interea
1036 2516 1136 2548 saepe

159 2552 364 2586 dimicatum
383 2559 433 2586 est
450 2554 628 2587 acerrimis
652 2555 814 2598 praeliis,
841 2554 1045 2598 praesertim
1074 2566 1138 2587 na-

160 2603 309 2637 valibus.
371 2603 438 2637 Sed
464 2605 603 2637 tandem
629 2606 713 2638 urbs
739 2606 773 2638 vi
801 2612 899 2647 capta
925 2611 992 2643 est,
1034 2606 1137 2638 caede

162 2653 254 2687 intra
275 2654 416 2687 moenia
441 2651 604 2688 horribili
627 2656 724 2689 sacta.
790 2654 1001 2700 Priusquam
1023 2662 1136 2690 autem

912 108 1203 147 CHRONICON
1228 109 1473 148 CARIONIS.

2088 118 2162 154 878

1187 196 1399 240 diriperetur
1422 204 1457 230 et
1479 197 1775 238 inflammaretur,
1798 200 1899 235 iussit
1924 201 2012 235 edici
2030 202 2159 248 Scipio,

1184 253 1222 280 ut
1241 247 1399 290 sugerent
1418 248 1478 292 qui
1500 249 1638 282 vellent.
1693 249 1873 293 Fugerunt
1894 253 2000 295 igitur
2015 266 2055 288 ex
2070 256 2158 288 urbe

1183 296 1436 341 quinquaginta
1455 298 1566 331 millia
1586 296 1789 341 hominum,
1813 302 1941 346 reliqui
1965 311 2023 338 aut
2047 305 2158 338 inter—

1182 347 1260 380 fecti
1276 355 1334 381 aut
1351 348 1500 381 {lammis
1517 350 1691 393 absumpti
1707 357 1798 386 sunt.
1833 352 1924 386 Urbs
1940 353 2157 389 inflammata

1183 397 1267 430 arsit
1291 398 1366 430 dies
1391 399 1550 432 sedecim.
1607 399 1740 434 Scribit
1762 408 1878 435 autem
1901 402 2087 445 Polvhius,
2121 419 2156 439 se

1181 446 1340 491 Scipioni
1354 448 1510 489 astitisse,
1533 452 1702 493 spectanti
1717 451 1816 484 urbis
1832 444 2046 488 incendium.
2083 456 2156 498 Qui

1181 509 1258 530 cum
1275 498 1471 543 lacrymans
1492 511 1628 532 versum
1645 501 1834 534 recitasset:
1857 502 1919 535 Illa
1938 505 2011 537 dies
2029 507 2156 546 veniet,

1180 560 1258 581 cum
1276 549 1345 582 sato
1356 547 1473 581 Troia
1490 551 1628 592 peribit,
1655 551 2042 597 interrogatPolybius:
2069 557 2155 600 quid

1179 598 1361 644 lacrymae,
1389 597 1424 632 hi
1444 600 1610 642 gemituS,
1636 608 1668 635 et
1684 599 1767 634 haec
1784 603 1874 635 dicta
1892 603 2152 644 significarent?

1178 646 1384 692 Respondet
1402 649 1539 693 Scipio,
1564 662 1598 682 se
1615 652 1765 693 cogitare
1784 652 1999 686 miserabiles
2019 657 2153 697 generis

1179 696 1323 731 hnmani
1343 711 1458 741 casus,
1487 707 1519 732 et
1539 701 1695 733 futurum
1715 702 1906 745 aliquando
1924 704 2036 736 simile
2055 707 2152 738 urbis

1177 747 1313 781 Romae
1329 751 1520 790 excidium,
1555 751 1643 784 sicut
1667 759 1699 785 et
1718 750 1857 785 'l'otilae
1880 751 2038 787 Gotthici
2064 757 2154 798 regis

1179 804 1335 842 ternpore
1365 801 1510 841 accidit,
1554 802 1691 834 circiter
1720 814 1854 835 annum
1887 804 2153 847 septingentesi-

1177 859 1273 881 mum
1297 857 1374 892 post
1406 848 1500 884 hunc
1523 850 1736 895 Scipionem.
1806 852 1957 887 Steterat
1980 862 2094 888 autem
2121 864 2154 889 et

1175 896 1352 941 Carthago
1383 912 1494 933 annos
1531 902 1668 935 circiter
1707 904 1962 947 septingentos,
2012 907 2153 939 condita

1176 955 1257 981 ante
1289 950 1412 982 urbem
1443 949 1595 984 Romam
1630 964 1723 986 anno
1759 955 1945 988 centesimo
1981 962 2015 989 et
2048 957 2153 1000 paulo

1176 998 1338 1042 amplius.

1278 1046 1472 1082 Asdrubal
1495 1051 1565 1082 dux
1587 1049 1918 1094 Carthaginensium
1942 1056 2086 1098 supplex
2111 1057 2153 1088 ad

1178 1097 1380 1141 Scipionem
1401 1101 1568 1142 confugit.
1620 1099 1708 1134 Eius
1730 1115 1818 1135 uxor
1841 1104 1916 1136 dira
1943 1107 2068 1138 marito
2089 1107 2156 1138 ini-

1177 1155 1315 1191 precata
1347 1161 1381 1182 se
1411 1162 1488 1182 cum
1527 1150 1643 1193 parvis
1676 1151 1758 1185 filiis
1792 1153 1828 1184 in
1858 1155 2012 1187 medium
2040 1157 2155 1197 ignem

1177 1199 1428 1242 praecipitavit.
1481 1200 1604 1233 Postea
1623 1208 1655 1234 et
1674 1201 1748 1245 ipse
1766 1201 1943 1236 Asdrubal
1971 1206 2035 1237 sibi
2062 1219 2156 1245 mor-

1178 1255 1247 1281 tem
1262 1250 1443 1283 conscivit.
1494 1249 1541 1284 Et
1558 1251 1724 1293 leguntur
1741 1252 1807 1285 alia
1833 1250 2018 1287 horribilia
2041 1268 2156 1289 exem-

1179 1300 1257 1342 pla,
1285 1312 1373 1344 quae
1392 1301 1594 1334 acciderunt
1620 1303 1656 1334 in
1680 1313 1720 1334 eo
1747 1303 1900 1342 excidio,
1929 1317 2016 1348 quae
2041 1314 2158 1339 osten-

1179 1351 1269 1382 dunt
1293 1351 1380 1382 iram
1398 1349 1461 1382 Dei
1487 1352 1653 1383 adversus
1679 1352 1824 1392 delicta,
1861 1360 1892 1386 et
1916 1363 2080 1395 monent,
2113 1370 2157 1388 ne

1179 1407 1294 1443 spreto
1331 1398 1396 1432 Dei
1441 1401 1572 1434 iudicio
1607 1402 1716 1434 coecis
1752 1403 2003 1446 cupiditatibus
2038 1407 2158 1440 indul-

1179 1460 1330 1492 gearnus.

1280 1497 1528 1542 Carthaginem
1559 1513 1631 1534 non
1660 1501 1772 1535 multo
1794 1510 1871 1546 post
1896 1505 2077 1538 restituere
2102 1519 2159 1539 co-

1181 1556 1283 1582 natus
1309 1558 1358 1583 est
1380 1549 1485 1583 Caius
1512 1550 1712 1593 Gracchus,
1754 1554 1968 1587 deducturus
1998 1567 2037 1587 eo
2065 1558 2160 1589 col.»-

1180 1600 1286 1632 niam.
1352 1600 1422 1633 Sed
1446 1600 1538 1645 Lupi
1561 1603 1678 1644 sigua,
1716 1615 1804 1647 quae
1836 1616 2019 1636 murorum
2047 1609 2160 1649 spacia

1181 1650 1443 1691 significabant,
1468 1658 1646 1686 eruerunt.
1699 1651 1821 1686 Postea
1840 1666 1857 1686 a
1877 1654 1966 1687 lulio
1989 1662 2019 1688 et
2038 1658 2160 1700 Augu-

1181 1706 1232 1732 sto
1252 1700 1411 1733 restituta
1430 1708 1496 1741 est,
1525 1708 1554 1734 et
1575 1713 1613 1734 eo
1633 1702 1773 1735 deducti
1791 1710 1872 1738 sunt
1889 1705 2017 1740 coloni.

1298 1815 1550 1851 Eoecidium
1577 1819 1873 1853 Numantiae
1910 1820 2052 1855 urbi-s.

1284 1896 1407 1945 Scipio
1430 1900 1658 1944 Aemylianus
1682 1902 1944 1944 quartodecimo
1972 1916 2064 1935 anno
2090 1911 2166 1945 post

1186 1960 1339 1981 eversam
1361 1948 1609 1991 Carthaginem
1635 1951 1763 1983 delevit
1786 1952 1908 1983 urbern
1930 1952 2167 1992 Numantiam,

1183 1999 1284 2032 sitam
1303 1999 1338 2031 in
1357 1998 1565 2040 Celtiberia,
1590 2001 1651 2033 ubi
1668 2000 1823 2035 Romani
1842 2003 2009 2035 exercilus
2030 2004 2167 2047 aliquo-

1185 2049 1247 2082 ties
1266 2049 1430 2082 trucidati
1453 2051 1603 2084 fuerant.

1272 2100 1391 2132 Huius
1408 2107 1522 2133 autem
1540 2100 1637 2133 urbis
1653 2101 1825 2135 excidium
1843 2102 2035 2136 terribilius
2053 2115 2169 2136 exem-

1185 2150 1282 2193 plum
1303 2156 1351 2182 est
1370 2151 1504 2183 excidio
1523 2149 1758 2193 Carthaginis.
1813 2152 1905 2194 Quia
1929 2165 2006 2185 cum
2028 2161 2169 2197 propter

1186 2201 1311 2232 samem
1325 2201 1515 2234 defendere
1527 2201 1650 2234 urbem
1670 2202 1762 2234 cives
1780 2203 1913 2235 diutius
1931 2216 2002 2235 non
2019 2212 2169 2247 possent,

1189 2251 1452 2284 inflammarunt
1476 2264 1548 2283 eain
1570 2252 1654 2294 ipsi,
1682 2258 1715 2284 et
1734 2263 1805 2283 sese
1822 2253 1947 2295 partini
1969 2254 2061 2297 igni,
2090 2266 2170 2297 par-

1187 2302 1249 2334 tim
1275 2302 1388 2340 ferro,
1424 2302 1548 2344 partim
1576 2313 1711 2333 veneno
1738 2304 1979 2344 perdiderunt.
2046 2304 2168 2337 Postea

1188 2350 1306 2394 Scipio
1333 2352 1453 2384 ruinas
1479 2352 1640 2384 funditus
1662 2352 1808 2391 delevit,
1853 2360 1885 2386 et
1915 2365 2015 2396 agros
2044 2355 2168 2387 vicinis

1188 2402 1366 2442 attribuit,
1398 2408 1428 2434 et
1447 2403 1607 2434 ordinata
1624 2402 1806 2445 provincia
1824 2415 1943 2447 pacem
1965 2405 1999 2437 in
2019 2417 2056 2438 ea
2074 2413 2169 2448 parte

1188 2451 1380 2497 Hispaniae
1397 2453 1560 2486 restitnit.

1292 2504 1447 2536 Absente
1461 2516 1500 2535 eo
1518 2501 1654 2536 Romae
1671 2514 1818 2546 maguae
1843 2504 2030 2537 seditiones
2056 2512 2168 2538 motai·

1192 2560 1271 2587 sunt
1290 2560 1432 2597 propter
1451 2554 1540 2596 leges
1562 2554 1735 2596 agrarias,
1764 2566 1848 2598 quas
1866 2555 1968 2587 initio
1989 2556 2079 2587 bono
2097 2563 2171 2587 stn-

1192 2605 1250 2636 dio
1269 2603 1434 2637 Tiberius
1451 2601 1632 2637 Gracchus
1657 2604 1805 2645 tulerat,
1838 2606 2038 2638 sax-entibus
2064 2605 2168 2636 etiam

1193 2653 1292 2687 Lelio
1318 2661 1350 2688 et
1365 2654 1521 2688 scevola.
1574 2653 1642 2687 Sed
1667 2655 1711 2688 ad
1734 2655 1863 2688 bonam
1889 2666 2025 2688 causam
2052 2661 2171 2697 postea

1536 2702 1583 2738 56
1599 2701 1617 2719 ¹⁸
