2324 2955
175 98 247 134 631

176 183 380 218 divinorum
403 183 577 214 terrentur
600 171 761 210 homines
786 181 819 209 et
843 174 1087 216 adducuntur,
1119 181 1159 209 ut

176 235 261 269 tales
283 234 486 275 impostores
503 227 772 270 magnifaciant,
799 226 918 271 quales
936 227 1079 259 fuerunt
1093 238 1159 259 no-

177 292 247 317 stra
263 289 372 315 aetate
388 280 509 313 multis
525 278 601 311 noti
612 277 790 320 Pelargus,
816 275 1051 318 Monetarius,
1078 275 1160 310 Mo-

179 333 426 370 nasterienscs,
453 328 673 372 Campanus,
700 333 733 360 et
752 327 855 360 multi
870 327 943 363 alii.

276 396 337 433 45.
369 396 539 431 Salomon
554 393 660 427 simul
676 394 719 426 de
741 393 940 427 ministerio
961 399 1103 427 externo
1129 400 1162 427 et

173 451 216 483 de
231 447 306 482 filio
323 447 389 481 Dei
406 446 653 480 concionatur:
682 443 749 478 Fui
767 456 883 477 coram
899 456 939 477 eo
957 444 1101 485 artifex,
1129 451 1162 478 et

173 499 320 533 deliciae
337 497 580 543 quotidianae,
602 496 727 529 ludens
744 506 860 527 coram
884 506 924 527 eo
949 495 1049 527 omni
1072 502 1163 528 tem—

173 561 277 595 pore,
312 549 438 581 ludens
462 548 500 580 in
524 547 609 579 orbe
631 552 744 578 terrae
764 556 864 585 suae,
897 551 932 578 et
960 545 1164 578 delectatio·

175 611 238 633 nes
264 611 360 632 meae
384 610 462 632 cum
486 594 787 640 filiis]h0minum.
839 594 1044 638 Spectacula
1061 595 1164 628 nobis

177 650 338 683 omnium
353 648 563 693 pulcerrima
581 647 765 691 proponit,
791 645 954 679 adfirmat
969 646 1081 679 filium
1098 644 1164 678 Dei

175 702 404 734 formatorem
429 699 533 732 fuisse
553 697 795 730 immediatum
812 696 947 729 ordinis
965 703 998 730 et
1014 708 1165 729 oecono-

177 751 269 784 miae
289 751 326 782 in
344 750 519 782 creatione
535 759 682 791 operum
697 747 836 779 mundi.
873 744 920 780 Et
937 744 1031 779 hunc
1048 747 1164 790 ipsum

178 801 290 833 filium
299 799 364 832 Dei
385 799 549 832 delectari
565 796 751 830 hominum
768 797 1033 832 consuetudine.
1067 796 1164 837 Quid

178 857 293 895 potest
318 850 385 883 dici
410 848 572 882 dulcius?

177 901 325 933 missum
350 911 422 933 esse
446 900 490 932 ad
516 896 699 941 homines,
740 904 774 930 et
803 897 964 940 adiungit
985 904 1166 930 externum

178 951 346 991 verbum,
373 951 420 983 ait
437 947 528 982 hanc
544 948 750 992 sapientiam
770 947 920 980 clamare
936 948 973 980 in
990 948 1100 991 portis
1118 947 1167 980 ci—

180 1001 314 1035 xitatis.
368 999 418 1033 Ita
438 1007 470 1033 et
486 1010 550 1032 nos
572 998 722 1031 dicimus
747 997 858 1030 filium
877 997 942 1031 Dei
965 999 1083 1031 adesse
1100 996 1168 1031 Ec—

180 1102 218 1134 in
238 1099 394 1134 [ohanne
413 1101 579 1142 scriptum
598 1105 664 1131 est:
697 1096 772 1139 Ego
788 1109 866 1130 sum
884 1098 984 1135 vitis,
1013 1109 1076 1129 vos
1093 1097 1169 1139 pal-

180 1151 296 1186 mites.
349 1149 395 1184 Et
412 1151 454 1183 ad
468 1147 656 1192 Ephesios:
681 1145 842 1180 Christus
861 1154 911 1181 est
928 1153 1032 1190 caput
1046 1144 1169 1179 Eccle-

180 1202 252 1235 siae
268 1201 387 1234 omnia
403 1200 584 1244 perficiens
602 1198 638 1230 in
656 1197 832 1232 omnibus.

285 1262 343 1295 46.
395 1259 577 1292 Praeterea
612 1256 649 1288 in
684 1255 914 1299 opinionibus
948 1254 1170 1298 Papistarum

180 1322 345 1353 magnum
363 1307 468 1342 chaos
485 1314 535 1340 est
553 1318 731 1344 errorum,
759 1307 802 1338 de
825 1306 1078 1339 traditionibus
1103 1303 1171 1338 hu-

181 1361 295 1394 manis
310 1360 346 1392 in
362 1358 517 1392 Ecclesia
530 1384 539 1396 ‚
565 1368 685 1389 eorum
705 1368 864 1389 errorum
885 1356 1042 1389 defensio
1065 1355 1169 1388 etiam

184 1411 350 1444 discernit
370 1421 488 1444 veram
505 1406 698 1441 Ecclesiam
720 1407 764 1440 ab
789 1406 907 1450 impiis
930 1406 1171 1449 congregatio-

182 1462 300 1496 nibus.

286 1519 346 1554 47.
386 1516 506 1562 Opera
539 1528 612 1549 non
644 1516 807 1549 mandata
836 1514 1009 1548 divinitus
1037 1525 1171 1559 nequa-

186 1582 290 1615 quam
306 1576 387 1604 sunt
405 1570 519 1602 cultus
536 1566 621 1605 Dei,
647 1566 741 1599 iuxta
764 1566 914 1598 dictum:
943 1564 1088 1597 Frustra
1113 1575 1172 1596 co-

188 1622 265 1653 lunt
294 1633 348 1653 me
371 1619 546 1652 mandatis
570 1615 766 1649 hominum.
821 1615 923 1648 Talia
942 1617 1028 1648 'sunt
1048 1625 1171 1647 mona—

186 1669 333 1703 chorum
350 1677 449 1708 vota,
477 1667 680 1701 discrimina
698 1667 878 1706 ciborum,
906 1665 1097 1698 coelibatus
1118 1675 1171 1697 sa-

186 1722 389 1761 cerdotum,
414 1726 447 1752 et
461 1718 599 1753 similia.

289 1778 349 1813 48.
384 1778 486 1811 Nunc
511 1775 664 1821 Cynicus
688 1772 892 1807 Austriacus
915 1779 1060 1806 renovat
1084 1773 1172 1805 deli-

187 1837 343 1863 rameuta
367 1830 408 1861 de
432 1826 654 1872 perfectione.
714 1824 883 1857 Nominat
911 1823 1172 1867 perfectionem,

187 1881 447 1914 simulationem
465 1875 698 1922 paupertatis,
733 1886 812 1908 cum
841 1874 885 1906 sit
910 1874 1082 1917 parasitus
1109 1885 1173 1907 au-

188 1930 286 1964 licus.

290 1987 348 2023 49.
391 1985 612 2030 Impossibile
642 1991 691 2018 est
719 1996 823 2028 opera
854 1995 927 2016 non
956 1983 1121 2016 mandata
1154 1994 1172 2016 a

186 2038 279 2079 Deo,
307 2038 553 2083 perfectionem
571 2047 661 2075 esse,
689 2047 767 2068 cum
788 2046 859 2067 non
878 2034 947 2067 sint
966 2034 1079 2067 cultus
1095 2033 1172 2067 Dei.

189 2088 236 2123 Et
253 2089 433 2122 manifeste
450 2088 544 2120 dicat
559 2098 625 2119 vox
643 2085 781 2118 divina:
820 2084 859 2117 Iu
879 2084 1070 2128 praeceptis
1086 2084 1173 2117 meis

189 2141 383 2179 ambulate,
425 2150 496 2170 non
525 2137 561 2169 iu
584 2136 777 2180 praeceptis
802 2142 939 2179 patrum
962 2141 1174 2169 vestrorum.

190 2189 235 2222 Et
252 2202 329 2223 cum
348 2189 467 2222 nullus
484 2186 589 2221 homo
608 2187 645 2219 in
663 2183 727 2219 hac
744 2186 912 2229 pravitate
931 2191 1076 2218 naturae
1093 2196 1173 2228 pos-

191 2241 232 2273 sit
251 2240 443 2273 satisfacere
460 2238 526 2281 legi
544 2236 628 2274 Dei,
656 2237 880 2269 manifestum
907 2242 976 2276 est,
1004 2247 1076 2268 non
1102 2247 1173 2268 esse

945 85 1423 127 DISPUTATIONES

191 2290 227 2322 iu
254 2288 457 2322 hominibus
479 2289 665 2332 perfectam
690 2286 940 2319 obedientiam.
993 2285 1061 2319 Sed
1079 2285 1172 2319 Pau-

191 2341 245 2373 lus
263 2340 373 2383 inquit
388 2367 395 2379 ,
423 2339 463 2372 ln
478 2337 617 2372 Christo
636 2336 869 2370 consummati
886 2336 982 2374 estis,
1010 2336 1175 2370 videlicet
1196 2377 1197 2385 ἵ

190 2390 432 2433 imputatione.
484 2387 529 2423 Et
545 2394 661 2432 postea
687 2387 724 2419 in
747 2388 816 2420 vita
843 2393 982 2419 aeterna
1005 2387 1070 2419 erit
1095 2399 1172 2429 per-
1195 2400 1197 2432 ἑ

190 2441 292 2473 fcctio
311 2451 346 2472 re
370 2439 441 2482 ipsa
466 2440 502 2471 in
527 2438 647 2478 nobis,
683 2449 760 2470 cum
787 2438 853 2470 erit
870 2436 964 2470 Deus
990 2437 1108 2470 omnia
1136 2438 1172 2470 in
1195 2434 1196 2445 ¹

192 2490 357 2524 omnibus
373 2489 499 2529 beatis,
527 2490 560 2521 id
581 2495 649 2528 est,
676 2500 753 2520 cum
772 2488 817 2521 ita
834 2487 981 2531 fulgebit
1007 2488 1044 2520 in
1068 2488 1172 2521 nobis
1195 2486 1196 2489 ¹

191 2541 302 2580 Deus,
345 2547 382 2573 ut
408 2552 479 2571 nou
503 2539 545 2571 sit
571 2538 674 2570 simul
698 2545 896 2580 peccatum,
936 2538 1024 2571 sicut
1048 2538 1084 2571 in
1108 2536 1172 2571 hac
1194 2539 1195 2592 l

191 2592 260 2625 xita
279 2592 314 2623 iu
333 2590 461 2623 sanctis
477 2589 611 2621 etiamsi
636 2594 716 2620 sunt
734 2587 923 2633 Templum
944 2589 1030 2631 Dei,
1055 2595 1171 2623 tamen

190 2640 303 2675 adhuc
321 2638 436 2674 haeret
456 2640 489 2672 in
508 2639 555 2672 eis
573 2644 760 2682 peccatum.

2115 89 2188 124 632

1308 171 1368 207 50.
1394 171 1636 207 Certissimum
1656 180 1717 215 est,
1742 173 1813 207 duo
1825 184 1952 217 genera
1962 184 2190 218 esseoperum

1209 226 1244 258 in
1263 222 1438 264 Ecclesia,
1461 224 1557 267 signa
1573 225 1849 268 promissionum
1861 251 1870 265 ,
1897 237 1985 269 quae
2000 225 2190 258 nominan—

1209 283 1266 308 tur
1289 274 1514 309 Sacramenta
1540 281 1573 307 et
1596 274 1785 309 Sacrificia.
1854 272 1907 308 Ac
1940 275 2071 308 insulse
2095 275 2191 318 cogi-

1210 332 1286 359 tant
1321 325 1363 357 de
1395 324 1629 358 sacramentis
1658 325 1697 358 in
1728 338 1821 359 novo
1845 324 2092 366 Testamento,
2130 325 2191 370 qui

1211 375 1467 418 imaginantur,
1494 375 1706 419 baptismum
1723 383 1756 409 et
1778 387 1922 409 coenam
1941 375 2086 409 Domini
2104 375 2193 408 ritus

1211 438 1281 459 esse
1300 425 1542 470 principaliter
1558 426 1602 458 ad
1619 423 1686 458 hoc
1704 425 1900 467 institutos,
1934 433 1973 460 ut
1991 427 2193 459 discernant

1211 474 1430 510 Christianos
1448 477 1492 510 ab
1511 476 1589 509 aliis
1607 488 1722 509 coram
1740 474 1963 518 hominibus,
1990 477 2078 510 sicut
2095 475 2194 518 Toga

1212 527 1430 560 discernebat
1459 526 1663 561 Romanum
1686 528 1722 564 a'.
1741 525 1889 561 Graeco.
1956 526 2057 560 Sicut
2085 525 2195 571 aliqui

1212 577 1437 621 scripserunt.

1313 643 1375 679 51.
1419 643 1488 677 Sed
1510 643 1734 678 Sacramenta
1758 643 1843 676 novi
1867 641 2087 677 Testamenti
2107 639 2197 686 [sunt

1214 695 1312 737 signa
1336 694 1529 727 voluntatis
1544 693 1611 728 Dei
1635 706 1714 737 erga
1738 706 1820 735 nos,
1846 694 1882 727 id
1903 700 1973 734 est,
2002 699 2084 726 sunt
2106 692 2197 725 ritus

1215 758 1234 778 a
1257 745 1332 778 Deo
1358 745 1530 785 institutI,
1573 751 1613 778 ut
1637 745 1707 778 sint
1731 745 1932 778 testimonia
1954 755 2014 777 seu
2038 743 2197 787 pignora,

1189 840 1190 845 1
1215 796 1309 840 quod
1332 794 1427 828 Deus
1457 793 1618 828 exhibeat
1646 795 1749 828 nobis
1776 795 1946 838 promissa
1970 793 2138 828 beneficia
2160 793 2198 825 in

624 847 806 890 Significat
830 854 944 880 autem
971 847 1083 880 filium
1100 846 1166 879 Dei
1189 851 1191 854 '

1214 845 1419 888 Evangelio.
1472 845 1540 878 Ilic
1558 845 1693 889 primus
1717 845 1797 877 finis
1820 851 1888 886 est,
1912 852 2029 889 postea
2052 849 2198 888 possunt

1215 898 1377 929 accedere
1409 896 1469 929 alii
1499 896 1584 929 fines
1615 903 1648 929 et
1679 895 1970 938 significationes,
2004 902 2043 928 ut
2065 892 2123 927 hic
2148 901 2200 927 est

1216 947 1305 979 calix
1328 946 1414 978 novi
1439 946 1677 986 Testamenti,
1703 947 1739 978 id
1764 952 1832 987 est,
1860 958 1972 979 novae
1996 944 2202 989 promissio-

1191 1026 1193 1036 ,
1215 997 1288 1035 nis,
1315 997 1376 1041 qui
1393 996 1459 1029 erit
1474 997 1600 1040 pignus
1617 996 1803 1029 testificans
1821 997 1897 1029 dari
1913 996 2012 1029 vobis
2029 995 2203 1039 promissa

180 1051 325 1091 zlesiae,
351 1057 384 1084 et
400 1050 572 1083 efficacem
596 1060 668 1081 esse
694 1059 778 1081 voce
794 1046 997 1089 Evangelii,
1024 1048 1112 1080 sicut
1136 1053 1168 1079 et
1191 1041 1193 1050 ι

1217 1048 1255 1078 in
1279 1059 1372 1078 novo
1390 1046 1613 1079 Testamento
1627 1073 1636 1086 ,
1662 1053 1695 1079 et
1715 1046 1901 1089 promissio
1926 1054 1976 1080 est
1998 1045 2201 1088 accipienda

1216 1097 1294 1130 fide.
1324 1096 1381 1128 Sic
1397 1096 1504 1137 igitur
1518 1097 1690 1128 utendum
1709 1096 2005 1136 estSacramento,
2027 1102 2066 1129 ut
2082 1095 2201 1127 credas

1217 1145 1283 1177 tibi
1299 1142 1457 1177 exhiberi
1475 1145 1645 1188 promissa
1666 1145 1703 1176 in
1720 1144 1932 1187 Evangelio,
1960 1143 2202 1177 remissionem

1218 1201 1438 1238 peccatorum
1479 1202 1512 1228 et
1546 1195 1878 1230 reconciliationem.
1962 1194 2070 1229 Recte
2099 1194 2203 1227 etiam

1218 1245 1366 1285 dicitur,
1394 1256 1465 1278 esse
1491 1257 1528 1278 ea
1552 1245 1750 1278 testimonia
1772 1245 2037 1288 adplicationis,
2065 1251 2105 1278 ut
2123 1255 2203 1277 cum

1218 1295 1404 1340 promissio
1422 1296 1592 1338 generalis
1608 1295 1664 1336 sit,
1689 1306 1773 1328 usus
1782 1294 1998 1328 Sacramenti
2013 1301 2062 1328 est
2076 1295 2204 1337 pignus

1219 1346 1405 1380 testificans
1422 1346 1691 1387 promissionem
1708 1346 1751 1378 ad
1766 1352 1798 1379 te
1814 1346 2000 1389 pertinere.
2043 1344 2112 1377 llic
2131 1344 2205 1389 pri-

1220 1407 1296 1429 mus
1314 1402 1347 1428 et
1365 1396 1545 1439 proximus
1562 1396 1642 1428 finis
1660 1402 1710 1429 est
1725 1408 1852 1429 coenae
1865 1395 2023 1430 Domini.
2078 1394 2202 1428 Postea

1221 1453 1272 1480 est
1304 1458 1433 1479 nervus
1465 1446 1765 1489 congregationis,
1804 1446 2045 1480 testimonium
2068 1445 2204 1477 confes-

1221 1497 1349 1535 sionis,
1384 1496 1507 1529 foedus
1530 1496 1796 1529 benevolentiae
1822 1507 1900 1539 erga
1926 1494 2137 1533 Ecclesiam,
2170 1502 2203 1528 et

1218 1546 1382 1590 privatim
1398 1558 1478 1589 erga
1493 1558 1614 1579 omnes
1631 1546 1723 1579 cives
1741 1546 1894 1579 ciusdem
1904 1545 2091 1579 Ecclesiae.
2117 1544 2203 1578 Pos-

1219 1603 1301 1630 sunt
1316 1597 1410 1629 enim
1426 1596 1530 1629 unius
1548 1596 1662 1640 operis
1678 1597 1796 1640 plures
1813 1607 1883 1628 esse
1899 1597 1994 1631 fines.
2047 1595 2142 1629 Haec
2165 1596 2203 1628 in

1219 1659 1344 1691 genere
1359 1648 1401 1679 de
1417 1647 1555 1680 ratione
1574 1646 1791 1680 Sacramenti
1810 1646 1898 1679 scire
1914 1657 2053 1679 necesse
2069 1652 2130 1681 est.

1320 1713 1380 1749 52.
1415 1712 1462 1747 At
1479 1714 1654 1748 Sacrificia
1669 1720 1750 1747 sunt
1770 1725 1875 1757 opera
1892 1725 1910 1746 a
1928 1711 2005 1746 Deo
2028 1713 2206 1751 mandata,

1220 1765 1379 1798 facienda
1396 1764 1432 1796 in
1449 1765 1536 1805 fide,
1565 1764 1602 1796 in
1622 1764 1750 1808 quibus
1759 1762 1834 1797 Deo
1854 1776 1917 1797 nos
1933 1763 2069 1808 aliquid
2085 1763 2206 1796 offeri-

1220 1827 1314 1857 mus,
1349 1815 1513 1848 videlicet
1538 1814 1797 1855 obedientiam,
1831 1826 1900 1859 qua
1922 1821 2089 1848 testamur
2110 1811 2206 1847 hunc

1222 1878 1304 1899 vere
1330 1865 1445 1899 Deum
1471 1877 1558 1905 esse,
1586 1877 1688 1910 quem
1715 1865 1763 1898 sic
1788 1865 1955 1903 colimus,
1989 1871 2024 1898 et
2049 1864 2206 1898 ostendi-

1221 1927 1299 1950 mus
1314 1928 1393 1949 eum
1412 1916 1460 1949 sic
1476 1916 1565 1949 velle
1583 1916 1671 1954 coli,
1697 1922 1736 1949 ut
1752 1916 1890 1949 castitas
1908 1912 2035 1959 Ioseph
2049 1921 2099 1948 est
2117 1927 2205 1957 opus

1221 1979 1239 2000 a
1258 1966 1332 2000 Deo
1357 1967 1582 2007 mandatum,
1617 1966 1655 1999 fit
1679 1978 1760 2000 vera
1786 1966 1874 2007 fide,
1907 1973 1940 2000 et
1963 1971 2115 2010 praestat
2130 1964 2205 1999 Deo

1222 2017 1481 2058 obedientiam,
1509 2029 1577 2062 qua
1599 2023 1744 2050 testatur
1767 2014 1862 2050 hunc
1887 2028 1968 2050 vere
1992 2028 2064 2049 esse
2077 2014 2206 2056 Deum,

1222 2067 1286 2112 qui
1307 2069 1356 2101 sie
1378 2068 1524 2108 colitur,
1568 2073 1601 2100 et
1634 2068 1787 2101 ostendit
1816 2079 1896 2101 eum
1927 2067 1976 2100 sic
2006 2066 2096 2099 velle
2126 2067 2206 2101 coli.

1222 2116 1438 2152 Ohedientia
1454 2115 1626 2162 Stephani
1649 2118 1685 2150 in
1705 2118 1897 2162 supplicio,
1922 2124 1971 2151 est
1994 2128 2081 2160 opus
2104 2128 2205 2148 man-

1222 2170 1344 2203 datum
1361 2182 1378 2202 a
1397 2167 1494 2209 Deo,
1522 2169 1559 2201 fit
1575 2180 1655 2201 vera
1675 2169 1760 2210 fide,
1789 2176 1822 2203 et
1849 2175 1999 2212 praestat
2021 2165 2115 2200 hunc
2139 2164 2204 2199 ho-

1222 2232 1345 2252 norem
1363 2219 1455 2257 Deo,
1490 2225 1637 2252 testatur
1654 2217 1749 2252 hunc
1769 2231 1848 2252 vere
1865 2218 1977 2252 Deum
1994 2228 2064 2250 esse
2078 2216 2140 2262 qui
2156 2217 2205 2250 sic

1222 2271 1368 2310 colitur,
1396 2276 1429 2303 et
1447 2270 1600 2304 ostendit
1619 2282 1698 2303 eum
1717 2270 1764 2302 sic
1781 2270 1870 2303 velle
1887 2268 1966 2302 coli.

1325 2335 1385 2371 53.
1415 2335 1594 2370 Osiander
1609 2343 1679 2370 tres
1695 2337 1822 2380 gradus
1839 2336 1919 2368 fecit
1936 2335 2204 2368 sacrificiorum:

1222 2388 1373 2433 Typica,
1400 2387 1707 2431 Propiciatorium,
1735 2386 1953 2419 etAlimenta
1965 2385 2203 2420 Sacerdotum.

1221 2437 1342 2472 Altera
1366 2438 1544 2471 distinctio
1571 2438 1679 2480 magis
1702 2436 1882 2480 perspicua
1908 2443 1978 2476 est,
2011 2448 2099 2481 quae
2122 2436 2203 2469 facit

1221 2491 1307 2522 duas
1341 2489 1490 2533 species,
1541 2487 1834 2532 propiciatorium
1870 2494 1903 2520 et
1937 2485 2202 2532 εὖχαριστικόν.

1221 2539 1374 2573 Unicum
1399 2547 1448 2573 est
1469 2545 1583 2572 autem
1601 2550 1636 2570 re
1653 2538 1726 2580 ipsa
1743 2537 2048 2581 propiciatorium,
2078 2537 2204 2570 videli-

1193 2628 1195 2631 ,
1220 2598 1271 2623 cet
1288 2590 1486 2623 obedientia
1503 2587 1658 2627 filiiDei,
1685 2600 1773 2632 quae
1793 2595 1843 2622 est
1858 2585 1993 2632 λύτρον
2012 2600 2074 2632 pro
2092 2588 2204 2626 nobis,

1191 2649 1197 2686 ι’
1220 2648 1252 2674 et
1267 2648 1419 2675 meretur
1436 2640 1539 2674 nobis
1556 2638 1888 2673 reconciliationem.
1927 2638 1997 2672 Nec
2015 2650 2087 2672 csse
2101 2638 2200 2682 plura
