2324 2955
150 122 223 159 547

157 209 246 241 sicut
266 205 465 240 coccinum,
493 206 597 234 erunt
617 199 767 233 candida
784 206 824 234 ut
842 200 919 242 nix,
946 199 984 233 id
1001 206 1070 241 est,
1097 198 1136 234 Si

160 259 211 292 rei
235 255 388 294 fueritis,
413 259 451 285 ut
476 250 612 284 cruenti
629 251 666 284 in
684 251 888 295 suppliciis,
915 258 1032 284 tamen
1050 250 1139 284 reci-

159 305 304 353 piemini
328 311 361 337 et
387 301 629 336 liberabimini
652 302 696 336 ab
724 308 864 336 aeterna
880 302 933 336 ira
950 308 982 336 et
1001 302 1045 336 ab
1061 301 1139 335 aliis

160 367 290 403 poenis.

262 410 322 446 25.
364 409 522 445 Honesta
545 422 650 455 opera
667 421 740 443 non
760 417 963 445 renatorum
978 422 1142 445 vocamus

162 462 407 507 disciplinam,
433 472 522 506 quae
547 468 597 495 est
622 461 815 495 necessaria
839 470 981 507 propter
995 462 1144 495 manda-

165 523 238 548 tum
256 511 339 554 Dei,
367 513 427 545 sed
449 524 522 545 non
544 519 697 546 meretur
718 512 962 546 remissionem
986 519 1144 557 peccato-

164 576 243 598 rum
255 588 264 603 ,
292 564 387 608 quod
403 563 517 606 reipsa
534 563 609 596 vult
627 561 818 596 Malvenda
835 575 914 597 cum
933 563 993 602 ait,
1018 575 1057 597 ea
1072 575 1146 597 non

166 626 290 659 parum
308 614 513 652 conducere,
538 620 576 647 ut
590 612 685 647 Deus
704 620 885 648 convertat
899 614 1094 648 facientem.

268 674 328 709 26.
355 672 450 706 Ilaec
470 671 681 706 Malvendae
697 673 819 717 opinio
840 680 973 718 pugnat
988 685 1068 707 cum
1084 673 1149 706 do-

168 725 281 760 ctrina
301 725 344 757 de
370 723 519 767 gratuita
542 723 767 765 remissione,
793 731 826 757 et
849 725 992 758 deducit
1014 730 1148 757 mentes

169 777 213 809 ad
232 775 329 808 illam
347 774 645 813 incertitudinem,
673 781 711 808 ut
725 781 895 819 quaerant
909 776 1051 820 quando
1067 774 1150 808 satis

170 825 322 860 habeant
336 824 562 865 meritorum,
589 831 621 858 et
639 830 709 858 tota
727 823 810 858 haec
827 825 1032 869 imaginatio
1046 825 1150 869 fingi-

172 884 231 910 tur
252 876 295 909 ad
319 875 538 908 obruendam
562 875 758 909 doctrinam
776 876 819 909 de
836 877 915 912 fide.
968 876 1151 912 Caeterum

171 926 289 960 doceri
305 923 477 966 homines,
493 932 525 958 et
542 925 664 959 audire
681 924 915 969 Evangelium
934 939 1072 961 necesse
1088 932 1149 960 est.

172 976 257 1010 Ideo
292 983 326 1010 et
350 975 529 1020 Apostolis
563 976 696 1009 dictum
723 983 788 1010 est:
824 976 1027 1012 Praedicate
1054 976 1153 1011 omni

174 1033 372 1068 creaturae,
400 1033 434 1060 et
450 1025 615 1060 omnibus
632 1028 835 1060 mandatum
853 1035 913 1068 est,
939 1036 979 1063 ut
994 1029 1153 1063 audiant.

174 1076 247 1120 Qui
263 1089 336 1110 non
351 1076 521 1116 audierit,
547 1077 642 1109 ultor
658 1088 717 1108 ero
729 1101 738 1116 ‚
764 1077 872 1109 Deut.
892 1076 950 1112 18.

276 1136 335 1171 27.
377 1132 501 1168 Ociosi
523 1140 556 1167 et
581 1133 693 1167 securi
717 1135 759 1167 de
785 1134 923 1168 iusticia
951 1135 1156 1178 cogitantes,

175 1184 266 1219 nihil
296 1185 365 1218 nisi
391 1184 613 1228 disciplinam
636 1184 830 1225 mirantur,
864 1185 924 1218 sed
947 1198 1027 1219 cum
1051 1197 1157 1230 expa-

176 1243 322 1270 vescunt
346 1241 480 1269 mentes
501 1241 687 1278 conspectu
704 1235 835 1278 peccati
853 1243 886 1269 et
904 1236 974 1270 irae
993 1235 1080 1276 Dei,
1106 1235 1158 1269 ibi

177 1299 258 1320 vere
280 1286 421 1320 discunt
442 1283 532 1318 hanc
549 1285 826 1318 consolationem
844 1298 961 1319 veram
978 1293 1010 1320 et
1027 1286 1158 1320 saluta-

177 1349 250 1370 rem
273 1348 363 1377 esse,
388 1347 476 1380 quae
499 1332 565 1368 hoc
589 1335 766 1369 decretum
791 1336 978 1370 immotum
993 1337 1059 1371 Dei
1075 1349 1161 1382 pro-

177 1387 297 1432 ponit,
323 1387 417 1432 quod
438 1385 587 1418 affirmat
612 1392 756 1430 propter
776 1386 887 1420 filium
906 1388 1013 1431 gratis
1028 1388 1162 1422 remitti

178 1444 335 1482 peccata,
368 1443 401 1470 et
424 1436 514 1469 velle
536 1435 650 1470 Deum
674 1443 714 1471 ut
737 1437 805 1470 fide
828 1439 1041 1483 accipiamus
1068 1437 1161 1473 hanc

178 1487 466 1522 consolationem.

281 1545 341 1581 28.
373 1543 533 1589 Cumque
547 1557 631 1578 voce
639 1543 825 1590 Evangelii
841 1558 904 1580 nos
919 1553 1164 1588 sustentamu5‚

181 1599 284 1630 datur
300 1595 453 1640 Spiritus
470 1602 609 1629 sanctus
627 1603 658 1629 et
668 1608 750 1630 vere
761 1598 1000 1633 accenduntur
1013 1598 1050 1630 in
1061 1599 1164 1632 corde

181 1647 322 1680 dilectio
345 1653 378 1680 et
401 1645 489 1679 aliae
506 1646 672 1686 virtutes,
700 1654 739 1681 ut
758 1647 888 1682 Paulus
903 1649 1018 1694 inquit
1032 1650 1073 1682 ad
1092 1648 1165 1683 Ga-

182 1699 243 1733 lat.
262 1697 311 1731 3.:
336 1695 384 1730 [t
404 1695 673 1740 promissionem
695 1695 849 1740 Spiritus
870 1698 1081 1742 accipiamus
1104 1708 1167 1741 per

184 1749 299 1782 fidem.

286 1796 347 1832 29.
380 1795 569 1830 Malvenda
594 1796 785 1840 pugnantia
808 1797 910 1839 dicit,
934 1798 1064 1832 remitti
1089 1810 1168 1842 pec-

187 1856 259 1882 cata
276 1847 385 1881 nullis
399 1848 527 1880 nostris
545 1847 695 1888 meritis,
723 1854 755 1881 et
770 1854 884 1882 tamen
901 1849 961 1889 ait,
987 1849 1167 1894 propriam

185 1899 424 1932 infirmitatem
440 1897 729 1931 considerandam
744 1910 827 1933 esse.
878 1899 956 1933 Hoc
973 1907 1034 1942 est,
1061 1912 1168 1947 quae-

186 1961 262 1983 rere
279 1948 520 1982 remissionem
539 1955 683 1992 propter
698 1956 854 1983 nostram
869 1951 1084 1994 dignitatem.

288 2008 346 2041 30.
385 2006 455 2041 Sed
477 2007 625 2040 eludunt
645 2005 736 2041 hanc
760 2009 1012 2055 effectionem,
1046 2011 1170 2046 dicunt

189 2058 337 2097 remitti,
365 2058 425 2091 sed
448 2069 512 2090 nos
527 2069 599 2090 non
616 2070 735 2102 posse,
762 2072 825 2094 nec
840 2061 967 2095 debere
981 2063 1024 2096 de
1041 2063 1170 2097 volun·

188 2117 256 2144 tate
273 2108 338 2143 Dei
356 2115 515 2142 statuere.
567 2107 645 2142 Hoc
663 2109 691 2142 si
709 2122 831 2144 verum
852 2119 957 2153 esset,
981 2113 1065 2158 quid
1082 2125 1170 2158 opus

189 2166 275 2194 esset
303 2159 537 2204 promissione
565 2160 802 2200 remissionis,
836 2169 895 2196 aut
920 2176 1004 2197 voce
1029 2176 1170 2198 annun-

189 2211 303 2243 ciante
319 2210 558 2243 remissionem
571 2212 586 2243 ?
640 2209 719 2244 Non
738 2212 814 2245 vult
829 2219 944 2247 autem
961 2214 1056 2248 Deus
1071 2228 1170 2248 men-

189 2268 240 2293 tes
271 2260 308 2292 in
331 2258 394 2293 hac
419 2261 638 2295 dubitatione
659 2261 881 2308 relinquere,
913 2265 972 2297 sed
997 2265 1044 2298 sic
1068 2266 1111 2299 ad
1136 2278 1171 2299 se

190 2316 289 2344 vocat
305 2322 368 2343 nos
387 2311 476 2344 edita
494 2312 742 2354 promissione,
769 2320 801 2348 et
818 2315 1075 2356 consolatione,
1102 2329 1170 2361 qua

192 2361 385 2394 confirmati
405 2361 595 2395 liberamur
609 2374 627 2395 a
643 2371 754 2398 morte
769 2371 924 2398 aeterna:
953 2367 1035 2411 quia
1051 2365 1170 2401 Evan-

192 2411 320 2455 gelium
340 2418 389 2444 est
406 2412 560 2454 potentia
576 2411 640 2446 Dei
657 2415 698 2447 ad
714 2415 859 2449 salutem
875 2417 971 2450 omni
986 2418 1152 2453 credenti.

293 2471 352 2504 31.
396 2468 547 2515 Ideoque
576 2471 612 2503 in
636 2470 799 2516 Ephesiis
824 2474 945 2509 multis
969 2477 1086 2510 verbis
1109 2478 1169 2511 de-

192 2520 311 2554 scribit
335 2519 465 2553 Paulus
493 2519 582 2553 hanc
606 2525 908 2561 asseverationem.
975 2526 1043 2561 Per
1064 2540 1168 2573 quem

190 2569 358 2604 habemus
374 2570 547 2611 fiduciam,
571 2578 603 2605 et
620 2574 787 2608 audemus
801 2577 962 2610 accedere
977 2590 1038 2622 per
1053 2578 1168 2616 fidem.

188 2618 266 2655 Etsi
296 2621 409 2655 varias
439 2622 651 2665 corruptelas
684 2620 739 2657 hic
773 2626 832 2658 alii
864 2627 1017 2671 fingunt,
1051 2636 1167 2663 tamen

191 2672 412 2707 manifestum
435 2678 484 2707 est
508 2669 574 2706 hoc
599 2672 712 2717 ipsum
735 2676 908 2722 praecipi,
934 2685 972 2714 ut
987 2681 1167 2716 credamus

916 109 1398 151 DlsPUTATIONEs

2095 114 2171 150 548

1189 210 1254 233 nos
1276 196 1406 242 recipi,
1433 201 1467 230 et
1487 194 1551 230 hac
1567 196 1635 231 fide
1650 197 1855 231 invocemus
1870 196 2002 240 Deum,
2028 211 2101 233 non
2118 201 2176 234 su-

1190 251 1334 294 giamus,
1359 254 1400 282 ut
1415 246 1690 291 fugiuntDeum‚
1716 247 1815 290 Saul,
1840 247 1956 288 Iudas,
1985 255 2018 282 et
2035 250 2179 286 similes.

1292 299 1351 333 32.
1385 297 1556 333 Doctrina
1572 298 1792 343 praecipiens
1810 299 2093 340 dubitationem,
2119 308 2180 335 aut

1193 349 1337 386 adducit
1362 349 1407 383 ad
1437 349 1738 394 desperationem,
1766 357 1827 384 aut
1850 350 1888 383 in
1913 349 2044 383 securis
2069 350 2182 393 gignit

1193 400 1430 446 Epicuraeum
1446 406 1662 434 contemtum
1673 399 1750 436 Dei.
1798 399 1888 434 Nam
1903 400 1941 433 in
1958 400 2182 435 invocatione

1195 454 1243 487 ita
1266 451 1437 495 cogitant:
1464 449 1589 485 Nescio
1605 450 1692 495 quid
1709 461 1830 494 agam,
1854 451 1999 485 sortasse
2015 450 2110 486 Deus
2127 462 2184 484 me

1197 502 1343 540 abiecit,
1369 513 1434 535 nec
1452 501 1593 546 respicit
1610 512 1704 534 meas
1722 512 1852 546 preces.

1299 552 1359 588 33.
1392 551 1616 595 Intelligatur
1633 563 1713 595 ergo
1730 552 1815 585 fides
1830 563 1903 585 non
1919 558 2056 586 tantum
2072 549 2186 585 histo—

1199 604 1272 639 riae
1295 603 1444 642 noticia,
1471 603 1531 636 sed
1556 603 1660 637 etiam
1683 601 1845 636 assentiri
1866 602 2090 646 promissioni
2109 613 2189 645 gra-

1201 656 1288 695 tiae,
1322 665 1401 687 cum
1431 665 1502 698 quo
1535 664 1677 686 assensu
1707 653 1901 686 necessario
1925 652 2112 686 coniuncta
2138 657 2190 685 est

1201 705 1329 739 fiducia
1352 704 1576 750 acquiescens
1598 703 1636 736 in
1659 704 1852 738 mediatore
1876 709 2021 749 propter
2036 702 2190 748 promis-

1202 757 1350 791 sionem.

1304 804 1364 840 34.
1391 802 1438 839 Et
1452 815 1653 850 quanquam
1668 803 1800 838 multae
1815 804 1962 839 virtutes
1977 803 2084 838 simul
2101 809 2194 844 sunt,

1204 865 1321 892 tamen
1354 856 1501 890 dicitur:
1539 855 1625 889 Fide
1656 854 1905 894 iustificamur,
1941 855 2024 900 quia
2055 860 2194 899 oportet

1206 920 1278 942 esse
1302 907 1456 953 aliquid,
1492 919 1561 951 quo
1584 917 1684 939 mens
1706 903 1975 950 apprehendens
1996 903 2192 944 Christum,

1206 958 1400 1004 acquiescat
1425 957 1462 989 in
1484 957 1600 990 alieno
1622 956 1802 992 beneficio.
1857 955 1909 990 Ita
1926 956 2010 989 fides
2025 962 2075 989 est
2092 954 2198 1000 quid-

1207 1010 1288 1043 dam
1321 1004 1590 1052 apprehendens
1618 1013 1651 1040 et
1681 1006 1862 1052 applicans
1886 1006 1990 1040 nobis
2013 1003 2198 1040 Christum

1208 1058 1450 1092 mediatorem.

1309 1105 1369 1141 35.
1410 1105 1622 1139 Malvendae
1651 1105 1911 1141 dubitationem
1944 1106 2087 1141 docenti
2112 1104 2199 1139 haec

1210 1157 1302 1191 dicta
1333 1163 1437 1190 erunt
1468 1155 1591 1189 inanes
1616 1155 1711 1189 soni:
1746 1155 1790 1189 In
1814 1164 1848 1192 te
1872 1156 2026 1190 Domine
2050 1155 2201 1201 speravi,

1211 1220 1283 1241 non
1314 1207 1512 1240 confundar
1540 1207 1578 1238 in
1605 1214 1796 1240 aeternum.
1850 1206 1955 1241 Item:
1988 1206 2061 1250 Qui
2091 1205 2201 1239 confi-

1212 1260 1303 1292 dunt
1326 1257 1364 1289 in
1389 1255 1567 1296 Domino,
1593 1255 1683 1289 sicut
1706 1267 1809 1289 mons
1834 1255 1922 1290 Sion
1947 1268 2020 1289 non
2046 1268 2202 1290 commo-

1212 1309 1402 1342 vebuntur.
1445 1305 1534 1339 Nam
1551 1306 1580 1339 si
1595 1306 1716 1340 iubeas
1725 1304 1898 1340 Davidem
1914 1307 2088 1348 dubitare,
2113 1318 2204 1352 quo-

1212 1359 1319 1392 modo
1350 1357 1458 1401 eriget
1489 1356 1551 1390 se?
1584 1357 1763 1402 quomodo
1793 1363 1920 1393 statuet
1943 1369 1978 1391 se
2002 1369 2105 1392 curae
2130 1368 2203 1391 esse

1213 1409 1316 1444 Deo?

1315 1458 1376 1493 36.
1426 1456 1533 1499 Quod
1562 1469 1645 1492 vero
1677 1456 1817 1498 dicunt,
1858 1458 2052 1498 confidere,
2084 1463 2203 1491 actum

1217 1521 1289 1544 esse
1323 1507 1414 1552 spei,
1448 1518 1503 1540 res
1530 1507 1604 1552 ipsa
1629 1508 1782 1545 ostendit
1806 1519 1901 1551 spem
1925 1519 2065 1552 quoque
2089 1507 2204 1541 excuti

1215 1559 1411 1598 mentibus,
1443 1557 1472 1590 si
1504 1564 1629 1601 putent
1660 1557 1698 1590 iu
1732 1558 1954 1592 dubitatione
1986 1559 2205 1591 manendum

1218 1622 1307 1651 esse,
1330 1619 1438 1654 quare
1460 1607 1595 1642 etiamsi
1620 1620 1751 1641 nomen
1768 1608 1841 1653 spei
1858 1609 1985 1642 retinet
2002 1607 2206 1650 Malvenda,

1219 1668 1336 1694 tamen
1354 1670 1428 1692 rem
1448 1670 1521 1691 non
1539 1658 1677 1692 retinet.

1321 1706 1382 1741 37.
1425 1705 1531 1740 Fides
1560 1716 1610 1744 est
1639 1708 1766 1742 fiducia
1794 1713 1939 1752 propter
1962 1707 2206 1748 mediatorem,

1219 1758 1391 1802 accipiens
1422 1757 1459 1789 in
1485 1756 1681 1800 praesentia
1703 1757 1946 1789 remissionem
1971 1764 2206 1800 peccatorum,

1220 1816 1259 1844 ut
1282 1808 1414 1842 Paulus
1445 1806 1546 1840 dicit:
1583 1805 1762 1840 Iustificati
1787 1806 1855 1840 fide
1879 1818 1998 1851 pacem
2022 1804 2204 1843 habemus.

1221 1859 1307 1905 Spes
1322 1870 1405 1892 vero
1422 1864 1473 1891 est
1488 1857 1625 1891 futurae
1641 1857 1860 1891 liberationis
1876 1857 2077 1901 expectatio.

1321 1909 1381 1943 38.
1423 1907 1554 1942 Paulus
1586 1908 1691 1941 fidem
1714 1905 1880 1942 Abrahae
1910 1908 2057 1941 laudans
2089 1906 2206 1953 inquit

1221 1959 1374 1996 Roman.
1386 1957 1420 1993 4.
1435 1971 1509 1992 non
1526 1958 1703 1993 dubitavit
1717 1958 1923 1993 diffidentia.
1966 1958 2072 1992 Item:
2096 1957 2206 1991 Prae-

1223 2018 1275 2045 ter
1300 2022 1395 2056 spem
1418 2009 1453 2042 in
1478 2021 1574 2054 spem
1598 2009 1758 2046 credidit.
1807 2008 1885 2043 Hoc
1906 2009 2104 2054 exemplum
2122 2020 2205 2053 pro-

1223 2062 1325 2107 ponit
1351 2067 1384 2095 et
1414 2061 1585 2101 inculcat,
1617 2066 1657 2094 ut
1687 2071 1752 2093 nos
1773 2071 1913 2105 quoque
1933 2060 2096 2105 amplecti
2121 2071 2206 2104 pro-

1223 2112 1447 2153 missionem,
1474 2118 1506 2146 et
1529 2111 1669 2144 vincere
1683 2110 1942 2151 dubitationes,
1968 2111 2097 2156 quibus
2111 2108 2206 2143 varie

1224 2163 1434 2209 quatiuntur
1449 2168 1601 2203 mentes,
1626 2163 1759 2196 doceat.
1807 2159 1961 2208 Te‘zog.³)

1225 2262 1360 2310 (LIX.)
1400 2264 1507 2298 Alia
1535 2262 1806 2308 disputatio
1834 2261 2117 2308 theologica:
2155 2259 2204 2296 de

1223 2317 1484 2355 Paenitentia,
1518 2313 1764 2359 respondente
1792 2314 1843 2347 M.
1865 2310 2077 2347 Melchiore
2104 2315 2205 2347 Isin-

1258 2366 1347 2402 dero
1363 2365 1626 2406 Suidnicensi,
1660 2363 1909 2409 Witeberyae,
1936 2365 2041 2399 Anno
2061 2361 2172 2400 1548.

1562 2415 1599 2452 8.
1617 2416 1679 2450 die
1694 2413 1867 2450 Novemb.

1223 2471 1277 2512 Ut
1300 2476 1392 2511 filius
1408 2474 1475 2510 Dei
1494 2476 1531 2509 in
1548 2487 1658 2518 agone
1675 2486 1738 2508 suo
1753 2480 1912 2518 precatus
1928 2480 1997 2515 est,
2023 2472 2202 2519 inquiens:

1221 2528 1344 2570 Pater,
1376 2527 1551 2562 sanctifica
1575 2536 1633 2559 eos
1655 2525 1693 2558 in
1717 2524 1880 2567 veritate,
1912 2536 2026 2559 sermo
2049 2531 2130 2559 tuus
2153 2530 2204 2558 est

1252 2625 1279 2659 3)
1299 2625 1429 2650 Additum
1456 2627 1496 2650 est
1520 2623 1547 2648 in
1571 2621 1734 2656 archetypo:
1766 2619 1921 2654 „lohannes
1941 2620 2131 2655 Bugenhagius
2150 2620 2201 2646 Po·

1289 2667 1414 2684 meranus
1433 2659 1467 2684 D.
1503 2657 1557 2682 uae
1585 2656 1784 2692 propositiones
1809 2657 1851 2684 M.
1870 2655 2048 2683 Maximiliani
2065 2660 2127 2682 sunt
2145 2655 2201 2689 ipsa

1286 2692 1429 2728 Evangelii
1450 2691 1577 2719 veritas.''
