2324 2955
118 97 192 131 733
814 94 840 130 1.

120 182 155 214 id
174 186 240 222 est,
268 185 361 214 ortas
381 180 424 214 ab
442 179 546 222 Ione,
572 179 700 214 multas
725 187 833 214 terras
857 191 1042 225 occupasse
1066 179 1104 212 in

120 232 238 265 littore
263 230 419 265 Minoris
445 230 566 271 Asiae,
607 231 643 263 in
676 231 800 265 vicinis
825 232 968 274 insulis,
1008 238 1041 264 et
1065 231 1101 263 in

119 278 276 326 Europa.
328 280 415 315 Pars
432 282 536 315 etiam
558 280 678 314 Italiae
695 295 791 315 oram
809 283 1004 326 occupavit.
1055 279 1102 313 Et

120 338 394 365 consentaneum
413 338 481 373 est,
509 329 604 365 hunc
620 330 776 365 Ionem
796 344 886 374 esse,
913 344 1016 377 quem
1033 330 1102 364 La-

118 382 185 415 tini
208 380 373 415 Ianum
407 382 699 424 nominaverunt,
734 390 867 427 patrem
898 390 931 416 et
954 381 1101 416 Latinae

116 439 151 466 et
167 431 322 465 Graecae
339 433 463 475 gentis.
518 431 607 467 Cum
626 440 741 466 autem
759 446 798 466 ex
817 431 880 466 hac
897 433 1100 466 narratione

118 483 156 514 in
179 481 294 515 Moise
317 483 510 524 discamus,
543 485 637 516 unde
660 490 764 517 natus
787 484 832 517 sit
859 481 966 524 Ion,
1000 482 1101 515 vide-

116 543 196 564 mus
217 529 401 566 historiam
420 533 612 567 Mosaicam
637 534 872 578 antiquiorem
899 545 971 566 esse
997 538 1099 576 gente

117 580 262 617 Graeca.
322 581 370 618 Et
392 584 629 627 ignorantiam
653 583 869 618 Graecorum
902 582 1099 628 deprehen-

114 632 245 674 dimus,
271 634 334 680 qui
351 646 430 667 cum
447 634 614 675 nesciant,
641 635 719 679 quis
736 635 842 668 fuerit
858 632 963 673 Ion,
989 634 1098 667 alium

114 684 291 727 quendam
315 684 437 718 multis
458 685 584 718 seculis
608 692 685 729 post
708 683 831 729 Iaphet
855 685 1011 728 fingunt,
1034 695 1098 717 na-

113 739 190 767 tum
210 746 250 768 ex
270 730 472 777 Creusa,
497 733 690 770 Erechthei
708 736 792 770 filia.

214 795 429 844 Thubal,
453 801 490 835 id
506 808 575 843 est,
599 814 752 846 germen.

112 849 412 894 appellationibus
434 854 605 898 quaedam
630 860 743 886 certae
773 858 871 895 sunt,
913 863 954 884 ex
980 849 1096 882 nomi-

113 912 200 933 num
225 901 479 942 similitudine,
507 910 540 936 et
568 903 780 936 testimoniis
804 899 1036 945 propheticis,
1063 905 1096 931 et

111 951 261 984 aliarum
280 949 520 988 historiarum.
573 952 621 986 Ut
637 952 820 992 Mizraim,
845 949 954 991 Chus,
982 950 1018 982 id
1035 956 1096 990 est,

110 999 322 1045 Aethiopes,
339 1002 471 1043 Sidon,
487 1001 613 1042 Iavan,
632 999 805 1040 Kitthim,
829 1007 862 1034 et
878 1000 968 1033 aliae
988 1011 1096 1044 quae-

109 1051 211 1091 dam,
236 1062 301 1084 nec
317 1058 435 1085 tamen
450 1052 577 1085 similis
593 1058 644 1085 est
659 1052 833 1085 certitudo
856 1051 1016 1084 omnium
1039 1050 1095 1082 in-

110 1101 416 1144 terpretationum.
477 1100 622 1135 Thubal
646 1102 898 1145 interpretatur
925 1097 1095 1143 Iosephus

109 1149 307 1194 Hispanos,
343 1158 378 1185 et
404 1152 566 1185 nominat
592 1151 725 1184 Iberos.

107 1258 184 1285 tum
203 1248 384 1285 Euxinum
408 1259 440 1286 et
458 1263 554 1285 mare
571 1250 738 1294 Caspium
751 1278 760 1292 ‚
787 1251 972 1284 metallicis
994 1250 1092 1282 venis

108 1300 306 1335 clarissimi.
359 1301 497 1335 Nomen
514 1308 629 1335 autem
646 1300 821 1347 Chalybes
837 1302 965 1334 factum
985 1307 1035 1333 est
1052 1313 1092 1333 ex

892 90 1186 132 CHRONICON
1212 91 1454 132 CARIONIS.

806 799 848 834 In
862 797 918 834 his
939 798 1096 843 gentium
1121 821 1124 844 1

1119 1021 1122 1070 ,i
1146 1046 1225 1067 rum
1249 1042 1281 1068 et
1301 1035 1498 1076 montium,
1539 1048 1616 1069 cum
1641 1044 1759 1070 tamen
1784 1039 1884 1072 fluvii
1911 1052 2133 1086 moveantur,

784 1150 946 1184 Fuerunt
975 1156 1092 1183 autem
1120 1166 1121 1169 =

109 1201 214 1234 initio
232 1201 325 1234 Iberi
342 1208 374 1235 et
391 1200 567 1247 Chalybes
583 1201 621 1234 in
636 1200 721 1234 Asia
742 1201 861 1240 vicini,
889 1200 981 1234 inter
997 1199 1094 1232 Pon-
1117 1223 1120 1246 ς

1116 1273 1119 1293 ἶ
1145 1255 1249 1288 quem
1278 1241 1384 1276 hodie
1419 1246 1607 1279 nominant
1634 1245 1813 1287 Nurum,
1855 1258 2131 1287 consentaneum

1116 1306 1117 1309 ¹
1144 1301 1213 1335 est,
1239 1295 1283 1327 ab
1299 1292 1363 1327 hac
1384 1296 1621 1339 appellatione
1637 1296 1700 1329 filii
1718 1296 1842 1342 [aphet
1869 1306 1902 1333 et
1924 1301 2072 1336 fluvium
2098 1312 2131 1339 et

2080 105 2153 141 734

1127 178 1136 234 ἶ
1160 178 1217 212 cul
1228 186 1395 223 extensos,
1412 182 1512 219 bieba
1523 184 1718 231 meittiegen.
1739 183 1912 231 Congruit
1929 192 2044 224 autem
2065 203 2143 227 cum

1129 249 1131 277 3
1158 231 1410 273 appellatione,
1429 245 1516 278 quae
1533 233 1647 269 adhuc
1665 245 1802 280 manet,
1817 239 2036 282 Moscoviae,
2053 255 2142 287 quae

1157 287 1206 313 est
1224 292 1241 313 a
1265 283 1442 316 veteribus
1466 286 1780 330 appellationibus,
1807 302 1896 334 quae
1919 297 2037 326 extant
2053 294 2141 327 Mo-

1127 330 1130 373 ᾖ
1157 328 1275 373 σχικοὶ
1294 339 1324 365 et
1342 331 1617 377 Mooat'romot,
1644 337 1680 370 id
1703 345 1770 379 est,
1796 337 1968 373 Moschici
1991 349 2024 375 et
2040 342 2141 376 Mos-

1126 386 1129 421 j
1154 381 1304 422 sinoeci,
1330 382 1366 415 in
1383 382 1622 426 Argonautico
1641 388 1806 424 carmine.
1844 388 1891 423 Et
1908 391 2029 425 scribit
2046 392 2139 427 Poe'-

1126 428 1129 461 ἕ
1154 437 1207 472 ta,
1235 432 1344 465 dictos
1363 445 1435 466 esse
1449 446 1467 467 a
1488 436 1574 469 casis
1587 436 1731 480 ligneis,
1759 451 1908 483 quarum
1928 453 2058 475 nomen
2071 445 2139 479 fuit

1125 469 1129 540 ξ
1153 478 1354 516 ΆΙόσσυνοι
1383 485 1475 527 apud
1501 485 1607 528 ipsos.
1673 485 1724 520 Ea
1750 499 1853 530 gens,
1884 497 1922 524 ut
1952 492 2138 538 pleraeque

1153 532 1258 572 aliae,
1285 544 1362 565 cum
1380 535 1533 576 primum
1550 537 1586 568 in
1610 536 1728 570 littore
1752 537 1857 572 Ponti
1883 538 2013 575 Euxini
2038 546 2137 577 sedes

1152 588 1285 616 teneret
1319 584 1363 616 ad
1393 584 1540 618 fluvium
1566 584 1889 627 Thermodontem,
1922 591 1984 623 ubi
2016 601 2136 636 postea

1123 637 1126 669 ἵ
1151 630 1374 676 Cappadoces
1390 635 1543 675 suerunt,
1569 635 1698 669 deinde
1716 649 1836 671 versus
1852 639 2137 683 Septentrionem

1123 674 1126 687 ’
1150 694 1330 726 progressa
1350 690 1410 719 est.
1463 684 1623 718 Psalmus
1641 686 1820 731 inquiens:
1847 688 1915 722 Hei
1935 689 2021 723 mihi
2041 696 2137 737 quod

1151 734 1251 766 exulo
1267 734 1305 766 in
1324 732 1486 778 Mesech,
1515 735 1704 778 significat,
1731 739 1844 780 gentis
1867 740 1941 773 eius
1965 742 2136 778 feritatem

1149 783 1323 826 insignem
1347 796 1439 826 esse,
1475 785 1566 819 sicut
1595 793 1628 820 et
1651 786 1689 820 in
1714 787 1956 832 Argonautico
1981 794 2136 828 carmine

1149 834 1372 870 describitur.

1250 881 1416 926 Titus,
1445 886 1478 919 id
1499 893 1567 927 est,
1597 884 1814 925 Destructor.
1859 888 1916 923 Ab
1935 889 2000 926 hoc
2017 891 2135 928 Thra-

1148 945 1201 967 ces
1218 945 1290 967 esse
1311 942 1405 968 ortos
1422 935 1532 970 aiunt.
1588 936 1722 971 Mirum
1749 946 1797 972 est
1823 948 1958 980 autem,
1985 942 2134 978 Fluvio-

1120 991 1122 1018 ?
1147 996 1226 1017 rum
1249 985 1502 1028 appellationes
1525 986 1759 1021 durabiliores
1779 1001 1869 1030 esse,
1895 1004 2000 1036 quam
2023 1001 2135 1029 terra—

1145 1096 1184 1116 ac
1209 1096 1460 1128 saepenumero
1485 1086 1601 1119 alveos
1625 1098 1705 1120 suos
1721 1095 1876 1131 mutent,
1903 1098 2024 1126 contra
2050 1107 2133 1129 vero

1145 1141 1282 1168 montes
1298 1141 1389 1168 stent
1409 1135 1556 1168 immoti.

1246 1191 1407 1238 Cumque
1432 1206 1562 1228 nomen
1586 1195 1631 1230 sit
1653 1196 1754 1230 fluvii
1777 1197 1814 1230 in
1841 1197 1989 1242 Russia,
2016 1201 2133 1245 Tiras,

107 1350 178 1385 alio
196 1351 386 1385 vetustiore
403 1351 554 1398 Alybes,
582 1353 677 1397 quod
696 1352 856 1395 congruit
872 1364 949 1384 cum
975 1351 1093 1383 nomi·
1115 1374 1118 1393 ,
1143 1352 1279 1387 gentem
1296 1353 1533 1389 nuncupatam
1553 1357 1638 1381 0⁵⁵8·

107 1413 153 1435 ne
175 1398 327 1441 Iohel,
364 1402 487 1445 exigua
515 1400 699 1436 metathesi
722 1403 915 1436 literarum.

106 1450 248 1494 gnificat
266 1449 365 1484 lobel
382 1464 435 1485 res
453 1460 577 1486 natura
595 1453 632 1485 in
651 1460 760 1493 terra,
783 1453 848 1488 (Ξίῐι
871 1451 1009 1496 gemcd){'›
1033 1462 1092 1485 1111:

107 1504 155 1536 tet
173 1501 227 1536 bet
244 1502 348 1536 etben.
401 1500 488 1535 Inde
505 1502 661 1547 Ialybes‚
689 1503 755 1537 mie
774 1502 937 1546 baffctbigc
953 1501 1091 1546 gemecbss

105 1550 230 1596 gesud>t
248 1551 361 1595 baben.
413 1552 512 1585 Sicut
529 1564 594 1586 nos
620 1552 788 1593 dicimus,
813 1553 878 1588 mic
896 1553 1091 1588 ffiercfteutc.

105 1602 201 1635 Hinc
215 1613 346 1635 nornen
362 1602 460 1635 urbis
481 1602 548 1636 fuit
565 1601 702 1647 Alybe,
729 1615 832 1648 quam
857 1604 905 1636 sic
929 1604 1092 1636 nominat

104 1650 302 1684 Homerus:
326 1648 486 1696 τηλόθεν
503 1652 542 1692 ἐξ
557 1649 723 1698 Ἀλύβης,
744 1651 808 1687 ὅθι
826 1650 995 1699 ἀργύρου
1015 1652 1092 1687 ἔστι
1115 1660 1117 1673 ⁴

105 1701 278 1748 γενέθλα.
337 1700 384 1736 Et
409 1700 632 1744 Argonautas
661 1703 783 1736 scribit
804 1700 1020 1746 Apollonius
1047 1704 1091 1735 ad

107 1750 283 1797 Chalybes
299 1752 336 1784 in
353 1751 437 1785 Asia
457 1753 609 1792 venisse,
635 1753 678 1784 de
695 1752 823 1796 quibus
838 1753 970 1798 inquit:
995 1752 1092 1785 Haec

105 1863 213 1886 venas
229 1852 359 1886 scindit
381 1853 447 1885 sub
469 1853 649 1886 montibus
673 1852 774 1893 altis,
807 1853 983 1888 mercibus
1007 1850 1092 1886 haec

103 1909 235 1941 mutat,
262 1914 351 1948 quae
366 1902 458 1936 vitae
473 1903 639 1937 alimenta
660 1903 874 1939 ministrant.

205 1966 282 2001 Hos
300 1967 418 2001 Iberos
446 1974 479 2001 et
495 1966 669 2014 Chalybes
694 1968 732 2001 in
748 1966 851 2009 Asia,
877 1968 937 2013 qui
961 1967 1011 2001 ibi
1032 1981 1093 2001 ve-

105 2030 168 2052 nas
192 2018 382 2052 metallicas
407 2019 550 2052 scrutati
575 2026 677 2058 sunt,
719 2026 816 2052 ortos
841 2029 914 2051 esse
939 2031 956 2051 a
974 2018 1091 2052 Tuhal

107 2075 381 2102 consentaneum
398 2075 460 2104 est.
512 2068 600 2103 Nam
616 2075 649 2102 et
664 2067 828 2102 Ezechiel
851 2070 999 2102 collocat
1015 2068 1091 2102 Tn-

107 2119 218 2153 halin
236 2118 532 2163 Septentrionem.
584 2118 717 2153 Scribit
740 2127 856 2153 autem
876 2118 1030 2153 lustinus
1055 2120 1091 2152 in

106 2176 284 2215 postremo
310 2170 421 2210 libro,
448 2167 624 2214 Chalybes
650 2170 687 2202 in
713 2168 921 2214 Hispaniam
947 2170 1092 2211 venisse,
1116 2179 1118 2191 ¹

106 2226 147 2254 ut
165 2220 334 2254 credibile
351 2227 419 2260 est,
448 2220 544 2254 illius
558 2220 670 2262 gentis
696 2218 857 2254 homines
881 2221 1092 2265 quaesivisse

108 2282 212 2304 venas
234 2271 426 2306 metallicas
452 2278 486 2304 et
513 2271 550 2304 in
575 2271 653 2304 aliis
680 2271 791 2304 terris.
845 2270 928 2304 Ideo
952 2283 1025 2303 nou
1041 2278 1093 2303 te-

108 2332 202 2354 mere
218 2321 469 2366 interpretatur
485 2319 652 2366 Iosephus
669 2321 788 2355 Tubal
805 2320 994 2365 Hispanos,
1010 2322 1093 2365 quia

107 2368 283 2416 Chalybes
299 2383 339 2405 ex
354 2371 438 2406 Asia
459 2372 495 2404 in
513 2371 723 2416 Hispaniam
748 2372 956 2414 migrarunt.

108 2421 212 2455 stimo
229 2428 364 2464 autem,
387 2422 501 2456 varias
517 2430 636 2466 gentes
655 2422 758 2456 etiam
779 2423 880 2456 initio
905 2423 943 2455 in
962 2421 1092 2467 IIispa-

108 2469 261 2517 niamlex
278 2471 394 2505 vicino
409 2471 586 2518 Aphricac
604 2474 727 2507 littore'
740 2473 872 2507 infusas
890 2484 973 2508 csse.

211 2537 422 2585 Mosoch,
455 2542 492 2575 id
515 2549 585 2582 est,
620 2543 828 2583 extendens,
862 2542 1027 2576 videlicet
1049 2543 1093 2576 ab
1119 2572 1121 2578 ,

110 2592 339 2626 extendendis
354 2592 517 2634 arcubus,
533 2604 594 2627 seu
609 2594 796 2627 iaculando
812 2593 952 2626 videtur
963 2605 1092 2626 nomen

109 2643 238 2678 factum
255 2654 338 2685 esse,
355 2649 416 2677 aut
432 2649 523 2678 certe
538 2643 955 2690 significatLonginquos
969 2650 1001 2678 et
1011 2655 1094 2689 pro-

968 1400 1018 1434 Ac
1045 1402 1092 1433 si-
1116 1396 1120 1446 l

1007 2370 1092 2404 Exi·
1117 2377 1120 2413 1

1245 1409 1328 1443 Filii
1354 1408 1489 1445 Gomer
1514 1412 1746 1447 nominantur
1771 1416 1952 1460 Ascuam,
1978 1415 2130 1466 Riphat

1116 1464 1119 1518 ἑ
1143 1468 1176 1496 et
1189 1457 1393 1504 Togorma.

1114 1521 1120 1576 Ι
1244 1518 1452 1553 Communis
1462 1517 1683 1555 Ebraeorum
1699 1527 1869 1560 sententia
1885 1535 1950 1569 est,
1968 1530 2129 1567 abAsca-

1142 1581 1202 1603 nes
1221 1577 1315 1604 ortos
1331 1581 1402 1603 esse
1416 1569 1628 1610 Tuisconas,
1657 1575 1777 1616 exigua
1796 1579 1990 1614 mutatione
2010 1582 2130 1617 litera-

1141 1633 1240 1663 rum,
1280 1621 1479 1664 praeposito
1507 1622 1674 1656 articulo:
1722 1625 1787 1660 Die
1814 1626 1978 1665 Ascanes.
2041 1632 2129 1669 Inde

1142 1670 1348 1704 Tuiscones.

1114 1724 1120 1780 l
1243 1726 1468 1773 Etymologia
1506 1730 1663 1764 nominis
1698 1730 1904 1770 Ascanes
1945 1739 2128 1784 significat,

104 1813 190 1847 gens
209 1801 371 1836 tellurem
387 1801 537 1844 rigidam
555 1814 628 1835 non
645 1802 751 1836 vertit
771 1809 904 1843 aratro,
929 1804 987 1837 sed
1006 1803 1091 1835 ferri
1116 1786 1118 1822 3
1141 1789 1222 1811 eum
1238 1779 1481 1813 antecelhfisse
1499 1781 1686 1815 autoritate
1704 1792 1850 1829 propter
1868 1789 2065 1825 doctrinam
2093 1802 2127 1829 et

1115 1836 1118 1867 ι
1142 1828 1327 1867 virtutem,
1362 1841 1441 1862 cum
1466 1839 1639 1873 praeesset
1662 1834 1838 1876 religioni.

1899 1838 1993 1881 Quia
2017 1842 2128 1878 Asca-

1114 1877 1119 1922 Ι
1141 1890 1203 1911 nes
1235 1885 1286 1913 est
1314 1881 1492 1920 sacerdos,
1526 1887 1566 1914 ut
1591 1890 1706 1917 custos
1731 1884 1841 1927 ignis,
1875 1885 1969 1922 Esch
1993 1890 2128 1928 Cohen.

1115 1923 1118 1995 ι
1142 1928 1224 1962 Fuit
1249 1935 1364 1962 autem
1390 1930 1623 1964 vetustissima
1647 1936 1870 1977 superstitio,
1897 1942 1991 1983 apud
2010 1943 2126 1985 ignem

1116 2002 1120 2040 ι
1142 1991 1182 2012 ex
1199 1979 1377 2012 sacrificiis
1392 1987 1568 2014 servatum
1586 1982 1701 2016 dicere
1715 1987 1944 2028 precationes.

1116 2047 1119 2071 ,1
1244 2037 1356 2071 Terra
1382 2036 1586 2072 Ascania
1620 2041 1686 2075 suit
1717 2053 1821 2087 supra
1845 2043 2052 2092 Phrygiam,
2086 2052 2123 2085 in

1116 2115 1119 2145 ,Υ
1140 2086 1309 2134 Bithynia
1334 2100 1453 2122 versus
1477 2089 1705 2125 Cimmerium
1730 2087 1965 2138 Bosphorum.
2018 2099 2064 2135 Et
2087 2104 2123 2136 in

1116 2163 1118 2174 .
1142 2151 1182 2172 ea
1207 2139 1350 2182 regione
1375 2140 1440 2173 suit
1466 2141 1564 2183 palus
1592 2139 1764 2184 Ascania,
1798 2157 1886 2189 quae
1910 2149 1970 2182 diu
1992 2163 2123 2186 nomen

1141 2190 1305 2228 retinuit,
1333 2190 1436 2223 etiam
1453 2189 1627 2224 Romanis
1649 2195 1875 2236 temporibus.
1927 2196 1974 2233 Et
1997 2202 2123 2237 ductor

1116 2240 1312 2278 vexercitus
1345 2241 1438 2274 inter
1479 2241 1608 2274 auxilia
1643 2242 1882 2279 Troianorum
1919 2252 2125 2288 nominatur

1116 2289 1243 2324 >on
1255 2287 1276 2324 (ξ
1287 2303 1329 2324 112
1341 2303 1402 2331 ος,
1420 2290 1546 2324 Iliados
1557 2294 1591 2327 2.
1609 2292 1668 2324 ubi
1686 2291 1768 2327 haec
1784 2304 1865 2331 sunt
1881 2301 1984 2333 verba
1998 2315 2004 2334 z
2020 2300 2123 2349 Φόρ-

1141 2354 1207 2379 κυς
1231 2337 1279 2375 αὖ
1306 2341 1453 2388 ([ριίγας
1475 2337 1559 2387 ἥγε,
1593 2340 1656 2376 καὶ
1675 2342 1915 2388 Ἀσκάνιος
1943 2350 2123 2397 θεοειὸιῖς,

1141 2389 1220 2436 »νηΐ
1255 2391 1291 2430 ἐξ
1320 2390 1529 2435 Ἀσκανίης,
1575 2390 1640 2425 hoc
1677 2401 1747 2436 est,
1784 2395 1940 2443 Phrvgas
1974 2386 2123 2440 ducebat

1142 2441 1320 2487 Phorcys,
1367 2449 1398 2474 et
1434 2441 1607 2475 Ascanius
1633 2442 1709 2478 Deo
1742 2438 1888 2490 similis,
1927 2455 2050 2496 procul
2084 2468 2122 2488 ex

1144 2491 1306 2526 Ascania.
1361 2491 1431 2525 Nec
1454 2493 1583 2525 mirum
1609 2500 1677 2535 est,
1709 2503 1864 2540 posteros
1893 2499 2038 2537 Ast-anis
2063 2506 2124 2538 de-

1144 2544 1226 2575 inde
1245 2542 1280 2574 in
1299 2542 1365 2574 :ulia
1383 2543 1457 2575 loca
1475 2543 1660 2585 migrasse.
1685 2553 1723 2580 ut
1745 2552 1917 2592 progressi
1932 2561 2010 2586 sunt
2028 2554 2124 2588 Cim-

1144 2593 1218 2631 hri,
1252 2600 1283 2625 et
1314 2604 1351 2624 ex
1381 2592 1466 2626 locis
1498 2594 1624 2628 vicinis
1647 2594 1838 2643 Bithyniae
1859 2600 2054 2643 Cauconos,
2090 2613 2123 2640 et

1145 2642 1259 2684 Caici,
1287 2650 1319 2678 et
1337 2642 1482 2677 Heneti.

1446 2690 1525 2728 47·
