2324 2955
193 129 264 166 527

195 222 366 252 caeteros,
389 216 428 243 ut
446 204 629 241 inPsalmo
645 200 789 235 dicitur:
819 196 941 232 Induit
956 193 1175 229 maledictio-

196 278 277 299 nem
297 263 386 296 sicut
403 257 648 291 vestimentum
668 257 731 287 etc.

294 319 332 353 5.
374 316 557 349 Humanae
578 308 724 354 politiae
747 311 830 340 sunt
852 304 1012 348 alligatae
1035 302 1078 336 ad
1101 313 1175 335 cer-

194 382 264 407 tam
293 365 565 404 successionem,
606 358 737 393 habent
765 357 874 399 leges,
908 361 941 388 et
971 360 1175 398 potestatem

194 433 272 456 suas
288 420 379 462 leges
401 410 676 458 interpretandi,
700 406 833 441 habent
859 406 986 448 gradus
1008 415 1176 448 persona-

192 483 290 511 rum,
316 468 450 510 Reges,
473 463 606 502 Duces,
632 458 766 493 habent
782 463 815 490 et
841 456 987 499 gloriam
1011 454 1177 499 aliquam,

195 524 228 556 id
255 529 324 559 est,
353 515 563 563 potentiam,
595 522 696 556 opes,
731 515 763 542 et
787 508 894 540 decus
921 516 1039 563 rerpm
1064 510 1177 547 gesta-

196 584 292 612 rum,
319 577 356 603 ut
376 580 428 602 res
450 575 596 608 magnae
622 561 665 595 ab
685 558 905 598 Alexandro,
930 556 1096 599 Scipione
1119 565 1177 596 ge-

195 630 264 657 stae
280 627 373 655 sunt.

294 680 331 715 6.
364 674 519 711 Ecclesia
541 683 614 705 non
634 675 684 702 est
708 667 787 701 talis
806 664 951 711 politia,
976 664 1036 697 sed
1051 674 1178 706 corpus

195 733 405 776 dispersum,
432 724 525 771 quod
543 726 687 764 vagatur
702 725 776 752 toto
794 717 878 751 orbe
892 722 1077 754 terrarum,
1104 714 1178 746 sine

195 790 338 816 externo
355 777 477 822 capite,
503 774 577 807 sine
598 769 767 816 potentia,
792 768 867 801 sine
884 765 996 810 gloria
1013 762 1179 804 humana,

194 834 231 866 id
256 838 325 869 est,
350 829 425 862 sine
449 825 576 869 opibus
600 828 635 855 et
657 820 732 854 sine
754 818 920 863 gradibus
943 813 1178 850 humanarum

194 882 420 926 dignitatum.

296 939 332 973 7.
382 936 452 972 Sed
484 931 591 967 habet
624 935 728 974 caput
760 925 960 964 Christum,
1014 924 1076 969 qui
1108 923 1180 957 suis

196 989 365 1026 membris
382 988 499 1025 adest,
528 990 562 1017 et
585 992 625 1015 ea
646 980 736 1023 regit
760 985 793 1011 et
817 976 992 1015 defendit,
1018 972 1124 1008 habet
1147 980 1181 1007 et

195 1042 343 1086 gloriam
356 1065 365 1079 ,
390 1036 483 1083 quod
500 1032 600 1067 novit
616 1043 654 1064 ac
675 1029 826 1063 celebrat
838 1027 952 1060 Deum
968 1032 1001 1060 et
1023 1036 1078 1058 res
1106 1036 1181 1057 ma-

195 1103 280 1137 gnas
298 1089 405 1134 gerit,
428 1092 468 1119 ut
481 1083 596 1121 Elias,
622 1079 802 1117 ElisaeuS,
828 1076 979 1115 Paulus,
1005 1080 1037 1106 et
1052 1074 1112 1106 alii
1130 1073 1180 1117 pii

196 1148 321 1187 gerunt
338 1138 472 1173 bellum
496 1131 722 1169 acerrimum,
747 1133 781 1160 et
803 1137 883 1158 vere
906 1121 1096 1158 ἄσπονδον
1117 1123 1177 1155 ad-

197 1203 316 1226 versus
338 1187 539 1224 diabolum,
564 1189 604 1215 ut
630 1179 732 1213 multi
755 1177 950 1211 liberentur
971 1174 1015 1207 ab
1040 1179 1180 1207 aeterna

196 1250 320 1277 morte.

299 1301 331 1335 8.
369 1297 412 1331 In
435 1292 589 1330 Ecclesia
615 1300 687 1323 esse
711 1285 842 1321 iudicia
865 1284 1014 1323 debent,
1054 1289 1087 1316 et
1116 1282 1181 1315 do-

197 1364 284 1387 num
302 1356 353 1384 est
370 1342 612 1389 interpretatio
630 1338 834 1382 scripturae.
876 1333 947 1367 Nec
965 1339 1015 1366 est
1030 1338 1182 1377 potestas

197 1398 479 1447 interpretandae
503 1393 694 1436 scripturae
716 1387 810 1430 regia
833 1391 892 1418 aut
918 1383 1111 1428 praetoria,
1145 1382 1181 1439 id

199 1461 270 1494 est,
305 1451 363 1484 cui
392 1452 535 1493 propter
563 1441 786 1476 autoritatem
812 1435 950 1469 ordinis
975 1445 1114 1467 necesse
1138 1439 1182 1466 sit

198 1506 450 1545 obtemperare.
1131 1538 1139 1546 .

300 1560 336 1595 9.
369 1555 475 1600 Quod
492 1558 606 1586 autem
625 1545 790 1591 Episcopi
808 1542 914 1577 huius
929 1540 1096 1599 temporis
1113 1545 1182 1572 s1nt

200 1613 370 1647 idolatrae
383 1635 392 1648 ,
435 1612 470 1639 et
499 1601 616 1637 hostes
647 1594 833 1639 Evangelii
863 1603 1085 1638 perspicuum
1119 1596 1182 1628 est,

200 1663 281 1709 quia
299 1658 492 1694 defenduut
509 1649 738 1693 multiplicem
753 1640 1025 1688 εἶδωλολιιανίαν
1041 1647 1074 1674 et
1089 1639 1183 1672 mul-

200 1723 253 1749 tos
271 1719 403 1746 errores
419 1703 643 1751 perniciosos,
669 1701 863 1753 pugnantes
881 1704 959 1726 cum
976 1689 1182 1746 Evan-gelio.

306 1762 362 1795 10.
395 1754 583 1791 Manifesta
602 1747 848 1791 εἷὸωλομανια
868 1749 919 1776 est
941 1751 1056 1775 omnis
1080 1751 1184 1772 mvo-

200 1815 290 1850 catio
309 1816 548 1845 mortuorum,
575 1800 689 1847 qualis
713 1804 764 1831 est
784 1796 821 1829 in
845 1794 942 1828 cultu
966 1797 1182 1830 sanctorum,

203 1873 241 1900 ut
259 1859 435 1898 nominari
454 1855 553 1889 solet.
932 1892 941 1900 ⁶
1033 1891 1040 1898 ·

306 1914 362 1947 11.
399 1905 588 1950 Multiplex
605 1893 852 1942 εἳὸωλομαιίἀ
867 1900 916 1927 est
931 1904 968 1925 1n
987 1891 1097 1925 Missa
1122 1902 1184 1936 pa-

228 1965 336 2000 istica.

202 1979 224 2012 p
306 2023 368 2056 12.
406 2015 555 2060 lmpium
574 2017 623 2044 est
641 2007 737 2054 quod
752 2005 837 2039 dicit
854 2001 1066 2037 sacrificulus
1082 2011 1116 2056 se
1133 1998 1186 2032 of-

203 2078 293 2110 ferre
307 2072 418 2106 silium
435 2066 518 2106 Dei,
544 2073 623 2096 cum
643 2058 741 2092 nulla
756 2055 888 2089 oblatio
904 2052 1064 2109 instituta
1080 2056 1135 2084 sit.

310 2123 366 2159 13.
401 2117 552 2162 Impium
567 2118 619 2146 est
634 2109 728 2155 quod
753 2106 838 2140 dicit
861 2117 896 2138 se
919 2103 1094 2147 adplicare
1121 2111 1185 2145 pro

208 2177 285 2211 aliis
303 2182 334 2208 et
352 2168 476 2205 mereri
493 2162 733 2199 remissionem
751 2162 983 2201 peccatorum.
1151 2200 1158 2207 .

311 2223 369 2258 14.
396 2218 548 2262 Impium
567 2219 627 2253 est,
644 2209 739 2256 quod
757 2207 935 2251 adplicant
950 2215 1014 2247 pro
1031 2207 1188 2234 mortuis.

312 2274 369 2309 15.
412 2269 573 2312 Denique
602 2260 886 2308 quandocunque
922 2254 1187 2289 Sacramentum

209 2325 416 2362 transfertur
434 2320 477 2352 ad
493 2327 594 2351 usum
610 2313 719 2347 alium
744 2315 839 2343 extra
865 2306 1082 2343 institutum,
1116 2313 1188 2334 non

211 2385 261 2412 est
276 2376 549 2410 Sacramentum.

318 2424 371 2458 16.
406 2417 589 2454 Manifesta
604 2406 849 2455 ammonaria
869 2413 920 2441 est
941 2406 1070 2448 fingere
1095 2401 1189 2447 quod

212 2472 440 2512 monachatus
476 2471 648 2501 mereatur
678 2460 918 2496 remissionem
958 2461 1192 2500 peccatorum,

213 2536 272 2564 aut
288 2526 395 2559 vitain
413 2527 599 2553 aeternam.

318 2574 374 2609 17.
408 2568 594 2604 Manifesta
611 2562 770 2606 impietas
789 2568 838 2594 est
853 2555 1046 2603 prohibitio
1069 2553 1193 2588 coniu-

216 2629 283 2668 0ii,
305 2633 337 2658 et
353 2623 534 2658 scelerata,
564 2614 760 2649 truculenta
784 2618 818 2644 et
842 2607 1014 2643 diabolica
1038 2604 1192 2639 defensio

215 2658 232 2673 Ὀ

214 2687 379 2723 vagarum
397 2670 598 2706 libidinum.
636 2663 706 2697 Nec
723 2661 870 2696 dubium
887 2666 954 2700 est,
980 2657 1094 2692 Deum
1112 2652 1190 2688 hor-

952 104 1437 146 DISPUTATIONES

2129 105 2206 144 528

1226 191 1377 227 ribiliter
1408 189 1541 224 offendi
1570 196 1721 237 utroque
1751 189 1900 232 scelere,
1931 190 2142 227 libidinibus
2175 198 2209 227 et

1227 242 1380 277 saevitia.

1331 291 1389 326 18.
1428 289 1618 335 Multiplex
1640 288 1890 335 εἶδωλομανία
1914 298 1964 326 est
1987 292 2023 325 in
2047 293 2206 326 doctrina

1228 341 1509 377 adversariorum
1526 341 1570 374 de
1588 341 1842 376 iustificatione.
1868 340 2071 376 Extenuant
2088 354 2205 386 pecca-

1228 401 1322 432 tum,
1349 398 1467 425 vetant
1490 391 1644 425 tribuere
1668 391 1740 424 filio
1755 390 1822 425 Dei
1845 390 2015 426 honorem
2041 392 2210 433 debitum,

1229 449 1367 487 agentes
1397 441 1650 486 poenitentiam
1684 441 1807 475 iubent
1837 450 2004 487 perpetuo
2036 443 2209 480 dubitare,

1229 496 1354 528 docent
1364 491 1478 526 Deum
1493 492 1531 525 in
1547 491 1769 525 dubitatione
1784 492 2019 526 invocandum
2033 505 2116 534 esse,
2131 504 2211 526 cum

1230 545 1328 578 nulla
1352 543 1460 588 possit
1485 555 1558 576 esse
1581 542 1777 583 invocatio,
1815 543 1844 575 si
1867 554 1967 576 mens
1987 544 2105 586 ignara
2128 555 2210 587 pro-

1231 596 1355 628 missae
1378 593 1692 633 reconciliationis,
1717 593 1830 635 fugiat
1844 591 1970 629 Deum.
2019 591 2067 627 Et
2082 593 2213 627 Paulus

1231 646 1332 679 dicit:
1371 643 1439 677 Per
1471 641 1566 678 hunc
1599 640 1769 676 habemus
1803 655 1977 676 accessum
2011 644 2055 676 ad
2088 642 2213 677 Deum.

1230 696 1336 730 Nulla
1372 701 1422 729 est
1454 700 1570 728 autem
1598 691 1772 735 Ecclesia,
1815 694 1877 727 ubi
1905 693 2003 727 nulla
2037 692 2213 727 invocatio

1232 754 1281 782 est
1307 745 1388 780 Dei.

1336 796 1394 831 19.
1425 794 1498 829 Nos
1517 800 1638 828 contra
1660 800 1751 828 recte
1768 794 1937 836 dicimus,
1964 792 2143 828 hominem
2160 793 2215 827 iu-

1232 848 1373 882 stificari
1390 846 1457 879 fide
1472 852 1616 890 propter
1631 842 1811 878 Christum
1837 845 1959 888 gratis,
1985 857 2058 879 non
2074 851 2215 889 propter

1232 897 1391 943 proprias
1406 897 1554 930 virtutes
1576 901 1636 929 aut
1653 907 1770 938 opera.
1832 894 1929 928 Idem
1956 901 2025 938 est,
2056 897 2151 940 quod
2176 895 2214 926 in

1233 948 1398 983 Ecclesiis
1415 946 1544 981 nostris
1562 952 1654 980 recte
1670 946 1816 979 dicitur:
1844 945 1927 980 Sola
1945 945 2012 980 fide
2035 944 2215 979 iustificari

1233 997 1428 1033 hominem.

1334 1049 1395 1083 20.
1428 1045 1475 1081 Et
1491 1046 1662 1090 significat
1677 1047 1761 1080 fides
1779 1046 1941 1080 fiduciam
1956 1045 2217 1080 misericordiae

1233 1104 1376 1142 propter
1391 1095 1572 1130 Christum
1595 1098 1765 1138 donatae,
1791 1108 1860 1141 qua
1884 1097 2010 1130 fiducia
2032 1096 2217 1130 statuimus

1233 1148 1337 1181 nobis
1352 1147 1484 1181 remitti
1501 1153 1638 1191 peccata
1653 1153 1796 1190 propter
1809 1146 1921 1179 filium
1932 1145 2018 1187 Dei,
2039 1147 2219 1179 victimam

1234 1205 1267 1232 et
1289 1198 1532 1231 mediatorem.
1590 1196 1663 1230 Nec
1692 1202 1806 1240 potest
1834 1196 1941 1230 simul
1971 1197 2116 1230 existere
2139 1207 2216 1229 cum

1233 1247 1298 1282 hac
1315 1248 1383 1281 fide
1394 1274 1403 1288 ,
1429 1253 1608 1291 peecatum
1625 1253 1746 1279 contra
1762 1246 2026 1282 conscientiam.

1335 1298 1396 1333 21.
1430 1296 1532 1330 Hanc
1547 1296 1710 1330 fiduciam
1729 1296 1766 1328 in
1783 1296 1882 1328 omni
1898 1295 2130 1335 invocatione,
2157 1306 2218 1327 ne-

1235 1349 1418 1383 cessariam
1437 1358 1508 1381 esse
1524 1347 1690 1387 dicimus,
1717 1352 1750 1379 et
1774 1346 2032 1380 dubitationem
2057 1356 2219 1390 pugnan-

1235 1407 1304 1434 tem
1321 1411 1400 1432 cum
1415 1395 1479 1432 hac
1496 1398 1582 1438 fide,
1607 1403 1740 1430 certum
1759 1403 1810 1430 est
1824 1408 1895 1430 esse
1910 1403 2099 1440 peccatum.
2135 1394 2218 1429 Ideo

1236 1449 1436 1483 dulcissima
1470 1460 1537 1480 vox
1568 1454 1617 1480 est
1640 1445 1831 1489 Augustini
1855 1447 1892 1478 in
1916 1446 2043 1481 Psalm.
2062 1445 2141 1479 880:
2176 1444 2217 1477 In

1235 1506 1416 1533 aeternum
1432 1496 1594 1540 regnabit
1609 1494 1772 1529 Christus
1795 1498 1831 1528 in
1856 1495 1981 1529 sanctis
2006 1495 2087 1530 suis.
2141 1494 2219 1528 Hoc

1236 1547 1447 1588 dixitDeus,
1473 1545 1539 1579 hoc
1556 1546 1738 1591 promisit,
1765 1546 1793 1578 si
1809 1557 1932 1590 parum
1950 1552 2012 1587 est,
2039 1543 2106 1578 hoc
2124 1545 2219 1579 iura-

1235 1600 1298 1635 vit.
1351 1597 1443 1640 Quia
1456 1608 1540 1639 ergo
1555 1608 1628 1629 non
1642 1596 1832 1629 secundum
1849 1596 1973 1630 merita
1992 1603 2130 1635 nostra,
2158 1596 2217 1628 sed

1236 1647 1552 1693 secundumwillius
1575 1646 1849 1679 misericordiam
1874 1647 1974 1679 firma
1995 1652 2045 1679 est
2069 1645 2219 1690 promis-

1236 1698 1307 1739 sio,
1333 1698 1513 1730 credamus
1531 1703 1564 1730 et
1579 1696 1782 1729 invocemus
1797 1702 1862 1731 etc.

1337 1747 1397 1782 22.
1427 1744 1502 1779 Etsi
1521 1755 1613 1778 nova
1630 1746 1829 1778 obedientia
1853 1752 1903 1778 est
1926 1746 2138 1786 necessaria,
2169 1752 2220 1779 ta-

1237 1809 1318 1830 men
1334 1809 1410 1830 non
1428 1794 1595 1830 satisfacit
1613 1794 1679 1838 legi
1694 1793 1779 1835 Dei,
1806 1801 1839 1828 et
1856 1801 2001 1829 manent
2024 1795 2061 1828 in
2090 1796 2220 1829 renatis

1238 1848 1275 1881 in
1296 1845 1361 1881 hac
1384 1846 1455 1880 vita
1479 1852 1618 1890 peccata
1642 1845 1805 1886 actualia,
1839 1851 1872 1879 et
1894 1845 2013 1887 radix,
2043 1845 2154 1888 caligo
2183 1847 2219 1879 in

1237 1905 1354 1932 mente
1371 1904 1404 1931 et
1421 1896 1605 1937 securitas,
1632 1908 1669 1929 ac
1685 1895 1902 1930 contumacia
1924 1895 1962 1929 in
1985 1895 2164 1930 voluntate
2189 1904 2221 1930 et

1239 1950 1355 1984 corde.

1341 1999 1402 2034 23.
1434 1997 1530 2031 Haec
1547 1997 1637 2030 mala
1654 2008 1727 2030 esse
1745 1996 1886 2041 proprie
1909 2003 2047 2041 peccata
2071 2008 2134 2031 sua
2158 2008 2220 2030 na-

1239 2057 1329 2090 tura,
1353 2050 1390 2083 id
1409 2055 1471 2089 est,
1498 2048 1583 2081 vitia
1603 2047 1793 2091 pugnantia
1810 2060 1889 2081 cum
1906 2046 2053 2091 legeDei
2070 2054 2102 2081 et
2117 2048 2220 2091 digna

1240 2101 1289 2133 ira
1304 2099 1370 2133 Dei
1387 2099 1615 2132 certissimum
1634 2105 1695 2134 est.
1748 2097 1831 2131 Ideo
1853 2099 2010 2131 docenda
2035 2104 2084 2132 est
2097 2096 2220 2131 Eccle—

1240 2151 1309 2190 sia,
1335 2158 1374 2184 ut
1393 2147 1477 2183 haec
1494 2156 1629 2193 peccata
1649 2155 1830 2192 agnoscat,
1856 2156 1890 2183 et
1904 2149 2032 2189 discat,
2056 2149 2123 2181 fide
2139 2160 2220 2192 pro-

1241 2208 1318 2246 pter
1334 2198 1514 2235 Christum
1532 2200 1666 2244 placere
1682 2198 1756 2232 Deo
1779 2206 1929 2232 renatos.
1980 2196 2026 2232 Et
2050 2198 2220 2231 incoatam

1240 2251 1476 2285 obedientiam
1496 2251 1632 2294 placere
1649 2256 1792 2294 propter
1809 2249 2013 2283 Pontificem
2030 2245 2223 2289 Christum,

1242 2302 1301 2347 qui
1325 2308 1460 2334 nostras
1485 2298 1616 2334 hostias
1636 2301 1679 2334 ad
1706 2307 1839 2345 patrem
1867 2300 2012 2343 perfert,
2054 2299 2140 2332 sicut
2175 2300 2221 2333 ait

1242 2352 1381 2386 Petrus:
1417 2350 1553 2385 Offerte
1576 2349 1706 2385 hostias
1732 2349 1948 2394 spirituales,
1975 2356 2129 2394 acceptas
2146 2348 2220 2383 Deo

1242 2415 1303 2448 per
1318 2402 1432 2436 Iesum
1450 2400 1641 2435 Christum.

1343 2452 1401 2488 24.
1436 2451 1603 2485 Doctrina
1635 2450 1905 2484 satisfactionum
1936 2450 2028 2494 apud
2060 2451 2222 2483 adversa·

1243 2503 1332 2544 rios,
1356 2515 1454 2536 error
1471 2511 1504 2537 et
1529 2501 1686 2546 impietas
1705 2507 1774 2541 est,
1801 2507 1831 2534 et
1854 2501 1932 2533 sons
1955 2501 2145 2534 multorum
2168 2513 2222 2534 er-
2246 2526 2248 2529 .

1216 2547 1219 2591 l
1245 2566 1376 2588 Porum.

1346 2601 1407 2639 25.
1442 2602 1531 2637 Cum
1554 2601 1660 2644 igitur
1683 2608 1752 2636 tam
1770 2608 1876 2635 tetros
1899 2613 2032 2635 errores
2051 2601 2222 2636 diabolica

1246 2654 1438 2698 pertinacia
1469 2653 1659 2686 defendant
1691 2652 1900 2694 adversarii,
1940 2659 2113 2686 eteorum
2135 2650 2222 2695 Epi-
