2324 2955
108 100 182 138 965

108 188 218 220 sactus
235 192 296 221 est.
348 184 524 229 Regnavit
540 196 652 219 annos
667 186 806 229 viginti.
854 185 960 220 Initio
978 184 1091 228 impe·
1115 228 1117 234 Ι

108 236 348 276 Υἰί,ι·ε(]ιιςοιιε
370 237 559 270 exercitum
582 248 621 269 ex
645 233 729 269 Asia
753 237 836 271 vicit
862 235 1030 271 Carinum
1054 234 1091 266 in
1115 241 1117 280 ᾖ

106 286 300 328 Dalmatia,
339 287 400 332 qui
436 287 525 329 patri
554 285 643 321 Caro
676 288 858 321 succedere
884 286 1090 320 conabatur.
1115 283 1117 289 '

107 336 230 371 Postea
256 349 334 370 cum
363 336 465 369 multi
491 337 575 369 novi
599 344 714 371 motus
740 338 776 370 in
806 337 997 380 provinciis
1021 335 1090 368 orti

107 394 240 427 essent,
266 394 299 420 et
317 393 487 420 metueret
506 388 664 420 suturum
682 394 721 421 ut
738 388 824 420 alibi
843 388 903 420 alii
930 397 1089 420 crearen-

109 445 166 471 tur
185 438 432 481 imperatores,
459 438 583 471 maluit
601 438 674 482 ipse
700 438 867 481 collegam
893 439 1002 471 fidum
1026 448 1088 469 suo

108 487 240 521 iudicio
281 487 418 529 eligere.
498 486 672 522 Adiunxit
705 500 785 531 ergo
820 488 888 522 sibi
920 488 1087 530 collegam

108 534 415 580 Mazinnhnum,
453 537 578 571 sortem
610 545 641 572 et
666 539 816 583 peritum
842 539 893 572 rei
914 537 1088 577 militaris,

105 589 166 621 sed
185 588 421 621 truculentum
441 595 473 622 et
491 589 733 622 libidinosum.
795 588 901 623 Hunc
923 588 998 632 pari
1024 599 1086 630 po-

106 644 226 672 testate
255 636 461 682 Auguslum
493 639 701 674 nominavit.
775 639 913 672 Horum
945 639 1112 682 integra*

106 688 232 722 mansit
258 688 463 728 concordia,
489 695 522 722 et
536 687 778 723 Diocletianus
803 701 838 723 se
859 689 995 723 lovium
1018 700 1085 720 no-

106 738 268 778 minavit,
296 738 551 772 Maximianum
562 738 784 773 Herculeum.
827 739 984 784 Cumque
1003 750 1085 782 pro-

106 795 182 832 pter
204 789 421 821 diversarum
444 790 600 831 gentium
616 797 732 823 motus
749 802 836 834 opus
861 796 948 823 esset
972 789 1084 833 pluri-

105 839 169 872 bus
185 838 345 872 fidelibus
363 839 528 878 ducibus,
558 841 627 873 duo
647 839 797 883 Augusti
823 852 943 873 rursus
967 839 1084 872 nomi-

105 895 190 922 nant
205 889 293 922 duos
310 885 503 923 Caesares:
536 889 776 923 Diocletianus
795 887 987 924 Galerium
1004 888 1084 922 Ma-

104 938 298 979 ximinum,
323 946 445 972 natum
469 940 505 972 in
525 938 676 973 Thracia
700 941 842 983 ripensi.
895 939 1084 972 Maximia-

105 1000 170 1021 nus
185 986 362 1021 Flavium
382 984 638 1022 Conslanlium
659 992 825 1035 χλιῦρον,
854 990 954 1022 cuius
973 990 1084 1022 virtus

104 1045 198 1071 tanta
215 1040 300 1076 fuit,
327 1046 367 1072 ut
385 1039 493 1072 Carus
509 1039 716 1083 imperator,
744 1040 772 1073 si
792 1040 948 1079 vixisset,
975 1040 1082 1072 inter-

104 1089 257 1121 fecturus
275 1088 386 1121 filium
406 1089 618 1130 flagitiosum
636 1090 830 1123 decreverit
851 1101 1084 1122 successorem

1115 347 1116 350 ¹
1139 333 1237 376 perio
1260 334 1428 377 pariebat.

104 1138 287 1171 nominare
320 1136 414 1171 hunc
438 1138 698 1173 Constantium.
770 1139 952 1181 Coniugiis
979 1140 1083 1172 etiam

104 1189 245 1221 foedera
261 1189 464 1222 confirmata
482 1196 576 1222 sunt.
628 1189 869 1223 Diocletianus
888 1190 995 1222 filiam
1012 1188 1084 1222 Va-

104 1238 226 1271 leriam
262 1239 321 1271 dat
358 1238 573 1272 Maximino:
616 1239 854 1273 Maximianus
889 1238 1084 1273 Herculeus

103 1288 300 1331 privignam
311 1286 538 1322 Theodoram
549 1289 768 1323 Constantio.
808 1289 888 1323 Duo
904 1290 940 1322 in
952 1288 1083 1323 Orien-

103 1345 172 1371 tem
199 1338 479 1382 proficiscuntur.
540 1340 785 1374 Diocletianus
806 1338 1003 1385 Aegyptum
1029 1352 1083 1373 re-

102 1388 207 1431 cipit,
234 1389 374 1422 obsessa
392 1390 606 1423 Alexandria
624 1398 702 1423 octo
721 1391 899 1424 mensibus
922 1402 1082 1432 magnam

101 1438 365 1471 multitudinem
401 1440 600 1475 trucidavit.
679 1439 898 1481 Achilleum,
947 1441 1008 1485 qui
1048 1452 1084 1473 se

104 1489 350 1522 nominaverat
377 1489 648 1534 imperatorem,
689 1492 818 1524 obiecit
847 1491 966 1524 bestiis
993 1491 1083 1523 dila-

103 1538 288 1574 niandum.

203 1588 421 1621 Maximinus
438 1596 558 1623 contra
577 1589 746 1624 Narseum
764 1604 877 1634 regem
896 1590 1082 1624 Persarum

102 1637 227 1671 missus
245 1639 398 1682 primum
415 1639 525 1673 victus
544 1646 604 1674 est.
658 1641 781 1675 Postea
802 1642 886 1675 vicit
906 1648 1003 1685 capta
1019 1652 1083 1684 ,re-

104 1688 160 1731 gia
178 1687 287 1721 Gaza.

204 1736 442 1771 Maximianus
469 1739 621 1780 primum
645 1741 682 1773 in
709 1739 902 1774 Occidente
926 1739 1080 1773 Galliam

101 1788 258 1833 pacavit,
285 1799 450 1832 oppresso
460 1788 623 1830 Aeliano,
651 1791 711 1835 qui
729 1798 766 1823 ut
783 1802 817 1822 se
835 1790 1080 1832 imperatorem

102 1840 246 1879 faceret,
281 1838 450 1880 agricolas
471 1840 717 1873 concitauerat.
776 1839 913 1872 Deinde
940 1851 1018 1872 cum
1044 1839 1081 1871 in

103 1889 222 1922 Africa
247 1886 398 1922 ItIilites
421 1885 750 1936 Quinquaganarii
771 1890 979 1923 seditionem
1004 1901 1081 1921 mo-

102 1939 252 1978 vissent,
286 1939 346 1984 qui
371 1939 535 1973 volebant
558 1941 798 1974 dimissionem
824 1940 916 1980 fieri,
949 1946 982 1972 et
1004 1939 1079 1971 dari

101 2001 202 2033 agros
219 1989 559 2034 Quinquagenariis‚
585 1992 758 2034 profectus
782 2003 821 2024 eo
844 1990 1081 2024 Maximianus

103 2051 179 2073 eam
196 2041 404 2074 seditionem
425 2041 599 2083 repressit.

204 2089 421 2124 Difficillima
440 2102 517 2134 pars
535 2091 708 2123 bellorum
725 2092 888 2124 mandata
906 2091 971 2124 suit
987 2090 1080 2124 Con-

103 2140 251 2181 stanno,
287 2148 325 2174 ut
351 2139 504 2173 Francos
529 2147 561 2174 et
588 2140 779 2174 Aleiuanos
804 2144 978 2181 domaret,
1019 2142 1078 2185 qui

104 2203 182 2225 cum
200 2202 300 2235 saepe
319 2203 397 2224 cuin
415 2191 464 2223 eis
480 2191 712 2231 conflixisset,
740 2194 879 2225 tandein
904 2192 1080 2231 sexaginta

103 2241 262 2274 millibus
297 2240 514 2274 Francorum
549 2249 582 2275 et
614 2240 867 2276 Alemanorum
898 2242 1080 2276 trucidatis

104 2292 322 2335 recuperavit
340 2291 519 2333 Belgicum
544 2298 576 2324 et
599 2289 778 2327 Rhetiam.
842 2290 895 2326 Eo
924 2300 1080 2334 tempore

104 2340 254 2388 Spiram
276 2342 318 2375 ad
338 2339 503 2376 Rhenum
523 2342 702 2383 condidit,
733 2342 793 2376 ubi
811 2350 956 2376 matrem
974 2342 1079 2376 Clau-

103 2393 196 2426 diam
227 2392 374 2435 sepeliit.
440 2392 550 2425 Natus
582 2399 631 2426 est
662 2393 755 2426 enim
785 2394 1013 2427 Constantius
1040 2406 1078 2426 ex

103 2442 264 2477 Romana
292 2442 398 2485 stirpe
421 2443 660 2483 nobilissima,
696 2450 793 2487 patre
819 2442 1010 2488 Eutropio,
1045 2451 1079 2478 et

103 2499 213 2526 matre
231 2492 395 2532 Claudia,
420 2493 489 2526 filia
508 2494 727 2537 imperatoris
745 2494 903 2532 Claudii,
931 2495 991 2539 qui
1014 2505 1077 2527 an-

103 2544 240 2577 tecessit
257 2541 501 2577 Aurelianum.

205 2593 340 2627 Pacatis
361 2593 427 2625 iam
452 2593 616 2627 omnibus
638 2594 830 2638 provinciis
853 2593 1077 2638 imperatores

101 2642 341 2678 Diocletianus
357 2649 390 2676 et
409 2642 664 2687 Maximianus,
691 2657 769 2679 cum
792 2645 931 2678 circiter
956 2646 1075 2678 decem

677 100 703 136 Ι.
745 95 1033 136 CHRONlCON
1060 93 1306 132 CARIOMS.
1358 96 1483 132 PARS
1510 96 1556 133 11.
2059 95 2129 130 960

1141 193 1252 214 annos
1268 189 1488 225 regnassent,
1515 182 1739 216 'Nicomediae
1761 181 1998 221 conveniunt,
2026 187 2057 214 et
2082 183 2123 214 de

1141 233 1301 265 delendis
1334 230 1546 266 Christianis
1578 233 1810 276 deliberantzh
1839 232 1920 276 quia
1951 232 2121 265 dissensio

1140 283 1320 325 religionis
1346 294 1486 325 magnas
1510 284 1701 316 discordias
1718 285 1753 315 iu
1773 283 1916 315 familiis
1936 288 1967 315 et
1993 283 2029 314 in
2055 282 2121 314 im-

1487 332 1535 367 Et
1558 334 1639 378 quia
1663 334 1756 367 inter
1780 334 1872 377 ipsos
1899 331 2120 366 Christianos

1139 384 1249 416 multa
1274 384 1419 417 dissidia
1438 391 1555 424 erant,
1588 384 1744 418 divulsos
1770 384 1862 417 inter
1884 395 1956 416 sese
1982 383 2119 416 facilius

1139 434 1292 476 opprimi
1311 446 1409 478 posse
1427 435 1630 478 sperabant,
1664 435 1759 467 iuxta
1778 434 1927 466 dictum:
1963 433 2119 467 Concor-

1139 484 1197 516 dia
1224 496 1277 517 res
1298 496 1426 528 parvae
1450 491 1625 525 crescunt,
1653 484 1826 517 discordia
1841 484 2010 516 maximae
2028 484 2120 516 dila-

1137 534 1280 568 buntur.
1348 533 1460 568 Erant
1492 536 1597 568 etiam
1630 534 1734 567 multi
1764 534 1961 576 transfugae
1996 541 2028 566 et
2057 533 2118 565 alii

1136 583 1368 629 sycophantae
1395 585 1486 618 inter
1507 597 1564 617 eos
1582 585 1642 629 qui
1663 582 1856 617 Christiani
1880 584 2116 616 nominaban-

1135 641 1211 675 tur,
1246 635 1306 679 qui
1324 642 1491 679 tanquam
1504 634 1631 667 Furiae
1648 631 1906 680 et’Amsoropeg
1923 634 2116 668 incitabant

1137 692 1168 719 et
1187 686 1371 719 armabant
1390 686 1631 729 imperatores,

1238 751 1389 786 Duravit
1419 749 1504 784 haec
1541 753 1688 785 saevicia
1722 752 1860 785 circiter
1892 751 2114 787 decennium,

1134 810 1167 836 et
1189 803 1368 836 numerari
1388 809 1499 846 potest
1529 803 1620 836 inter
1644 803 1799 846 exempla
1823 803 2010 835 diuturnae
2036 814 2116 834 cru-

1135 853 1286 886 delitatis
1307 853 1511 897 praecipua,
1540 865 1627 897 quae
1644 851 1799 886 Ecclesia
1824 853 1947 892 sensit,
1976 852 2114 896 qualem

1135 904 1171 935 in
1190 902 1348 948 Aegypto
1373 900 1599 935 pharaonum
1625 910 1799 948 tempore,
1833 910 1866 936 et
1890 903 2017 936 deinde
2037 901 2115 935 Au-

1134 951 1262 993 tiocl1i‚
1289 959 1427 996 experta
1445 958 1507 986 est.

1235 1009 1402 1044 Edictum
1437 1009 1656 1053 propositum
1693 1017 1759 1049 est,
1799 1011 1911 1043 simile
1947 1008 2116 1043 Antiochi

1134 1062 1264 1095 edicto:
1311 1059 1357 1094 Ut
1390 1071 1511 1092 omnes
1542 1057 1702 1092 homines
1728 1059 1859 1103 ubique
1883 1060 2117 1092 sacrificarent

1134 1111 1212 1145 Diis
1235 1112 1502 1154 imperatorum:
1539 1108 1619 1141 Non
1645 1109 1870 1142 sacrificaturi
1896 1110 2116 1142 afficerentur

1135 1162 1330 1205 suppliciis:
1354 1158 1399 1193 Et
1415 1166 1453 1193 ut
1469 1159 1596 1202 templa
1615 1166 1646 1193 et
1663 1159 1745 1192 libri
1764 1160 1974 1193 delerentur.
2010 1160 2116 1192 Nulla

1135 1223 1259 1255 magna
1284 1211 1368 1244 urbs
1394 1210 1482 1250 suit,
1526 1209 1564 1241 in
1596 1222 1664 1254 qua
1689 1222 1761 1243 non
1792 1211 1948 1255 quotidie
1978 1211 2117 1243 circiter

1135 1269 1274 1296 centum
1309 1268 1517 1305 raperentur
1550 1260 1593 1292 ad
1624 1260 1807 1304 supplicia.
1882 1259 2115 1302 Conspectum

1135 1319 1201 1353 est,
1228 1312 1354 1345 bestias
1372 1323 1511 1354 parcere
1535 1310 1671 1351 multis,
1699 1311 1759 1355 qui
1784 1311 1832 1343 eis
1856 1311 1983 1344 obiecti
2005 1317 2117 1343 erant.

1135 1362 1322 1396 Abstinere
1351 1361 1453 1394 etiam
1481 1373 1498 1392 a
1525 1367 1725 1393 sanctorum
1752 1361 1991 1394 cadaveribus.
2063 1360 2115 1393 lta

1135 1413 1286 1447 ostendit
1300 1411 1412 1449 Deus,
1440 1410 1567 1444 bestias
1584 1410 1739 1443 mitiores
1758 1423 1828 1443 esse
1845 1411 2014 1455 tyrannis.
2069 1409 2116 1444 Et

1134 1471 1251 1497 tamen
1267 1463 1395 1495 bestiae
1413 1472 1512 1504 saepe
1536 1461 1736 1494 lacerarunt
1759 1462 1851 1505 ipsos
1877 1461 2055 1493 carnifices
2083 1468 2117 1493 et

1134 1514 1261 1557 impios
1277 1518 1498 1555 spectatores.
1541 1509 1761 1544 Annotatum
1778 1518 1837 1549 est,
1854 1511 1890 1542 in
1907 1523 1978 1544 uno
1996 1523 2116 1544 mense

1134 1563 1368 1608 septendecim
1388 1562 1499 1593 millia
1518 1561 1553 1593 in
1571 1562 1623 1594 dix
1634 1561 1718 1594 ersis
1732 1561 1816 1594 locis
1834 1561 2014 1595 interfecta
2031 1573 2116 1596 esse.

1134 1614 1228 1647 llaec
1245 1614 1375 1646 fiebant
1393 1610 1623 1651 Diocletiani,
1653 1611 1863 1644 blaximiani
1884 1618 1915 1644 et
1926 1611 2116 1644 Maximini

1134 1664 1351 1697 crudelitate.
1392 1661 1516 1694 Postea
1534 1662 1636 1694 etiam
1654 1661 1838 1697 Maxentii.
1879 1660 2119 1700 Constantius,

1135 1713 1195 1758 qui
1224 1711 1379 1746 Galliam
1414 1717 1447 1744 et
1482 1710 1710 1743 Germaniam
1743 1712 1900 1753 regebat,
1942 1724 2014 1744 non
2050 1712 2119 1744 suit

1134 1761 1239 1796 huius
1253 1762 1421 1796 saeviciae
1439 1761 1562 1801 socius,
1587 1762 1646 1793 sed
1658 1758 1867 1795 Christianis
1886 1761 1922 1794 in
1939 1759 2002 1795 hac
2019 1769 2117 1806 parte

1134 1814 1290 1857 imperii,
1317 1824 1422 1856 quam
1442 1812 1513 1855 ipse
1530 1811 1663 1851 tenuit,
1689 1812 1857 1855 pepercit.

1236 1878 1417 1912 Militabat
1457 1878 1531 1910 eius
1572 1878 1664 1911 filius
1707 1872 1978 1911 Constantinus
2021 1880 2116 1922 apud

1105 1936 1106 1942 ¹
1134 1929 1394 1963 Diocletianum
1418 1928 1454 1960 in
1472 1926 1650 1972 Aegypto,
1675 1929 1736 1960 ubi
1765 1936 1796 1962 et
1814 1928 2057 1962 Diocletianus
2082 1935 2114 1960 et

1133 1979 1351 2013 Maximinus
1370 1978 1516 2011 insidias
1534 1978 1564 2010 ei
1588 1984 1808 2017 struxerunt,
1835 1986 1872 2013 ut
1896 1990 1975 2011 eum
2002 1991 2019 2010 e
2042 1991 2115 2010 me-

1133 2031 1192 2063 dio
1220 2029 1401 2069 tollerent,
1440 2029 1500 2061 sed
1530 2028 1698 2071 effugiens
1721 2030 1826 2062 rediit
1851 2031 1894 2063 ad
1919 2035 2050 2073 patrem
2077 2030 2114 2061 in

1134 2080 1298 2114 Galliam.

1234 2139 1285 2172 Ita
1309 2150 1387 2171 cum
1407 2137 1442 2170 in
1459 2135 1563 2177 Asia,
1589 2136 1692 2182 Syria
1719 2143 1751 2171 et
1775 2137 1812 2169 iu
1834 2136 1933 2171 Italia
1962 2138 2113 2171 nobilis-

1133 2190 1211 2222 simi
1229 2187 1390 2222 homines
1405 2187 1578 2221 interfecti
1597 2194 1728 2227 essent,
1755 2194 1788 2221 et
1813 2188 1848 2220 in
1874 2189 1993 2221 multis
2012 2189 2112 2221 urbi-

1132 2240 1198 2273 bus
1221 2239 1373 2272 solitudo
1399 2244 1504 2279 esset,
1543 2236 1784 2270 Diocletianus
1815 2244 1848 2271 et
1873 2237 2111 2272 Maximianus

1132 2290 1321 2333 imperium
1337 2300 1409 2322 uno
1425 2289 1481 2320 die
1498 2287 1654 2321 nolentes
1678 2288 1930 2331 deposuerunt:
1968 2290 2022 2322 vel
2045 2290 2111 2322 do-

1132 2341 1226 2380 lore,
1259 2340 1354 2384 quod
1380 2338 1498 2382 perfici
1524 2350 1595 2370 non
1620 2350 1718 2381 posse
1742 2338 1907 2372 viderunt
1932 2351 1988 2380 ea,
2022 2351 2111 2384 quae

1131 2391 1247 2424 moliti
1262 2391 1416 2430 fuerant,
1449 2388 1504 2421 vel
1521 2394 1613 2420 metu
1631 2388 1865 2422 Constantini.
1917 2388 2110 2423 Diocletia-

1131 2453 1197 2474 nus
1215 2441 1280 2473 sibi
1299 2440 1371 2483 ipse
1387 2445 1505 2483 postea
1532 2445 1679 2471 mortem
1706 2439 1894 2480 conscivit,
1930 2452 2008 2474 cum
2029 2440 2109 2472 Ma-

1130 2491 1288 2524 xentium
1312 2489 1564 2523 Constantinus
1590 2489 1829 2522 interfecisset.
1894 2490 1973 2534 Qua
2007 2491 2042 2522 in
2073 2502 2108 2522 re

1130 2541 1405 2575 considerandae
1419 2546 1499 2572 sunt
1521 2537 1741 2572 vehementes
1758 2545 1922 2581 naturae,
1947 2552 2035 2586 quae
2052 2540 2106 2571 iu-

1129 2592 1251 2625 cendia
1268 2591 1467 2624 animorum
1488 2590 1707 2622 dissimilima
1726 2587 1877 2630 habent,
1903 2603 1964 2624 nec
1983 2601 2106 2623 secun-

1128 2644 1190 2676 das
1217 2654 1271 2676 res
1294 2654 1356 2675 nec
1378 2642 1540 2675 adversas
1563 2641 1740 2674 moderate
1760 2641 1887 2675 serunt.
1958 2640 2102 2673 Movent
