2324 2955
185 125 259 158 339

191 209 254 243 No.
275 210 355 244 175.
994 205 1168 262 RQ.

325 300 398 338 De
432 296 640 336 (mendis
669 309 697 335 α
731 309 868 336 coena
900 310 930 336 s.
958 299 1039 333 εἰσ.

262 380 290 403 ln
312 378 474 402 orationum
495 377 526 402 Τ.
544 376 576 400 V.
597 386 622 409 p.
641 376 687 401 153
701 385 777 410 sqq..
804 375 928 402 Richard.
950 375 984 399 T.
1008 373 1054 400 ΙΙΙ.
1073 383 1097 407 ρ.
1114 374 1173 399 406.

290 418 314 437 et
329 413 354 436 in
369 411 546 436 Orationibus
561 410 704 443 postremis
724 420 750 444 p,
768 410 824 435 163.
835 428 842 441 ‚
860 411 940 435 etiam
957 409 1100 441 separatim
1115 409 1174 433 edi-

292 451 317 471 ta
338 445 452 471 &Nile-b.
476 445 548 470 1559.
583 445 625 471 Cf.
645 444 772 469 Strobelii
795 444 861 470 bibl.
881 444 949 470 Met.
970 443 1021 470 No.
1037 444 1098 468 52²9.

193 536 319 568 Oratio
347 532 478 568 habita
507 545 529 566 a
557 534 642 566 Rev.
671 535 748 566 viro
776 533 823 566 D.
853 533 1040 576 Georyio
1075 531 1174 563 JlIa-

193 587 310 624 ἰοῦ-ι’,
357 584 478 618 Tlteol.
512 585 616 617 Doct.
653 589 687 617 e!
729 581 910 627 Profess„
952 592 1035 615 cum
1063 582 1174 615 Paulo

194 635 326 679 Ebero,
356 637 544 669 Ecclesiae
569 634 835 679 l'ilebergjensis
863 636 1028 674 Pastori,
1057 636 1090 665 el
1109 634 1176 665 tri-

194 685 256 720 bus
291 689 378 720 aliis·
416 686 577 731 gli-mlum
611 690 645 718 et
689 687 942 718 testimonium
976 685 1176 716 Doctorum

276 740 314 771 in
342 737 537 783 Theologia
564 735 752 770 tribueret.
805 735 840 770 7.
868 733 1092 768 Decembris.

191 804 278 843 'I'ibi
299 810 391 844 Deus
407 810 640 850 omnipotens,
666 816 804 842 aeterne
830 816 928 852 pater
949 807 1093 840 Domini
1112 820 1176 839 no-

194 861 255 893 stri
273 859 349 892 lesu
374 858 525 899 Christi,
552 867 687 892 creator
708 860 793 891 coeli
820 866 852 892 et
870 866 1000 898 terrae,
1034 858 1176 900 angelo-

193 922 271 944 rum
303 917 336 943 et
366 908 570 947 hominum,
605 921 675 942 una
706 922 782 942 cum
809 910 881 942 filio
904 916 963 942 tuo
993 916 1175 941 coaeterno

192 960 348 994 Domino
373 968 492 993 nostro
512 960 588 993 Iesu
611 958 751 993 Christo
768 961 929 993 crucifixo
947 972 1008 1003 pro
1026 960 1128 992 nobis
1144 967 1176 992 et

193 1011 417 1050 resuscitato,
451 1018 482 1044 et
508 1010 642 1053 Spiritu
667 1018 785 1043 sancto
811 1017 869 1043 tuo
896 1011 1008 1043 veraci
1035 1017 1067 1043 et
1084 1016 1175 1042 casto

192 1062 320 1105 gratias
342 1061 492 1103 agimus,
519 1073 596 1093 cum
614 1073 676 1104 pro
693 1061 856 1094 omnibus
878 1061 1073 1099 beneficiis,
1101 1068 1175 1093 tum

193 1124 275 1145 vero
295 1124 359 1156 pro
377 1109 442 1144 boc
458 1123 593 1145 summo
610 1112 721 1151 bono,
749 1112 841 1156 quod
860 1112 970 1144 filium
988 1111 1090 1144 nobis
1110 1111 1177 1143 mi-

194 1163 286 1202 sisti,
321 1169 355 1195 et
375 1169 518 1206 propter
544 1174 623 1195 eum
650 1168 825 1195 aeternam
861 1160 1050 1194 Ecclesiam
1085 1161 1177 1194 iuter

192 1224 257 1246 nos
273 1225 413 1257 quoque
431 1213 492 1245 tibi
511 1212 656 1254 colligis,
684 1219 717 1245 et
732 1213 823 1245 veris
841 1212 1028 1255 gemitibus
1045 1219 1077 1244 te
1097 1224 1175 1244 ora-

192 1275 282 1304 mus,
298 1270 336 1296 ut
349 1275 485 1306 semper
502 1263 593 1296 inter
609 1273 673 1294 nos
689 1269 865 1295 aeternam
874 1261 1064 1295 Ecclesiam
1076 1263 1175 1294 colli-

191 1325 260 1356 gas,
278 1319 311 1345 et
328 1325 390 1345 nos
406 1313 594 1346 clementer
604 1313 787 1353 gubernes,
807 1313 912 1356 idque
923 1319 1067 1354 propter
1079 1319 1173 1344 tuam

191 1363 338 1406 gloriam
355 1363 478 1405 facias,
505 1363 594 1394 sient
609 1362 744 1394 dixisti:
772 1361 922 1404 Propter
943 1373 1010 1401 me,
1033 1368 1176 1405 propter

190 1425 246 1446 me
262 1414 406 1453 faciam,
429 1419 468 1446 ut
485 1424 556 1445 non
574 1412 714 1444 adficiat·
732 1412 964 1451 contumelia,
986 1412 1067 1455 quia
1086 1418 1176 1444 certe

190 1464 367 1498 auditores
385 1470 462 1496 tuae
479 1463 659 1496 doctrinae
673 1473 804 1501 sumuS,
827 1468 860 1494 et
872 1468 902 1494 te
919 1473 1040 1494 verum
1050 1460 1176 1501 Deum,

191 1515 252 1559 qui
277 1521 310 1548 te
334 1513 522 1557 patefecisti
549 1513 654 1544 misso
677 1512 749 1543 filio
778 1512 1000 1551 invocamus,
1041 1517 1074 1543 et
1098 1518 1176 1543 tuae

189 1563 365 1597 Ecclesiae
391 1564 481 1596 cives
506 1574 645 1601 sumus,
672 1568 705 1594 et
721 1561 931 1594 discedimus
949 1561 992 1593 ab
1010 1561 1176 1593 omnibus

189 1612 351 1648 hostibus
372 1614 435 1646 filii
465 1613 514 1647 tui
537 1620 570 1646 et
590 1611 767 1645 Ecclesiae
790 1619 880 1646 tuae.
933 1611 1013 1644 Non
1034 1611 1176 1644 abiicias

190 1677 254 1698 nos
269 1666 310 1697 ad
328 1671 361 1698 te
377 1665 626 1706 confugientes,
654 1674 854 1707 quanquam
871 1673 991 1695 sumus
1006 1662 1175 1695 deformia

191 1712 427 1760 ἐκτρώματα,
462 1721 495 1748 et
520 1711 609 1747 hanc
634 1712 800 1746 Ieremiae
824 1725 943 1746 vocem
969 1713 1011 1745 ad
1032 1719 1063 1745 te
1080 1713 1176 1745 adfe-

189 1766 316 1799 rimus:
344 1766 490 1798 Nostrae
504 1765 705 1808 iniquitates
720 1770 899 1796 merentur
915 1775 1055 1807 poenas,
1107 1762 1175 1796 Sed

191 1823 230 1849 tu
247 1822 390 1859 propter
408 1827 536 1848 nomen
554 1821 651 1847 tuum
670 1814 779 1847 nostri
797 1814 1002 1847 miserearis.
1057 1813 1176 1855 Quare

191 1878 254 1900 ceu
286 1867 512 1909 vagabundus
548 1866 662 1898 viator
695 1877 713 1898 a
743 1865 844 1897 nobis
879 1865 1091 1897 discessurus
1119 1864 1178 1896 es?

191 1916 336 1949 Maneto
362 1917 397 1948 in
420 1916 598 1948 domicilio
624 1922 703 1953 tuo,
738 1927 826 1959 quae
851 1927 969 1948 vocem
997 1915 1177 1948 doctrinae

191 1974 271 2000 tuae
289 1974 321 1999 et
339 1967 465 2009 expetit
484 1973 517 2000 et
535 1966 647 2000 discit.

292 2017 386 2049 Haec
403 2017 503 2050 initio
521 2017 666 2059 praefari
685 2028 746 2049 nos
759 2016 989 2050 iustissimum
1007 2023 1067 2057 est,
1095 2017 1176 2061 quia

191 2066 228 2100 hi
247 2079 449 2111 congressus
459 2080 531 2100 non
547 2068 659 2100 solum
676 2074 820 2110 propter
829 2067 1094 2110 disputationes,
1117 2068 1175 2100 sed

191 2119 300 2152 multo
320 2119 427 2160 magis
442 2124 584 2162 propter
599 2118 834 2161 precationem
852 2117 1004 2151 instituti
1025 2124 1118 2152 sunt.

294 2167 465 2201 Addenda
483 2176 532 2202 est
543 2175 659 2202 autem
678 2174 709 2200 et
727 2174 870 2212 propter
881 2168 1037 2201 iuniores
1054 2169 1176 2212 dispu-

192 2220 287 2251 tatio.
339 2217 383 2252 Et
401 2221 481 2263 quia
501 2230 618 2251 recens
634 2216 702 2251 huc
719 2219 821 2251 missa
848 2225 896 2251 est
915 2219 1089 2262 quaestio:
1118 2218 1174 2252 An

193 2270 234 2300 ad
259 2281 399 2301 coenam
417 2268 562 2302 Domini
586 2269 796 2302 admittendi
819 2268 906 2309 sint,
932 2269 993 2313 qui
1010 2281 1027 2301 a
1048 2269 1174 2302 iudici-

193 2319 259 2350 bus
275 2326 395 2362 petunt
414 2321 652 2353 defensionem
672 2326 731 2353 aut
748 2331 913 2363 poenam,
941 2330 999 2351 seu
1018 2326 1055 2352 ut
1079 2327 1174 2353 acto-

194 2380 266 2408 res,
295 2381 352 2401 seu
370 2377 407 2402 ut
424 2371 491 2410 rei,
519 2383 597 2403 cum
620 2371 788 2414 scriptum
813 2371 872 2403 sit:
899 2368 1078 2414 Relinque
1095 2382 1173 2403 mu-

191 2430 257 2451 nus
278 2425 375 2452 tuum
400 2427 477 2453 ante
495 2421 621 2461 altare,
647 2433 686 2454 ac
703 2422 809 2460 vade,
843 2432 882 2453 ac
900 2420 996 2464 prius
1016 2422 1172 2453 reconci-

188 2469 282 2502 lieris
305 2469 404 2502 fratri
427 2477 504 2510 tuo,
538 2478 569 2504 et
602 2478 717 2514 postea
742 2473 875 2505 donum
900 2470 1041 2504 offeras:
1086 2469 1171 2504 Esto

191 2520 411 2553 consentiens
425 2521 623 2553 adversario
641 2529 717 2562 tuo,
746 2529 810 2558 etc.

287 2569 388 2603 Hane
405 2572 644 2614 quaestionem
662 2573 824 2615 explicari
848 2573 1007 2613 decrevi,
1037 2585 1108 2605 non
1132 2579 1170 2606 ut

188 2621 223 2653 in
241 2621 342 2654 malis
359 2621 584 2655 confirmetur
601 2619 844 2665 prophanitas,
870 2625 929 2656 sed
947 2630 985 2657 ut
1002 2623 1069 2667 piis
1084 2635 1169 2657 con-

184 2672 309 2705 solatio
332 2672 522 2706 necessaria
546 2673 766 2712 ostendatur,
799 2681 831 2708 et
860 2687 959 2708 error
983 2675 1166 2710 eximatur.

674 117 834 152 DECL.
868 116 940 150 DE
976 115 1267 151 ARCENDIS
1293 114 1322 148 A
1346 110 1538 148 COENA
1567 114 1604 150 S.
1630 123 1712 151 ETC.

2136 113 2211 150 340

1223 200 1273 233 Ac
1296 198 1520 231 meminimus
1542 206 1622 232 ante
1645 211 1756 232 annos
1779 200 1851 233 sere
1875 199 2108 244 quadraginta
2131 200 2209 233 viro

1224 250 1416 283 clarissimo
1442 247 1584 281 Doctori
1611 249 1828 296 Hieronymo
1861 261 1977 283 veram
2002 251 2211 295 interpreta-

1225 301 1355 333 tionem
1376 305 1568 341 pergratam
1585 300 1710 341 suisse,
1737 313 1815 333 cum
1833 301 1976 346 quidam
1998 312 2039 333 ex
2055 299 2212 335 Ecclesia

1224 351 1430 384 universum
1448 361 1573 391 agmen
1592 350 1729 383 forense
1745 352 1920 385 eiicerent.

1326 406 1535 451 Optandum
1559 413 1608 440 est
1627 408 1792 448 omnino,
1819 417 1858 444 ut
1881 421 2026 443 censura
2042 408 2213 442 divinitus

1226 459 1385 492 instituta
1407 469 1524 491 severe
1543 464 1742 491 exerceatur
1767 459 1803 491 in
1819 458 1994 501 Ecclesia,
2021 460 2109 493 sicut
2128 459 2214 493 scri—

1227 517 1324 553 ptum
1350 516 1415 542 est:
1451 508 1489 541 Si
1514 521 1587 541 non
1614 509 1882 542 annunciaveris
1908 511 2037 554 impio,
2072 510 2214 553 sangui—

1228 573 1306 593 nem
1324 560 1398 592 eius
1418 560 1460 591 de
1475 571 1582 591 manu
1604 566 1661 592 tua
1686 560 1875 604 requiram.
1926 560 1994 594 Sed
2014 568 2129 594 tamen
2149 572 2213 594 an—

1228 612 1382 644 tecedere
1400 610 1504 642 debet
1520 610 1693 652 cognitio,
1720 618 1753 644 et
1769 611 1813 644 sit
1829 616 1921 643 certa
1938 611 2060 644 iudicii
2080 622 2214 650 norma,

1228 674 1291 694 nec
1322 662 1380 694 fiat
1411 660 1499 692 illud
1528 661 1622 704 quod
1646 660 1790 694 dicitur:
1826 659 1897 695 Dat
1924 662 2062 694 veniam
2091 661 2216 701 corvis,

1229 718 1329 746 vexat
1347 722 1493 744 censura
1513 710 1703 746 columbas,

1327 768 1391 804 Est
1414 776 1529 803 autem
1545 781 1627 802 vera
1643 770 1766 803 iudicii
1784 782 1906 804 norma
1923 769 2026 805 haec:
2060 770 2215 804 Arcendi

1229 828 1309 854 sunt
1327 834 1345 854 a
1363 833 1469 853 coena
1486 820 1634 853 Domini
1651 832 1791 860 omnes,
1819 822 1880 866 qui
1898 823 1934 854 in
1951 822 2086 855 delictis
2102 828 2216 855 exter-

1229 872 1283 905 nis
1299 878 1537 916 perseverant,
1566 872 1804 915 pugnantibus
1818 884 1896 905 cum
1908 884 1991 905 voce
2006 873 2127 905 divina
2138 899 2146 913 ‚
2172 874 2215 906 de

1229 923 1358 967 quibus
1383 922 1545 954 convinci
1570 929 1724 965 possunt.
1778 921 1866 955 Nam
1881 921 2036 956 Ecclesia
2062 935 2134 955 non
2159 923 2215 955 in-

1229 974 1330 1016 spicit
1354 973 1502 1005 latebras
1528 973 1695 1015 pectoris,
1722 974 1781 1005 sed
1803 973 1933 1006 iudicat
1956 979 2096 1006 externa
2114 974 2217 1014 facta,

1229 1029 1263 1057 et
1288 1035 1450 1056 normam
1486 1021 1591 1056 habet
1622 1022 1836 1066 Decalogum
1868 1030 1959 1056 recte
1987 1023 2216 1061 intellectum,

1229 1086 1332 1118 quem
1350 1080 1383 1106 et
1400 1072 1531 1106 Paulus
1547 1073 1704 1106 intuetur
1716 1100 1724 1114 ,
1754 1074 1919 1119 inquiens
1934 1074 1977 1107 ad
1994 1071 2215 1108 Corinthios:

1229 1124 1310 1157 Non
1328 1124 1371 1156 sit
1390 1124 1535 1156 societas
1561 1136 1639 1156 cum
1657 1125 1929 1165 scortatoribus,
1957 1124 2216 1157 defraudatori-

1228 1175 1311 1213 bus,
1339 1174 1516 1206 idolorum
1542 1174 1756 1215 cultoribus,
1783 1175 2080 1209 conviciatoribus
2100 1175 2217 1208 ebrio-

1228 1225 1273 1257 sis
1285 1252 1294 1266 ,
1318 1225 1528 1268 raptoribus.

1330 1282 1420 1315 Cum
1452 1282 1612 1314 nominat
1642 1282 1820 1315 idolorum
1851 1283 2021 1323 cultores,
2057 1295 2217 1326 compre-

1229 1330 1354 1364 hendit
1371 1342 1513 1371 omnes,
1540 1331 1599 1375 qui
1625 1331 1661 1362 in
1689 1338 1828 1364 externa
1854 1332 2070 1375 professione
2086 1339 2144 1367 aut
2161 1333 2219 1366 in-

1229 1382 1412 1414 vocatione
1430 1382 1579 1425 primam
1592 1380 1767 1414 Tabulam
1785 1382 1939 1422 violant,
1965 1390 2004 1416 ut
2018 1384 2119 1415 multi
2136 1391 2219 1417 sunt

1228 1431 1414 1475 Epicurei,
1444 1432 1526 1463 item
1544 1429 1753 1475 Pyrrhonii,
1781 1432 1842 1475 qui
1866 1432 1934 1464 dici
1952 1432 2136 1465 Neutrales
2155 1445 2217 1466 vo-

1230 1482 1328 1521 lunt,
1356 1481 1458 1513 multi
1478 1480 1702 1524 pertinaciter
1725 1487 1757 1513 et
1776 1481 1915 1514 rabiose
1934 1482 2112 1525 pontificia
2139 1483 2217 1517 ido-

1229 1532 1261 1563 la
1284 1531 1494 1568 defendunt,
1528 1529 1631 1564 multi
1653 1530 1802 1563 fanatica
1820 1529 2132 1576 Anabaptistarum
2155 1535 2218 1567 de-

1229 1582 1412 1615 liramenta
1438 1587 1472 1614 et
1489 1580 1628 1615 similia.
1679 1580 1842 1626 Denique
1867 1593 2006 1623 omnes,
2028 1583 2072 1615 de
2090 1584 2218 1628 quibus

1230 1629 1406 1665 lohannes
1421 1631 1553 1676 inquit:
1583 1628 1714 1664 Omnis
1731 1632 1791 1676 qui
1808 1644 1881 1665 non
1897 1639 2016 1667 manet
2030 1633 2066 1665 in
2084 1634 2217 1668 doctri-

1230 1695 1274 1715 na
1290 1680 1442 1723 Christi,
1471 1681 1584 1715 Deum
1604 1694 1676 1714 non
1695 1679 1811 1717 babet.

1330 1742 1454 1776 Minus
1488 1742 1677 1774 obscurum
1707 1747 1775 1780 est,
1818 1754 1907 1786 quae
1940 1743 2029 1776 sacta
2060 1751 2217 1787 pugnent

1230 1805 1308 1825 cum
1332 1793 1484 1826 secunda
1510 1791 1659 1825 Tabula.
1714 1791 1786 1834 Qui
1814 1793 1944 1826 iniuste
1963 1793 2107 1828 laedunt
2125 1795 2217 1828 alio-

1230 1855 1307 1876 rum
1330 1855 1495 1887 corpora,
1523 1842 1584 1887 qui
1610 1843 1801 1876 ostendunt
1819 1844 2045 1887 cupiditatem
2065 1846 2217 1878 nocendi

1230 1900 1263 1926 et
1284 1894 1364 1927 odia
1388 1894 1493 1926 minis
1515 1899 1575 1926 ant
1589 1893 1668 1925 aliis
1682 1893 1810 1936 signiS,
1835 1894 1895 1939 qui
1913 1902 1993 1928 sunt
2012 1896 2138 1939 polluti
2158 1909 2217 1929 va—

1230 1944 1280 1987 gis
1298 1945 1519 1985 libidinibus,
1546 1943 1606 1988 qui
1625 1955 1678 1976 res
1692 1944 1842 1977 aliorum
1860 1945 2004 1989 rapiunt
2017 1951 2078 1979 aut
2093 1947 2217 1979 furan-

1230 2002 1305 2034 tur,
1333 2002 1393 2029 aut
1411 2001 1571 2028 exercent
1587 1994 1737 2028 iniustos
1753 2002 1935 2040 quaestuS,
1963 2003 2003 2030 ut
2017 1997 2217 2030 foenerato-

1230 2058 1303 2087 res,
1328 2054 1357 2080 et
1375 2046 1433 2092 qui
1452 2046 1490 2079 in
1505 2045 1743 2079 contractibus
1760 2058 1903 2091 quoquo
1928 2048 2034 2081 modo
2051 2047 2139 2081 alios
2155 2049 2216 2081 de-

1229 2098 1406 2132 fraudant.

1331 2156 1417 2190 Item
1441 2157 1501 2202 qui
1525 2156 1710 2189 calumniis
1733 2162 1766 2189 et
1786 2157 1962 2191 ementitis
1978 2156 2146 2190 conviciis
2164 2158 2215 2190 fa-

1229 2220 1306 2241 mae
1322 2208 1473 2241 aliorum
1491 2220 1614 2240 nocere
1630 2209 1786 2241 student.

1328 2266 1500 2301 Ebriosos
1521 2268 1623 2300 etiam
1648 2266 1828 2309 adiungit,
1861 2266 1922 2311 qui
1944 2265 2054 2299 dediti
2079 2263 2215 2300 hellua—

1227 2318 1335 2357 tioni,
1363 2319 1531 2352 omittunt
1547 2318 1600 2351 sui
1619 2318 1724 2351 officii
1741 2317 1898 2357 labores,
1926 2328 1989 2350 nec
2007 2318 2215 2361 corporibus

1226 2369 1389 2403 tribuunt
1412 2369 1572 2403 debitum
1596 2367 1790 2408 honorem,
1817 2367 1875 2400 sed
1900 2367 2057 2400 volentes
2079 2379 2116 2401 ea
2137 2380 2215 2402 cor-

1226 2428 1415 2464 rumpunt,
1451 2427 1484 2454 et
1507 2420 1706 2464 impediunt
1737 2418 1996 2451 invocationem
2020 2424 2053 2452 et
2077 2419 2213 2453 delibe-

1225 2471 1388 2504 rationes.

1324 2521 1483 2565 Cogitate
1516 2533 1620 2567 quam
1653 2519 1762 2552 multa
1797 2526 1883 2553 tetra
1908 2519 1991 2554 vitia
2017 2519 2213 2555 nominarit

1224 2571 1372 2614 Paulus,
1403 2574 1568 2606 adversus
1590 2583 1678 2616 quae
1702 2581 1885 2604 censuram
1911 2570 2062 2605 exerceri
2086 2571 2212 2612 voluit,

1222 2625 1316 2667 quod
1340 2624 1368 2656 si
1393 2625 1507 2664 tieret,
1540 2622 1663 2667 quanti
1688 2621 1827 2655 labores
1856 2627 1971 2656 essent
1992 2621 2208 2656 iudiciorum

1220 2674 1534 2708 ecclesiasticorum
1543 2673 1559 2705 ἐ’
