2324 2955
170 114 242 150 483

174 199 269 245 quod
285 195 445 232 homines
460 197 504 230 ab
522 194 622 228 initio
639 195 765 228 mundi
783 197 896 232 vocati
912 204 1012 238 sunt,
1040 204 1073 232 et
1096 211 1151 233 re-

174 250 248 284 nati
266 260 327 293 per
343 248 486 280 verbum
498 245 576 287 Dei,
604 245 694 280 sicut
711 244 826 281 Adam
844 255 987 283 vocatus
1006 256 1067 290 est,
1093 261 1156 284 au-

174 300 248 334 dita
276 297 518 342 promissione.

273 346 308 382 5.
351 345 471 390 Quare
494 347 643 381 ridicula
667 347 841 381 cavillatio
875 355 945 389 est,
985 349 1154 383 maiorem

175 397 396 432 autoritatem
413 396 605 438 Ecclesiae,
632 410 736 443 quam
753 396 938 443 Evangelii
956 410 1047 441 esse,
1073 401 1155 446 quia

173 447 329 481 Ecclesia
347 447 452 481 fuerit
468 455 548 482 ante
567 449 795 492 scripturam,
815 451 913 494 quasi
933 462 1017 484 vero
1035 448 1154 485 Evan-

174 498 302 542 gelium
328 510 401 532 non
428 498 556 541 fuerit,
589 499 657 532 nisi
681 506 865 545 postquam
884 501 993 534 literis
1009 503 1157 536 manda-

171 556 246 582 tum
267 555 329 582 est.

273 598 310 633 6.
351 596 506 633 Ecclesia
531 600 672 645 proprie
694 608 745 636 est
770 602 992 645 congregatio
1016 610 1156 636 sancto·

173 661 252 682 rum
288 656 322 683 et
354 648 460 685 habet
500 659 658 686 externas
697 659 819 693 notas,
861 653 1154 697 praedicationem

172 697 369 743 Evangelii,
397 708 431 735 et
448 702 791 736 administrationem
811 702 1131 739 Sacramentorum.

184 786 187 787 γ
275 750 311 786 7.
345 750 390 786 Et
405 757 522 785 tamen
542 753 594 786 illi
619 753 879 797 congregationi
906 761 988 788 sunt
1010 754 1157 788 admixti

173 799 378 848 hypocritae
400 808 434 835 et
447 803 544 838 mali.

275 851 312 885 8.
351 850 397 886 Et
420 852 499 886 licet
522 854 625 887 nobis
653 853 705 887 uti
722 852 974 896 Sacramentis,
998 855 1027 890 si
1040 855 1166 900 porri-.

174 908 300 946 gantur
324 913 342 936 a
368 903 490 942 malis,
526 904 685 949 quisunt
702 905 738 937 in
755 905 952 939 ministerio
968 904 1156 946 Ecclesiae,
1180 934 1183 947 ,
1242 951 1248 964 ἱ

1180 949 1193 966 “’
1208 952 1273 989 διν
1289 952 1380 998 ὑμῖν
1395 954 1543 999 μελέτω.

173 953 243 986 nisi
259 953 328 988 sint
345 960 462 996 aperte
477 952 686 999 blasphemi,
713 955 803 989 sicut
823 955 931 989 Turci
949 963 1009 990 aut
1027 956 1156 992 ludaei.

276 1003 312 1037 9.
352 1002 400 1037 Et
421 1010 536 1038 tamen
570 1005 837 1049 promissiones,
879 1008 973 1051 quod
999 1005 1155 1040 Ecclesia

174 1055 220 1088 sit
247 1054 410 1087 columna
439 1055 614 1094 veritatis,
655 1062 691 1090 et
721 1056 872 1095 similes,
906 1057 1086 1098 pertinent
1110 1057 1154 1089 ad

175 1104 318 1150 proprie
341 1105 468 1139 dictam
486 1103 699 1144 Ecclesiam,
726 1105 763 1136 id
788 1111 857 1142 est,
883 1106 924 1137 ad
947 1105 1105 1140 sanctos.

279 1155 337 1190 10.
364 1154 500 1189 Interea
512 1154 541 1200 ¹)
559 1155 596 1186 in
612 1153 768 1187 Ecclesia
785 1154 888 1188 multi
907 1155 977 1187 labi
996 1151 1156 1199 possunt,

173 1213 209 1239 et
225 1205 375 1238 abiicere
390 1205 504 1238 fidem.
555 1202 602 1237 Et
619 1204 763 1244 accidit,
790 1211 831 1238 ut
845 1205 993 1238 existant
1009 1206 1155 1239 admixti

172 1254 349 1289 Ecclesiae
366 1255 485 1298 impii,
510 1255 571 1299 qui
588 1255 784 1299 perniciose
800 1261 928 1290 errent.
984 1255 1069 1289 Nam
1088 1253 1156 1289 hoc

171 1317 313 1351 quoque
335 1305 508 1349 praedixit
530 1306 723 1350 scriptura,
750 1306 881 1339 multos
906 1305 982 1339 fore
1001 1305 1158 1340 Pseudo-

172 1354 321 1390 christos
347 1362 380 1389 et
399 1354 740 1400 Pseudoprophetas.
792 1354 841 1390 Et
864 1356 993 1389 diserte
1016 1356 1157 1397 praed‘r-

172 1413 266 1440 ctum
290 1412 340 1439 est
367 1417 386 1440 a
404 1405 534 1445 Paulo,
561 1407 721 1441 futurum
744 1418 836 1447 esse,
861 1413 900 1439 ut
915 1405 1157 1440 Antichristus

171 1458 308 1497 sedeat,
335 1455 401 1490 hoc
420 1464 489 1496 est,
517 1457 722 1490 dominetur
739 1457 775 1489 in
791 1455 961 1490 Ecclesia.

278 1516 335 1549 11.
370 1514 449 1548 Non
464 1513 735 1558 igiturEcclesia
752 1515 896 1559 proprie
912 1515 1002 1548 dicta
1020 1515 1157 1559 probat,

174 1566 347 1612 quidquid
370 1566 521 1610 probant
544 1565 628 1598 mali
645 1564 835 1606 Doctores,
862 1565 1007 1598 admixti
1032 1564 1156 1598 Eccle—

173 1628 256 1653 siae.

276 1667 334 1703 12.
361 1665 399 1701 Si
411 1665 565 1701 Ecclesia
582 1665 772 1712 impiorum
791 1664 933 1700 haberet
951 1665 1156 1709 promissio-

176 1730 268 1758 nem,
296 1719 390 1763 quod
407 1730 478 1751 non
498 1725 613 1762 posset
628 1729 755 1759 errare,
782 1724 986 1762 sequeretur
999 1727 1155 1759 pugnare

175 1770 383 1814 scripturaS,
418 1780 507 1814 quae
532 1769 673 1807 dicunt,
708 1769 802 1813 quod
828 1766 985 1801 Ecclesia
1018 1767 1062 1800 sit
1094 1779 1154 1799 co-

174 1820 294 1853 lumna
313 1819 480 1861 veritatis,
496 1826 529 1853 et
546 1820 640 1865 quod
657 1818 727 1853 sint
741 1818 849 1852 futuri
860 1814 1152 1861 Pseudoprophe-

174 1876 227 1903 tae
245 1870 280 1903 in
299 1868 467 1903 Ecclesia.

277 1920 335 1954 13.
381 1918 534 1954 Ecclesia
558 1919 701 1965 proprie
724 1919 815 1953 dicta
832 1918 993 1953 iudicans
1007 1919 1051 1952 de
1066 1918 1154 1951 scri-

170 1971 301 2016 pturis,
328 1971 459 2005 iudicat
475 1982 515 2003 ex
529 1971 607 2004 aliis
624 1970 826 2013 scripturis,
852 1982 925 2004 non
950 1982 991 2003 ex
1009 1969 1151 2014 propria

172 2021 357 2066 opinione,
381 2021 456 2055 sine
471 2021 673 2055 testimonio
690 2020 768 2057 Dei.

275 2079 332 2115 14.
376 2079 486 2122 Igitur
507 2081 600 2126 quod
628 2078 785 2114 Ecclesia
807 2079 1009 2125 repudiavit
1043 2092 1151 2125 quae·

170 2132 249 2165 dam
272 2129 485 2175 Evangelia,
523 2131 722 2175 repudiavit
751 2131 805 2164 vel
840 2138 1007 2176 tanquam
1040 2132 1150 2173 testis,

171 2182 251 2227 quia
275 2182 403 2217 sciebat
426 2193 497 2215 esse
519 2179 726 2225 ἀδέσποτα,
760 2188 821 2215 aut
845 2181 1044 2226 repudiavit
1069 2189 1149 2216 tan-

172 2244 275 2277 quam
293 2232 415 2273 iudex,
442 2239 556 2266 secuta
573 2232 764 2276 scripturas
781 2239 902 2266 certas.

272 2288 330 2326 15.
372 2289 487 2324 Furor
511 2297 578 2331 est,
598 2291 701 2324 etiam
720 2291 758 2323 in
773 2289 979 2325 Canonibus
996 2291 1146 2325 damna-

168 2347 243 2382 tus,
270 2342 443 2384 praeferre
461 2339 651 2374 humanam
668 2342 891 2376 autoritatem
915 2342 1067 2375 divinae.

271 2399 326 2432 16.
372 2398 488 2433 Furor
514 2407 563 2434 est
586 2400 709 2441 etiam,
734 2401 950 2442 existimare,
983 2401 1077 2446 quod
1102 2402 1145 2434 de

166 2451 347 2484 voluntate
362 2447 440 2490 Dei,
465 2451 540 2484 sine
558 2452 663 2484 verbo
682 2451 759 2493 Dei,
786 2452 843 2485 sed
862 2459 998 2486 tantum
1018 2463 1058 2484 ex
1078 2449 1142 2484 ho—

163 2501 301 2534 minum
331 2512 503 2534 consensu
535 2507 595 2536 aut
627 2502 816 2546 opinione,
857 2503 962 2537 corda
993 2502 1143 2537 debeant

161 2558 311 2586 statuere
325 2558 358 2584 et
373 2551 526 2585 credere.

191 2682 220 2711 1)
242 2680 309 2707 cod.
329 2680 414 2707 Goth.
432 2680 559 2707 Interim.

926 109 1412 149 DlSPUTATIONES

2114 119 2189 156 484

1314 195 1368 232 17.
1414 193 1470 229 Ad
1486 194 1662 231 Ecclesiae
1678 198 1849 233 unitatem
1872 201 1954 236 satis
1969 209 2020 237 est
2040 215 2190 237 consen-

1208 248 1274 282 tire
1300 248 1342 279 de
1360 245 1553 290 Evangelio
1570 255 1603 282 et
1619 250 1926 284 administratione
1943 251 2190 288 Sam-amento-

1207 310 1307 338 rum,
1335 308 1407 330 non
1434 304 1484 331 est
1509 299 1702 333 necessaria
1734 300 1932 335 similitudo
1957 303 2189 338 traditionum

1208 346 1458 382 humanarum.

1316 398 1371 434 18.
1414 397 1490 432 Hae
1512 398 1606 433 enim
1630 396 1723 433 nihil
1742 401 1919 444 pertinent
1934 403 1977 436 ad
1995 402 2101 437 vitam
2118 402 2193 447 spi-

1207 449 1388 489 ritualem,
1414 456 1448 483 et
1472 450 1547 484 sine
1571 450 1620 484 eis
1644 450 1790 485 existere
1808 452 1892 486 fides
1909 460 1944 488 et
1961 453 2033 488 vita
2049 460 2192 488 aeterna

1210 500 1247 533 in
1276 500 1381 534 corde
1403 507 1526 544 potest.

1317 550 1372 586 19.
1413 550 1452 584 Si
1477 551 1723 586 iudicaverunt
1749 557 1782 585 et
1800 550 1963 595 Apostoli
1979 553 2023 587 de
2039 552 2193 595 Pascate,

1209 601 1458 641 concedentes,
1482 608 1521 635 ut
1537 614 1615 635 cum
1631 601 1685 637 his
1704 603 1967 643 observaretur,
1995 603 2055 649 qui
2073 615 2111 636 ex
2129 603 2189 637 lu-

1209 652 1343 685 daismo
1363 652 1521 685 conversi
1541 660 1649 687 erant.
1701 652 1750 687 Et
1765 654 1918 694 addunt,
1943 651 2037 687 nihil
2052 654 2193 695 referre,

1209 702 1343 736 etiamsi
1366 702 1417 735 illi
1435 715 1507 735 non
1525 703 1753 737 observarent
1770 704 1862 737 iusto
1879 711 2048 748 tempore.
2076 703 2194 738 Verba

1208 759 1327 787 extant
1342 754 1431 795 apud
1449 751 1704 798 Epiphanium,
1718 754 1778 799 qui
1797 754 1881 788 citat
1898 755 2076 799 quoddam
2095 753 2194 798 Apo-

1209 804 1380 836 stolorum
1411 804 1606 837 decretum:
1646 802 1752 848 ὑμεῖς
1780 803 1832 850 μὴ
1861 803 2067 852 ψηφίζητε,
2100 803 2192 839 ἀλλὰ

1206 855 1341 887 ποιεῖτε
1371 852 1462 888 ὅταν
1492 853 1527 888 οἱ
1557 853 1711 901 ἀδελφοὶ
1741 852 1852 898 ὑμῶν
1876 855 1910 889 οἱ
1933 855 1972 890 ἐκ
1997 857 2194 902 περιτομῆς

1207 902 1281 948 μετ’
1305 902 1431 938 αὐτῶν
1454 903 1532 949 ἅμα
1550 906 1703 947 ποιεῖτε,
1730 903 1839 952 nq'z'v')
1855 906 2096 951 πλανηθῶσι,
2120 917 2191 951 μη-

1311 1005 1371 1039 20.
1397 1004 1534 1044 Canon,
1560 1005 1620 1050 qui
1641 1005 1743 1040 dicit:
1770 1004 1914 1039 Frustra
1931 1003 2194 1039 servariEvan-

1208 1054 1358 1095 gelium,
1383 1055 1451 1087 nisi
1467 1063 1651 1089 serventur
1666 1055 1827 1090 Canones
1843 1055 2099 1095 Conciliorum,
2116 1067 2192 1090 non

1208 1104 1285 1136 vult
1300 1105 1582 1137 observationem
1600 1104 1803 1148 Evangelii,
1829 1118 1947 1139 veram
1968 1107 2070 1139 fidem
2087 1112 2122 1140 et
2135 1118 2194 1139 ca-

1209 1152 1347 1186 ritatem
1366 1154 1527 1187 inutilem
1545 1166 1618 1188 esse
1640 1155 1715 1188 sine
1736 1156 1989 1189 traditionibus
2013 1154 2191 1191 humanis.

1208 1202 1276 1236 Sed
1301 1203 1386 1236 olim
1411 1205 1585 1238 vocabant
1606 1203 1789 1244 Canones,
1822 1218 1896 1238 non
1918 1205 2127 1240 traditiones
2148 1207 2193 1239 de

1208 1253 1295 1286 cibis
1322 1260 1356 1287 et
1379 1254 1554 1287 similibus
1577 1255 1700 1298 nugis,
1727 1256 1785 1288 sed
1804 1256 1941 1289 decreta
1958 1256 2001 1288 de
2017 1256 2194 1301 dogmati-

1209 1304 1275 1335 bus
1293 1310 1415 1336 contra
1432 1302 1625 1338 haereticos
1643 1305 1741 1345 facta,
1770 1306 1889 1350 quales
1905 1306 2050 1339 suerunt
2066 1305 2193 1339 Niceni

1209 1351 1530 1388 conciliiCanones.
1581 1354 1635 1388 De
1651 1352 1706 1388 his
1721 1362 1814 1390 recte
1830 1355 2066 1389 dicitCanon:
2094 1356 2192 1390 Fru-

1209 1411 1279 1437 stra
1297 1405 1427 1438 servari
1445 1404 1695 1449 Evangelium,
1722 1406 1793 1439 nisi
1815 1413 2000 1440 serventur
2013 1404 2190 1447 Canones,

1210 1454 1292 1498 quia
1310 1454 1361 1486 illi
1383 1454 1545 1489 Canones
1561 1463 1643 1489 sunt
1662 1456 1776 1498 ipsum
1793 1453 2041 1499 Evangelium.
2093 1454 2191 1489 Con-

1209 1503 1287 1537 cilia
1305 1504 1398 1537 enim
1414 1517 1489 1538 non
1506 1506 1666 1539 condunt
1682 1516 1792 1539 novos
1809 1506 1976 1540 articulos
2000 1504 2101 1544 fidei,
2129 1507 2189 1539 sed

1208 1554 1301 1597 ipsos
1323 1555 1489 1588 articulos
1514 1556 1644 1599 positos
1668 1555 1703 1588 in
1722 1556 1922 1600 scripturis,
1947 1556 1992 1590 ab
2006 1553 2191 1590 haereticis

1208 1604 1430 1639 labefactatos
1442 1633 1452 1645 ,
1477 1606 1668 1639 restituunt
1682 1603 1872 1640 Ecclesiae.

1307 1657 1368 1690 21.
1410 1655 1500 1689 Vera
1518 1654 1674 1690 Ecclesia
1697 1657 1802 1690 etiam
1826 1655 1932 1690 habet
1954 1668 2052 1691 suam
2074 1658 2188 1692 imbe-

1207 1704 1400 1746 cillitatem,
1427 1713 1461 1740 et
1476 1719 1557 1740 suos
1576 1708 1704 1751 lapsus.
1740 1706 1809 1741 Sed
1828 1714 1944 1741 tamen
1964 1708 2091 1742 retinet
2105 1710 2189 1742 fun-

1207 1757 1430 1797 damentum,
1471 1758 1515 1790 de
1538 1770 1608 1801 quo
1634 1758 1683 1791 ait
1709 1755 1859 1790 Paulus:
1901 1756 2191 1793 Fundamentum

1206 1806 1301 1840 aliud
1324 1807 1407 1850 poni
1432 1819 1505 1840 non
1530 1813 1661 1851 potest,
1694 1814 1834 1851 praeter
1856 1806 1891 1839 id
1916 1810 2009 1852 quod
2032 1809 2187 1853 positum

1205 1864 1272 1897 est,
1307 1857 1441 1891 etiamsi
1466 1858 1527 1890 alii
1554 1858 1651 1892 aliud
1680 1858 1984 1901 superaedificent;
2019 1872 2102 1893 nam
2125 1860 2189 1894 alii

1204 1918 1330 1943 aurum
1348 1915 1382 1941 et
1395 1916 1577 1951 argentum
1595 1908 1902 1952 superaedificant,
1925 1906 1991 1942 hoc
2007 1917 2077 1951 est,
2104 1923 2186 1945 vere

1203 1957 1343 1991 laudata
1358 1971 1463 2003 opera
1478 1959 1514 1992 in
1531 1959 1730 2003 scripturis;
1758 1959 1819 1992 alii
1842 1959 2009 2003 stipulas,
2034 1957 2102 1994 hoc
2125 1967 2187 2002 est,

1201 2008 1388 2052 opiniones
1406 2009 1548 2044 inutiles
1563 2011 1606 2043 de
1625 2010 1732 2051 cibis,
1757 2016 1790 2044 et
1807 2009 1985 2045 similibus
2004 2011 2127 2052 rebus,
2152 2018 2187 2046 et

1201 2071 1307 2104 opera
1324 2059 1474 2097 inutilia.

1200 2176 1402 2226 (XXVII.)
1427 2180 1533 2215 Alia
1559 2179 1852 2226 disputatio:
1878 2178 2027 2215 devera
2043 2178 2183 2229 etficta

1199 2231 1394 2274 Ecclesia,
1423 2236 1460 2265 et
1478 2231 1525 2265 de
1543 2230 1674 2267 eodem
1697 2231 1795 2266 dicto
1812 2232 2035 2277 Auyustini:
2061 2234 2184 2267 Evan-

1194 2282 1291 2326 9elio
1314 2293 1386 2316 non
1401 2282 1590 2318 crederem
1605 2287 1670 2318 etc.
1699 2282 1905 2328 (Opp.Basil.
1924 2283 2031 2318 T.111.
2045 2283 2182 2327 p.317.)

1195 2359 1379 2400 Ecclesiae
1416 2367 1584 2401 autoritas
1625 2366 1774 2401 maxima
1804 2371 1872 2406 est;
1917 2365 2047 2400 dicitur
2085 2368 2180 2402 enim

1196 2417 1349 2460 populus
1365 2416 1449 2459 Dei,
1475 2425 1508 2452 et
1535 2419 1660 2461 allegat
1686 2415 1953 2461 promissiones,
1989 2418 2082 2463 quod
2106 2431 2179 2452 non

1196 2467 1239 2501 sit
1259 2479 1333 2501 eam
1358 2469 1561 2503 deserturus
1576 2466 1750 2502 Christus.

1296 2519 1332 2554 2.
1380 2517 1463 2553 Ideo
1488 2531 1627 2553 necesse
1649 2524 1718 2556 est,
1746 2514 1910 2552 homines
1925 2529 2029 2553 sanos
2043 2519 2179 2553 moveri

1193 2569 1379 2603 autoritate
1394 2567 1581 2605 Ecclesiae.

1227 2681 1254 2714 2)
1277 2682 1346 2709 cod.
1365 2681 1399 2708 G.
1418 2681 1492 2708 addit
1509 2679 1548 2708 δὲ.
