2324 2955
162 134 205 168 19

159 227 276 249 amore
299 215 358 246 filii
376 211 442 245 Dei
457 221 535 253 erga
552 205 740 241 Ecclesiam
759 201 912 240 laeteris,
937 206 970 233 et
987 196 1139 231 vicissim

162 268 275 310 ipsum
294 272 324 297 et
344 262 532 297 Ecclesiam
556 263 681 290 amato.
735 252 824 285 Volo
841 251 944 284 etiam
960 257 992 282 te
1009 258 1141 280 memo-

162 329 234 349 rem
270 325 340 348 esse
375 322 470 344 meae
502 319 581 350 erga
614 313 648 340 te
675 311 838 349 paternae
863 297 1140 334 benevolentiae.

162 366 258 400 Dixi.

167 556 231 588 Nn.
255 552 337 587 134.

173 600 343 615 Μ

345 650 418 691 De
442 646 671 701 dignitate
700 644 856 695 legum
881 644 962 680 etc.

238 730 355 757 Prodiit:
374 728 494 762 „Oratio
509 726 540 751 de
557 724 684 758 dignitate
706 721 842 747 doctrinae
858 720 947 753 legum
963 722 988 743 et
1010 716 1148 741 Iuriscon-

269 765 412 794 sultorum,
431 762 506 787 tecit.
523 759 633 785 aloach.
647 754 880 783 aBeustWViieb.
897 752 971 778 1553.
992 752 1016 778 8.
1034 751 1150 783 2912'-

273 799 374 822 Recusa
389 797 415 821 in
430 797 474 821 sel.
486 794 605 820 nectam.
623 790 710 817 T.1V.
724 798 749 822 p.
765 789 799 814 ΞΘ
809 798 877 823 sqq.,
896 787 924 812 in
933 783 1149 813 Servest.'l‘.1V.

271 842 297 866 p.
312 832 364 861 24„
383 831 452 864 apud
468 827 595 855 Richard.
611 825 646 851 ll.
664 835 689 860 p.
704 823 763 850 429.

171 914 294 947 Oratio
319 909 365 943 de
388 908 577 954 de‘ynilate
610 904 802 938 doctrinae
831 902 950 948 legum
975 903 1010 934 et
1034 900 1152 933 Iuris-

533 956 794 990 consultorum.

173 1037 396 1079 Gravissimo
426 1040 572 1075 consilio
607 1038 806 1071 institutum
837 1041 902 1075 est,
948 1040 987 1066 ut
1014 1031 1153 1076 publice

171 1102 205 1128 et
235 1096 271 1127 in
303 1094 451 1139 quadam
479 1090 695 1124 eruditorum
724 1085 919 1131 frequentia
953 1083 1154 1115 tribuantur

172 1146 353 1178 doctrinae
370 1141 581 1177 testimonia.
632 1139 702 1172 Nec
719 1149 800 1170 vero
818 1135 914 1168 aliud
930 1133 1039 1176 magis
1057 1133 1154 1165 decet

174 1196 211 1228 in
237 1195 363 1229 talibus
387 1192 650 1235 congressibus,
691 1200 795 1233 quam
827 1192 859 1219 et
889 1185 1063 1218 celebrare
1088 1181 1153 1215 Dei

175 1248 288 1285 dona,
312 1251 344 1277 et
367 1250 482 1287 petere
498 1253 618 1274 eorum
638 1237 957 1276 conservationem,
984 1240 1016 1266 et
1041 1233 1154 1265 dicere

173 1295 310 1340 aliquid
325 1295 367 1327 de
383 1293 542 1326 doctrina
560 1290 730 1323 divinitus
746 1293 935 1320 monstrata
953 1284 1070 1327 generi
1088 1281 1155 1315 liu-

173 1357 300 1384 mano,
326 1345 367 1376 ad
387 1343 598 1375 erudiendos
620 1340 792 1378 iuniores,
813 1343 872 1369 aut
895 1335 1094 1367 excitandos
1112 1333 1154 1364 ad

173 1406 327 1428 amorem
353 1392 532 1425 doctrinae
556 1397 589 1423 et
612 1390 790 1422 virtutum.
855 1385 930 1417 Hos
954 1382 1157 1416 honestissi-

175 1457 251 1478 mos
276 1445 362 1477 ritus
383 1440 578 1484 aspernari,
605 1445 690 1472 tetra
709 1434 889 1470 barbaries
906 1438 972 1469 est,
1001 1437 1033 1463 et
1053 1429 1157 1462 disci-

175 1496 295 1540 plinae
310 1505 347 1527 ac
366 1491 523 1525 moribus
538 1488 744 1534 perniciosa.
772 1484 891 1526 Quare
908 1493 969 1514 vos
982 1480 1158 1514 auditores

176 1546 330 1590 primum
358 1542 524 1585 cogitate,
552 1551 658 1584 quare
685 1533 935 1570 conveneritis,
964 1540 996 1566 et
1020 1538 1158 1576 pectora

178 1595 380 1632 exuscitate‚
414 1598 453 1624 ut
477 1590 562 1634 grati
585 1599 721 1621 mecum
744 1584 923 1620 celebretis
939 1581 1073 1621 Deum,
1110 1582 1158 1614 le-

178 1657 260 1689 gum
285 1651 317 1677 et
339 1642 577 1675 doctrinarum
600 1640 753 1676 fontem,
783 1642 814 1668 et
837 1634 976 1678 petatis,
1009 1646 1052 1666 ne
1076 1631 1160 1666 haec

180 1707 241 1728 sua
259 1696 350 1727 dona
368 1694 405 1726 in
423 1690 477 1724 his
492 1690 695 1734 regionibus
711 1685 820 1720 deleri
838 1686 941 1719 sinat,

281 1751 378 1785 Duae
409 1756 490 1783 sunt
521 1755 634 1781 autem
659 1757 814 1779 summae
838 1744 982 1776 virtutes
1004 1752 1162 1784 compre-

181 1803 309 1838 hensae
334 1803 370 1833 in
394 1813 450 1840 ea,
476 1811 563 1844 quae
582 1798 786 1831 nominatur
804 1794 1012 1833 Gratitudo,
1039 1791 1165 1825 videli-

183 1861 235 1888 cet
269 1852 404 1885 Veritas
429 1857 461 1883 et
486 1849 636 1883 iusticia.
702 1846 840 1879 Veritas
862 1843 1036 1887 agnoscit,
1071 1842 1165 1875 unde

182 1904 376 1949 profectum
409 1903 452 1933 sit
485 1899 710 1938 beneficium,
751 1903 783 1930 et
814 1903 971 1929 autorem
1004 1893 1165 1926 celebrat.

184 1954 324 1987 Iusticia
342 1951 473 1992 obligat
488 1951 530 1982 ad
548 1956 669 1982 mutua
688 1946 812 1982 officia.
864 1945 964 1979 Grati
981 1944 1087 1986 igitur
1106 1943 1167 1976 ad—

185 2005 381 2043 firmamus,
416 2001 505 2043 leges
532 2012 610 2033 vere
636 2012 707 2032 esse
730 1997 935 2040 sapientiam
953 1994 1036 2032 Dei,
1071 1993 1168 2027 cuius

187 2054 278 2088 radii
303 2054 338 2086 in
363 2052 547 2086 bominum
572 2057 704 2083 mentes
726 2047 891 2081 transfusi
917 2052 1015 2085 sunt,
1049 2053 1081 2080 et
1105 2056 1168 2088 pro

188 2103 256 2137 hoc
272 2105 403 2148 optimo
421 2113 565 2135 munere
582 2102 753 2134 fateamur
767 2110 830 2130 nos
847 2097 921 2131 Deo
943 2097 1068 2130 debere
1093 2107 1171 2138 gra-

191 2161 261 2187 tam
278 2154 384 2197 ipsius
401 2152 671 2187 celebrationem
690 2157 723 2184 et
744 2148 974 2182 reverentiam
987 2170 995 2183 ‚
1029 2154 1061 2180 et
1085 2147 1171 2180 obe-

191 2204 380 2243 dientiam,
413 2205 505 2237 iuxta
531 2199 592 2235 has
613 2203 702 2245 ipsas
728 2200 838 2242 leges,
872 2209 956 2243 quas
977 2197 1079 2230 nobis
1102 2203 1172 2230 tra-

192 2255 294 2289 didit.
346 2253 481 2287 Deinde
505 2265 582 2285 eum
608 2251 811 2285 ardentibus
835 2250 924 2282 votis
945 2259 1103 2287 oramus,
1135 2255 1174 2281 ut

193 2312 226 2338 et
251 2303 439 2338 Ecclesiam
465 2309 497 2336 et
517 2302 590 2335 eius
613 2300 764 2346 hospitia
786 2306 916 2340 servet,
950 2306 984 2332 et
1004 2299 1175 2331 ‘accendat

193 2363 336 2400 pectora
360 2361 495 2393 nostra,
533 2359 570 2385 ut
595 2364 728 2396 semper
750 2363 827 2384 eum
852 2362 932 2383 vera
953 2348 1174 2382 invocatione

196 2407 368 2445 colamus,
391 2411 425 2438 et
441 2404 572 2437 tribuat
588 2401 724 2435 Politiis
739 2413 874 2444 pacem,
901 2407 933 2433 et
957 2400 992 2432 in
1019 2411 1056 2431 ea
1079 2406 1176 2432 tuea-

196 2464 254 2490 tur
286 2457 395 2498 leges,
436 2454 584 2493 iudicia,
621 2452 840 2495 disciplinam
874 2458 907 2484 et
935 2449 1175 2483 doctrinarum

197 2507 322 2542 studia.
374 2505 468 2538 Ilaec
486 2502 637 2548 precatio
658 2499 724 2535 hoc
747 2508 901 2544 tempore
923 2501 966 2534 sit
987 2499 1178 2539 ardentior,

199 2558 281 2603 quia
297 2568 419 2599 magna
443 2567 521 2599 pars
539 2553 749 2586 Germaniae
771 2552 863 2585 bello
889 2552 1006 2592 ardet,
1034 2556 1068 2583 et
1089 2549 1178 2583 fiunt

198 2607 429 2646 vastationes,
469 2615 553 2649 quas
582 2609 778 2648 sequuntur
805 2602 984 2635 literarum
1008 2607 1041 2634 et
1061 2600 1178 2643 legum

200 2659 381 2699 interitus,
405 2656 531 2690 laxatio
550 2653 772 2697 disciplinae,
799 2649 1026 2697 prophanitas
1041 2650 1179 2696 opinio-

661 118 822 156 DECL.
864 114 936 150 DE
976 107 1310 148 DIGNITATE
1344 106 1552 143 LEGUM
1587 118 1669 144 ETC.

2123 107 2174 141 20

1192 204 1276 225 num
1293 198 1325 225 et
1343 203 1497 230 morum,
1523 198 1743 235 contemptus
1755 191 1952 235 Religionis
1970 200 2002 226 et
2018 190 2175 225 Iudicio-

1192 254 1288 282 rum,
1328 242 1398 274 vita
1424 241 1547 273 similis
1571 242 1752 283 beluinae,
1794 240 1877 275 haec
1906 249 2000 275 tanta
2024 242 2113 275 mala
2139 245 2178 272 ut

1193 293 1380 325 clementer
1395 289 1645 331 avertatDeuS,
1671 293 1819 326 assiduis
1836 293 2022 335 gemitibus
2037 298 2071 325 et
2087 290 2177 324 votis

1195 342 1349 375 orandus
1366 348 1426 374 est.

1298 390 1400 424 Nunc
1430 401 1538 434 pauca
1567 389 1680 423 dicam
1714 392 1756 424 de
1788 392 1902 435 legum
1932 393 2100 435 dignitate
2134 395 2178 426 ad

1198 440 1558 475 commonefaciendus
1593 440 1763 478 iuniores,
1804 449 1843 475 ut
1873 444 2039 475 adversus
2072 444 2179 476 malas

1198 491 1382 535 opiniones
1398 490 1702 534 praemuniantur.
1735 490 1883 534 llippias
1896 494 1986 536 apud
1998 492 2181 526 Platonem

1200 541 1360 574 nominat
1392 541 1501 583 legem
1530 546 1738 585 tyrannum,
1782 542 1861 585 quia
1886 550 2008 575 natura
2030 544 2182 576 obnoxia

1200 590 1417 633 vagabundis
1436 590 1706 637 cupiditatibus,
1733 602 1832 633 aegre
1850 592 1980 635 patitur
1994 593 2122 632 fre1105‚
2150 599 2184 627 et

1204 642 1294 683 leges
1317 648 1483 685 tanquam
1508 640 1649 673 vincula
1666 648 1698 674 et
1714 653 1884 674 carcerem
1907 643 2002 683 odit,
2028 649 2061 676 et
2081 643 2183 676 multi

1203 692 1360 725 furenter
1382 689 1444 723 hos
1468 690 1584 723 frenos
1607 691 1796 724 excutiunt.
1856 691 1953 724 Talis
1975 705 2052 724 cum
2078 693 2121 726 sit
2147 693 2185 725 in

1205 748 1327 774 natura
1346 739 1531 773 bominum
1554 741 1790 781 contumacia,
1817 748 1855 774 ut
1878 743 2100 776 manifestum
2124 750 2186 783 est,

1205 804 1309 836 quam
1332 792 1476 836 quidem
1504 798 1536 825 et
1560 791 1653 823 rnala
1680 791 1853 834 exempla,
1879 799 1913 825 et
1935 793 2037 826 multi
2065 790 2185 838 ιιωρό-

1204 854 1328 882 κακοι,
1354 841 1548 874 tribunitiis
1564 841 1784 874 sermonibus
1799 842 2019 883 confirmant,
2046 828 2187 876 difficile

1206 899 1254 926 est
1278 899 1409 925 mentes
1428 891 1471 923 ad
1497 890 1726 923 reverentiam
1743 891 1856 934 legum
1879 891 2025 926 flectere.
2080 893 2187 927 Multi

1206 943 1308 975 etiam
1328 939 1417 975 lianc
1434 948 1589 974 nostram
1616 941 1811 974 doctrinam
1838 942 2000 976 traditam
2029 943 2065 975 in
2088 943 2189 977 libris

1208 992 1560 1031 Iurisconsultorum,
1587 997 1722 1024 tantum
1744 991 1896 1033 cogitant
1916 1003 2005 1033 esse,
2037 999 2095 1026 aut
2118 1005 2188 1026 non

1207 1043 1435 1075 necessariam
1464 1041 1711 1079 subtilitatem,
1756 1048 1815 1075 aut
1845 1042 1949 1076 etiam
1978 1041 2189 1086 sophismata

1208 1093 1393 1136 excogitata
1412 1093 1455 1125 ad
1472 1092 1601 1136 illaque
1620 1091 1816 1124 laudandos
1832 1098 1891 1124 aut
1909 1093 2100 1126 eludendos
2119 1094 2191 1126 liti-

1207 1152 1352 1187 gatores.
1392 1141 1437 1177 Et
1448 1149 1527 1175 sunt
1538 1142 1640 1175 multi
1655 1141 1810 1175 fascinati
1827 1142 1985 1175 fanaticis
2002 1144 2192 1186 erroribus,

1209 1195 1269 1240 qui
1288 1193 1475 1226 discrimen
1493 1192 1656 1234 ignorant
1671 1192 1755 1234 legis
1769 1199 1801 1225 et
1811 1190 2005 1234 Evangelii,
2032 1201 2063 1226 et
2081 1200 2192 1228 aeter-

1210 1258 1272 1278 nae
1292 1243 1447 1276 iusticiae
1464 1249 1497 1275 et
1514 1242 1676 1285 politicae
1692 1242 1968 1284 gubernationis,
1995 1245 2055 1287 qui
2072 1245 2194 1279 dicunt

1210 1307 1299 1328 nova
1317 1294 1391 1326 iura
1409 1305 1448 1324 ex
1466 1291 1659 1333 Evangelio
1677 1293 1834 1324 cudenda
1852 1303 1935 1326 esse.
1989 1294 2056 1326 Sed
2085 1307 2148 1326 nos
2175 1308 2193 1327 a

1211 1345 1283 1378 Deo
1301 1345 1337 1375 in
1354 1341 1445 1375 hanc
1461 1341 1647 1374 stationem
1664 1340 1823 1374 collocati
1847 1351 1986 1380 sumus,
2014 1350 2053 1375 ut
2076 1349 2195 1376 osten-

1211 1396 1333 1424 damus
1356 1398 1472 1420 veram
1497 1391 1540 1418 (le
1566 1388 1736 1428 dignitate
1759 1387 1874 1428 legum
1903 1392 2129 1431 sententiam,
2163 1401 2195 1427 et

1212 1439 1335 1473 deliria
1353 1436 1527 1471 contraria
1544 1436 1753 1476 refutemus,
1780 1437 1873 1480 quod
1892 1438 2033 1480 quidem
2051 1438 2117 1472 Dei
2135 1443 2197 1475 be..

1212 1489 1333 1523 neficio
1352 1488 1389 1520 in
1403 1485 1467 1520 hac
1483 1486 1556 1529 ipsa
1571 1484 1778 1524 Academia,
1805 1486 1953 1520 fideliter
1970 1489 2097 1523 sactum
2115 1502 2186 1525 esse

1216 1540 1439 1574 manifestum
1458 1542 1518 1569 est.
2187 1519 2197 1533 ²

1314 1588 1403 1622 Cum
1422 1593 1537 1620 autem
1555 1586 1663 1619 multa
1681 1585 1751 1619 sint
1774 1586 1817 1618 de
1832 1586 1906 1620 Deo
1929 1588 2077 1623 illustria
2101 1593 2198 1626 testi·

1216 1640 1331 1674 monia
1348 1640 1385 1671 in
1402 1636 1465 1670 hac
1481 1636 1612 1669 visibili
1629 1642 1764 1675 natura,
1786 1643 1860 1670 tum
1876 1650 1956 1671 vero
1972 1641 2196 1684 praecipuum

1217 1698 1283 1729 est,
1311 1688 1498 1722 discrimen
1518 1684 1745 1719 honestorum
1764 1693 1797 1720 et
1815 1689 1986 1731 turpium,
2014 1693 2107 1734 quod
2134 1705 2198 1726 no-

1218 1742 1371 1774 minatur
1395 1738 1466 1771 Lex
1492 1744 1654 1777 naturae,
1699 1743 1730 1769 et
1754 1748 1950 1780 expressum
1978 1747 2027 1773 est
2051 1741 2086 1774 in
2114 1755 2198 1776 voce

1219 1789 1400 1833 Decalogi,
1427 1794 1460 1821 et
1481 1787 1616 1821 assidue
1638 1787 1823 1830 repetitum
1842 1788 1878 1820 in
1897 1790 2125 1825 concionibus
2143 1793 2198 1825 di-

1219 1841 1310 1875 vinis
1329 1841 1364 1873 in
1376 1838 1548 1878 Ecclesia,
1574 1837 1655 1869 inde
1671 1849 1781 1881 usque
1797 1839 1840 1871 ab
1859 1838 1961 1872 initio
1978 1842 2113 1883 generis
2132 1841 2200 1877 hu—

1220 1891 1326 1925 mani.
1391 1888 1486 1921 Haec
1508 1888 1582 1932 ipsa
1605 1888 1659 1919 lex
1680 1894 1824 1920 naturae
1847 1900 1919 1921 non
1946 1897 1994 1924 est
2019 1898 2189 1935 tyrannus

1221 1950 1259 1976 ut
1282 1939 1431 1985 Hippias
1461 1939 1566 1978 dixit,
1600 1949 1663 1971 nec
1686 1945 1736 1971 est
1756 1938 1980 1982 imaginatio,
2014 1921 2201 1976 hominuni

1223 1992 1347 2026 astutia
1378 1989 1588 2032 excogitata,
1630 1994 1669 2021 ut
1692 1989 1795 2020 multi
1816 1990 2016 2031 somniant,
2057 1994 2116 2026 sed
2151 2001 2201 2027 est

1222 2050 1360 2077 aeterna
1379 2047 1412 2074 et
1427 2040 1571 2072 immota
1586 2038 1754 2082 sapientia
1771 2039 1807 2071 in
1823 2039 1916 2081 Deo,
1946 2048 1979 2075 et
2001 2053 2123 2076 norma
2147 2044 2203 2078 iu-

1224 2094 1340 2128 sticiae
1370 2103 1430 2125 seu
1462 2089 1701 2126 rectitudinis,
1735 2089 1834 2122 cuius
1865 2091 2055 2133 sapientiae
2084 2094 2202 2127 radios

1225 2142 1412 2179 transfudit
1422 2139 1517 2174 Deus
1533 2140 1569 2172 in
1587 2137 1745 2172 homines
1764 2139 1800 2171 in
1816 2141 2001 2179 creatione,
2030 2149 2067 2176 ut
2084 2151 2201 2178 osten-

1226 2196 1310 2228 dant
1336 2204 1407 2226 esse
1431 2191 1562 2231 Deum,
1594 2197 1627 2224 et
1650 2190 1794 2223 doceant
1818 2191 1930 2234 qualis
1955 2191 2000 2224 sit
2024 2191 2135 2234 DeuS‚
2169 2202 2202 2229 et

1226 2245 1319 2290 quod
1339 2244 1382 2276 sit
1401 2242 1527 2275 vindex
1547 2241 1712 2273 scelerum
1725 2267 1734 2280 ‚
1761 2252 1799 2272 ac
1819 2241 1977 2283 obligant
1999 2254 2119 2276 omnes
2137 2241 2202 2277 ho-

1227 2297 1357 2334 mines,
1379 2300 1418 2327 ut
1442 2292 1512 2325 sint
1533 2292 1729 2324 conformes
1744 2288 1841 2330 Deo,
1869 2297 1902 2323 et
1919 2292 2066 2326 doceant
2082 2305 2202 2329 omnes

1228 2348 1269 2380 de
1288 2343 1417 2378 iudicio
1432 2341 1519 2382 Dei,
1543 2342 1636 2386 quod
1654 2352 1733 2373 vere
1752 2346 1784 2373 et
1800 2337 2017 2375 horribiliter
2036 2343 2204 2379 irascatur

1230 2395 1394 2430 omnibus
1413 2392 1663 2426 contumaciter
1677 2390 1889 2424 violantibus
1907 2389 2000 2425 hunc
2018 2392 2126 2437 ipsius
2145 2407 2203 2428 or-

1229 2447 1366 2485 dinem,
1393 2450 1426 2477 et
1441 2443 1485 2476 sit
1504 2442 1594 2485 ignis
1618 2450 1825 2475 consumens
1849 2452 1888 2473 ac
1914 2442 2095 2477 destruens
2119 2457 2203 2479 con-

1229 2505 1391 2532 tumaces.
1443 2493 1510 2527 Hic
1528 2493 1642 2535 legum
1664 2497 1862 2523 nostrarum
1886 2491 1964 2525 fons
1987 2500 2053 2534 est,
2079 2501 2111 2528 et
2139 2493 2203 2529 hac

1228 2558 1308 2581 vera
1334 2544 1565 2588 descriptione
1590 2548 1622 2574 et
1642 2540 1844 2574 laudatione
1861 2541 1996 2584 legum,
2017 2540 2109 2576 nihil
2135 2545 2204 2579 dici

1229 2597 1340 2631 maius
1356 2601 1416 2629 aut
1428 2594 1552 2627 melius
1569 2597 1692 2636 potest.
1744 2589 1840 2633 Quid
1855 2592 1949 2625 enim
1965 2593 2115 2635 cogitare
2129 2607 2206 2629 ma-

1228 2649 1283 2684 ius
1298 2652 1357 2682 aut
1373 2645 1498 2680 melius
1513 2648 1635 2688 potest,
1654 2652 1760 2687 quam
1775 2641 2040 2686 sapientiaDei?
2065 2642 2203 2680 Deinde
