2324 2955
202 106 276 143 915

209 193 303 235 Quia
336 189 499 221 usitatum
531 182 615 221 fuit,
647 191 725 213 cum
756 178 984 222 capiebantur
1014 176 1118 209 urbes
1149 188 1187 208 ex

208 239 371 277 Etlmicis
394 236 440 268 eis
465 239 600 266 tantum
625 231 805 274 imponere
828 233 1008 272 praecepta
1030 226 1189 266 moralia,
1212 229 1214 257 J

211 303 282 325 non
300 283 513 321 ceremonias
528 281 711 315 Mosaicas.
764 278 838 311 llas
854 278 957 311 urbes
974 276 1078 309 etiam
1093 277 1188 310 vole-

212 345 294 374 bant
321 336 469 369 retinere
492 330 783 365 consuetudinem
807 340 825 361 a
843 328 917 362 Noe
937 326 1119 365 traditam,
1144 337 1189 358 ne

214 388 373 422 homines
392 388 614 416 vescerentur
629 381 796 423 sanguine
813 386 845 412 et
858 377 1037 411 suffocato.
1089 376 1190 409 Fuit-

212 451 279 484 que.
301 439 412 470 forma
438 432 566 467 decreti
591 430 773 474 apostolici
798 435 933 472 sumpta
951 439 988 460 ex
1005 427 1065 459 illa
1081 425 1190 461 veteri

212 492 343 526 forma,
371 496 438 529 qua
463 494 597 526 semper
620 481 674 514 usi
700 487 798 514 erant
815 478 992 512 Israelitae
1009 477 1115 520 captis
1130 488 1191 510 ur-

213 540 317 573 bibus
336 533 496 568 ethnicis.
556 532 673 574 Quare
691 543 753 564 nec
772 530 807 562 in
827 527 891 562 hac
907 540 943 561 re
960 527 1091 571 aliquid
1109 526 1191 559 novi

214 586 490 623 constituerunt,
534 584 593 615 sed
627 580 821 625 prohibitio
852 575 1130 622 idolothytorum
1161 583 1193 609 et

213 635 433 673 scortationis
456 632 615 677 repetitio
636 638 878 674 preceptorum
899 635 971 661 erat
990 628 1032 659 de
1049 627 1191 660 vitando

213 689 311 721 cultu
340 685 538 723 idolorum,
573 689 605 715 et
635 683 677 715 de
707 680 860 714 vitandis
893 678 1083 711 libidinum
1109 688 1194 709 con-

213 737 422 772 fusionibus.

314 784 456 819 Claudii
485 790 639 825 tempore
662 787 695 813 et
720 777 848 811 Simon
876 775 1019 822 ,ZlIagus
1042 774 1193 809 Romam

215 837 330 876 venit,
355 835 416 879 qui
437 833 578 875 magicis
596 830 789 875 praestigiis
807 835 940 862 tantum
959 825 1194 859 venerationis

215 890 359 930 adeptus
383 891 452 921 est,
478 890 516 915 nt
534 889 643 915 statua
661 881 691 913 ei
711 892 788 912 cum
806 877 868 912 hac
886 877 1113 920 inscriptione
1134 886 1195 917 po-

215 940 280 970 sita
311 936 375 968 sit:
407 932 554 966 Simoni
574 929 656 963 Deo
685 933 830 972 sancto,
866 940 943 961 cum
975 939 1044 971 quo
1071 935 1196 967 magna

215 985 403 1020 certamina
421 983 524 1016 Petro
542 980 711 1024 Apostolo
734 979 839 1011 fuisse
859 977 1035 1010 scribitur.
1089 974 1195 1009 Cum-

216 1048 282 1081 que
302 1035 426 1068 Simon
442 1032 568 1074 Magus
588 1031 730 1063 tandem
749 1029 929 1066 iactitarct,
955 1037 988 1058 se
1006 1027 1042 1057 in
1061 1024 1196 1056 coelum

215 1095 439 1119 ascensurum
456 1093 546 1121 esse,
573 1081 730 1113 sublatus
748 1085 797 1110 est
813 1076 1000 1110 aDiabolis
1016 1075 1053 1105 in
1071 1085 1196 1107 aerem,

216 1137 283 1168 Sed
303 1134 425 1166 Petrus
452 1130 635 1174 imperavit
651 1128 810 1161 Diabolis
832 1133 870 1159 ut
894 1136 973 1157 eum
993 1123 1194 1156 abiicerent.

217 1186 268 1219 lta
293 1184 457 1216 decidens
481 1182 517 1212 in
542 1187 670 1213 terram
696 1178 867 1210 extinctus
893 1182 952 1210 est.
1007 1172 1058 1206 Ac
1073 1173 1196 1214 legun-

215 1244 274 1267 tur
303 1233 374 1265 illis
406 1231 528 1275 primis
560 1228 777 1272 temporibus
807 1233 927 1259 contra
961 1222 1150 1268 Apostolos
1178 1232 1196 1253 a

214 1283 374 1318 Diabolis
399 1281 506 1313 multa
528 1277 681 1312 hostium
700 1289 823 1320 genera
842 1275 985 1308 excitata
1000 1284 1082 1306 esse.
1138 1271 1197 1303 Iu-

216 1334 294 1367 daei
319 1339 351 1365 et
374 1328 520 1364 Ethnici
546 1329 764 1360 manifestam
788 1326 971 1358 saeviciam
995 1330 1114 1356 contra
1139 1333 1196 1352 ve-

218 1396 290 1417 ram
321 1380 512 1415 Ecclesiam
544 1377 762 1410 exercebant.
840 1374 935 1417 Magi
972 1381 1003 1406 et
1032 1370 1196 1404 haeretici

216 1433 322 1466 variis
344 1429 538 1474 praestigiis
565 1439 638 1460 eam
661 1426 862 1459 turbabant.
916 1423 1023 1456 Multi
1042 1420 1196 1454 seditiosi

215 1488 396 1527 praetextu
414 1491 524 1512 novae
542 1477 713 1510 libertatis
729 1486 873 1517 magnos
892 1474 1061 1506 tumultus
1078 1483 1197 1504 move-

215 1535 319 1572 bant,
353 1537 392 1564 ut
418 1528 628 1573 Aegyptius,
664 1526 725 1571 qui
750 1538 767 1558 a
791 1524 927 1559 Foelice
953 1522 1110 1567 praeside
1133 1533 1197 1564 op-

215 1593 353 1627 pressus
368 1586 428 1614 est.

318 1631 412 1663 Ilaec
435 1628 589 1671 exempla
615 1624 866 1659 consideranda
889 1629 986 1663 sunt,
1012 1634 1055 1654 ne
1077 1620 1197 1653 multi-

216 1682 339 1716 tudine
356 1678 508 1712 hostium
523 1679 725 1718 frangamur
740 1673 804 1706 hoc
821 1681 990 1715 tempore:
1017 1671 1075 1703 sed
1091 1681 1196 1714 quae-

216 1742 334 1765 ramus
358 1741 474 1762 veram
491 1726 701 1762 Ecclesiam,
728 1735 815 1767 quae
838 1721 1020 1765 perspicua
1041 1720 1197 1753 testimo-

218 1782 278 1814 nia
302 1779 407 1812 habet
430 1790 468 1811 ex
489 1776 623 1819 scriptis
641 1771 853 1818 propheticis
870 1779 901 1805 et
919 1770 1137 1814 apostolicis,
1163 1775 1197 1801 et

219 1830 397 1864 svmbolis.
479 1826 571 1859 Huic
610 1836 673 1857 nos
709 1829 908 1856 constanter
949 1821 1198 1862 adiungamus,

218 1871 353 1913 etiamsi
378 1878 465 1910 aliae
486 1876 671 1914 sactiones,
699 1885 845 1918 quarum
863 1882 987 1913 magna
1004 1876 1053 1904 est
1071 1874 1197 1913 poten-

217 1932 264 1964 tia
282 1938 315 1964 et
334 1927 543 1966 multitudo,
569 1937 643 1957 eam
659 1928 873 1968 oppugnant.

510 2052 747 2085 Domitius
773 2048 905 2081 Nero.

269 2129 375 2162 Anno
394 2126 518 2159 mundi
539 2131 661 2169 quater
679 2122 883 2159 millesimo,
912 2119 1047 2153 decimo
1064 2130 1170 2153 nono.

269 2179 375 2212 Anno
390 2177 488 2209 urbis
504 2175 639 2209 Romae
656 2171 945 2215 octingentesimo
964 2170 1123 2213 septimo.

269 2230 375 2262 Anno
393 2224 524 2260 Christi
544 2223 835 2269 quinquagesimo
854 2221 1014 2265 septimo.

320 2279 406 2311 (jum
423 2276 589 2310 Claudius
607 2286 741 2306 veneno
758 2278 899 2305 necatus
915 2277 1002 2304 esset
1017 2281 1034 2302 a
1051 2269 1198 2311 coniuge

220 2328 413 2371 Agrippina
428 2354 436 2367 ,
464 2327 653 2369 imperator
677 2325 787 2356 factus
812 2329 862 2356 est
885 2333 904 2354 a
928 2320 1099 2353 militibus
1115 2317 1198 2351 Do-

223 2378 347 2411 mitius
362 2374 479 2413 Asea),
507 2388 600 2408 anno
626 2374 772 2418 septimo
797 2372 930 2405 decimo
953 2370 1092 2408 aetatis,
1119 2381 1197 2403 cum

220 2427 435 2472 promisisset
474 2426 521 2458 eis
559 2425 766 2458 tantundem
798 2421 984 2467 pecuniae,
1027 2426 1197 2465 quantum

220 2478 388 2513 Claudius
404 2476 557 2513 dederat,
583 2475 745 2508 videlicet
756 2470 1199 2516 singulistrecentosquin-

221 2528 388 2573 quaginta
410 2532 606 2558 coronatos.
659 2523 755 2558 Vixit
774 2534 885 2556 annos
904 2522 1067 2565 triginta,
1099 2532 1199 2553 men-

220 2590 273 2611 ses
288 2588 427 2615 novem,
457 2575 614 2617 regnavit
628 2585 739 2606 annos
752 2573 931 2613 tredecim,
957 2582 1094 2605 menses
1109 2577 1199 2604 octo.

221 2627 397 2662 interfecit
427 2632 590 2665 matrem,
622 2624 708 2657 duas
736 2623 918 2666 coniuges,
952 2620 1138 2657 Octaviam
1166 2627 1198 2654 et

436 97 642 137 SCRIPTA
671 95 745 130 1³11.
774 92 888 128 MEL.
918 91 983 126 AD
1010 90 1135 126 HtsT.
1166 88 1307 125 PROF.
1334 88 1398 122 ET
1428 86 1617 125 PlllLOS.
1644 88 1964 127 SPECTANTlA.

2138 95 2210 129 916

1240 174 1409 217 Popeam,
1445 180 1477 206 et
1501 174 1630 207 multos
1654 182 1866 218 praestantes
1893 177 1998 211 viros.
2050 176 2215 212 Exercnit

1239 235 1400 266 magnam
1425 223 1607 256 saeviciam
1632 224 1668 256 in
1695 222 1912 259 Christianos
1937 224 2001 259 hac
2024 229 2215 269 occasione,

1239 275 1332 319 quod
1364 286 1442 306 cnm
1473 285 1595 316 magna
1623 286 1702 317 pars
1727 276 1824 308 urbis
1848 274 2028 308 Romanae
2051 277 2213 311 incendio

1239 324 1415 369 periisset,
1442 325 1536 368 quod
1560 324 1635 368 ipso
1653 325 1791 358 volente
1810 326 1883 358 eius
1900 326 2031 358 familia
2047 327 2215 371 direptio-

1240 386 1325 407 num
1359 385 1461 407 causa
1491 373 1715 415 excitaverat,
1744 375 1829 408 salso
1860 376 1948 409 dixit
1979 383 2116 409 autores
2143 389 2215 410 esse

1240 421 1419 461 Iudaeos,
1447 436 1515 468 quo
1539 424 1683 456 nomine
1705 430 1789 457 tunc
1810 432 1843 458 et
1861 422 2097 459 Christianos
2121 439 2217 460 com-

1240 472 1515 519 prehendebant.
1562 473 1740 508 Interfecit
1756 474 1906 508 Paulum
1923 482 1954 509 et
1971 475 2125 512 Petrum.
2170 475 2218 510 Et

1241 525 1382 570 quidem
1410 525 1451 557 de
1474 523 1584 557 Paulo
1609 524 1702 557 idem
1724 536 1845 557 omnes
1867 523 2064 562 adfirmant.
2117 526 2219 561 Reli-

1244 587 1348 620 quam
1368 573 1516 607 Neronis
1539 572 1722 607 historiam
1743 575 1885 613 omitto,
1912 575 1949 608 in
1972 587 2042 620 quo
2058 584 2218 620 repeten—

1243 627 1284 658 da
1311 631 1359 657 est
1385 625 1542 669 querela:
1570 632 1602 658 et
1627 625 1722 669 quod
1743 625 1956 667 degenerant
1980 632 2050 659 tam
2071 627 2174 659 multi
2199 638 2219 660 a

1242 675 1453 715 maioribus,
1481 675 1542 719 qui
1565 681 1709 708 naturae
1732 675 1835 707 bonis
1854 682 1887 708 et
1903 675 2032 708 virtute
2048 677 2220 709 excellue-

1243 732 1341 758 runt:
1371 731 1404 757 et
1428 725 1520 769 quod
1546 725 1583 756 in
1601 736 1738 758 summo
1755 725 1891 767 fastigio
1908 725 2044 768 generis
2063 723 2221 766 humani,

1244 776 1279 808 in
1296 787 1363 819 quo
1382 775 1568 818 praecipue
1584 775 1736 807 eminere
1751 775 1918 818 sapientia
1938 783 1970 809 et
1988 776 2100 809 virtus
2116 777 2221 810 dehe-

1244 827 1345 861 bant.
1373 832 1442 857 tam
1461 825 1567 857 multa
1586 831 1671 857 tetra
1688 832 1847 868 portenta
1864 826 2103 859 dominantur.

1346 873 1451 907 Anno
1487 872 1619 908 Christi
1658 875 1868 917 sexagesimo
1902 876 2022 915 tertio,
2059 876 2222 909 videlicet

1245 932 1321 969 post
1351 925 1640 957 resurrectionem
1675 922 1807 958 Christi
1839 925 2032 965 tricesimo,
2075 925 2222 959 lacobus

1244 975 1336 1006 filins
1359 972 1507 1017 Alphei,
1534 972 1727 1018 Episcopus
1751 972 1925 1007 Ecclesiae
1949 976 1985 1007 in
2011 974 2224 1009 lerosolvma

1246 1024 1428 1062 collectae,
1454 1023 1658 1056 interfectus
1683 1030 1732 1056 est
1753 1025 1898 1056 saevicia
1918 1023 2077 1057 Ananiae
2095 1011 2224 1058 suinmi

1244 1073 1448 1112 sacerdotis,
1491 1073 1549 1116 qui
1585 1080 1618 1105 et
1648 1073 1786 1105 iuvenis
1816 1081 1849 1106 et
1880 1074 2107 1108 Zadslncaeus
2140 1082 2223 1108 erat.

1246 1121 1321 1155 Etsi
1346 1122 1438 1154 enim
1464 1133 1537 1153 non
1564 1122 1688 1155 licebat
1712 1123 1850 1155 Indaeis
1872 1135 2072 1167 quenquam
2096 1125 2222 1157 ultimo

1246 1172 1417 1215 supplicio
1442 1171 1606 1212 adficere,
1643 1178 1759 1204 tamen
1784 1173 1925 1205 absente
1949 1174 2107 1216 praeside
2132 1175 2225 1206 mul-

1246 1229 1321 1255 tum
1339 1221 1449 1254 valuit
1465 1221 1632 1254 autoritas
1645 1222 1771 1254 summi
1785 1221 1993 1263 Sacerdotis,
2022 1225 2225 1266 praesertim

1247 1284 1325 1305 cum
1346 1272 1476 1315 alioqui
1493 1270 1614 1303 ludaea
1637 1272 1737 1314 plena
1757 1278 1843 1305 esset
1861 1273 2085 1308 seditionum.
2136 1272 2225 1307 Erat

1247 1329 1361 1355 antem
1386 1328 1545 1354 mortuus
1562 1318 1714 1360 Festus,
1741 1328 1773 1354 et
1791 1323 1949 1355 nondum
1970 1329 2110 1356 venerat
2128 1322 2224 1356 Iero-

1247 1372 1416 1416 solymam
1439 1383 1615 1403 successor
1634 1370 1804 1406 Albinus.
1856 1371 1929 1405 Hac
1947 1383 2028 1405 usus
2048 1373 2226 1406 occasione

1248 1420 1404 1454 Ananias
1426 1433 1523 1453 suam
1540 1421 1726 1454 factionem
1746 1422 1867 1455 incitat
1884 1423 1926 1455 ad
1945 1423 2226 1456 interficiendum

1249 1471 1413 1504 Iacobum
1426 1498 1435 1511 ,
1460 1478 1490 1503 et
1509 1471 1595 1503 alios
1610 1472 1740 1504 multos
1756 1479 1932 1505 accusatos
1949 1480 2090 1515 propter
2103 1471 2227 1506 Evan-

1248 1522 1376 1564 gelinm
1405 1521 1584 1563 suppliciis
1605 1522 1738 1559 adficit,
1773 1522 1875 1555 etiam
1901 1529 2020 1555 contra
2043 1521 2226 1556 Romano-

1249 1583 1325 1603 rum
1352 1571 1562 1603 iudiciorum
1588 1571 1760 1606 ordinem.
1812 1570 1907 1604 Haec
1932 1578 2006 1604 acta
2030 1578 2110 1604 sunt
2133 1584 2225 1605 anno

1249 1621 1382 1653 decimo
1411 1626 1490 1652 ante
1512 1620 1684 1652 excidium
1711 1619 1962 1665 Ierosolvmae,
1995 1632 2088 1654 anno
2113 1620 2228 1655 Nero-

1248 1670 1302 1702 nis
1320 1670 1480 1712 septimo.

1349 1719 1431 1751 Post
1448 1719 1612 1751 iacobum
1630 1719 1735 1751 frater
1755 1719 1827 1751 eius
1838 1717 1997 1760 Simeon,
2018 1720 2109 1753 tilius
2125 1720 2230 1755 Cleo-

1250 1780 1329 1812 pae,
1356 1767 1552 1811 Episcopus
1572 1767 1803 1813 lerosolym'ae
1827 1770 1936 1802 factus
1960 1777 2029 1810 est,
2055 1771 2114 1815 qui
2141 1772 2228 1805 vixit

1249 1829 1358 1862 usque
1380 1819 1423 1850 ad
1440 1816 1584 1850 Traiani
1610 1825 1785 1861 tempora,
1811 1819 1950 1852 functus
1966 1818 2132 1864 Episcopi
2151 1821 2229 1854 offi-

1250 1869 1303 1900 cio
1323 1867 1401 1911 plus
1418 1868 1648 1911 quadraginta
1665 1869 1778 1902 annis.
1830 1867 1961 1902 Eduxlt
1980 1867 2170 1904 Ecclesiam
2187 1883 2228 1905 ex

1252 1918 1474 1963 lerosolymis
1497 1918 1676 1962 aliquanto
1701 1925 1780 1952 ante
1803 1919 2022 1952 obsidionem
2039 1927 2134 1954 trans
2152 1920 2228 1954 Ior-

1251 1969 1375 2001 danem
1399 1968 1436 2000 in
1459 1968 1627 2011 oppidum
1650 1967 1794 2003 Pellam.
1861 1968 1998 2002 Deinde
2021 1971 2149 2004 multos
2172 1983 2229 2004 re-

1251 2019 1350 2052 duxit
1374 2019 1417 2050 ad
1442 2018 1578 2057 ruinas,
1603 2018 1664 2051 ubi
1687 2030 1767 2051 eum
1791 2017 1910 2052 Iudaei
1935 2020 2016 2052 odio
2033 2017 2228 2054 Christiani

1251 2068 1405 2101 nominis
1423 2069 1515 2111 apud
1531 2067 1724 2101 Traianum
1744 2076 2009 2110 accusaverunt,
2037 2072 2131 2115 quod
2149 2083 2227 2104 cum

1250 2125 1337 2152 esset
1358 2130 1397 2150 ex
1421 2118 1527 2162 stirpe
1551 2119 1645 2161 regia
1667 2119 1845 2152 videretur
1866 2131 1994 2152 novam
2018 2121 2226 2154 seditionem

1250 2169 1379 2203 moliri.
1433 2167 1552 2210 Quare
1577 2180 1655 2201 cum
1679 2181 1790 2202 annos
1813 2177 1952 2203 centum
1977 2177 2010 2203 et
2032 2170 2155 2213 viginti
2173 2171 2228 2203 vi-

1249 2219 1369 2258 xisset,
1398 2218 1523 2251 ultimo
1539 2219 1710 2262 supplicio
1728 2220 1881 2252 adfectus
1898 2227 1958 2253 est.

1351 2267 1418 2301 Hic
1450 2268 1561 2302 exitus
1590 2269 1741 2302 duorum
1771 2270 1917 2302 fratrum
1940 2270 2026 2310 suit,
2058 2270 2120 2314 qui
2145 2281 2230 2304 san--

1249 2319 1354 2361 guine
1379 2319 1528 2362 proximi
1554 2319 1696 2352 suerunt
1718 2317 1870 2353 Christo.
1929 2317 2011 2352 Nati
2036 2326 2117 2354 sunt
2132 2321 2226 2354 enim

1249 2370 1352 2402 ambo
1376 2381 1415 2401 ex
1438 2380 1507 2401 una
1531 2375 1660 2409 matre,
1687 2381 1805 2402 sorore
1822 2368 1956 2401 Mariae
1974 2369 2142 2413 virginis,
2167 2372 2226 2404 setl

1250 2418 1366 2452 Iacobi
1384 2426 1480 2462 pater
1495 2417 1740 2463 fuitAlpheus‚
1766 2417 2111 2464 SimeonisCleopas.
2153 2419 2226 2454 Cur

1249 2475 1363 2503 autem
1387 2468 1543 2502 Ecclesia
1568 2470 1662 2502 cruci
1683 2468 1834 2502 subiecta
1860 2468 1922 2506 sit,
1947 2469 2153 2504 discendum
2176 2478 2226 2504 est

1249 2532 1288 2554 ex
1312 2519 1468 2552 sontibus
1492 2519 1690 2559 doctrinae,
1724 2530 1827 2562 quam
1853 2517 1948 2553 Deus
1971 2519 2010 2553 in
2032 2518 2225 2563 Evangelio

1248 2570 1424 2614 patefecit,
1462 2569 1524 2602 nbi
1553 2569 1683 2603 dicitur
1713 2575 1873 2613 oportere
1903 2580 1969 2603 nos
1997 2570 2128 2604 similes
2151 2571 2226 2604 fieri

1249 2620 1408 2663 imaginis
1423 2619 1487 2652 filii
1504 2618 1580 2653 Dei.
