2324 2955
159 94 257 132 1053
304 80 312 85 '
704 97 733 131 1.

158 181 233 215 sine
257 178 450 214 mutatione
476 187 681 215 naturarum
709 179 816 216 homo
840 183 951 217 factus
973 189 1006 217 et
1022 182 1134 216 cruci-

157 231 244 264 fixus
266 241 301 264 es
315 227 462 265 Christe
476 230 589 273 Deus,
616 238 763 266 mortem
789 240 902 266 morte
930 233 1133 277 proculcans

155 287 190 315 et
213 280 318 314 simul
342 282 547 325 glorificaris
570 294 649 315 cum
672 281 775 316 Patre
798 290 831 317 et
845 282 981 327 Spiritu
1003 290 1133 323 sancto,

156 331 250 364 salva
277 343 352 367 nos,
403 330 608 379 μονογενὴς
636 330 717 371 υἱὸς
737 331 800 367 καὶ
830 329 936 380 λόγος
955 335 1022 367 τοῦ
1039 333 1133 368 θεοῦ

153 378 346 420 ἀθάνατος
359 378 560 428 ὑπάρχων,
586 381 649 417 καὶ
670 380 964 428 καταδεξάμενος
985 381 1046 418 διὰ
1065 382 1133 429 τὴν

152 429 334 477 ἡμετέραν
346 430 532 478 σωτηρίαν
549 433 782 480 σαρκοθῆναι
799 434 838 468 ἐκ
852 436 916 479 τῆς
929 431 1038 481 ἁγίας
1046 433 1132 468 θεο-

151 478 265 516 τόκου
287 478 349 516 καὶ
372 480 427 516 ἀεὶ
452 481 645 529 παρθένου
665 482 803 530 μαρίας
826 482 1012 530 ἀτρέπτως
1025 484 1132 518 ἐναν-

150 527 356 577 θρωπήσας
376 531 652 579 σταυρωθείστε
664 532 814 579 χριστὸς
839 532 858 569 ὃ
876 532 980 575 Θεὸς,
1009 530 1131 568 θανά-

150 593 205 628 τῳ
222 579 394 617 θάνατον
407 580 591 628 πατήσας,
620 581 937 630 συνδοξαζόμενος
949 587 1003 631 τῴ
1019 582 1130 631 πατρὶ

151 630 214 667 καὶ
230 629 326 681 ᾰγίω
341 630 523 678 πνεύματι
540 637 662 670 σιῦσον
677 632 785 680 ἡμᾶς.

253 682 403 718 Duravit
425 691 541 718 autem
565 684 731 730 Synodus
762 685 900 719 circiter
931 684 1131 725 biennium,

149 745 189 768 ac
204 734 247 767 de
263 731 420 777 Origene
436 746 562 778 magna
585 736 775 769 certamina
798 736 953 771 fuerunt.
1006 734 1130 778 Agita-

149 790 206 818 tae
228 790 310 817 sunt
332 785 569 830 quaestiones:
606 785 701 829 Quid
721 787 765 819 sit
789 786 918 819 Anima
947 783 1128 819 hominis?

148 833 204 869 Sit
221 846 266 867 ne
282 846 322 868 ex
338 835 506 869 traduce?
530 835 587 869 An
601 843 684 869 tunc
699 848 738 869 ex
755 833 868 869 nihilo
884 842 1031 874 creetur,
1048 847 1127 868 cum

148 883 373 919 infunditur?
403 883 476 920 Aut
500 898 545 919 an
572 887 752 929 probanda
770 886 840 919 sint
859 884 1025 929 Origenis
1040 885 1130 918 deli-

150 942 327 974 ramenta,
355 936 416 981 qui
440 936 527 970 dixit
550 937 654 969 simul
670 948 791 968 omnes
810 933 980 968 humanas
994 935 1129 968 animas

148 984 253 1019 initio
270 986 430 1020 conditas
448 997 540 1028 esse,
566 997 693 1031 easque
711 986 748 1018 in
767 986 865 1018 coelo
881 986 994 1028 lapsas
1011 990 1128 1028 postea

147 1035 187 1069 in
202 1047 350 1078 corpora
372 1036 476 1069 mitti.

249 1083 362 1118 Filius
381 1084 446 1118 Dei
469 1084 648 1128 perspicue
666 1091 699 1117 et
720 1084 795 1117 sine
812 1083 884 1117 ulla
901 1083 1129 1127 ambiguitate

147 1134 297 1169 affirmat
313 1145 348 1168 se
366 1134 576 1179 corporibus
592 1131 777 1167 hominum
802 1134 951 1167 mortuis
967 1135 1130 1168 redditu-

148 1196 227 1218 rum
249 1195 321 1218 esse
337 1185 456 1219 vitam.
509 1183 605 1217 Haec
633 1185 807 1218 sententia
837 1184 1036 1218 firmissima
1061 1185 1128 1218 fide

148 1235 390 1279 amplectenda
414 1241 484 1275 est,
519 1241 552 1268 et
576 1236 828 1278 expectandum
851 1235 1022 1268 iudicium
1051 1241 1130 1278 post

147 1282 240 1319 hanc
254 1286 374 1319 vitam.
428 1283 559 1318 Verum
574 1286 617 1318 de
635 1286 751 1318 anima
774 1292 930 1329 separata
946 1285 1130 1318 obscurior

147 1342 198 1369 est
223 1336 395 1370 doctrina.
448 1334 517 1369 Sed
543 1342 659 1369 tamen
694 1334 778 1369 haec
806 1336 898 1368 dicta
932 1336 1129 1379 significant

146 1385 280 1420 animas
304 1384 490 1420 hominum
514 1386 658 1429 spiritus
681 1386 892 1430 separabiles
911 1397 999 1426 esse,
1024 1394 1058 1420 et
1075 1386 1130 1418 vi·

147 1448 227 1470 vere
250 1443 443 1481 separatos:
478 1435 596 1469 Hodie
619 1448 755 1470 mecum
781 1437 849 1469 eris
882 1437 919 1468 in
942 1436 1127 1470 Paradiso:

145 1485 265 1521 Nolite
284 1487 406 1521 timere
422 1499 498 1525 eos,
527 1487 589 1532 qui
607 1498 732 1530 corpus
750 1487 926 1525 occidunt,
954 1487 1035 1532 quia
1051 1487 1129 1520 ani-

145 1548 239 1571 mam
257 1538 415 1571 occidere
431 1549 504 1571 non
522 1544 684 1581 possunt:
714 1535 829 1581 Cupio
847 1537 989 1571 dissolvi
1005 1544 1038 1571 et
1056 1549 1128 1571 esse

144 1598 223 1621 cum
239 1585 394 1623 Christo.
432 1586 538 1623 Rom.
556 1587 603 1620 8.:
631 1586 767 1632 Corpus
785 1594 962 1621 mortuum
980 1595 1030 1621 est
1047 1600 1130 1632 pro—

143 1644 222 1682 pter
246 1644 436 1681 peccatum.
490 1636 643 1681 Spiritus
668 1646 783 1672 autem
805 1638 893 1671 vivit
916 1645 1057 1682 propter
1074 1639 1128 1672 iu·

146 1686 299 1721 sticiam:
339 1686 436 1720 Deus
456 1693 507 1720 est
539 1686 634 1721 Deus
658 1686 837 1722 Abrahae.
892 1687 987 1717 Vivit
1021 1689 1129 1727 igitur

144 1735 341 1773 Abraham.
394 1736 489 1770 Haec
512 1737 603 1769 dicta
627 1747 847 1778 opponamus
872 1734 933 1773 iis,
962 1734 1024 1780 qui
1041 1736 1128 1767 ima-

145 1788 308 1831 ginanter
333 1786 466 1819 :mimas
493 1783 666 1817 humanas
691 1796 763 1817 esse
787 1784 1003 1825 flammulas,
1038 1797 1127 1830 quae

146 1837 379 1871 nominantur
395 1847 412 1868 a
435 1835 585 1868 Medicis
603 1835 746 1878 spiritus
767 1834 909 1876 vitales,
935 1835 995 1880 qui
1016 1835 1129 1868 extin-

146 1894 300 1932 guantur
314 1886 401 1920 sicut
420 1885 455 1918 in
476 1885 679 1930 pecudibus.

248 1937 353 1980 Quod
382 1948 464 1969 vero
489 1936 626 1968 animae
651 1933 836 1969 hominum
853 1947 925 1969 non
944 1935 1013 1968 sint
1031 1947 1127 1969 crea·

145 1996 201 2024 tae
218 1988 320 2021 initio
337 1987 462 2020 mundi
486 1993 565 2020 ante
589 1998 734 2030 corpora
748 2013 756 2026 ,
785 1987 940 2020 narratio
959 1987 994 2018 in
1012 1985 1127 2020 Moise

147 2038 321 2079 ostendit,
347 2050 435 2083 quae
451 2037 499 2071 ait
518 2037 615 2081 prins
630 2038 819 2071 formatum
844 2048 915 2070 esse
932 2035 1031 2070 Adae
1049 2049 1127 2070 cor-

146 2101 229 2134 pus,
256 2096 289 2122 et
313 2089 441 2122 deinde
468 2089 504 2121 in
529 2088 670 2127 faciem,
698 2087 829 2121 scilicet
852 2087 920 2120 iam
939 2088 1125 2121 formatam

146 2140 357 2185 inspiratum
389 2150 462 2173 esse
490 2138 580 2171 vitae
616 2138 841 2181 spiraculum.
906 2137 985 2171 Non
1019 2137 1126 2180 igitur

146 2191 245 2236 prius
269 2197 368 2224 erant
391 2189 553 2223 conditae
580 2188 729 2224 animae.
783 2188 903 2231 Quare
927 2196 960 2222 ct
978 2188 1014 2220 in
1031 2187 1124 2224 l'sal.

150 2241 235 2276 139.
254 2241 315 2286 qui
339 2247 390 2274 est
412 2239 582 2274 consessio
600 2240 643 2272 de
660 2239 854 2283 praesentia
874 2246 906 2271 et
925 2250 1029 2283 opere
1048 2237 1126 2280 Dei,

146 2292 182 2324 in
200 2291 419 2334 singulorum
436 2290 647 2324 formatione
672 2297 704 2323 et
732 2290 823 2323 vitae
848 2290 1125 2330 conservatione,

146 2342 331 2386 aliquoties
356 2341 501 2385 repetita
522 2348 571 2375 est
599 2340 634 2372 in
652 2340 809 2382 signibus
826 2341 942 2373 verbis
959 2337 1043 2372 liaec
1060 2341 1125 2372 do-

149 2393 281 2430 ctrina,
313 2394 407 2436 quod
437 2393 473 2424 in
496 2399 595 2425 utero
619 2392 789 2424 formetur
814 2388 932 2423 homo.
991 2389 1062 2422 lam
1096 2391 1123 2423 si

150 2442 268 2487 potior
293 2453 372 2486 pars
397 2441 493 2486 prius
520 2442 658 2481 suisset,
692 2453 763 2473 non
789 2441 962 2474 diceretur
986 2441 1028 2473 de
1052 2447 1124 2474 toto

151 2491 316 2534 homine,
354 2492 498 2526 formari
521 2504 599 2525 euin
627 2492 662 2524 in
687 2499 808 2531 utero,
849 2498 882 2524 et
914 2491 1123 2524 nominatim

151 2543 284 2588 inquit:
311 2542 462 2576 Pinxisti
478 2554 532 2575 me
551 2543 587 2575 in
606 2542 831 2574 inferioribus
856 2549 978 2576 terrae.
1030 2540 1125 2584 Ergo

151 2594 289 2627 animae
313 2605 385 2626 non
410 2593 553 2626 suerunt.
577 2594 674 2637 prius
702 2593 737 2624 in
763 2593 880 2632 coelo,
907 2592 1004 2637 qnasi
1022 2592 1126 2632 dicat,

152 2644 291 2688 organis
308 2651 340 2677 et
359 2654 522 2677 sensuum
540 2644 738 2677 diversitate
757 2643 894 2676 variasti
921 2654 1045 2686 corpus
1071 2643 1126 2675 in-

783 95 1077 134 CHRONICON
1103 96 1345 139 CARIONIS.
1395 101 1520 138 PARS
1547 103 1592 142 11.

2063 116 2158 153 1054

1186 184 1309 221 forme.
1372 185 1467 221 Haec
1498 190 1643 224 variatio
1675 191 1711 226 fit
1745 205 1807 238 per
1835 194 2002 232 animam.
2055 198 2158 235 Tunc

1186 235 1293 277 tgitur
1319 237 1437 270 anima
1465 246 1601 273 creatur
1626 241 1663 274 in
1689 249 1799 283 terra,
1826 257 1890 280 nec
1915 247 1983 281 fuit
1998 255 2100 283 antea
2118 251 2155 284 in

1185 286 1293 322 coelo.
1349 285 1483 321 Eadem
1513 292 1683 325 sententia
1718 301 1810 328 extat
1840 296 1877 328 in
1906 295 1969 331 lob
1997 311 2073 343 cap.
2096 302 2157 335 31.

1184 335 1259 368 sine
1290 336 1524 381 metaphoris,
1560 348 1593 374 et
1616 342 1644 374 si
1666 343 1813 379 fuissent
1837 346 1975 381 animae
1990 350 2034 382 ab
2051 350 2154 384 initio

1184 386 1326 426 mundi,
1350 400 1439 432 qnae
1455 397 1543 424 esset
1560 392 1774 437 absurditas,
1800 394 1893 430 nihil
1910 409 1966 432 eas
1982 411 2021 432 ex
2039 407 2088 434 tot
2102 412 2154 434 se-

1184 436 1271 469 culis
1289 438 1510 473 meminisse?

1261 485 1382 520 Tertia
1400 490 1556 532 quaestio
1575 498 1640 525 est:
1660 492 1716 526 An
1732 496 1775 528 de
1791 508 1884 531 novo
1902 508 2064 534 creentur
2077 502 2154 535 ani-

1183 547 1258 570 mae
1276 548 1316 570 ex
1332 536 1446 572 nihilo
1464 547 1558 573 extra
1578 553 1743 586 corpora,
1769 553 1803 580 et
1820 548 1947 581 deinde
1965 550 2156 585 infundan-

1183 593 1240 620 tur
1257 589 1482 631 corporibus:
1511 589 1569 623 An
1588 603 1670 625 vero
1687 593 1778 628 intra
1796 608 1942 641 corpora
1957 611 1996 631 ex
2013 603 2154 636 traduce

1183 637 1292 670 fiant?
1334 636 1460 671 Utrum
1487 651 1569 672 vero
1593 642 1741 685 dixeris,
1771 657 1844 678 non
1869 655 1918 681 est
1941 650 2154 685 excludenda

1183 685 1248 720 Dei
1267 689 1460 730 praesentia
1479 689 1516 722 in
1532 691 1741 727 formatione
1766 702 1799 728 et
1817 696 2067 733 vivificatione:
2094 704 2154 735 sed

1182 737 1381 771 firmissime
1396 741 1619 774 statuendum
1637 750 1705 782 est,
1729 745 1974 781 formationem
1997 757 2031 783 et
2048 751 2155 785 vitam

1182 785 1247 820 Dei
1273 799 1360 832 opus
1385 801 1475 831 esse,
1500 791 1588 824 sicut
1609 798 1703 826 totus
1720 794 1878 831 Psalmus
1898 799 1979 833 139.
1997 801 2156 843 affirmat,

1182 849 1246 870 nos
1265 839 1429 880 formari,
1457 841 1625 875 vivificari
1644 850 1678 877 et
1692 845 1805 879 foveri
1822 859 1839 880 a
1858 846 1950 882 Deo:
1979 851 2155 886 Formasti

1181 900 1236 920 me
1257 888 1294 921 in
1322 896 1422 923 utero
1442 892 1563 925 matris
1587 905 1694 928 meae.
1747 895 1800 930 Ac
1822 899 1907 932 utile
1924 907 1974 934 est
1991 902 2156 936 adversus

1182 938 1360 982 epicureas
1386 940 1653 983 imaginationes
1673 947 1871 982 confirmari
1887 950 1990 983 fidem
2010 952 2156 986 illustri-

1183 987 1248 1020 bus
1263 990 1484 1031 testimoniis,
1501 993 1618 1036 qualia
1636 991 1719 1028 haec
1734 1004 1831 1031 sunt:
1859 997 1963 1035 Deut.
1976 1002 2054 1037 30.:
2079 1003 2157 1048 Ipse

1182 1043 1233 1070 est
1250 1036 1318 1070 vita
1337 1044 1415 1079 tua,
1441 1048 1473 1072 et
1490 1041 1676 1084 longitudo
1693 1046 1830 1080 dierum
1856 1056 2007 1085 tuorum.

1230 1084 1352 1122 Actor.
1391 1088 1467 1125 17.:
1502 1089 1544 1123 In
1572 1091 1648 1136 ipso
1671 1104 1810 1137 sumus,
1846 1099 1997 1133 vivimus
2028 1109 2060 1136 et
2083 1115 2156 1137 mo-

1182 1149 1318 1171 vemur.

1231 1186 1364 1221 Coloss.
1387 1189 1435 1222 1.:
1464 1188 1597 1225 Omnia
1616 1205 1678 1238 per
1693 1206 1771 1228 eum
1790 1198 1997 1236 consistunt.

1233 1237 1497 1274 1.'l'imoih.8.:
1516 1241 1640 1276 Coram
1651 1243 1727 1277 Deo
1746 1247 1804 1290 qui
1818 1248 2107 1289 vivificatomnia.

1232 1287 1324 1322 Psal.
1354 1289 1452 1325 104:
1487 1291 1635 1326 Auferes
1661 1296 1822 1339 spiritum
1849 1310 1986 1342 eorum,
2022 1311 2053 1337 et
2076 1316 2155 1347 per-

1183 1337 1306 1380 ibunt,
1333 1347 1367 1374 et
1386 1341 1421 1373 in
1441 1342 1618 1386 pulverem
1637 1353 1867 1382 revertentur.
1920 1350 2069 1386 Emines
2086 1356 2156 1397 spi-

1181 1388 1288 1422 ritum
1313 1396 1412 1424 tuum
1436 1399 1468 1426 et
1486 1395 1756 1438 recreabuntur,
1784 1404 1816 1431 et
1834 1403 2018 1436 renovabis
2034 1404 2156 1437 faciem

1182 1446 1305 1475 terrae.

1232 1489 1323 1524 I'sal.
1350 1491 1426 1525 33.:
1460 1491 1512 1526 De
1537 1495 1635 1529 coelo
1668 1498 1810 1542 respicit
1835 1499 2030 1544 Dominus,
2064 1505 2156 1539 videt

1181 1552 1303 1574 omnes
1327 1542 1418 1576 filios
1443 1541 1648 1588 hominum,
1682 1548 1810 1584 format
1842 1552 2020 1595 sigillatim
2052 1557 2157 1590 corda

1181 1603 1314 1627 eorum.

1232 1641 1321 1675 Psal.
1340 1641 1416 1676 99.:
1446 1643 1577 1679 Scitote
1592 1649 1684 1691 quod
1701 1647 1877 1683 Dominus
1898 1652 1969 1695 ipse
1989 1662 2037 1687 est
2053 1654 2157 1696 Deus,

1182 1691 1254 1730 ipse
1270 1692 1349 1724 fecit
1364 1706 1446 1730 nos,
1474 1702 1506 1728 et
1524 1709 1595 1729 non
1614 1698 1680 1738 ipsi
1698 1711 1770 1729 nos.
1825 1700 1896 1733 Nos
1913 1710 2028 1736 autem
2044 1718 2156 1750 popu-

1182 1738 1236 1770 lus
1253 1739 1347 1778 eius,
1375 1747 1408 1773 et
1425 1753 1507 1774 oves
1524 1755 1667 1786 pascuae
1686 1747 1771 1780 eius.

1223 1786 1288 1821 Iob
1314 1788 1390 1825 14.:
1426 1790 1602 1826 Numerus
1627 1797 1798 1830 mensium
1821 1799 1895 1833 eius
1921 1804 2012 1845 apud
2041 1810 2073 1837 te
2098 1814 2156 1846 est,

1181 1840 1393 1873 constituisti
1409 1843 1598 1877 terminum
1615 1844 1664 1886 ei,
1692 1859 1794 1891 quem
1814 1860 1886 1882 non
1905 1855 2120 1895 praeteribit.

1283 1889 1432 1924 Talibus
1456 1894 1667 1928 testimoniis
1693 1898 1888 1933 confirmati
1914 1910 2006 1936 certo
2025 1911 2155 1938 statua-

1180 1951 1257 1973 mus
1274 1940 1381 1974 vitam
1400 1942 1503 1976 nobis
1519 1956 1538 1977 a
1556 1943 1629 1978 Deo
1647 1947 1722 1979 dari
1741 1955 1773 1981 et
1790 1953 1998 1991 conservari,
2017 1961 2049 1986 et
2068 1967 2155 1999 quo—

1180 1990 1265 2023 tidie
1291 1991 1322 2023 ei
1343 1993 1471 2034 gratias
1487 2005 1648 2037 agamus,
1676 2009 1902 2040 agnoscamus
1924 2004 2155 2045 conditorem,

1179 2048 1211 2075 et
1230 2048 1407 2084 petamuS,
1435 2050 1473 2076 ut
1498 2057 1561 2078 nos
1584 2055 1714 2089 servet,
1740 2050 1910 2091 gubernet
1933 2060 1966 2086 et
1984 2061 2151 2098 protegat.

1178 2090 1273 2125 Haec
1299 2093 1449 2135 cogitare
1474 2096 1595 2129 utilius
1622 2104 1673 2131 est
1696 2111 1800 2143 quam
1826 2103 1982 2144 profanis
1997 2105 2153 2150 disputa-

1178 2142 1336 2176 tionibus
1368 2144 1547 2187 implicare
1575 2154 1722 2182 mentes.
1789 2149 2011 2196 Interrogant
2036 2163 2151 2190 antem

1178 2192 1306 2237 aliqui,
1327 2194 1388 2238 qui
1411 2195 1485 2236 fiat,
1511 2204 1549 2232 ut
1573 2206 1749 2240 peccatum
1777 2201 1820 2234 sit
1838 2202 1874 2234 in
1892 2205 2096 2247 animabus,
2124 2209 2151 2240 si

1178 2254 1298 2275 recens
1322 2252 1496 2282 creantur.
1547 2246 1629 2282 Ideo
1653 2250 1861 2285 concinnius
1893 2265 1964 2288 esse
1989 2256 2150 2291 dixerunt

1177 2293 1285 2337 aliqui
1303 2294 1435 2335 dicere,
1461 2296 1579 2330 Creari
1598 2311 1653 2331 eas
1671 2300 1708 2331 in
1727 2303 1935 2345 corporibus
1953 2317 1991 2338 ex
2008 2308 2147 2341 traduci·

1179 2343 1373 2379 immundo.
1426 2345 1566 2380 Servari
1593 2356 1708 2382 antem
1734 2358 1767 2384 et
1787 2356 1969 2396 propagari
1987 2364 2146 2390 naturam

1178 2394 1302 2434 taleni,
1327 2396 1440 2438 qualis
1464 2409 1557 2431 nnnc
1581 2406 1648 2437 est,
1674 2406 1710 2433 ut
1736 2402 1795 2445 qui
1820 2405 1961 2447 pedem,
1988 2409 2147 2451 quamvis

1178 2444 1362 2483 claudum,
1396 2447 1533 2482 retinet,
1585 2448 1632 2482 Et
1658 2447 1741 2483 haec
1770 2454 1813 2485 de
1844 2456 1986 2488 traduce
2017 2470 2144 2490 conw-

1178 2494 1281 2527 ninnt
1300 2496 1342 2527 ail
1361 2496 1509 2530 dictum:
1534 2497 1622 2532 Ecce
1639 2500 1673 2532 in
1701 2501 1944 2547 iniquitatibus
1963 2515 2145 2550 conceptus

1178 2556 1273 2585 sum,
1300 2552 1333 2578 et
1351 2546 1386 2578 in
1405 2549 1550 2590 peccatis
1567 2551 1723 2594 coiicepit
1740 2565 1794 2585 ine
1811 2562 1920 2588 mater
1948 2569 2032 2592 inea.
2075 2560 2143 2594 Sed

1178 2593 1262 2628 baec
1292 2597 1545 2633 consideranda
1578 2601 1636 2641 iis,
1661 2614 1812 2646 quorum
1847 2612 1936 2639 aetas
1963 2610 2142 2651 maturuit,

1180 2646 1354 2690 relinquo.

1481 2697 1557 2732 67*
