2324 2955
102 113 148 147 21

101 194 186 240 quid
206 191 391 238 gloriosius
411 193 454 227 de
470 190 615 226 homine
637 190 707 224 dici
731 197 860 235 potest,
887 201 991 236 quam
1011 200 1084 223 esse

99 251 232 278 mentes
251 251 386 278 nostras
411 242 569 287 specula,
596 242 633 274 in
659 253 747 286 quae
766 241 892 286 sparsit
908 241 1084 282 Deusora-

99 295 176 329 dios
207 292 310 328 liuius
340 306 421 327 suae
454 293 663 337 sapientiae,
710 291 937 325 monstrantis
967 291 1083 336 ipsum

97 343 214 379 Deum
226 371 235 385 ‚
263 351 297 378 et
315 356 450 377 summa
468 343 506 376 in
523 355 563 376 eo
581 344 691 383 bona,
718 343 850 376 scilicet
872 340 1081 386 sapientiam

98 403 131 430 et
148 394 343 429 iusticiam?
369 395 465 437 Quid
485 401 565 427 sunt
582 401 714 427 caetera
730 393 839 434 bona,
866 392 982 438 qualia
1002 397 1084 425 sunt

97 446 136 478 in
153 445 362 490 pecudibus,
389 445 477 486 vita,
504 445 632 479 sanitas
647 455 853 487 corporum,
879 450 914 477 et
935 443 1082 486 agilita5‚

96 496 293 540 voluptates
321 496 358 528 in
384 496 534 539 pabulo,
560 502 665 539 potu,
693 494 909 526 concubitu?
966 491 1082 526 Fateri

97 558 236 579 necesse
258 552 324 586 est,
351 546 463 579 maius
480 547 613 578 honum
631 555 702 577 esse
719 544 924 588 sapientiam
942 550 974 576 et
992 543 1084 575 inter

97 608 219 630 omnes
235 597 362 639 gradus
380 595 570 639 sapientiae
585 606 760 628 summum
779 606 868 635 esse,
894 593 1083 627 discrimen

96 645 327 680 honestorum
360 653 392 679 et
423 646 598 689 turpium,
639 646 732 690 quod
766 644 920 678 ostendit
947 651 980 677 et
1010 655 1082 676 esse

98 697 235 735 Deum,
269 703 301 729 et
326 695 438 740 qualis
464 696 527 736 sit,
554 703 586 729 et
609 707 680 728 esse
703 696 879 729 vindicem
903 695 1083 729 scelerum.

99 746 298 790 Oportebat
312 753 426 779 autem
450 758 515 779 nos
541 746 719 780 intuentes
744 746 781 778 in
811 746 914 778 nobis
941 742 1004 778 lios
1027 757 1083 777 ra-

98 797 173 830 dios
208 796 399 840 sapientiae
425 795 512 836 Dei,
552 808 737 840 agnoscere
771 796 988 830 conditorem
1003 822 1011 835 ,
1050 801 1083 828 et

98 858 215 880 amare
231 847 391 880 ordinem
411 847 454 879 ab
472 847 545 891 ipso
563 847 734 880 sancitum
750 854 784 880 et
802 858 866 879 nos
885 852 1084 879 reverenter

99 897 131 930 ei
147 897 335 938 subiicere,
370 904 402 930 et
427 897 518 930 intra
539 905 664 938 metas,
699 908 785 941 quas
807 898 910 930 nobis
933 896 1085 929 circum—

99 948 216 989 dedit,
243 959 306 980 nos
323 946 515 983 cohercere.
557 948 624 982 Sed
644 946 731 991 proh
752 948 853 980 dolor
869 948 965 981 triSte
982 946 1085 980 dissi-

99 999 199 1032 dium
219 1005 269 1031 est
284 999 514 1042 cupiditatum
532 1005 565 1032 et
583 996 688 1032 huius
708 998 795 1031 lucis
818 998 855 1030 in
880 1004 996 1031 mente
1018 994 1084 1030 hu-

99 1060 221 1088 mana,
247 1055 280 1082 et
296 1050 390 1081 unde
408 1048 452 1082 sit
474 1055 590 1082 ortum
617 1046 682 1081 hoc
703 1049 907 1089 dissidium,
933 1054 965 1081 et
984 1048 1086 1092 quale

99 1099 161 1140 sit,
185 1099 339 1132 ostendit
356 1100 516 1132 doctrina
535 1098 722 1132 Ecclesiae.
776 1097 845 1132 Sed
863 1106 978 1132 tamen
1003 1098 1086 1130 reli-

100 1161 168 1194 qua
187 1156 237 1183 est
255 1150 289 1181 iu
309 1157 433 1183 natura
452 1148 604 1183 humana
630 1147 713 1182 haec
738 1150 900 1189 facultas,
927 1155 965 1181 ut
990 1159 1088 1180 meus

98 1200 237 1233 frenare
261 1201 416 1234 membra
441 1200 567 1244 possit,
593 1207 632 1234 ut
656 1207 796 1234 externa
819 1199 1019 1234 obedientia
1044 1200 1086 1232 ad

100 1250 210 1294 legem
227 1258 406 1293 congruat.

201 1300 292 1333 Cum
308 1308 423 1333 autem
440 1301 522 1333 velit
533 1300 626 1333 Deus
642 1307 674 1333 et
689 1308 807 1334 notam
823 1312 894 1334 esse
910 1300 947 1332 in
963 1310 1089 1342 genere

102 1347 259 1382 humano
285 1347 374 1382 hanc
399 1361 496 1382 suam
520 1349 726 1392 sapientiam
751 1358 783 1383 et
809 1351 967 1383 iusticiae
993 1349 1091 1381 ordi-

103 1410 202 1437 nem,
230 1405 263 1429 et
281 1396 443 1428 homines
467 1396 498 1428 ei
521 1396 683 1433 obedire,
711 1401 870 1429 condidit
887 1398 1092 1434 Ecclesiam,

102 1447 140 1480 in
158 1458 225 1491 qua
245 1456 380 1489 semper
398 1457 516 1478 vocem
534 1446 649 1487 legum
671 1445 909 1486 conservavit,
942 1451 975 1478 et
993 1444 1092 1478 addi-

102 1497 155 1530 dit
170 1496 347 1540 politicam
364 1496 657 1538 gubernationem
678 1502 710 1528 et
730 1495 978 1538 Magistratus,
1005 1505 1092 1539 quos

103 1546 269 1581 instruxit
293 1546 480 1579 autoritate
505 1552 536 1579 et
561 1545 686 1586 armis,
720 1553 759 1579 ut
784 1547 876 1589 leges
898 1546 936 1578 in
962 1545 1092 1589 populo

103 1604 231 1632 sonent
252 1603 285 1631 et
308 1603 489 1638 tueantur,
522 1603 555 1630 et
584 1596 733 1640 puniant
759 1605 994 1631 contumaces.
1046 1593 1094 1628 Et

103 1648 186 1694 quia
209 1648 265 1681 lex
294 1647 369 1681 sine
395 1647 598 1681 executione
620 1653 653 1680 et
679 1646 754 1680 sine
779 1647 902 1692 poenis
927 1647 1094 1680 adversus

103 1705 345 1737 contumaces,
372 1697 488 1731 inanis
512 1697 648 1731 sonitus
673 1704 744 1739 est,
769 1710 843 1732 non
866 1698 980 1732 solum
998 1709 1095 1730 com-

103 1748 286 1783 mendavit
316 1760 445 1793 poenas
476 1748 762 1792 Magistratibus‚
799 1750 858 1783 sed
892 1749 966 1793 ipse
999 1748 1095 1781 Deus

103 1810 268 1845 praesens
284 1799 321 1832 in
339 1799 517 1844 imperiis,
544 1811 604 1833 sua
620 1799 801 1842 vigilantia
824 1807 857 1834 et
880 1799 1016 1833 iusticia
1039 1810 1096 1832 re-

104 1848 213 1885 trahit
235 1856 352 1884 sontes
377 1852 420 1884 ad
442 1848 619 1884 horrenda
643 1851 833 1893 supplicia,
856 1851 963 1883 immo
980 1856 1014 1883 et
1031 1861 1096 1882 no-

105 1901 186 1935 stris
215 1901 423 1945 corporibus
455 1901 587 1935 indidit
617 1901 857 1934 inevitabilem
888 1900 1098 1940 carnificem,

105 1952 246 1986 dolores
261 1951 515 1996 conscientiae,
541 1952 601 1997 qui
619 1963 740 1985 omnes
754 1959 871 1986 sontes
886 1951 1097 1991 excruciant,

106 2008 147 2036 ut
167 2002 402 2046 conspiciatur
419 2002 607 2036 discrimen
625 2002 717 2036 inter
740 2010 832 2037 recte
855 2004 943 2037 facta
970 2009 1002 2035 et
1022 2008 1099 2035 tur-

107 2052 177 2097 pia.
217 2051 283 2085 llis
299 2053 483 2087 doloribus
501 2053 756 2094 convincimur,
783 2060 822 2088 ut
839 2055 1012 2088 fateamur
1028 2063 1099 2085 esse

106 2101 224 2137 Deum
241 2103 432 2147 sapientem
449 2110 482 2138 et
499 2104 649 2144 iustum,
675 2111 708 2138 et
726 2104 827 2143 velle,
854 2111 892 2138 ut
910 2104 1018 2137 simus
1035 2103 1099 2147 ipsi

109 2153 321 2192 conformes,
346 2160 379 2187 et
398 2154 486 2188 iuste
505 2155 631 2198 punire
644 2161 879 2190 contumaces.
912 2154 987 2188 lllis
1005 2166 1100 2191 vero,

109 2204 172 2250 qui
188 2211 270 2238 sunt
287 2204 318 2238 ei
336 2205 552 2246 conformes,
578 2206 920 2240 communicaturum
939 2217 1010 2238 esse
1029 2215 1100 2237 sese

110 2261 144 2289 et
158 2266 220 2289 sua
236 2256 347 2289 bona:
376 2255 510 2297 Vitam,
537 2256 763 2300 sapientiam,
790 2256 963 2290 iusticiam
983 2262 1015 2289 et
1032 2256 1102 2288 lae-

110 2305 242 2341 ticiam.
296 2304 472 2341 Attribuit
489 2312 605 2341 autem
622 2306 845 2351 Magistratui
863 2305 927 2341 lios
951 2313 1104 2352 quatuor

113 2357 242 2400 gradus
261 2357 471 2391 officiorum.

216 2407 395 2449 Primum,
429 2415 468 2442 ut
491 2414 590 2442 sonet
615 2420 734 2441 vocem
759 2408 845 2451 legis
870 2407 1033 2448 divinae,
1068 2407 1103 2440 id

113 2464 165 2492 est
174 2456 359 2501 Decalogi,
387 2470 447 2492 seu
463 2466 501 2492 ut
518 2459 762 2500 nominamus,
788 2458 890 2502 Legis
905 2465 1050 2492 naturae
1068 2457 1105 2490 in

115 2519 243 2552 genere
262 2506 429 2544 humano.
486 2509 572 2544 Vult
596 2510 752 2554 conspici
775 2520 846 2542 sese
865 2508 962 2543 Deus
983 2508 1020 2541 in
1045 2520 1106 2542 sua

116 2559 205 2602 lege.
257 2557 359 2592 Hanc
385 2560 493 2603 igitur
519 2561 595 2594 vult
620 2560 773 2605 proponi
797 2566 830 2593 et
851 2571 1011 2593 normam
1035 2571 1107 2593 esse

117 2608 280 2643 omnium
299 2610 548 2653 consiliorum,
573 2623 646 2644 non
666 2611 743 2645 vult
758 2621 821 2644 nos
837 2610 966 2645 nostris
984 2610 1108 2654 imagi-

118 2659 325 2695 nationibus
343 2660 436 2705 regi‚
458 2668 518 2697 aut
540 2661 761 2697 comminisci
785 2661 896 2705 leges,
921 2673 1011 2707 quae
1033 2673 1109 2696 ma-

611 104 771 141 DECL.
803 103 876 140 DE
909 100 1255 152 ¹DIGNITATE
1292 100 1499 140 LEGUM
1535 112 1618 141 ETC.

2078 107 2126 141 22

1137 188 1252 222 larum
1286 188 1519 232 cupiditatum
1550 188 1620 222 sint
1649 189 1848 230 ministrae,
1882 198 1921 224 ut
1943 189 2123 236 Lycurgus

1136 238 1305 272 concessit
1322 240 1513 279 adulteria,
1540 240 1568 272 si
1586 240 1724 273 adulter
1747 240 1922 285 paciscens
1947 253 2025 273 cum
2049 254 2123 274 ma-

1134 290 1220 331 rito,
1247 289 1471 333 permittente
1489 301 1528 322 eo
1541 316 1549 330 ‚
1576 292 1752 324 frueretur
1769 291 1883 325 aliena
1903 291 2062 333 coniuge.

1236 339 1438 373 Secundum
1471 340 1625 373 officium
1657 348 1725 384 est,
1760 349 1799 376 ut
1823 341 2051 385 Magistratus
2078 342 2122 376 sit

1135 396 1298 423 executor
1317 391 1432 434 legum
1450 389 1654 424 divinarum
1668 417 1677 432 ‚
1703 403 1742 425 ac
1758 403 1876 426 severe
1893 392 2019 437 puniat
2036 403 2121 426 con-

1135 447 1299 475 tumaceS.

1238 491 1420 532 Tertium,
1448 497 1486 523 ut
1508 502 1586 524 suas
1606 492 1773 536 quasdam
1790 491 1881 534 leges
1897 493 2022 533 addat,
2049 504 2122 525 non

1135 549 1330 585 pugnantes
1354 553 1431 574 cum
1459 541 1608 581 divinis,
1644 543 1703 574 sed
1731 553 1819 586 quae
1842 542 2122 576 circumstantias

1136 592 1271 636 aliquas
1287 593 1401 634 legum
1425 592 1641 635 generalium
1660 592 1913 630 determinent,
1946 593 2123 634 probabili

1135 643 1290 682 ratione,
1317 649 1349 675 et
1368 643 1437 676 sint
1461 642 1676 675 adminicula
1699 643 1815 685 legum
1837 642 2056 683 divinarum,
2084 650 2123 676 ut

1135 705 1213 726 cum
1231 694 1359 735 gradus
1377 693 1630 736 suppliciorum
1650 693 1802 727 ordinat.

1238 743 1433 785 Quartum,
1460 750 1499 776 ut
1522 743 1566 777 sit
1580 749 1744 777 executor
1762 754 1905 776 suarum
1924 743 2061 785 legum,
2090 749 2123 776 et

1135 794 1260 838 puniat
1275 800 1506 828 contumace&

1239 844 1360 889 Itaque
1384 856 1462 877 cum
1485 842 1581 877 Deus
1605 844 1678 888 ipse
1702 844 1781 876 sons
1813 843 1857 877 sit
1888 843 2004 886 legum
2026 850 2059 877 et
2082 844 2125 877 sit

1137 902 1239 928 autor
1256 902 1288 928 et
1304 901 1529 928 conservator
1547 895 1680 938 politici
1698 894 1852 934 ordinis,
1879 894 1967 927 sicut
1987 894 2127 938 sapien-

1138 946 1185 978 tia
1210 944 1274 978 Dei
1298 946 1390 989 apud
1413 944 1639 978 Salomonem
1664 945 1794 990 inquit:
1838 944 1906 977 Per
1940 957 1994 977 me
2029 955 2125 987 reges

1138 1003 1303 1039 regnaut,
1337 1003 1369 1029 et
1390 996 1521 1028 iudices
1548 995 1637 1029 iusta
1659 996 1872 1035 decernunt,
1900 1006 2126 1037 agnoscamus

1140 1054 1173 1080 et
1192 1047 1302 1089 ipsam
1328 1046 1442 1088 legum
1470 1046 1677 1089 sapientiam
1703 1052 1736 1079 et
1753 1044 2023 1087 Magistratuum
2048 1056 2128 1088 gra-

1139 1098 1204 1130 dus
1222 1095 1461 1129 beneficiaDei
1478 1108 1566 1136 esse,
1594 1103 1625 1129 et
1639 1103 1839 1129 reverenter
1854 1107 1918 1128 nos
1935 1095 2125 1139 sapientiae

1140 1146 1205 1181 Dei
1243 1153 1275 1180 et
1308 1147 1474 1189 legitimis
1506 1146 1771 1190 Magistratibus
1801 1146 2045 1186 subiiciamus,
2095 1152 2127 1178 et

1141 1197 1309 1237 sciamus,
1342 1198 1417 1230 sine
1440 1198 1511 1230 ulla
1536 1197 1755 1230 dubitatione
1779 1196 2033 1229 contumaciam
2063 1207 2130 1239 pu—

1142 1248 1233 1288 uiri,
1262 1248 1350 1280 sicut
1368 1248 1536 1281 Salomon
1554 1248 1686 1292 inquit:
1717 1247 1820 1280 Time
1839 1246 2050 1285 Dominum,
2079 1245 2129 1278 fili

1143 1299 1209 1338 mi,
1243 1305 1276 1331 et
1294 1310 1408 1341 regem
1422 1325 1430 1338 ,
1458 1305 1490 1332 et
1507 1310 1584 1331 cum
1601 1297 1776 1331 seditiosis
1792 1310 1835 1330 ne
1852 1297 1958 1330 facias
1977 1297 2130 1336 foedera,

1144 1349 1224 1393 quia
1243 1348 1360 1381 subito
1378 1349 1495 1381 veniet
1512 1348 1675 1381 interitus
1692 1359 1826 1382 eorum.

1247 1397 1342 1428 llaec
1358 1409 1438 1428 vera
1457 1398 1570 1429 oratio
1595 1399 1638 1430 de
1660 1398 1773 1439 legum
1791 1403 1823 1429 et
1841 1396 1976 1439 politici
1994 1395 2130 1428 ordinis

1145 1445 1314 1487 dignitate
1343 1447 1451 1489 saepef
1469 1447 1657 1489 repetenda
1681 1453 1748 1487 est,
1775 1453 1815 1479 ut
1841 1458 1919 1479 cum
1940 1446 2131 1489 cogitamus

1146 1496 1237 1537 leges
1256 1506 1328 1527 non
1346 1506 1417 1528 esse
1433 1496 1572 1528 vincula
1591 1494 1746 1528 humano
1763 1496 1909 1528 consilio
1933 1496 2133 1537 excogitata,

1146 1557 1209 1578 nec
1226 1545 1385 1589 imperita
1408 1552 1545 1579 tantum
1570 1543 1724 1578 humana
1751 1546 1918 1578 violentia
1944 1545 2134 1578 constituta

1146 1607 1235 1636 esse,
1271 1597 1333 1629 sed
1359 1596 1449 1639 leges
1473 1608 1553 1629 vere
1578 1607 1649 1629 esse
1673 1596 1879 1639 sapientiam
1904 1594 1988 1635 Dei,
2023 1602 2056 1628 et
2079 1602 2134 1628 to-

1146 1654 1221 1681 tum
1249 1646 1411 1679 ordinem
1433 1647 1634 1691 politicum:
1674 1646 1917 1690 Magistratus,
1949 1645 2136 1689 praesidia,

1148 1704 1359 1737 contractus,
1387 1697 1527 1738 iudicia,
1554 1708 1701 1741 poenas,
1728 1696 1830 1730 aDeo
1849 1696 2048 1730 institutum
2064 1707 2136 1728 esse

1148 1755 1181 1782 et
1212 1748 1431 1789 conservari,
1475 1748 1669 1782 reverentia
1699 1747 1736 1780 in
1761 1747 1887 1781 animis
1913 1747 2080 1780 excitetur
2104 1753 2137 1779 et

1148 1799 1385 1834 confirmetur.

1251 1849 1319 1883 Sed
1342 1850 1434 1883 dicat
1452 1849 1594 1894 aliquis:
1623 1849 1719 1892 Quid
1739 1847 1823 1883 haec
1839 1849 1953 1883 oratio
1972 1850 2014 1882 de
2026 1847 2138 1882 Deca-

1150 1901 1228 1943 logo
1245 1901 1326 1933 sacit
1343 1902 1386 1933 ad
1405 1898 1487 1933 haec
1504 1900 1630 1944 scripta
1650 1900 1982 1934 lurisconsultorum
1993 1899 2136 1943 Ulpiani

1150 1958 1209 1984 aut
1235 1950 1389 1991 Bai-toli,
1421 1963 1483 1983 cur
1508 1951 1630 1984 misces
1656 1951 1776 1984 divina
1799 1948 1984 1989 humanis,
2019 1957 2051 1982 et
2078 1960 2139 1982 cur

1151 2014 1224 2034 non
1245 2003 1491 2034 anteferuntur
1508 2001 1596 2044 leges
1607 2000 1715 2034 Moisi
1728 2004 1743 2033 ?
1788 2000 1889 2033 Ilauc
1905 2000 2139 2033 obiectionem

1151 2052 1296 2086 refutari
1316 2063 1453 2085 necesse
1472 2058 1534 2085 est.
1589 2051 1635 2086 Ut
1653 2058 1807 2085 caeterae
1826 2057 1916 2084 artes
1933 2051 2060 2094 partim
2078 2051 2140 2082 de-

1152 2103 1489 2140 monstrationibus,
1522 2102 1648 2145 partim
1673 2102 1918 2146 probabilibus
1945 2100 2140 2134 rationibus

1154 2166 1193 2187 ex
1212 2154 1343 2186 divinis
1362 2152 1502 2185 noticiis
1528 2159 1703 2186 extructae
1728 2158 1825 2191 sunt,
1853 2158 1892 2184 ut
1909 2149 2142 2184 Arithmetica

1154 2217 1193 2238 ex
1217 2205 1418 2247 cognitione
1441 2203 1710 2247 proportionum
1733 2209 1871 2245 sumpta
1893 2208 1957 2234 est:
1993 2201 2041 2234 ita
2065 2200 2143 2234 Ro-

1154 2267 1279 2289 manae
1297 2255 1388 2297 leges
1405 2266 1444 2287 ex
1465 2254 1604 2287 noticiis
1622 2253 1860 2292 naturalibus,
1885 2263 1973 2296 quae
1991 2258 2071 2285 sunt
2087 2263 2144 2283 ra-

1156 2306 1206 2339 dii
1225 2305 1415 2349 sapientiae
1434 2304 1594 2344 divinae,
1622 2304 1659 2336 in
1675 2303 1852 2345 Decalogo
1871 2303 2024 2336 breviter
2050 2314 2145 2335 com-

1157 2354 1344 2401 prehensi,
1386 2357 1479 2389 bona
1505 2354 1754 2399 consequentia
1785 2354 1909 2386 ductae
1941 2359 2034 2388 sunt.
2100 2350 2146 2384 Et

1157 2419 1294 2452 semper
1317 2407 1383 2440 suit
1411 2417 1467 2438 ars
1494 2403 1851 2444 Iurisconsultorum,
1890 2415 2009 2436 causas
2028 2409 2148 2436 osteu-

1157 2459 1240 2492 dere
1257 2469 1399 2491 suarum
1419 2456 1672 2489 sententiarum
1690 2456 1726 2488 in
1747 2454 1817 2488 illis
1835 2454 2003 2487 sontibus.
2041 2453 2148 2486 Prae-

1158 2516 1252 2543 terea
1266 2506 1331 2542 hac
1347 2506 1534 2541 autoritate
1552 2506 1700 2540 armavit
1710 2504 1805 2540 Deus
1815 2503 2063 2547 Magistratum
2075 2531 2083 2543 ,
2111 2510 2148 2535 ut

1159 2560 1265 2593 etiam
1288 2571 1368 2593 cum
1390 2557 1643 2591 demonstratio
1667 2557 1782 2595 deest,
1809 2562 1843 2589 et
1867 2556 1904 2589 in
1932 2554 2150 2588 decernendo

1160 2610 1382 2656 probabilem
1414 2607 1587 2642 rationem
1620 2608 1797 2653 sequitur,
1830 2617 1903 2640 non
1938 2611 2151 2649 pugnantem

1160 2672 1240 2696 cum
1273 2661 1348 2694 iure
1380 2658 1519 2694 divino:
1565 2664 1684 2695 tamen
1711 2659 1765 2692 lex
1788 2657 1887 2692 firma
1912 2656 1969 2693 sit.
2041 2654 2151 2698 quue

1495 2707 1555 2744 2*
