2324 2955
167 135 238 169 291

171 231 275 264 quam
290 224 388 251 antea
399 215 601 256 Principum
613 211 757 245 bellum.
794 208 1038 243 Conscientiae
1055 210 1150 243 enim
1175 210 1178 248 ξ

171 272 208 302 in
225 269 384 314 pluribus
402 267 436 297 in
452 262 706 296 dubitationem
725 261 1000 293 adducebantur.
1054 260 1152 294 Facit
1178 301 1179 307 ἵ

173 319 333 353 Pontifex
361 313 532 347 Iohannes
554 311 748 344 Vicesimus
771 312 942 344 secundus
965 312 1153 351 decretum,
1178 309 1179 339 Ϊ

175 371 210 402 in
239 380 307 412 quo
332 364 512 398 Ludovico
540 362 726 405 praecipit,
761 368 799 394 ut
824 363 975 405 deponat
1001 362 1152 404 dignita-

175 427 254 453 tem.
310 415 347 448 Id
364 415 430 447 nisi
448 414 579 452 fecerit,
607 419 639 445 et
658 413 770 455 ipsum
788 418 821 444 et
839 424 959 444 omnes
975 413 1004 444 ei
1020 413 1154 445 obtem-

175 473 333 513 perantes
356 466 450 498 eiicit
473 476 511 497 ex
537 461 712 496 Ecclesiae
737 463 1003 501 communione,
1031 470 1068 496 ut
1091 475 1155 495 no-
1180 486 1181 508 3

175 520 359 551 minamus.

278 567 383 600 Initio
414 565 541 598 obiecit
570 564 730 597 Pontifex
757 562 938 596 Ludovico
970 560 1055 594 haec
1086 563 1155 595 duo

178 618 342 655 crimina,
385 617 535 660 primum
571 616 663 659 quod
700 612 864 646 Galeacio
900 613 1156 645 Mediolanensi

179 681 277 713 opem
294 667 412 701 tulerit
428 673 547 699 contra
562 664 769 708 pontificios.

178 720 336 752 nondum
356 717 579 749 confirmatus
597 727 614 747 a
630 714 792 748 Romano
811 713 979 746 Pontifice
996 725 1099 746 ausus
1116 714 1159 747 sit

178 771 289 802 facere
308 767 529 811 Imperatoris
553 766 674 798 officia.

181 882 252 902 rem
285 880 319 901 se
352 869 425 900 fore
449 867 622 905 iusticiae,
660 867 737 898 ideo
764 865 967 898 (J'raleacium
995 866 1031 897 in
1058 877 1158 898 causa

180 921 267 953 iusta
286 932 302 951 a
320 930 353 950 se
370 918 549 950 defensum
568 928 656 954 esse,
683 917 810 948 deinde
827 917 946 948 eodem
963 916 1157 949 iuramento
1184 917 1185 950 ἰ

180 982 214 1003 se
247 968 414 1011 obligari,
446 975 484 1000 ut
509 968 636 1000 electus
660 967 762 999 faciat
789 966 1011 1008 imperatoris
1036 967 1158 999 officia.
1184 996 1185 1018 3

183 1021 262 1053 Ideo
287 1020 381 1051 enim
407 1019 443 1051 fit
465 1018 607 1056 electio,
636 1024 673 1050 ut
690 1024 802 1049 certus
820 1017 863 1049 sit
880 1017 1042 1049 defensor
1057 1017 1158 1049 iusti-
1184 1038 1185 1060 ;

180 1071 250 1103 ciae
272 1076 305 1102 et
328 1076 441 1101 custos
465 1068 556 1110 pacis
582 1068 617 1099 in
643 1068 807 1099 omnibus
827 1067 1045 1108 regionibus,
1073 1080 1159 1110 qua·

180 1132 257 1152 rum
276 1119 430 1151 defensio
453 1117 658 1160 Imperatori
677 1117 918 1150 commendata
939 1124 1004 1155 est,
1032 1124 1065 1149 et
1083 1118 1158 1159 cogi

1184 1164 1185 1188 ἶ
1211 1166 1381 1210 sapientia
1407 1174 1440 1199 et
1462 1167 1590 1199 virtute
1615 1167 1838 1208 excellerent,
1873 1174 1907 1200 et
1933 1168 2088 1211 ipsorum
2114 1179 2193 1201 sen-

180 1171 344 1203 mandato
363 1169 484 1201 divino
501 1168 693 1212 quamlibet
712 1173 913 1208 potestatem
932 1179 993 1199 suo
1013 1167 1087 1199 loco
1106 1168 1157 1200 fa-

179 1231 254 1253 cere
284 1232 343 1260 ea,
379 1230 467 1263 quae
499 1224 580 1250 sunt
603 1218 654 1250 sui
683 1218 798 1252 officii,

178 1270 320 1313 gerendi
343 1269 450 1312 gladii
475 1268 549 1300 dari
575 1279 592 1299 a
611 1267 796 1305 pontifice,
824 1267 882 1298 sed
908 1279 926 1299 a
943 1266 1035 1306 Deo,
1064 1268 1157 1300 iuxta

176 1321 324 1353 dictum:
353 1318 465 1360 Reges
483 1317 639 1359 gentium
657 1316 904 1353 dominantur,
931 1328 992 1347 vos
1011 1327 1082 1347 non
1100 1317 1157 1348 sic.

179 1370 261 1403 Ideo
286 1369 461 1407 adfirmat,
496 1378 530 1399 se
550 1378 612 1398 nec
633 1377 729 1409 posse
747 1377 810 1397 nec
826 1364 915 1396 velle
933 1365 1121 1408 imperium
1140 1376 1157 1396 a

176 1421 249 1454 Deo
266 1420 386 1452 datum
403 1419 594 1461 deponere,
623 1417 733 1448 donec
752 1414 846 1447 Deus
864 1426 943 1447 eum
959 1415 995 1447 in
1012 1412 1075 1447 bac
1091 1415 1157 1446 mi-

178 1471 252 1504 litia
278 1469 407 1503 servire
430 1468 525 1502 velit.
587 1465 682 1498 Haec
706 1465 905 1508 responsio,
941 1466 969 1497 si
995 1464 1157 1497 Pontifici

177 1533 249 1554 non
274 1518 492 1557 satisfecerit,
519 1528 554 1549 se
572 1527 763 1559 provocare
789 1516 831 1547 ad
856 1515 1044 1557 legitimam
1063 1513 1157 1559 Syn-

177 1570 308 1604 odum‘?
359 1568 435 1600 Hac
466 1566 692 1610 responsione
720 1565 812 1598 edita
837 1565 945 1597 crevit
967 1565 1156 1603 contentio,

177 1620 232 1654 his
255 1620 359 1653 tantis
380 1617 676 1661 disputationibus
694 1616 819 1658 motis,
846 1616 939 1647 unde
956 1615 1025 1648 sint
1047 1615 1156 1658 impe-

177 1672 247 1711 ria,
279 1676 310 1702 et
335 1681 423 1714 quae
448 1668 492 1701 sit
517 1667 683 1700 autoritas
705 1664 886 1709 Episcopi,
922 1678 1009 1710 quae
1036 1666 1079 1698 sit
1105 1666 1157 1698 vis

176 1719 452 1755 confirmationis
474 1717 680 1762 pontificiae.
750 1715 911 1749 Pontifex
934 1717 1157 1760 impudenter

177 1771 364 1808 scribebat,
393 1769 498 1802 Petro
520 1769 636 1801 datam
660 1778 731 1800 esse
749 1778 917 1799 summam
935 1767 1154 1800 autoritatem

176 1834 248 1855 non
272 1821 384 1854 solum
408 1820 445 1852 in
467 1817 661 1851 ministerio
678 1815 881 1859 Evangelii,
910 1818 969 1849 sed
993 1818 1099 1851 etiam
1118 1818 1155 1850 in

175 1872 315 1917 politica
341 1869 604 1913 gubernatione.
683 1867 801 1910 Quare
823 1879 925 1900 nemo
951 1868 1057 1911 possit
1083 1880 1154 1901 esse

176 1922 387 1966 Imperator,
416 1920 482 1953 nisi
507 1919 732 1952 confirmatus
757 1930 774 1950 a
794 1917 956 1951 Romano
975 1918 1154 1954 Pontifice.

173 1972 227 2007 De
252 1970 315 2004 hac
333 1970 536 2016 quaestione
555 1969 663 2001 multa
681 1968 807 2011 scripta
824 1969 991 2013 utrinque
1010 1982 1081 2001 non
1098 1981 1154 2002 so-

172 2024 246 2056 lum
270 2022 484 2067 privatorum
511 2017 716 2058 hominum,
743 2018 804 2063 qui
827 2026 885 2051 aut
906 2019 1079 2052 illustrare
1095 2033 1153 2054 ve—

171 2074 307 2107 ritatem
327 2073 420 2105 bono
438 2070 584 2104 consilio
602 2069 809 2108 studebant,
839 2076 898 2102 aut
916 2069 1078 2104 Pontifici
1099 2084 1153 2104 as·
1178 2109 1179 2114 ¹

1178 2119 1179 2123 ¹
1205 2121 1300 2154 bant.

169 2124 406 2162 sentabantur‚
424 2122 480 2154 sed
494 2121 596 2153 etiarn
609 2119 831 2162 Imperatoris
841 2126 872 2153 et
882 2119 1061 2153 pontificis
1073 2123 1152 2155 ede-

170 2175 309 2208 bantur.

169 2237 207 2258 ac
235 2224 393 2257 nominat
418 2222 654 2255 IIaereticum.
709 2219 786 2252 Hoc
809 2220 993 2253 dissidium
1010 2222 1150 2258 duravit

170 2286 279 2307 annos
298 2281 446 2317 quatuor
462 2281 492 2306 et
513 2271 637 2314 viginti
657 2277 733 2314 post
749 2277 888 2314 captum
902 2269 1136 2309 Austriacum.

270 2323 357 2356 Tam
379 2324 482 2365 longo
499 2330 654 2365 tempore
670 2322 871 2354 acciderunt
888 2328 919 2354 et
936 2324 1075 2356 crebrae
1087 2338 1147 2357 vo-

168 2376 340 2408 luntatum
368 2374 596 2412 mutationes,
625 2380 657 2405 et
682 2384 759 2405 cum
785 2372 868 2404 alibi
889 2373 1065 2414 pontificia
1085 2387 1146 2408 au-

165 2426 286 2458 toritas
304 2425 534 2457 anteferretur
549 2421 771 2465 Imperatori,
799 2422 884 2455 alibi
901 2424 1146 2459 defenderetur
1171 2453 1172 2460 1

164 2475 373 2519 Imperator:
408 2473 578 2507 dubitatio
603 2476 801 2506 moderatos
826 2470 986 2506 homines
1011 2476 1145 2509 duriter

162 2526 346 2565 cruciavit,
379 2531 411 2557 et
441 2524 650 2557 accedebant
678 2524 868 2557 seditiones
894 2531 924 2557 et
949 2525 1142 2567 latrocinia,

159 2589 246 2622 quae
264 2577 381 2609 minus
398 2575 567 2618 compesci
587 2581 744 2616 poterant
757 2602 764 2613 ,
793 2587 871 2607 cum
891 2577 1058 2610 autoritas
1074 2576 1139 2610 lm-

157 2628 327 2671 peratoris
358 2626 558 2659 labefactata
587 2631 683 2656 esset.
744 2624 839 2657 Inter
874 2622 936 2657 hos
968 2628 1138 2661 tumultus

154 2686 268 2711 tamen
300 2685 478 2720 utcunque
509 2682 540 2708 et
573 2675 707 2718 imperii
736 2676 908 2718 fastigium
937 2676 1136 2712 Ludovicus

739 124 893 159 DECL.
929 123 1001 159 DE
1035 123 1337 161 LUDOVICO
1368 123 1622 160 BAVARO.

1178 360 1179 365 ¹
1207 362 1269 394 rati
1299 367 1391 394 mota
1418 368 1530 392 mente
1556 362 1726 394 extinctus
1751 371 1810 395 est.

1182 618 1183 621 ’
1210 621 1322 653 ratur,
1349 625 1466 656 pacem
1484 613 1519 644 in
1539 613 1686 646 urbibus
1702 613 1828 657 passim
1845 614 2008 647 restituit.

823 664 1036 703 Secundum,
1063 664 1155 708 quod
1182 692 1183 700 ,

731 764 928 808 Respondit
956 764 1058 797 initio
1082 777 1158 796 mo-

180 821 297 853 derate
314 817 513 850 Ludovicus
531 828 565 848 se
583 816 619 847 in
639 816 806 848 electione
822 816 970 852 iurasse,
998 815 1158 847 defenso-
1184 812 1185 847 ἔ

1184 877 1185 882 ’
1212 865 1306 905 aliis,
1342 865 1498 908 exposuit
1530 865 1694 905 iniurias,
1727 865 1854 910 quibus
1885 866 2039 899 adfectus
2070 873 2143 900 erat
2173 878 2192 899 a

859 1217 929 1249 Nec
956 1224 1157 1259 potestatem
1183 1211 1185 1221 Δ

364 2171 524 2206 Pontifex
541 2170 761 2203 Ludovicum
780 2170 994 2203 atrocissime
1010 2172 1152 2207 damnat
1177 2184 1178 2188 ¹

1176 2213 1178 2241 3
1203 2221 1364 2266 Denique
1394 2220 1528 2253 etiamsi
1560 2222 1773 2265 pontificiam
1804 2224 2103 2257 confirmationem
2128 2235 2184 2256 ac-

2111 129 2185 164 292

1204 210 1366 249 retinuit,
1404 216 1437 242 et
1468 221 1583 252 pacem
1612 212 1646 244 in
1666 210 1857 244 Germania
1884 213 2051 249 defendit.
2112 215 2185 249 Lu-

1205 259 1356 305 dolphus
1373 258 1574 292 Austriacus
1588 274 1664 294 cum
1682 262 1808 306 passim
1827 263 1990 297 excitaret
2004 265 2186 305 tumultus,

1206 324 1268 344 nec
1292 318 1406 343 tamen
1428 309 1608 343 Ludovico
1633 324 1694 354 par
1719 320 1822 353 esset,
1852 315 1992 346 tandem
2012 312 2186 357 Argento-

1876 364 1923 397 Ita
1945 364 2039 398 Deus
2060 365 2187 397 acerri-

1209 423 1281 444 mos
1319 409 1434 443 hostes
1465 410 1636 444 Ludovici
1669 412 1904 454 singularibus
1934 415 2098 459 exemplis
2131 426 2187 447 re-

1210 468 1342 506 pressu.

1311 511 1446 553 Quarto
1466 512 1571 553 igitur
1585 524 1678 544 anno
1698 519 1773 556 post
1791 512 1970 546 victoriam
1990 513 2189 548 Ludovicus

1210 563 1245 595 in
1265 562 1400 595 Italiam
1423 563 1670 605 proficiscitur,
1697 562 1760 596 nbi
1776 569 1847 596 toto
1864 564 2018 596 triennio
2036 577 2188 598 commo-

2055 614 2190 648 Romae

1210 671 1324 696 autem
1350 665 1390 696 ad
1418 662 1679 704 Cardinalium,
1719 663 1974 707 Episcoporum
2000 671 2032 697 et
2059 665 2191 708 praeci-

1211 726 1360 758 puorum
1385 714 1541 746 virorum
1565 720 1719 754 coetum,
1756 715 1884 747 deinde
1908 722 1941 748 et
1966 716 2056 758 apud
2082 715 2191 749 Sena-

1212 772 1305 804 tum,
1334 764 1370 796 in
1394 776 1462 808 quo
1484 775 1663 796 consessus
1683 765 1747 798 fuit
1766 766 2014 808 praestantium
2034 766 2190 798 virorum

1212 827 1250 847 ex
1281 814 1421 847 familiis
1452 814 1658 857 Principum
1688 814 1915 848 Columnensi
1947 822 1979 848 et
2002 815 2129 849 Ursina
2160 822 2192 849 et

1213 913 1370 948 Iohanne
1395 915 1569 947 Yicesimo
1596 916 1760 948 secundo.
1811 915 1882 948 Nec
1907 916 2005 959 prius
2030 916 2192 950 coronari

1212 966 1341 1005 voluit,
1369 978 1471 1010 quam
1497 965 1723 999 intellexisset
1749 978 1806 998 eos
1832 967 1980 1009 probare
2004 973 2037 1000 et
2054 978 2192 1000 causam

1212 1027 1307 1049 suam
1333 1023 1365 1048 et
1389 1017 1603 1049 voluntatem
1631 1028 1707 1059 erga
1732 1015 1923 1049 Ecclesiam
1941 1016 2117 1060 Rempub.
2140 1028 2192 1049 se-

1212 1078 1278 1110 que
1294 1067 1499 1099 ostendebat
1514 1066 1684 1098 iudicium
1704 1066 1775 1099 illis
1794 1067 2011 1110 permittere,
2036 1079 2122 1111 quos
2138 1067 2192 1100 iu-

1211 1117 1342 1148 dicaret
1368 1122 1532 1160 tanquam
1553 1116 1735 1161 Synodum
1760 1128 1849 1155 esse,
1875 1118 1957 1162 quia
1983 1118 2194 1157 eruditione,

1211 1217 1337 1249 tentias
1362 1228 1396 1249 se
1423 1217 1477 1260 pie
1503 1223 1702 1249 secuturum
1726 1229 1806 1251 esse.
1875 1217 2095 1251 Adfirmabat
2116 1229 2194 1251 am-

1212 1266 1316 1308 plecti
1349 1277 1383 1298 se
1407 1273 1606 1299 constanter
1632 1268 1829 1299 doctrinam
1856 1265 2047 1300 catholicae
2071 1267 2193 1301 Eccle-

1211 1316 1281 1345 siae
1298 1312 1385 1352 Dei,
1411 1320 1445 1346 et
1469 1324 1503 1344 se
1529 1313 1677 1346 maxime
1699 1325 1835 1357 semper
1860 1322 1994 1357 optasse
2019 1323 2052 1349 et
2073 1324 2193 1360 optare

1211 1374 1432 1396 communem
1449 1363 1682 1397 concordiam.

1312 1411 1369 1445 Ad
1388 1411 1471 1446 haec
1489 1420 1521 1446 et
1540 1414 1808 1447 ecclesiasticum
1829 1416 2013 1458 collegium
2032 1423 2065 1450 et
2083 1415 2193 1450 Sena-

1211 1471 1265 1496 tus
1283 1464 1542 1506 responderunt
1555 1490 1563 1502 ,
1590 1475 1624 1496 se
1643 1476 1781 1508 quoque
1797 1465 1970 1503 iudicare,
1997 1464 2191 1498 Iohannem

1213 1513 1423 1546 Vicesimum
1442 1514 1633 1546 secundum
1651 1526 1722 1546 non
1742 1521 1833 1547 recte
1848 1515 1977 1554 fecisse,
2006 1517 2100 1560 quod
2118 1517 2192 1549 sine

1210 1562 1354 1609 Synodo
1383 1570 1416 1596 et
1443 1563 1517 1595 sine
1549 1564 1703 1606 legitima
1736 1565 1935 1607 cognitione
1966 1566 2003 1598 in
2034 1579 2070 1599 re
2096 1573 2191 1600 tanta

1210 1614 1346 1647 decreta
1371 1614 1507 1653 fecerit,
1534 1626 1683 1658 cumque
1707 1615 1834 1648 scirent
1853 1628 1931 1649 eum
1951 1617 2104 1650 alienum
2119 1629 2192 1650 esse

1209 1676 1227 1697 a
1251 1665 1344 1697 falsis
1365 1664 1611 1707 opinionibus,
1640 1665 1727 1697 velle
1746 1677 1779 1698 se
1797 1678 1873 1698 cum
1893 1666 1967 1710 ipso
1987 1668 2191 1700 coniunctos

1209 1726 1291 1749 esse.
1351 1713 1454 1748 Docti
1482 1715 1585 1747 etiam
1617 1716 1830 1749 addiderunt
1861 1717 2040 1751 manifeste
2064 1718 2190 1750 falsum

1209 1777 1300 1806 esse,
1335 1764 1438 1798 Petro
1476 1766 1640 1799 traditam
1680 1777 1751 1799 esse
1782 1778 1954 1800 summam
1986 1775 2190 1813 potestatem

1209 1815 1399 1860 politicam.
1478 1814 1548 1849 Nec
1585 1815 1751 1850 Carolum
1791 1825 1933 1862 propter
1969 1820 2189 1853 autoritatem

1208 1866 1421 1910 pontificiam
1453 1866 1520 1899 dici
1546 1865 1794 1911 Imperatorem
1821 1869 1991 1910 voluisse,
2024 1871 2083 1903 sed
2107 1869 2189 1915 quia

1208 1918 1277 1950 iam
1314 1916 1466 1957 Italiam,
1511 1915 1738 1950 Germaniam
1777 1926 1810 1952 et
1845 1918 1997 1953 Galliam
2038 1921 2189 1959 tenebat,

1207 1968 1319 2011 reipsa
1358 1965 1561 2000 Occidentis
1597 1968 1781 2012 imperium
1820 1982 1899 2003 eum
1939 1972 2109 2010 tenuisse,
2156 1977 2189 2004 et

1207 2026 1324 2052 tamen
1344 2018 1486 2051 titulum
1507 2030 1579 2050 non
1596 2019 1747 2052 voluisse
1762 2021 1962 2062 admittere,
1989 2022 2056 2055 nisi
2075 2029 2188 2055 trans-

1206 2068 1343 2103 actione
1375 2069 1462 2101 facta
1492 2081 1571 2102 cum
1602 2069 1662 2109 iis,
1702 2071 1763 2114 qui
1799 2078 1882 2104 tunc
1912 2072 2053 2106 titulum
2089 2079 2186 2105 tene-

1351 2117 1446 2152 Deus
1470 2119 1615 2163 imperia
1638 2121 1770 2154 stabilit
1791 2129 1823 2156 et
1839 2124 2020 2162 transfert,
2048 2129 2085 2156 ut
2102 2122 2187 2155 scri-

1204 2177 1303 2214 ptum
1327 2176 1394 2210 est,
1429 2182 1492 2203 nec
1519 2171 1700 2204 translatio
1723 2172 1782 2205 illa
1807 2174 1969 2206 mandata
1999 2181 2048 2207 est
2070 2172 2185 2208 Petro.

1204 2273 1325 2304 cedere
1355 2270 1541 2304 Pontifices
1574 2272 1702 2313 velint,
1744 2280 1861 2306 tamen
1896 2274 2025 2307 debent
2056 2272 2184 2307 habere

1202 2323 1309 2356 iustas
1333 2333 1469 2361 causas,
1497 2323 1522 2354 si
1548 2323 1849 2356 confirmationem
1870 2324 2055 2367 denegent.
2109 2323 2183 2359 Hac

1172 2371 1175 2378 ’
1200 2380 1270 2407 tota
1296 2373 1530 2406 controversia
1555 2374 1730 2417 sapienter
1751 2374 1941 2417 disputata,
1968 2376 2055 2409 fiunt
2071 2374 2181 2409 Sena-

1199 2423 1414 2457 tusconsulta
1447 2430 1479 2456 et
1511 2424 1555 2456 ab
1589 2424 1818 2457 ecclesiastico
1847 2425 1993 2469 collegio
2015 2433 2050 2460 et
2074 2438 2091 2459 a
2117 2425 2180 2460 Se-

1197 2482 1299 2515 nam,
1327 2481 1365 2508 ut
1390 2485 1518 2506 corona
1547 2475 1768 2517 imperatoria
1793 2483 2006 2510 coronentur
2022 2476 2180 2510 Ludovi-

1196 2537 1254 2557 cus
1273 2533 1305 2559 et
1322 2526 1395 2558 eius
1413 2525 1567 2558 coniunx
1585 2524 1774 2567 Magaris,
1802 2538 1888 2569 quae
1898 2526 2031 2560 Frisiae
2048 2534 2079 2561 et
2090 2526 2181 2561 Hol-

1195 2576 1331 2609 landiae
1354 2576 1496 2608 domina
1520 2575 1596 2608 fuit.
1649 2574 1841 2609 Coronatio
1864 2578 1952 2610 facta
1968 2578 2105 2611 estiritu
2123 2590 2180 2612 so-

1193 2626 1288 2658 lenni
1313 2626 1448 2661 Romae
1483 2626 1539 2657 die
1572 2626 1720 2668 septimo
1747 2627 1883 2660 decimo
1910 2627 2066 2661 Ianuarii
2094 2630 2177 2662 anni

1191 2677 1367 2710 millesimi
1408 2676 1641 2709 trecentesimi
1681 2678 1794 2710 octavi
1836 2689 1853 2710 a
1894 2676 2081 2723 Stephano,
2106 2678 2175 2713 Co-
