2324 2955
105 123 178 159 997

100 207 226 242 dusius
255 206 427 249 interfici,
456 207 537 254 quia
561 213 595 241 et
613 205 824 241 Gratianum
847 206 1039 244 occiderat,
1067 211 1101 238 et

106 264 223 303 postea
254 258 360 292 misso
384 260 429 292 ad
454 270 535 291 eum
559 256 751 291 Ambrosio
777 257 1019 301 Moguntiam,
1045 266 1100 288 ce-

106 310 189 342 dere
204 309 251 342 de
268 308 418 353 imperio
435 309 608 343 noluerat.
660 307 829 342 Scribunt
844 315 876 341 et
885 306 1100 351 Episcopum

106 358 310 392 Martinum
334 371 413 392 cum
437 358 468 391 ei
492 358 677 391 familiaris
702 366 807 400 esset,
839 356 1101 392 dehortatorem

105 409 217 442 fuisse
235 409 319 442 belli
337 410 505 442 adversus
522 407 761 443 Theadosium
782 409 961 442 movendi.

212 464 464 510 Ambragatius
485 469 556 502 dux
574 468 722 501 Maximi
746 480 816 501 sese
833 469 871 501 in
886 479 981 500 mare
1000 477 1099 510 prae-

110 517 277 561 cipitavit.
319 517 445 552 Pacata
463 518 565 552 Italia
580 525 614 552 et
630 519 756 552 vicinis
774 518 965 563 provinciis
976 515 1099 550 Theo-

109 568 230 601 dosius
249 566 402 602 Romam
425 569 588 607 accessit,
623 569 687 602 ubi
710 576 743 603 et
766 570 895 613 templa
920 568 1098 601 idolorum

108 618 224 652 claudi
249 618 403 657 curavit,
431 626 464 652 et
489 619 599 653 multa
626 619 742 664 turpia
766 620 921 663 exempla
944 617 1098 651 sustulit.

109 667 382 702 Valentinianus
412 681 494 702 vero
528 669 566 702 in
592 669 743 704 Galliam
775 669 949 710 discessit,
991 679 1097 713 qnam

108 724 187 762 post
204 718 353 752 Maximi
379 719 562 753 interitum
589 720 677 754 rexit
702 732 815 753 annos
834 720 972 753 circiter
990 717 1097 763 quin-

108 781 189 814 que.
242 766 356 803 Erant
386 777 502 804 autem
537 771 631 814 apud
664 783 744 804 eum
765 769 946 812 Eugenius
972 769 1098 810 scriba,

108 825 142 852 et
165 820 237 853 dux
260 819 474 853 exercituum
499 820 716 864 Arbogastus
739 822 794 854 vir
819 820 1002 860 GotticuS‚
1036 818 1097 863 qui

107 867 264 902 Francos
287 878 511 914 represserat.
564 871 632 905 Per
654 870 718 905 hos
740 872 829 905 duos
846 870 1045 914 Eugenium
1065 874 1098 901 et

107 917 346 962 Arbogastum
380 922 537 965 corrupti
567 922 775 955 cubicularii
805 920 1096 954 Valentinianum

108 969 144 1002 in
168 970 256 1003 urbe
273 968 412 1004 Galliae
431 971 569 1004 Vienna
595 972 720 1015 laqueo
738 972 970 1014 strangulant.
1022 967 1098 1001 Eu-

107 1020 249 1062 geniUS,
282 1021 342 1064 qui
364 1032 401 1053 se
424 1022 671 1064 imperatorem
682 1020 951 1064 nominaverat,
977 1025 1097 1063 postea

108 1076 230 1113 captus
256 1081 329 1102 non
356 1070 478 1113 procul
499 1082 517 1103 a
535 1070 742 1104 Mediolano
765 1077 959 1114 prostratus
976 1070 1019 1102 ad
1037 1080 1099 1112 pe-

107 1119 168 1152 des
187 1116 383 1164 Theodosii
406 1132 424 1153 a
448 1121 622 1154 militibus
647 1121 843 1154 trucidatus
865 1128 926 1156 est.
978 1117 1098 1152 Arbo-

108 1175 226 1212 gastus
249 1169 315 1201 sibi
332 1181 440 1203 manu
456 1181 518 1203 sua
536 1177 683 1204 mortem
701 1170 883 1206 conscivit.
935 1170 988 1204 Ita
1005 1169 1099 1202 sedi-

108 1219 189 1253 tiosi
209 1226 242 1252 et
261 1219 456 1263 parricidae
474 1232 606 1265 poenas
622 1222 806 1254 dederunt.

160 1344 268 1378 Anno
309 1345 435 1378 mundi
474 1353 599 1390 quater
636 1346 826 1379 millesimo
856 1345 1098 1380 trecentesimo

313 1397 578 1440 quadragesimo
597 1397 733 1441 quintO.

161 1446 268 1479 Anno
297 1444 434 1480 Romae
471 1447 659 1480 millesimo
697 1446 886 1481 centesimo
923 1445 1099 1480 tricesimo

315 1497 431 1529 tertio.

160 1543 269 1579 Anno
285 1543 417 1580 Christi
432 1547 676 1580 trecentesimo
693 1547 928 1590 octuagesimo
945 1545 1061 1580 tertio.

448 1629 758 1666 Theodosius.

213 1697 444 1733 Theodosius
466 1708 564 1744 patre
587 1701 768 1743 Honorio,
794 1710 902 1735 matre
926 1702 1100 1734 Terman-

110 1752 159 1786 tia
177 1751 357 1795 Hispanus
381 1762 525 1790 genere,
553 1759 655 1784 natus
675 1753 710 1784 in
731 1752 862 1784 familia
880 1751 1012 1792 nobili,
1039 1762 1100 1783 cu-

110 1803 167 1836 ius
191 1801 289 1844 origo
312 1801 355 1833 ad
374 1799 569 1832 Traianum
587 1801 754 1840 refertur,
782 1799 875 1833 haud
894 1802 1002 1834 dubie
1019 1800 1100 1833 lite-

110 1864 232 1886 rarum
256 1858 289 1885 et
312 1861 413 1883 verae
439 1850 576 1894 pietatis
600 1851 730 1890 cultor,
758 1850 894 1883 iusticia
911 1858 943 1884 et
958 1851 1101 1884 sortitu-

112 1903 196 1937 dine
212 1901 400 1939 excellens,
426 1907 622 1944 postremus
637 1899 841 1934 Romanum
858 1901 1045 1945 imperium
1062 1901 1101 1933 in

112 1951 308 1986 Occidente
332 1957 366 1984 et
382 1948 531 1984 Oriente
555 1951 669 1983 tenuit
687 1951 878 1994 integrum.
930 1950 1018 1984 Nam
1035 1951 1100 1984 sub

111 2004 186 2037 filio
210 2001 374 2036 Honorio
397 1997 544 2033 Franci
569 2001 605 2034 in
632 2000 786 2034 Galliam
813 2002 986 2045 progressi
1009 2008 1102 2042 sunt,

113 2060 148 2087 et
171 2064 250 2086 mox
269 2051 545 2085 Waramundus
569 2051 665 2094 regio
690 2052 834 2085 nomine
853 2052 890 2085 in
910 2051 1028 2085 Gallia
1045 2064 1102 2085 re-

113 2114 222 2147 gnare
245 2102 381 2146 coepit,
409 2109 442 2136 et
461 2101 576 2136 Roma
600 2109 698 2146 capta
725 2110 776 2137 est
799 2103 842 2136 ab
859 2102 1000 2136 Alarico
1022 2113 1102 2146 rege

115 2153 321 2188 Gottorum.

217 2210 350 2245 Tenuit
379 2217 495 2244 autem
526 2210 711 2254 imperinm
736 2208 959 2244 Theodosius
989 2222 1103 2245 annos

115 2263 245 2296 decem*
260 2268 293 2295 et
315 2268 465 2305 septem,
492 2261 621 2306 quibus
645 2259 995 2305 comprehenduntur
1017 2262 1101 2295 anni

117 2312 322 2352 duodecim,
357 2312 487 2357 quibus
517 2310 680 2345 Gratiani
712 2319 745 2346 ct
770 2311 1015 2346 Valentiniani
1049 2324 1102 2345 se-

116 2363 224 2396 cundi
248 2362 379 2405 collega
404 2362 479 2395 fnit.
534 2361 623 2395 Cum
642 2361 810 2404 Magister
834 2363 992 2407 equitum
1015 2369 1103 2397 esset

117 2414 183 2448 sul)
194 2412 446 2446 Valentiniano
464 2412 577 2456 primo
589 2439 597 2452 ,
626 2413 762 2456 pacavit
778 2410 944 2446 Rhetiam
962 2420 993 2446 ct
1005 2414 1102 2446 Asri-

117 2476 204 2498 cam.
258 2462 395 2496 Deinde
420 2470 497 2506 post
520 2470 667 2495 mortem
696 2462 852 2496 Valentis
874 2464 984 2498 sactus
1010 2463 1102 2497 Gra-

116 2514 203 2548 tiani
237 2514 367 2556 collega
396 2513 516 2546 inultis
540 2514 679 2557 praeliis
704 2513 786 2546 vicit
810 2513 955 2554 Gottos,
991 2515 1102 2547 donec

118 2563 342 2599 Athalaricus
371 2575 429 2595 rex
454 2562 663 2603 Gottorum,
699 2564 758 2608 qui
783 2563 991 2605 Fridigerno
1024 2577 1101 2597 suc-

673 121 700 158 1.
741 118 1032 158 CHRONlCON
1058 115 1305 156 CARIONIS.
1357 117 1483 154 PARS
1511 116 1558 154 11.

2058 121 2133 155 998

1151 204 1279 238 ducum
1291 232 1300 245 ,
1327 210 1359 237 et
1376 203 1546 248 principis
1565 203 1742 247 pietatem,
1770 203 1942 237 iusticiam
1958 211 1991 238 et
2007 206 2128 238 mode-

1151 255 1251 288 stiam
1268 255 1537 294 considerasset,
1561 254 1649 287 dixit
1666 266 1699 287 se
1716 266 1901 298 agnoscere
1925 266 1942 287 a
1958 253 2033 288 Deo
2061 253 2129 288 hoc

1150 305 1337 349 imperium
1362 305 1564 338 ordinatum
1590 316 1684 345 esse,
1721 317 1785 339 nec
1810 306 1884 338 fore
1909 305 2028 339 felices
2056 317 2129 346 eos,

1150 356 1211 399 qui
1228 363 1381 390 evertere
1399 362 1581 389 conentur.

1249 406 1439 452 Postquam
1454 419 1534 439 vero
1546 404 1724 439 Maximus
1734 405 1871 439 Galliae
1888 417 2024 450 praeses
2036 404 2129 438 Gra-

1148 455 1243 488 tiano
1262 457 1443 491 interfecto
1459 463 1492 489 et
1507 455 1622 489 Gallia
1642 464 1807 500 occupata
1826 457 1863 489 in
1879 455 2014 489 ltaliam
2030 463 2128 489 tran-

1148 506 1224 547 siit,
1251 514 1284 541 et
1301 508 1431 540 multos
1457 506 1647 539 crudeliter
1670 507 1866 546 interfecit,
1899 506 2128 551 necessejfuit

1149 568 1228 589 eum
1245 557 1440 600 parricidae
1456 568 1649 589 occurrere.
1693 555 1799 589 Hunc
1815 569 1894 589 cum
1911 557 2069 596 vicisset,
2096 563 2129 590 et

1148 607 1298 640 interfici
1323 608 1498 646 iussisset,
1529 605 1680 640 Romam
1707 607 1899 649 profectus,
1942 607 2052 640 multa
2079 606 2129 639 ibi

1147 658 1364 696 emendavit,
1398 669 1437 690 ac
1457 656 1747 690 Valentinianum
1771 657 1963 689 secundum
1985 657 2022 689 in
2042 654 2129 689 Gal-

1148 708 1231 740 liam
1247 707 1353 748 misit,
1375 707 1447 751 ipse
1457 705 1793 750 Constantinopolin
1808 707 1925 747 rediit,
1941 713 1982 740 ut
1996 706 2130 739 discor-

1147 759 1222 790 dias
1240 759 1277 790 in
1295 756 1451 791 Ecclesia
1470 757 1628 797 tolleret,
1651 764 1685 791 et
1703 768 1745 789 eo
1760 757 1967 790 convocavit
1982 754 2131 800 Episco-

1147 820 1210 852 pos
1233 821 1273 842 ex
1295 809 1417 842 multis
1442 808 1654 852 provinciis,
1688 818 1727 840 ac
1752 807 1907 841 monitus
1932 819 1950 840 a
1968 806 2130 840 Nectario

1145 857 1322 903 Episcopo
1346 859 1446 892 iussit
1473 858 1601 902 scripta
1624 864 1781 891 veterum
1800 857 1944 891 Patrum
1967 857 2131 901 proferri,

1147 910 1208 953 qui
1233 916 1312 942 ante
1336 909 1480 942 dissidia
1503 915 1659 942 vetustae
1683 915 1715 941 et
1738 908 1890 951 purioris
1911 907 2131 952 antiquitatis

1146 959 1346 991 testimonia
1364 959 1559 991 ediderant.
1621 957 1715 998 Quia
1738 960 1843 991 verba
1870 957 2074 1002 prophetica
2099 964 2130 989 et

1146 1009 1337 1052 apostolica
1363 1009 1480 1051 pravis
1501 1007 1852 1050 interpretationibus
1867 1006 2032 1041 haeretici
2057 1007 2132 1039 elu-

1147 1060 1287 1093 debant.
1356 1057 1452 1090 Haec
1474 1056 1639 1102 Synodus
1663 1068 1723 1089 sua
1749 1058 1886 1090 decreta
1910 1057 2062 1091 Romam
2090 1057 2132 1089 ad

1147 1108 1339 1143 Damasum
1358 1107 1562 1142 Romanum
1580 1105 1795 1150 Episcopum
1813 1108 1927 1147 misit,
1952 1107 2049 1140 cuius
2065 1119 2131 1139 no-

1147 1160 1243 1192 mine
1261 1165 1381 1192 extant
1401 1157 1676 1190 asseverationes
1698 1158 1741 1189 de
1766 1158 1888 1191 multis
1915 1157 2131 1201 quaestioni·

1147 1210 1229 1249 bus,
1257 1221 1343 1253 quas
1368 1216 1486 1252 postea
1512 1208 1680 1241 recitabo,
1745 1206 1881 1241 Interea
1908 1206 2132 1240 Theodosius

1149 1271 1222 1292 non
1242 1259 1355 1292 solum
1372 1258 1488 1291 claudi
1505 1258 1682 1290 idolorum
1702 1259 1830 1300 templa
1847 1259 1884 1291 in
1902 1258 2022 1291 multis
2047 1258 2133 1290 Iocis

1150 1311 1262 1350 iubet,
1300 1310 1359 1342 sed
1387 1309 1491 1342 etiam
1518 1319 1659 1350 prorsus
1685 1309 1830 1343 destrui.
1893 1306 1939 1341 Et
1963 1308 2131 1341 sacrificia

1150 1357 1287 1393 ethnica
1312 1366 1346 1392 et
1371 1358 1476 1403 orgia
1501 1356 1650 1396 Bacchi,
1687 1370 1774 1403 quae
1801 1366 1956 1402 tempore
1974 1357 2133 1391 Valentis

1150 1408 1264 1443 adhuc
1289 1411 1521 1449 duraverant,
1565 1420 1706 1452 prorsus
1731 1409 1897 1443 abolevit.
1960 1407 2010 1442 Ita
2036 1408 2131 1451 pacis

1150 1467 1306 1504 tempore
1323 1458 1510 1499 Elclesias,
1538 1456 1699 1492 honestas
1716 1459 1806 1500 leges
1825 1466 1857 1492 et
1880 1459 2009 1492 iudicia
2032 1458 2132 1491 resti-

1150 1511 1229 1544 tuit.
1298 1509 1376 1543 Hoc
1408 1509 1566 1552 exemplo
1593 1510 1858 1543 commonefacti
1885 1509 1931 1552 pii
1957 1509 2132 1552 principes

1151 1561 1262 1594 sciant
1276 1571 1311 1594 se
1328 1561 1454 1594 debere
1471 1559 1584 1599 idola,
1611 1557 1847 1603 blasphemias
1864 1567 1896 1593 et
1915 1559 2041 1603 impios
2058 1559 2132 1591 cul-

1151 1618 1208 1645 tus
1225 1617 1388 1644 externos
1404 1610 1555 1644 abolere.

1253 1659 1350 1693 Ilaec
1380 1662 1464 1694 dum
1496 1660 1532 1692 in
1557 1671 1640 1703 pace
1661 1660 1796 1693 utiliter
1818 1659 1888 1701 agit
1912 1659 1948 1691 in
1972 1656 2134 1695 Oriente,

1152 1720 1287 1742 novum
1319 1716 1354 1742 et
1384 1709 1541 1742 terribile
1565 1709 1696 1742 bellum
1724 1709 1758 1741 in
1782 1709 1889 1741 altera
1913 1708 2008 1742 orbis
2036 1714 2134 1752 parte

1151 1765 1323 1793 movetur.
1365 1758 1551 1792 Interfecto
1563 1757 1814 1791 Valentiniano
1826 1758 2006 1801 Eugenius
2022 1765 2052 1790 et
2065 1760 2133 1793 Ar-

1152 1810 1317 1851 bogastus
1334 1810 1516 1843 adducunt
1537 1808 1714 1851 ingentem
1738 1809 1927 1842 exercitum
1954 1810 1997 1842 ad
2017 1807 2139 1850 Alpes,

1152 1867 1191 1893 ut
1209 1859 1345 1893 ltaliam
1365 1865 1555 1903 occupent,
1588 1865 1622 1891 et
1644 1859 1798 1892 ostendit
1815 1857 1998 1900 Eugenius
2021 1869 2056 1891 se
2075 1858 2135 1890 lu-

1152 1909 1241 1942 liani
1271 1910 1428 1952 exemplo
1461 1909 1737 1942 instauraturum
1767 1920 1839 1942 esse
1863 1907 2001 1942 ethnica
2027 1919 2133 1941 sacra.

1154 1958 1195 1992 In
1214 1960 1350 1993 vexillis
1366 1958 1553 1992 Herculem
1572 1958 1696 2002 pingit.
1748 1958 1820 1991 Iam
1839 1956 2043 1992 Theodosio
2060 1969 2134 1990 non

1153 2010 1268 2043 solum
1287 2011 1330 2043 de
1348 2010 1495 2053 imperio
1513 2011 1678 2042 adversus
1696 2010 1878 2042 seditiosos
1896 2016 1926 2042 et
1944 2008 2135 2053 parricidas

1154 2060 1395 2093 dimicandum
1428 2066 1517 2100 erat,
1561 2061 1621 2092 sed
1652 2059 1756 2092 etiam
1786 2057 1981 2093 Christiani
2012 2059 2133 2092 desen-

1153 2111 1261 2144 dendi
1285 2117 1393 2146 erant.
1463 2109 1556 2144 'redit
1580 2110 1686 2153 igitur
1711 2122 1750 2143 ex
1768 2108 1918 2143 Thracia
1944 2111 1979 2142 in
1998 2109 2135 2143 Italiam

1154 2168 1187 2194 et
1203 2161 1391 2195 exercitum
1409 2161 1570 2200 adducit,
1608 2161 1663 2193 cui
1680 2161 1798 2193 decem
1816 2161 1924 2193 millia
1944 2160 2135 2193 Gottornm

1154 2212 1372 2245 adiunxerat.
1426 2210 1466 2243 In
1486 2211 1620 2243 vexillis
1637 2211 1733 2254 pingi
1748 2212 1864 2244 literas
1883 2217 1981 2244 curat
1997 2211 2135 2249 XPE,

1155 2262 1389 2304 significantes
1412 2273 1541 2293 nomen
1563 2259 1708 2294 Christi.
1772 2261 1831 2294 Sic
1852 2268 1883 2294 et
1907 2272 2030 2294 aureos
2051 2259 2134 2292 endi

1154 2312 1273 2352 iussit,
1300 2313 1335 2344 in
1354 2312 1482 2355 quibus
1496 2318 1589 2344 tenet
1605 2311 1788 2350 vexillum,
1815 2311 1851 2343 in
1868 2324 1937 2356 quo
1955 2317 2052 2344 erant
2069 2308 2137 2342 liae

1155 2363 1276 2396 literae
1292 2363 1427 2396 A'PE.
1470 2361 1623 2394 Yidebat
1640 2359 1990 2395 antemTheodosius
2008 2360 2131 2394 diffici-

1154 2414 1222 2446 lem
1252 2420 1284 2446 et
1312 2413 1542 2457 periculosam
1571 2423 1724 2456 pugnam
1759 2413 1853 2452 sore,
1891 2413 1973 2456 quia
2008 2421 2134 2453 magna

1154 2464 1346 2497 multitudo
1363 2471 1395 2497 et
1411 2474 1576 2504 magnum
1595 2464 1704 2494 robur
1719 2463 1784 2496 suit
1801 2462 1929 2495 Gallici
1955 2463 2134 2498 exercitus,

1155 2520 1187 2546 et
1208 2514 1378 2557 praelium
1406 2513 1441 2545 in
1465 2513 1635 2553 angustiis
1654 2513 1797 2556 Alpium
1823 2514 1928 2546 duces
1953 2512 2131 2545 dissuade-

1155 2565 1253 2597 bant.
1306 2564 1372 2597 Sed
1404 2564 1476 2606 ipse
1501 2576 1578 2596 cum
1605 2570 1740 2596 noctem
1770 2564 1804 2595 in
1830 2564 2027 2606 precationi·
2049 2573 2132 2593 ron-

117 2621 282 2654 cesserat,
309 2625 427 2658 pacem
454 2614 593 2656 petivit,
618 2614 786 2647 invitatus
802 2614 1102 2658 Constantinopo-
1126 2637 1128 2660 1
1155 2615 1374 2658 sumpsisset,
1409 2615 1508 2657 rique
1537 2614 1712 2646 insomnio
1738 2614 1868 2657 species
1891 2614 2005 2645 oblata
2032 2617 2131 2647 essct,

120 2666 184 2705 lin,
216 2665 275 2698 nbi
292 2677 370 2697 cum
388 2664 549 2696 ordinem
566 2665 832 2707 gubernationis
849 2672 1050 2700 senatorum
1069 2673 1101 2700 et
1126 2681 1128 2702 ι
1155 2678 1242 2710 quae
1264 2667 1377 2699 suerat
1402 2662 1538 2698 hortata
1563 2676 1642 2698 enni
1667 2666 1709 2698 ad
1737 2665 1998 2708 pracliamlnm,
2038 2663 2131 2694 ducit
