2324 2955
111 122 182 156 461

208 204 241 240 8.
275 202 507 238 Defendimus
524 210 558 238 et
575 203 787 238 exclusivam
801 217 820 238 a
837 203 947 239 Paulo
965 204 1095 246 doceri,

106 255 254 290 scilicet:
300 254 407 298 Quod
441 255 514 288 sola
548 254 617 288 fide
650 254 897 297 iustificemur,
937 253 1004 289 hoc
1031 261 1095 296 est,

105 307 202 352 quod
218 305 346 339 fiducia
363 304 624 339 misericordiae
642 317 715 339 non
739 307 888 350 pendeat
909 318 949 339 ex
968 306 1093 340 condi-

106 358 202 391 tione
217 363 356 390 nostrae
373 355 568 397 dignitatis.
622 355 698 389 Imo
717 354 809 390 nihil
826 357 924 390 aliud
940 356 1036 391 venit
1055 356 1093 389 in

104 407 342 453 quaestionem
361 406 454 449 apud
471 405 640 448 Paulum,
666 407 735 439 nisi
756 407 815 440 illa
841 408 1033 448 exclusiva,
1060 413 1094 441 et

105 456 173 491 hoc
193 456 335 500 proprie
361 456 528 499 intelligit
552 455 704 497 Paulus,
739 458 875 501 quoties
897 458 961 491 ait:
1004 456 1093 491 Fide

102 507 343 543 iustificamur.
396 505 511 541 Sentit
529 507 640 547 enim,
667 507 761 551 quod
779 507 862 541 iusti
878 508 1092 552 pronuncie-

100 569 191 597 mur,
217 569 291 590 non
308 563 451 602 propter
468 564 622 591 nostram
639 557 859 599 dignitatem,
887 570 1003 603 opera,
1024 570 1090 591 no-

100 607 242 642 vitatem
255 635 264 649 ,
292 609 351 641 sed
370 608 476 650 gratis
492 614 638 652 propter
651 605 845 644 Christum.

202 657 238 694 9.
277 658 440 692 Defendo
466 658 510 690 ad
535 655 627 691 hanc
650 659 859 692 sententiam
888 659 1030 703 proprie
1056 666 1090 694 et

99 715 190 744 recte
206 709 380 754 quadrare
396 714 599 751 argumenta
610 735 618 749 ,
646 720 734 753 quae
751 709 852 742 affert
869 708 1012 745 Paulus.

275 792 306 827 I.
348 794 404 826 Ex
427 794 653 828 testimoniis
674 796 908 838 scripturae.

198 859 357 895 Credidit
372 857 554 893 Abraham
572 859 648 893 Deo
660 887 670 901 ,
697 868 729 895 et
746 860 1034 907 imputatum'est
1058 863 1089 896 ei

100 911 143 944 ad
163 910 349 944 iusticiam.
401 910 469 943 Hic
484 909 665 955 Scriptura
683 913 896 955 pronunciat
906 911 1088 947 Abraham

96 961 245 1013 iustum,
271 961 353 1007 quia
370 960 571 995 crediderit.
602 960 717 1005 Igitur
734 963 802 996 fide
818 963 1059 998 iustificamur.

385 1043 436 1080 II.
468 1044 535 1080 'Ex
557 1035 791 1094 definitione.

196 1112 405 1147 Iustificatio
431 1119 482 1146 est
506 1119 646 1146 tantum
667 1113 827 1146 remissio
855 1120 1088 1158 peccatorum,

96 1164 187 1198 sicut
210 1162 372 1197 Psalmus
398 1162 462 1196 ait:
499 1162 600 1196 Beati
631 1175 782 1207 quorum
811 1165 977 1199 remissae
1007 1173 1089 1199 sunt

95 1214 312 1259 iniquitates.
370 1212 482 1256 Igitur
501 1224 622 1247 sumus
640 1213 743 1252 iusti,
771 1225 845 1247 non
861 1222 1007 1259 propter
1022 1228 1088 1249 no-

94 1272 183 1299 stras
200 1265 366 1304 virtutes,
394 1266 455 1298 sed
481 1263 603 1298 divina
627 1264 884 1307 acceptatione,
912 1278 1001 1310 quae
1025 1278 1088 1311 ap-

94 1315 222 1358 probat
239 1315 417 1360 indignos.

159 1396 230 1432 111.
272 1399 330 1430 Ex
352 1394 485 1430 ordine
508 1407 713 1431 causarum
736 1400 775 1430 et
798 1393 1016 1442 effectuum.

195 1460 376 1496 Abraham
401 1461 661 1504 pronunciatur
684 1461 798 1494 iustus
820 1468 901 1495 ante
934 1463 1085 1496 circum-

94 1513 277 1548 cisionem:
310 1511 419 1554 igitur
444 1510 663 1544 circumcisio
687 1522 762 1543 non
780 1511 954 1546 iustificat.
1004 1511 1085 1546 Cir-

93 1563 259 1597 cumcisio
291 1568 323 1595 et
356 1567 474 1605 postea
508 1560 623 1594 cultus
647 1560 731 1603 legis
758 1557 960 1595 habuerunt
984 1574 1085 1606 prae-

92 1620 190 1658 cepta
201 1612 282 1647 Dei:
312 1622 393 1654 ergo
410 1611 440 1644 si
457 1622 563 1655 opera
579 1610 827 1652 iustificabant,
850 1623 990 1645 necesse
1008 1614 1085 1654 suit,

94 1665 187 1698 idem
206 1662 335 1695 sentire
351 1661 453 1694 etiam
473 1662 515 1694 de
533 1659 589 1694 his
606 1661 783 1704 operibus,
831 1661 879 1695 At
896 1669 1013 1706 aperte
1033 1670 1085 1697 te—

93 1721 204 1748 statur
227 1712 427 1755 Scriptura,
456 1709 636 1744 Abraham
662 1718 696 1745 et
711 1710 885 1745 Davidem
910 1724 983 1746 non
1011 1726 1083 1747 esse

95 1766 204 1798 iustos
229 1768 372 1806 propter
394 1762 509 1794 cultus
534 1761 637 1804 legis,
665 1761 772 1804 i'gitur
798 1774 912 1806 neque
937 1765 1083 1798 morali-

92 1816 158 1849 bus
175 1813 343 1858 operibus
362 1818 462 1845 erant
481 1811 577 1846 iusti.

117 1899 183 1936 lv.
225 1900 282 1933 Ex
303 1907 416 1932 causa
435 1898 718 1940 promissum,
741 1899 877 1942 Estque
900 1894 1056 1943 σύνεχον

430 1949 545 1981 totius
571 1949 729 1993 negocii.

192 2016 382 2051 l‘romissio
413 2015 570 2059 pendens
601 2027 638 2047 ex
674 2016 878 2049 conditione
901 2017 1005 2060 legis,
1047 2017 1081 2050 sit

93 2072 237 2104 incerta.

192 2118 469 2153 Promissionem
510 2116 806 2151 reconciliationis
838 2124 977 2162 oportet
1008 2129 1081 2151 esse

91 2178 200 2205 ratam
219 2177 251 2203 et
269 2176 410 2204 certam.

145 2235 149 2240 ·
191 2220 303 2265 Igitur
324 2219 511 2264 promissio
533 2218 830 2252 reconciliationis
853 2231 925 2252 non
950 2220 1081 2264 pendet

91 2285 130 2306 ex
153 2271 356 2305 conditione
385 2270 489 2312 legis,
524 2271 583 2302 sed
608 2269 778 2312 accipitur
797 2270 870 2303 sola
894 2270 978 2309 tide,
1006 2282 1078 2304 non

91 2329 234 2367 propter
252 2323 361 2365 legem
379 2328 439 2355 aut
456 2332 601 2364 operum
619 2319 840 2363 dignitatem.

292 2407 476 2440 Maiorem
503 2402 637 2448 probat
660 2402 728 2437 hoc
751 2402 872 2437 modo.

192 2472 261 2506 Lex
286 2482 421 2515 semper
442 2476 578 2504 accusat
602 2475 634 2502 et
658 2469 871 2502 condemnat
895 2471 1078 2504 conscien-

90 2525 170 2558 tias:
210 2523 316 2566 igitur
334 2521 695 2565 promissiopendens
711 2531 750 2552 ex
767 2519 972 2554 conditione
993 2521 1077 2565 legis

90 2576 109 2607 ti
142 2575 284 2607 incerta.

114 2582 126 2609 t
190 2622 285 2658 Hinc
310 2623 415 2659 etiam
440 2622 588 2658 sumitur
612 2627 858 2666 argumentum
882 2621 927 2656 de
950 2621 1074 2658 effectu

89 2676 185 2720 legis.

745 118 1009 155 PHILIPPI
1048 115 1497 164 MELANTHONIS.

2061 126 2133 161 462

1251 203 1323 238 Lex
1347 212 1485 240 tantum
1506 215 1644 243 accusat
1665 215 1698 243 et
1721 209 1950 251 condemnat,
1977 215 2011 244 et
2033 210 2133 245 affert

1150 254 1430 298 desperationem
1449 264 1481 290 et
1499 258 1620 292 odium
1638 259 1723 294 Dei:
1757 272 1838 303 ergo
1863 260 1919 294 lex
1935 272 2007 294 non
2027 261 2131 294 iusti-

1149 304 1245 346 ficat,
1280 306 1399 352 itaque
1416 319 1488 340 non
1505 310 1633 352 pendet
1654 310 1853 345 iustificatio
1872 323 1911 345 ex
1926 311 2133 345 conditione

1146 354 1251 398 legis,
1277 363 1445 402 tanquam
1463 370 1503 392 ex
1519 371 1621 394 causa
1636 367 1668 395 et
1685 363 1814 406 precio.

1248 405 1344 440 Haec
1366 415 1446 441 sunt
1475 418 1678 453 argumenta
1702 411 1824 453 Pauli,
1858 411 1963 449 Rom.
1981 412 2016 447 4.
2044 423 2133 458 quae

1145 455 1296 490 defendo
1315 469 1387 490 esse
1402 459 1519 500 firma,
1547 468 1579 494 et
1596 462 1738 506 propria
1758 461 1839 496 huic
1856 475 1989 498 causae.
2042 463 2134 496 Nos-

1145 518 1212 551 que
1228 505 1270 540 τὸ
1299 506 1410 552 ῥητὸν
1430 510 1669 553 defendimus,
1697 519 1728 546 et
1752 514 1961 547 sententiam
1986 526 2025 547 ex
2050 514 2134 557 ipsis

1143 555 1246 590 Pauli
1264 559 1380 592 verbis
1399 557 1600 603 haurimus,
1627 574 1732 607 quam
1749 574 1848 607 saepe
1874 564 2026 597 inculcat
2039 563 2134 597 Pau-

1144 606 1210 641 lus.
1264 606 1311 642 Et
1336 621 1415 644 cum
1441 612 1632 645 adversarii
1648 625 1722 645 non
1741 614 1931 647 retinentes
1946 612 1988 647 τὸ
2007 611 2133 657 ῥητὸν,

1142 658 1289 702 gignant
1304 663 1513 696 sententiam
1529 663 1758 696 dissidentem
1775 675 1794 697 a
1814 664 1930 696 verbis
1946 663 2069 702 Pauli,
2095 664 2132 696 in

1144 722 1212 754 qua
1232 712 1343 745 multa
1362 712 1484 746 insunt
1502 719 1620 756 aperte
1636 714 1741 755 falsa,
1769 714 1898 747 rectius
1921 721 1971 747 est
1991 720 2133 747 senten-

1144 760 1228 794 tiam
1249 762 1424 807 retinere‚
1451 775 1556 808 quam
1575 764 1718 808 propria
1737 765 1841 797 verba
1858 763 1960 797 Pauli
1980 764 2134 808 pariunt.

1244 810 1339 845 Ilaec
1363 814 1550 856 praeconia
1580 815 1623 847 de
1653 815 1737 847 fide:
1779 814 1866 848 Fide
1893 815 2136 854 iustificamur,

1143 873 1216 894 non
1233 870 1315 896 sunt
1331 860 1561 907 hyperbolae,
1588 871 1648 897 aut
1664 863 1920 910 synecdochae,
1946 866 2036 900 sicut
2055 865 2136 910 qui-

1143 913 1222 944 dam
1252 913 1429 954 scribunt,
1465 914 1527 958 qui
1552 914 1850 959 interpretantur,
1884 915 2035 949 Paulum
2061 927 2134 949 ser-

1143 962 1297 996 vientem
1316 963 1487 1007 tempori,
1514 962 1698 998 rhetoricis
1717 972 1777 999 aut
1796 966 1913 1010 potius
1932 964 2133 1011 sophisticis

1145 1013 1315 1046 encomiis
1332 1014 1411 1057 plus
1424 1013 1515 1047 iusto
1533 1015 1686 1048 voluisse
1712 1016 1816 1048 fidem
1844 1028 1989 1057 ornare,
2015 1023 2055 1050 ut
2076 1014 2133 1049 his

1143 1063 1308 1096 laudibus
1323 1064 1443 1107 plures
1461 1064 1505 1096 ad
1515 1061 1697 1098 Christum
1715 1064 1924 1105 attraheret,
1953 1073 2013 1100 aut
2032 1073 2134 1105 certe,

1141 1120 1181 1147 ut
1199 1113 1323 1146 durius
1348 1114 1506 1157 castigati
1523 1113 1663 1156 Iudaei,
1691 1117 1969 1159 superstitiosam
1991 1128 2134 1161 persua-

1142 1164 1276 1197 sionem
1292 1165 1335 1197 de
1351 1164 1577 1205 ceremoniis,
1604 1177 1691 1210 quas
1715 1167 1993 1209 pertinacissime
2011 1167 2133 1200 desen-

1141 1215 1289 1254 debant,
1317 1215 1516 1251 abiicerent.
1571 1213 1624 1248 Ac
1642 1215 1766 1250 Ricius
1787 1217 1866 1261 plus
1888 1230 1993 1263 quam
2015 1218 2132 1250 iudai-

1142 1271 1213 1305 zat,
1241 1264 1303 1308 qui
1322 1263 1425 1298 Pauli
1444 1265 1654 1299 sententiam
1671 1267 1898 1302 transformat
1923 1268 1961 1300 in
1985 1268 2133 1300 durissi-

1142 1326 1236 1346 mam
1254 1311 1492 1358 hyberbolen,
1519 1322 1552 1349 et
1569 1317 1770 1357 contendit,
1794 1329 1867 1350 non
1885 1319 1999 1351 solum
2015 1329 2133 1350 mora—

1140 1363 1234 1396 libus
1254 1364 1439 1407 operibus,
1467 1366 1527 1398 sed
1545 1365 1649 1400 etiam
1675 1368 1884 1402 ceremoniis
1906 1368 2132 1402 tribuendam

1140 1425 1212 1447 esse
1230 1413 1526 1451 iustificationem.

1244 1465 1303 1498 12.
1334 1463 1415 1497 Non
1434 1465 1698 1499 redduntPauli
1716 1469 1938 1510 sententiam,
1967 1469 2029 1514 qui
2040 1467 2133 1504 hanc

1140 1511 1383 1558 synecdochen
1415 1516 1751 1550 comminiscuntur:
1786 1517 1874 1551 Fide
1903 1519 2133 1554 iustificamur

1139 1563 1333 1605 incoative,
1356 1564 1438 1609 quia
1456 1565 1540 1598 fides
1556 1574 1738 1610 regenerat
1754 1574 1786 1602 et
1804 1569 1904 1603 affert
1920 1581 2030 1602 novas
2046 1582 2132 1614 qua-

1140 1614 1268 1648 litates.
1338 1613 1384 1648 Et
1417 1615 1577 1649 iudicant
1606 1624 1746 1651 renatos
1771 1619 1887 1652 verius
1913 1627 2056 1664 propter
2078 1633 2132 1654 se-

1139 1671 1286 1709 quentes
1305 1665 1490 1709 qualitates
1508 1666 1617 1702 iustos
1643 1679 1733 1707 esse,
1762 1681 1866 1714 quam
1892 1670 2042 1713 gratuita
2064 1671 2131 1704 im-

1141 1715 1334 1758 nutatione.

1242 1765 1299 1801 13.
1337 1763 1385 1799 Et
1406 1777 1550 1810 prorsus
1573 1769 1767 1813 corrumpit
1789 1769 1893 1804 Pauli
1922 1773 2131 1806 senteutiam

1137 1814 1355 1860 synecdoche
1384 1814 1702 1863 Scholasticorum,
1745 1820 1807 1865 qui
1839 1822 2130 1867 interpretantur,

1138 1866 1204 1898 side
1220 1865 1463 1907 iustificamur,
1480 1868 1610 1903 scilicet
1627 1870 1775 1904 formata
1793 1869 1970 1907 charitate.
1999 1872 2132 1917 Aperte

1139 1916 1232 1948 enim
1258 1916 1473 1951 transferunt
1501 1918 1783 1954 iustificationem
1806 1923 1849 1955 ad
1872 1930 1990 1957 nostra
2015 1935 2131 1968 opera,

1136 1978 1215 1999 curn
1232 1967 1452 2000 contrarium
1474 1969 1557 2002 velit
1577 1968 1719 2003 Paulus.

1242 2017 1299 2050 14.
1344 2016 1384 2049 In
1411 2025 1536 2062 quarto
1561 2028 1787 2062 argumento,
1822 2023 1882 2055 ubi
1906 2024 2007 2057 dicit:
2043 2023 2126 2058 Ideo

1135 2078 1209 2100 non
1244 2069 1398 2112 pendere
1423 2069 1695 2112 promissionem
1720 2083 1760 2104 ex
1791 2074 1998 2107 conditione
2031 2075 2128 2117 legis,

1134 2124 1175 2151 ut
1192 2125 1266 2152 rata
1283 2118 1347 2157 sit,
1373 2130 1446 2151 non
1464 2119 1624 2164 loquitur
1639 2121 1683 2154 de
1699 2123 2018 2166 praedestinatione
2030 2152 2039 2166 ,
2066 2127 2127 2159 sed

1135 2169 1178 2201 de
1198 2168 1409 2203 certitudine
1431 2177 1571 2204 nostrae
1588 2172 1714 2206 mentis
1730 2185 1808 2216 erga
1828 2172 1955 2211 Deum.

1239 2217 1296 2254 15.
1330 2218 1534 2254 Adversarii
1552 2234 1666 2267 neque
1688 2221 1725 2256 τὸ
1742 2221 1852 2267 ῥητὸν
1876 2225 1912 2257 in
1933 2224 2044 2259 Paulo
2071 2238 2126 2260 re-

1133 2270 1266 2311 tinent,
1294 2271 1376 2315 quia
1393 2273 1603 2305 seutentiam
1624 2274 1799 2317 quandam
1825 2275 1972 2318 gignunt
1994 2288 2032 2309 ex
2058 2275 2127 2311 hu-

1133 2333 1235 2354 mana
1253 2322 1391 2354 ratione
1414 2329 1536 2355 contra
1562 2323 1666 2356 verba
1685 2322 1908 2368 Scrspturae,
1935 2339 2048 2372 neque
2074 2336 2125 2362 te-

1133 2378 1219 2405 nent
1242 2369 1310 2417 τὴν
1337 2368 1528 2412 διάνοιαν,
1573 2373 1654 2418 quia
1686 2374 1723 2406 in
1758 2375 1915 2419 ipsorum
1951 2380 2126 2413 sententia

1132 2423 1243 2456 multa
1278 2422 1400 2456 insunt
1433 2423 1616 2457 manifeste
1650 2424 1756 2466 salsa,
1796 2432 1827 2459 et
1851 2429 2044 2471 pugnantia
2070 2430 2124 2461 in-

1131 2479 1184 2506 ter
1205 2485 1251 2506 se.

1235 2524 1292 2558 16.
1329 2522 1416 2556 Nam
1434 2523 1616 2558 manifeste
1633 2525 1760 2559 falsum
1779 2534 1848 2570 est,
1880 2531 2122 2564 remissionem

1128 2580 1353 2618 peccatorum
1389 2574 1592 2617 contingere
1619 2583 1763 2621 propter
1789 2585 1945 2613 nostram
1971 2581 2121 2623 dignita—

1128 2630 1212 2658 tem:
1241 2635 1424 2669 nunquam
1441 2625 1536 2657 enim
1552 2627 1636 2660 certi
1655 2639 1808 2662 essemus
1833 2630 1876 2662 de
1903 2631 2122 2668 remissione,

1127 2674 1155 2707 si
1173 2686 1212 2708 ex
1230 2675 1434 2710 conditione
1452 2683 1594 2713 nostrae
1611 2678 1792 2724 dignitatis
1809 2681 1990 2725 penderet.
2030 2680 2119 2727 *Ma-
