<?xml version="1.0" encoding="UTF-8"?>
<!DOCTYPE html PUBLIC "-//W3C//DTD XHTML 1.0 Transitional//EN"
    "http://www.w3.org/TR/xhtml1/DTD/xhtml1-transitional.dtd">
<html xmlns="http://www.w3.org/1999/xhtml" xml:lang="en" lang="en">
 <head>
  <title>
</title>
<meta http-equiv="Content-Type" content="text/html;charset=utf-8" />
  <meta name='ocr-system' content='tesseract 3.04.00' />
  <meta name='ocr-capabilities' content='ocr_page ocr_carea ocr_par ocr_line ocrx_word'/>
</head>
<body>
  <div class='ocr_page' id='page_1' title='image "./operaquaesupersu12melauoft/operaquaesupersu12melauoft_0358.png"; bbox 0 0 2324 2955; ppageno 0'>
   <div class='ocr_carea' id='block_1_1' title="bbox 185 96 258 132">
    <p class='ocr_par' dir='ltr' id='par_1_1' title="bbox 185 96 258 132">
     <span class='ocr_line' id='line_1_1' title="bbox 185 96 258 132; baseline -0.014 0"><span class='ocrx_word' id='word_1_1' title='bbox 185 96 258 132; x_wconf 85' lang='lat'>699</span> 
     </span>
    </p>
   </div>
   <div class='ocr_carea' id='block_1_2' title="bbox 181 173 1172 1823">
    <p class='ocr_par' dir='ltr' id='par_1_2' title="bbox 185 173 1161 275">
     <span class='ocr_line' id='line_1_2' title="bbox 188 173 1161 217; baseline -0.007 -1"><span class='ocrx_word' id='word_1_2' title='bbox 188 179 484 217; x_wconf 85' lang='lat' dir='ltr'>iurisdictionem,</span> <span class='ocrx_word' id='word_1_3' title='bbox 512 176 600 209; x_wconf 88' lang='lat' dir='ltr'>sicut</span> <span class='ocrx_word' id='word_1_4' title='bbox 623 173 807 207; x_wconf 88' lang='lat' dir='ltr'>artificium</span> <span class='ocrx_word' id='word_1_5' title='bbox 831 174 972 208; x_wconf 88' lang='lat' dir='ltr'>texendi</span> <span class='ocrx_word' id='word_1_6' title='bbox 997 174 1036 207; x_wconf 89' lang='lat' dir='ltr'>in</span> <span class='ocrx_word' id='word_1_7' title='bbox 1051 174 1161 209; x_wconf 89' lang='lat' dir='ltr'>Paulo</span> 
     </span>
     <span class='ocr_line' id='line_1_3' title="bbox 185 223 784 275; baseline -0.015 -8"><span class='ocrx_word' id='word_1_8' title='bbox 185 244 257 266; x_wconf 89' lang='lat' dir='ltr'>non</span> <span class='ocrx_word' id='word_1_9' title='bbox 277 229 451 275; x_wconf 78' lang='lat' dir='ltr'>pugnabat</span> <span class='ocrx_word' id='word_1_10' title='bbox 468 237 546 259; x_wconf 90' lang='lat' dir='ltr'>cum</span> <span class='ocrx_word' id='word_1_11' title='bbox 563 223 784 268; x_wconf 79' lang='lat' dir='ltr'>Apostolatu.</span> 
     </span>
    </p>

    <p class='ocr_par' dir='ltr' id='par_1_3' title="bbox 184 273 1162 422">
     <span class='ocr_line' id='line_1_4' title="bbox 284 273 1162 319; baseline -0.005 -7"><span class='ocrx_word' id='word_1_12' title='bbox 284 278 330 313; x_wconf 90' lang='lat' dir='ltr'>Et</span> <span class='ocrx_word' id='word_1_13' title='bbox 355 289 432 310; x_wconf 89' lang='lat' dir='ltr'>cum</span> <span class='ocrx_word' id='word_1_14' title='bbox 453 276 553 309; x_wconf 87' lang='lat' dir='ltr'>saciet</span> <span class='ocrx_word' id='word_1_15' title='bbox 575 273 742 319; x_wconf 84' lang='lat' dir='ltr'>Episcopi</span> <span class='ocrx_word' id='word_1_16' title='bbox 765 274 898 319; x_wconf 85' lang='lat' dir='ltr'>officia,</span> <span class='ocrx_word' id='word_1_17' title='bbox 926 273 1057 308; x_wconf 91' lang='lat' dir='ltr'>scilicet</span> <span class='ocrx_word' id='word_1_18' title='bbox 1082 286 1162 308; x_wconf 91' lang='lat' dir='ltr'>cum</span> 
     </span>
     <span class='ocr_line' id='line_1_5' title="bbox 184 322 1162 376; baseline -0.006 -12"><span class='ocrx_word' id='word_1_19' title='bbox 184 332 240 376; x_wconf 89' lang='lat' dir='ltr'>pie</span> <span class='ocrx_word' id='word_1_20' title='bbox 271 327 421 372; x_wconf 28' lang='lat' dir='ltr'>docebitA</span> <span class='ocrx_word' id='word_1_21' title='bbox 439 325 628 370; x_wconf 90' lang='lat' dir='ltr'>populum,</span> <span class='ocrx_word' id='word_1_22' title='bbox 662 325 728 358; x_wconf 86' lang='lat' dir='ltr'>erit</span> <span class='ocrx_word' id='word_1_23' title='bbox 750 337 830 358; x_wconf 85' lang='lat' dir='ltr'>vere</span> <span class='ocrx_word' id='word_1_24' title='bbox 853 331 888 358; x_wconf 89' lang='lat' dir='ltr'>et</span> <span class='ocrx_word' id='word_1_25' title='bbox 909 322 1106 370; x_wconf 80' lang='lat' dir='ltr'>Episcopus</span> <span class='ocrx_word' id='word_1_26' title='bbox 1130 331 1162 358; x_wconf 90' lang='lat' dir='ltr'>et</span> 
     </span>
     <span class='ocr_line' id='line_1_6' title="bbox 184 381 360 422; baseline -0.023 -8"><span class='ocrx_word' id='word_1_27' title='bbox 184 381 360 422; x_wconf 86' lang='lat' dir='ltr'>Princeps.</span> 
     </span>
    </p>

    <p class='ocr_par' dir='ltr' id='par_1_4' title="bbox 181 424 1163 565">
     <span class='ocr_line' id='line_1_7' title="bbox 283 424 1163 470; baseline -0.006 -8"><span class='ocrx_word' id='word_1_28' title='bbox 283 427 335 462; x_wconf 87' lang='lat' dir='ltr'>Ac</span> <span class='ocrx_word' id='word_1_29' title='bbox 353 425 519 470; x_wconf 82' lang='lat' dir='ltr'>Episcopi</span> <span class='ocrx_word' id='word_1_30' title='bbox 545 433 575 459; x_wconf 90' lang='lat' dir='ltr'>et</span> <span class='ocrx_word' id='word_1_31' title='bbox 596 424 791 470; x_wconf 91' lang='lat' dir='ltr'>presbyteri</span> <span class='ocrx_word' id='word_1_32' title='bbox 814 431 896 458; x_wconf 90' lang='lat' dir='ltr'>sunt</span> <span class='ocrx_word' id='word_1_33' title='bbox 911 424 1163 459; x_wconf 78' lang='lat' dir='ltr'>usufructuarii</span> 
     </span>
     <span class='ocr_line' id='line_1_8' title="bbox 183 474 1163 522; baseline -0.006 -8"><span class='ocrx_word' id='word_1_34' title='bbox 183 482 222 514; x_wconf 89' lang='lat' dir='ltr'>in</span> <span class='ocrx_word' id='word_1_35' title='bbox 242 477 319 519; x_wconf 78' lang='lat' dir='ltr'>his,</span> <span class='ocrx_word' id='word_1_36' title='bbox 351 489 438 522; x_wconf 87' lang='lat' dir='ltr'>quae</span> <span class='ocrx_word' id='word_1_37' title='bbox 462 478 505 510; x_wconf 89' lang='lat' dir='ltr'>ab</span> <span class='ocrx_word' id='word_1_38' title='bbox 528 474 684 510; x_wconf 80' lang='lat' dir='ltr'>Ecclesia</span> <span class='ocrx_word' id='word_1_39' title='bbox 704 475 899 519; x_wconf 89' lang='lat' dir='ltr'>accipiunt,</span> <span class='ocrx_word' id='word_1_40' title='bbox 932 487 1005 509; x_wconf 91' lang='lat' dir='ltr'>non</span> <span class='ocrx_word' id='word_1_41' title='bbox 1027 482 1163 510; x_wconf 88' lang='lat' dir='ltr'>tantum</span> 
     </span>
     <span class='ocr_line' id='line_1_9' title="bbox 181 529 329 565; baseline -0.027 0"><span class='ocrx_word' id='word_1_42' title='bbox 181 529 329 565; x_wconf 89' lang='lat' dir='ltr'>usuarii.</span> 
     </span>
    </p>

    <p class='ocr_par' dir='ltr' id='par_1_5' title="bbox 183 574 1165 926">
     <span class='ocr_line' id='line_1_10' title="bbox 287 574 1164 621; baseline -0.005 -9"><span class='ocrx_word' id='word_1_43' title='bbox 287 578 393 621; x_wconf 85' lang='lat' dir='ltr'>Quod</span> <span class='ocrx_word' id='word_1_44' title='bbox 415 583 527 611; x_wconf 88' lang='lat' dir='ltr'>textus</span> <span class='ocrx_word' id='word_1_45' title='bbox 543 575 643 610; x_wconf 87' lang='lat' dir='ltr'>dicit:</span> <span class='ocrx_word' id='word_1_46' title='bbox 670 575 783 620; x_wconf 84' lang='lat' dir='ltr'>Reges</span> <span class='ocrx_word' id='word_1_47' title='bbox 800 574 958 619; x_wconf 86' lang='lat' dir='ltr'>gentium</span> <span class='ocrx_word' id='word_1_48' title='bbox 975 575 1164 609; x_wconf 88' lang='lat' dir='ltr'>dominan-</span> 
     </span>
     <span class='ocr_line' id='line_1_11' title="bbox 183 626 1163 668; baseline -0.007 -3"><span class='ocrx_word' id='word_1_49' title='bbox 183 640 242 666; x_wconf 88' lang='lat' dir='ltr'>tur</span> <span class='ocrx_word' id='word_1_50' title='bbox 263 641 403 668; x_wconf 88' lang='lat' dir='ltr'>eorum,</span> <span class='ocrx_word' id='word_1_51' title='bbox 429 639 492 661; x_wconf 88' lang='lat' dir='ltr'>vos</span> <span class='ocrx_word' id='word_1_52' title='bbox 514 633 628 660; x_wconf 89' lang='lat' dir='ltr'>autem</span> <span class='ocrx_word' id='word_1_53' title='bbox 647 638 720 659; x_wconf 90' lang='lat' dir='ltr'>non</span> <span class='ocrx_word' id='word_1_54' title='bbox 738 627 806 665; x_wconf 89' lang='lat' dir='ltr'>sic,</span> <span class='ocrx_word' id='word_1_55' title='bbox 832 626 914 659; x_wconf 89' lang='lat' dir='ltr'>facit</span> <span class='ocrx_word' id='word_1_56' title='bbox 931 632 1053 659; x_wconf 90' lang='lat' dir='ltr'>contra</span> <span class='ocrx_word' id='word_1_57' title='bbox 1067 626 1163 659; x_wconf 89' lang='lat' dir='ltr'>aliud</span> 
     </span>
     <span class='ocr_line' id='line_1_12' title="bbox 184 673 1165 725; baseline -0.005 -11"><span class='ocrx_word' id='word_1_58' title='bbox 184 691 293 725; x_wconf 83' lang='lat' dir='ltr'>genus</span> <span class='ocrx_word' id='word_1_59' title='bbox 326 678 602 723; x_wconf 88' lang='lat' dir='ltr'>Episcoporum‚</span> <span class='ocrx_word' id='word_1_60' title='bbox 640 678 735 721; x_wconf 92' lang='lat' dir='ltr'>quod</span> <span class='ocrx_word' id='word_1_61' title='bbox 770 683 950 721; x_wconf 87' lang='lat' dir='ltr'>praetextu</span> <span class='ocrx_word' id='word_1_62' title='bbox 979 673 1165 719; x_wconf 82' lang='lat' dir='ltr'>Evangelii</span> 
     </span>
     <span class='ocr_line' id='line_1_13' title="bbox 184 726 1165 769; baseline -0.006 -5"><span class='ocrx_word' id='word_1_63' title='bbox 184 731 408 768; x_wconf 84' lang='lat' dir='ltr'>dominatur,</span> <span class='ocrx_word' id='word_1_64' title='bbox 434 735 467 761; x_wconf 88' lang='lat' dir='ltr'>et</span> <span class='ocrx_word' id='word_1_65' title='bbox 489 738 598 761; x_wconf 89' lang='lat' dir='ltr'>novas</span> <span class='ocrx_word' id='word_1_66' title='bbox 621 726 711 769; x_wconf 85' lang='lat' dir='ltr'>leges</span> <span class='ocrx_word' id='word_1_67' title='bbox 733 727 818 765; x_wconf 88' lang='lat' dir='ltr'>fert,</span> <span class='ocrx_word' id='word_1_68' title='bbox 845 733 879 760; x_wconf 88' lang='lat' dir='ltr'>et</span> <span class='ocrx_word' id='word_1_69' title='bbox 902 726 1051 759; x_wconf 88' lang='lat' dir='ltr'>urbibus</span> <span class='ocrx_word' id='word_1_70' title='bbox 1072 726 1165 759; x_wconf 90' lang='lat' dir='ltr'>eiicit</span> 
     </span>
     <span class='ocr_line' id='line_1_14' title="bbox 185 776 1164 823; baseline -0.006 -9"><span class='ocrx_word' id='word_1_71' title='bbox 185 782 296 821; x_wconf 81' lang='lat' dir='ltr'>cives,</span> <span class='ocrx_word' id='word_1_72' title='bbox 342 778 404 823; x_wconf 91' lang='lat' dir='ltr'>qui</span> <span class='ocrx_word' id='word_1_73' title='bbox 439 778 568 811; x_wconf 88' lang='lat' dir='ltr'>nolunt</span> <span class='ocrx_word' id='word_1_74' title='bbox 606 777 786 810; x_wconf 82' lang='lat' dir='ltr'>doctrinae</span> <span class='ocrx_word' id='word_1_75' title='bbox 819 788 900 809; x_wconf 89' lang='lat' dir='ltr'>suae</span> <span class='ocrx_word' id='word_1_76' title='bbox 934 776 1164 809; x_wconf 83' lang='lat' dir='ltr'>subscribere.</span> 
     </span>
     <span class='ocr_line' id='line_1_15' title="bbox 184 826 1165 872; baseline -0.006 -8"><span class='ocrx_word' id='word_1_77' title='bbox 184 831 266 865; x_wconf 87' lang='lat' dir='ltr'>Non</span> <span class='ocrx_word' id='word_1_78' title='bbox 306 835 419 867; x_wconf 87' lang='lat' dir='ltr'>vetat,</span> <span class='ocrx_word' id='word_1_79' title='bbox 459 838 659 872; x_wconf 87' lang='lat' dir='ltr'>quenquam</span> <span class='ocrx_word' id='word_1_80' title='bbox 697 838 854 860; x_wconf 88' lang='lat' dir='ltr'>exercere</span> <span class='ocrx_word' id='word_1_81' title='bbox 887 826 1165 860; x_wconf 86' lang='lat' dir='ltr'>iurisdictionem</span> 
     </span>
     <span class='ocr_line' id='line_1_16' title="bbox 184 876 1055 926; baseline -0.005 -12"><span class='ocrx_word' id='word_1_82' title='bbox 184 892 274 926; x_wconf 90' lang='lat' dir='ltr'>quae</span> <span class='ocrx_word' id='word_1_83' title='bbox 289 879 365 912; x_wconf 87' lang='lat' dir='ltr'>iure</span> <span class='ocrx_word' id='word_1_84' title='bbox 383 876 540 911; x_wconf 90' lang='lat' dir='ltr'>humano</span> <span class='ocrx_word' id='word_1_85' title='bbox 558 877 596 911; x_wconf 86' lang='lat' dir='ltr'>in</span> <span class='ocrx_word' id='word_1_86' title='bbox 613 877 764 921; x_wconf 87' lang='lat' dir='ltr'>propriis</span> <span class='ocrx_word' id='word_1_87' title='bbox 781 877 882 910; x_wconf 89' lang='lat' dir='ltr'>bonis</span> <span class='ocrx_word' id='word_1_88' title='bbox 898 876 1055 919; x_wconf 88' lang='lat' dir='ltr'>contigit.</span> 
     </span>
    </p>

    <p class='ocr_par' dir='ltr' id='par_1_6' title="bbox 184 925 1166 1220">
     <span class='ocr_line' id='line_1_17' title="bbox 286 925 1166 962; baseline -0.005 0"><span class='ocrx_word' id='word_1_89' title='bbox 286 927 446 962; x_wconf 86' lang='lat' dir='ltr'>Omnino</span> <span class='ocrx_word' id='word_1_90' title='bbox 470 934 551 961; x_wconf 92' lang='lat' dir='ltr'>sunt</span> <span class='ocrx_word' id='word_1_91' title='bbox 575 927 773 960; x_wconf 80' lang='lat' dir='ltr'>abducendi</span> <span class='ocrx_word' id='word_1_92' title='bbox 793 928 902 960; x_wconf 89' lang='lat' dir='ltr'>animi</span> <span class='ocrx_word' id='word_1_93' title='bbox 919 925 1104 960; x_wconf 89' lang='lat' dir='ltr'>hominum</span> <span class='ocrx_word' id='word_1_94' title='bbox 1122 926 1166 958; x_wconf 91' lang='lat' dir='ltr'>ab</span> 
     </span>
     <span class='ocr_line' id='line_1_18' title="bbox 187 975 1165 1023; baseline -0.005 -10"><span class='ocrx_word' id='word_1_95' title='bbox 187 981 258 1013; x_wconf 89' lang='lat' dir='ltr'>illis</span> <span class='ocrx_word' id='word_1_96' title='bbox 284 978 552 1023; x_wconf 70' lang='lat' dir='ltr'>superstitiosis,</span> <span class='ocrx_word' id='word_1_97' title='bbox 584 977 744 1010; x_wconf 75' lang='lat' dir='ltr'>fanaticis</span> <span class='ocrx_word' id='word_1_98' title='bbox 770 983 802 1009; x_wconf 88' lang='lat' dir='ltr'>et</span> <span class='ocrx_word' id='word_1_99' title='bbox 824 975 999 1010; x_wconf 85' lang='lat' dir='ltr'>seditiosis</span> <span class='ocrx_word' id='word_1_100' title='bbox 1024 976 1165 1020; x_wconf 89' lang='lat' dir='ltr'>opinio-</span> 
     </span>
     <span class='ocr_line' id='line_1_19' title="bbox 185 1027 1165 1074; baseline -0.006 -11"><span class='ocrx_word' id='word_1_101' title='bbox 185 1032 310 1069; x_wconf 87' lang='lat' dir='ltr'>nibus,</span> <span class='ocrx_word' id='word_1_102' title='bbox 343 1041 431 1074; x_wconf 84' lang='lat' dir='ltr'>quae</span> <span class='ocrx_word' id='word_1_103' title='bbox 463 1028 606 1060; x_wconf 78' lang='lat' dir='ltr'>laedunt</span> <span class='ocrx_word' id='word_1_104' title='bbox 629 1027 833 1069; x_wconf 86' lang='lat' dir='ltr'>dignitatem</span> <span class='ocrx_word' id='word_1_105' title='bbox 855 1039 972 1059; x_wconf 89' lang='lat' dir='ltr'>rerum</span> <span class='ocrx_word' id='word_1_106' title='bbox 996 1027 1165 1064; x_wconf 88' lang='lat' dir='ltr'>civilium,</span> 
     </span>
     <span class='ocr_line' id='line_1_20' title="bbox 186 1074 1165 1122; baseline -0.007 -9"><span class='ocrx_word' id='word_1_107' title='bbox 186 1093 224 1114; x_wconf 86' lang='lat' dir='ltr'>ac</span> <span class='ocrx_word' id='word_1_108' title='bbox 252 1081 387 1122; x_wconf 85' lang='lat' dir='ltr'>fingunt</span> <span class='ocrx_word' id='word_1_109' title='bbox 419 1078 577 1122; x_wconf 87' lang='lat' dir='ltr'>inopiam</span> <span class='ocrx_word' id='word_1_110' title='bbox 612 1084 671 1110; x_wconf 86' lang='lat' dir='ltr'>aut</span> <span class='ocrx_word' id='word_1_111' title='bbox 700 1076 848 1108; x_wconf 87' lang='lat' dir='ltr'>similem</span> <span class='ocrx_word' id='word_1_112' title='bbox 883 1074 1098 1120; x_wconf 84' lang='lat' dir='ltr'>hypocrisim</span> <span class='ocrx_word' id='word_1_113' title='bbox 1129 1075 1165 1107; x_wconf 85' lang='lat' dir='ltr'>in</span> 
     </span>
     <span class='ocr_line' id='line_1_21' title="bbox 184 1125 1166 1172; baseline -0.007 -9"><span class='ocrx_word' id='word_1_114' title='bbox 184 1129 377 1172; x_wconf 74' lang='lat' dir='ltr'>Evangelio</span> <span class='ocrx_word' id='word_1_115' title='bbox 397 1128 533 1161; x_wconf 81' lang='lat' dir='ltr'>consuli</span> <span class='ocrx_word' id='word_1_116' title='bbox 549 1133 607 1160; x_wconf 88' lang='lat' dir='ltr'>aut</span> <span class='ocrx_word' id='word_1_117' title='bbox 624 1125 775 1169; x_wconf 85' lang='lat' dir='ltr'>praecipi</span> <span class='ocrx_word' id='word_1_118' title='bbox 789 1132 954 1170; x_wconf 88' lang='lat' dir='ltr'>tanquam</span> <span class='ocrx_word' id='word_1_119' title='bbox 968 1125 1166 1168; x_wconf 84' lang='lat' dir='ltr'>opusiusti-</span> 
     </span>
     <span class='ocr_line' id='line_1_22' title="bbox 186 1176 738 1220; baseline -0.009 -6"><span class='ocrx_word' id='word_1_120' title='bbox 186 1180 311 1218; x_wconf 78' lang='lat' dir='ltr'>ficans,</span> <span class='ocrx_word' id='word_1_121' title='bbox 339 1185 397 1212; x_wconf 90' lang='lat' dir='ltr'>aut</span> <span class='ocrx_word' id='word_1_122' title='bbox 417 1178 522 1220; x_wconf 90' lang='lat' dir='ltr'>magis</span> <span class='ocrx_word' id='word_1_123' title='bbox 538 1176 738 1210; x_wconf 82' lang='lat' dir='ltr'>iustificans.</span> 
     </span>
    </p>

    <p class='ocr_par' dir='ltr' id='par_1_7' title="bbox 185 1224 1170 1569">
     <span class='ocr_line' id='line_1_23' title="bbox 288 1224 1168 1268; baseline -0.007 -5"><span class='ocrx_word' id='word_1_124' title='bbox 288 1229 359 1263; x_wconf 87' lang='lat' dir='ltr'>[mo</span> <span class='ocrx_word' id='word_1_125' title='bbox 379 1227 578 1263; x_wconf 72' lang='lat' dir='ltr'>Christiano</span> <span class='ocrx_word' id='word_1_126' title='bbox 599 1226 680 1259; x_wconf 90' lang='lat' dir='ltr'>licet</span> <span class='ocrx_word' id='word_1_127' title='bbox 704 1225 757 1258; x_wconf 86' lang='lat' dir='ltr'>nti</span> <span class='ocrx_word' id='word_1_128' title='bbox 779 1224 931 1268; x_wconf 79' lang='lat' dir='ltr'>politicis</span> <span class='ocrx_word' id='word_1_129' title='bbox 954 1225 1057 1258; x_wconf 89' lang='lat' dir='ltr'>rebus</span> <span class='ocrx_word' id='word_1_130' title='bbox 1079 1224 1168 1257; x_wconf 86' lang='lat' dir='ltr'>sicut</span> 
     </span>
     <span class='ocr_line' id='line_1_24' title="bbox 185 1273 1168 1324; baseline -0.008 -10"><span class='ocrx_word' id='word_1_131' title='bbox 185 1282 282 1321; x_wconf 89' lang='lat' dir='ltr'>cibo,</span> <span class='ocrx_word' id='word_1_132' title='bbox 311 1286 414 1324; x_wconf 89' lang='lat' dir='ltr'>potu,</span> <span class='ocrx_word' id='word_1_133' title='bbox 441 1278 538 1317; x_wconf 68' lang='lat' dir='ltr'>aere,</span> <span class='ocrx_word' id='word_1_134' title='bbox 564 1276 716 1316; x_wconf 86' lang='lat' dir='ltr'>artibus,</span> <span class='ocrx_word' id='word_1_135' title='bbox 742 1273 1030 1314; x_wconf 80' lang='lat' dir='ltr'>architectonica,</span> <span class='ocrx_word' id='word_1_136' title='bbox 1055 1275 1168 1307; x_wconf 87' lang='lat' dir='ltr'>medi-</span> 
     </span>
     <span class='ocr_line' id='line_1_25' title="bbox 187 1325 1169 1370; baseline -0.006 -7"><span class='ocrx_word' id='word_1_137' title='bbox 187 1332 275 1363; x_wconf 83' lang='lat' dir='ltr'>cina.</span> <span class='ocrx_word' id='word_1_138' title='bbox 337 1329 387 1362; x_wconf 86' lang='lat' dir='ltr'>lta</span> <span class='ocrx_word' id='word_1_139' title='bbox 413 1328 493 1361; x_wconf 91' lang='lat' dir='ltr'>licet</span> <span class='ocrx_word' id='word_1_140' title='bbox 516 1338 634 1370; x_wconf 85' lang='lat' dir='ltr'>gerere</span> <span class='ocrx_word' id='word_1_141' title='bbox 658 1325 897 1368; x_wconf 73' lang='lat' dir='ltr'>magistratus,</span> <span class='ocrx_word' id='word_1_142' title='bbox 931 1338 984 1358; x_wconf 87' lang='lat' dir='ltr'>res</span> <span class='ocrx_word' id='word_1_143' title='bbox 1009 1325 1169 1369; x_wconf 89' lang='lat' dir='ltr'>proprias</span> 
     </span>
     <span class='ocr_line' id='line_1_26' title="bbox 188 1375 1169 1419; baseline -0.005 -6"><span class='ocrx_word' id='word_1_144' title='bbox 188 1388 327 1419; x_wconf 74' lang='lat' dir='ltr'>tenere,</span> <span class='ocrx_word' id='word_1_145' title='bbox 355 1390 510 1411; x_wconf 85' lang='lat' dir='ltr'>exercere</span> <span class='ocrx_word' id='word_1_146' title='bbox 534 1376 682 1416; x_wconf 86' lang='lat' dir='ltr'>iudicia,</span> <span class='ocrx_word' id='word_1_147' title='bbox 708 1375 784 1407; x_wconf 92' lang='lat' dir='ltr'>iure</span> <span class='ocrx_word' id='word_1_148' title='bbox 802 1375 934 1408; x_wconf 86' lang='lat' dir='ltr'>bellare</span> <span class='ocrx_word' id='word_1_149' title='bbox 950 1387 987 1408; x_wconf 90' lang='lat' dir='ltr'>ac</span> <span class='ocrx_word' id='word_1_150' title='bbox 1005 1375 1169 1415; x_wconf 84' lang='lat' dir='ltr'>militare,</span> 
     </span>
     <span class='ocr_line' id='line_1_27' title="bbox 187 1425 1170 1471; baseline -0.006 -8"><span class='ocrx_word' id='word_1_151' title='bbox 187 1430 390 1463; x_wconf 83' lang='lat' dir='ltr'>defensione</span> <span class='ocrx_word' id='word_1_152' title='bbox 413 1428 635 1471; x_wconf 85' lang='lat' dir='ltr'>magistratus</span> <span class='ocrx_word' id='word_1_153' title='bbox 660 1425 711 1458; x_wconf 84' lang='lat' dir='ltr'>uti</span> <span class='ocrx_word' id='word_1_154' title='bbox 734 1426 770 1457; x_wconf 86' lang='lat' dir='ltr'>in</span> <span class='ocrx_word' id='word_1_155' title='bbox 797 1425 936 1458; x_wconf 83' lang='lat' dir='ltr'>iudiciis</span> <span class='ocrx_word' id='word_1_156' title='bbox 960 1437 998 1458; x_wconf 90' lang='lat' dir='ltr'>ac</span> <span class='ocrx_word' id='word_1_157' title='bbox 1021 1425 1170 1467; x_wconf 86' lang='lat' dir='ltr'>litigare,</span> 
     </span>
     <span class='ocr_line' id='line_1_28' title="bbox 186 1474 1169 1524; baseline -0.005 -11"><span class='ocrx_word' id='word_1_158' title='bbox 186 1481 234 1513; x_wconf 88' lang='lat' dir='ltr'>sie</span> <span class='ocrx_word' id='word_1_159' title='bbox 260 1489 374 1522; x_wconf 77' lang='lat' dir='ltr'>tamen</span> <span class='ocrx_word' id='word_1_160' title='bbox 399 1477 696 1524; x_wconf 85' lang='lat' dir='ltr'>quemadmodum</span> <span class='ocrx_word' id='word_1_161' title='bbox 720 1474 851 1508; x_wconf 89' lang='lat' dir='ltr'>Paulus</span> <span class='ocrx_word' id='word_1_162' title='bbox 877 1476 941 1516; x_wconf 89' lang='lat' dir='ltr'>ait,</span> <span class='ocrx_word' id='word_1_163' title='bbox 973 1482 1011 1508; x_wconf 92' lang='lat' dir='ltr'>ut</span> <span class='ocrx_word' id='word_1_164' title='bbox 1036 1477 1169 1509; x_wconf 90' lang='lat' dir='ltr'>mundo</span> 
     </span>
     <span class='ocr_line' id='line_1_29' title="bbox 187 1529 617 1569; baseline -0.012 -5"><span class='ocrx_word' id='word_1_165' title='bbox 187 1538 325 1569; x_wconf 89' lang='lat' dir='ltr'>utatur,</span> <span class='ocrx_word' id='word_1_166' title='bbox 352 1541 423 1562; x_wconf 85' lang='lat' dir='ltr'>non</span> <span class='ocrx_word' id='word_1_167' title='bbox 440 1529 617 1561; x_wconf 78' lang='lat' dir='ltr'>abutatur.</span> 
     </span>
    </p>

    <p class='ocr_par' dir='ltr' id='par_1_8' title="bbox 188 1575 1172 1823">
     <span class='ocr_line' id='line_1_30' title="bbox 289 1575 1171 1618; baseline -0.007 -5"><span class='ocrx_word' id='word_1_168' title='bbox 289 1579 341 1613; x_wconf 87' lang='lat' dir='ltr'>Ac</span> <span class='ocrx_word' id='word_1_169' title='bbox 364 1580 513 1613; x_wconf 90' lang='lat' dir='ltr'>iudicem</span> <span class='ocrx_word' id='word_1_170' title='bbox 538 1575 768 1609; x_wconf 87' lang='lat' dir='ltr'>christianum</span> <span class='ocrx_word' id='word_1_171' title='bbox 786 1581 923 1618; x_wconf 75' lang='lat' dir='ltr'>oportet</span> <span class='ocrx_word' id='word_1_172' title='bbox 939 1575 990 1609; x_wconf 87' lang='lat' dir='ltr'>uti</span> <span class='ocrx_word' id='word_1_173' title='bbox 1011 1586 1171 1618; x_wconf 86' lang='lat' dir='ltr'>praesen-</span> 
     </span>
     <span class='ocr_line' id='line_1_31' title="bbox 188 1625 1171 1673; baseline -0.006 -10"><span class='ocrx_word' id='word_1_174' title='bbox 188 1631 280 1664; x_wconf 78' lang='lat' dir='ltr'>thus</span> <span class='ocrx_word' id='word_1_175' title='bbox 302 1630 434 1672; x_wconf 86' lang='lat' dir='ltr'>legibus</span> <span class='ocrx_word' id='word_1_176' title='bbox 454 1635 556 1673; x_wconf 83' lang='lat' dir='ltr'>atque</span> <span class='ocrx_word' id='word_1_177' title='bbox 576 1626 756 1660; x_wconf 87' lang='lat' dir='ltr'>institutis.</span> <span class='ocrx_word' id='word_1_178' title='bbox 811 1625 882 1658; x_wconf 86' lang='lat' dir='ltr'>Nec</span> <span class='ocrx_word' id='word_1_179' title='bbox 899 1626 998 1658; x_wconf 83' lang='lat' dir='ltr'>debet</span> <span class='ocrx_word' id='word_1_180' title='bbox 1016 1625 1171 1658; x_wconf 89' lang='lat' dir='ltr'>iudicare</span> 
     </span>
     <span class='ocr_line' id='line_1_32' title="bbox 189 1672 1172 1717; baseline -0.007 -4"><span class='ocrx_word' id='word_1_181' title='bbox 189 1682 444 1713; x_wconf 79' lang='lat' dir='ltr'>controversias</span> <span class='ocrx_word' id='word_1_182' title='bbox 469 1691 508 1711; x_wconf 80' lang='lat' dir='ltr'>ex</span> <span class='ocrx_word' id='word_1_183' title='bbox 524 1676 689 1710; x_wconf 83' lang='lat' dir='ltr'>Mosaicis</span> <span class='ocrx_word' id='word_1_184' title='bbox 708 1675 854 1717; x_wconf 88' lang='lat' dir='ltr'>legibus.</span> <span class='ocrx_word' id='word_1_185' title='bbox 904 1674 992 1707; x_wconf 84' lang='lat' dir='ltr'>Nam</span> <span class='ocrx_word' id='word_1_186' title='bbox 1010 1672 1172 1717; x_wconf 88' lang='lat' dir='ltr'>Evange—</span> 
     </span>
     <span class='ocr_line' id='line_1_33' title="bbox 191 1725 1172 1764; baseline -0.006 -2"><span class='ocrx_word' id='word_1_187' title='bbox 191 1731 275 1762; x_wconf 88' lang='lat' dir='ltr'>lium</span> <span class='ocrx_word' id='word_1_188' title='bbox 308 1741 380 1762; x_wconf 89' lang='lat' dir='ltr'>non</span> <span class='ocrx_word' id='word_1_189' title='bbox 409 1737 458 1764; x_wconf 77' lang='lat' dir='ltr'>est</span> <span class='ocrx_word' id='word_1_190' title='bbox 490 1726 654 1761; x_wconf 86' lang='lat' dir='ltr'>seditiosa</span> <span class='ocrx_word' id='word_1_191' title='bbox 687 1725 867 1763; x_wconf 90' lang='lat' dir='ltr'>doctrina,</span> <span class='ocrx_word' id='word_1_192' title='bbox 903 1736 967 1757; x_wconf 86' lang='lat' dir='ltr'>nec</span> <span class='ocrx_word' id='word_1_193' title='bbox 998 1725 1091 1758; x_wconf 90' lang='lat' dir='ltr'>tollit</span> <span class='ocrx_word' id='word_1_194' title='bbox 1118 1735 1172 1757; x_wconf 88' lang='lat' dir='ltr'>res</span> 
     </span>
     <span class='ocr_line' id='line_1_34' title="bbox 188 1780 357 1823; baseline -0.006 -10"><span class='ocrx_word' id='word_1_195' title='bbox 188 1780 357 1823; x_wconf 86' lang='lat' dir='ltr'>politicas.</span> 
     </span>
    </p>
   </div>
   <div class='ocr_carea' id='block_1_3' title="bbox 582 1859 779 1895">
    <p class='ocr_par' dir='ltr' id='par_1_9' title="bbox 582 1859 779 1895">
     <span class='ocr_line' id='line_1_35' title="bbox 582 1859 779 1895; baseline -0.01 0"><span class='ocrx_word' id='word_1_196' title='bbox 582 1862 639 1895; x_wconf 86' lang='lat' dir='ltr'>De</span> <span class='ocrx_word' id='word_1_197' title='bbox 668 1859 779 1894; x_wconf 80' lang='lat' dir='ltr'>Iride.</span> 
     </span>
    </p>
   </div>
   <div class='ocr_carea' id='block_1_4' title="bbox 189 1923 1175 2121">
    <p class='ocr_par' dir='ltr' id='par_1_10' title="bbox 189 1923 1175 2121">
     <span class='ocr_line' id='line_1_36' title="bbox 290 1923 1172 1968; baseline -0.007 -6"><span class='ocrx_word' id='word_1_198' title='bbox 290 1927 366 1963; x_wconf 87' lang='lat' dir='ltr'>Etsi</span> <span class='ocrx_word' id='word_1_199' title='bbox 385 1927 445 1960; x_wconf 87' lang='lat' dir='ltr'>iris</span> <span class='ocrx_word' id='word_1_200' title='bbox 462 1926 556 1959; x_wconf 89' lang='lat' dir='ltr'>velut</span> <span class='ocrx_word' id='word_1_201' title='bbox 573 1925 754 1968; x_wconf 91' lang='lat' dir='ltr'>speculum</span> <span class='ocrx_word' id='word_1_202' title='bbox 770 1923 886 1957; x_wconf 88' lang='lat' dir='ltr'>reddit</span> <span class='ocrx_word' id='word_1_203' title='bbox 898 1924 1030 1964; x_wconf 92' lang='lat' dir='ltr'>lumen,</span> <span class='ocrx_word' id='word_1_204' title='bbox 1056 1930 1172 1957; x_wconf 88' lang='lat' dir='ltr'>tamen</span> 
     </span>
     <span class='ocr_line' id='line_1_37' title="bbox 190 1974 1174 2023; baseline -0.007 -10"><span class='ocrx_word' id='word_1_205' title='bbox 190 1993 262 2014; x_wconf 89' lang='lat' dir='ltr'>non</span> <span class='ocrx_word' id='word_1_206' title='bbox 287 1984 400 2023; x_wconf 86' lang='lat' dir='ltr'>potest</span> <span class='ocrx_word' id='word_1_207' title='bbox 424 1976 608 2018; x_wconf 85' lang='lat' dir='ltr'>imaginem</span> <span class='ocrx_word' id='word_1_208' title='bbox 632 1974 716 2007; x_wconf 89' lang='lat' dir='ltr'>solis</span> <span class='ocrx_word' id='word_1_209' title='bbox 735 1975 901 2015; x_wconf 85' lang='lat' dir='ltr'>reddere,</span> <span class='ocrx_word' id='word_1_210' title='bbox 928 1974 1017 2007; x_wconf 88' lang='lat' dir='ltr'>sicut</span> <span class='ocrx_word' id='word_1_211' title='bbox 1035 1974 1174 2017; x_wconf 89' lang='lat' dir='ltr'>specula</span> 
     </span>
     <span class='ocr_line' id='line_1_38' title="bbox 189 2022 1175 2069; baseline -0.006 -6"><span class='ocrx_word' id='word_1_212' title='bbox 189 2031 367 2063; x_wconf 84' lang='lat' dir='ltr'>distinctas</span> <span class='ocrx_word' id='word_1_213' title='bbox 403 2027 571 2069; x_wconf 84' lang='lat' dir='ltr'>imagines</span> <span class='ocrx_word' id='word_1_214' title='bbox 600 2025 767 2061; x_wconf 89' lang='lat' dir='ltr'>reddunt.</span> <span class='ocrx_word' id='word_1_215' title='bbox 832 2022 880 2058; x_wconf 85' lang='lat' dir='ltr'>Et</span> <span class='ocrx_word' id='word_1_216' title='bbox 903 2035 1021 2058; x_wconf 90' lang='lat' dir='ltr'>caussa</span> <span class='ocrx_word' id='word_1_217' title='bbox 1045 2024 1175 2067; x_wconf 84' lang='lat' dir='ltr'>figurae</span> 
     </span>
     <span class='ocr_line' id='line_1_39' title="bbox 191 2075 623 2121; baseline -0.005 -8"><span class='ocrx_word' id='word_1_218' title='bbox 191 2080 295 2113; x_wconf 83' lang='lat' dir='ltr'>Iridis</span> <span class='ocrx_word' id='word_1_219' title='bbox 312 2086 361 2112; x_wconf 82' lang='lat' dir='ltr'>est</span> <span class='ocrx_word' id='word_1_220' title='bbox 378 2078 488 2121; x_wconf 81' lang='lat' dir='ltr'>figura</span> <span class='ocrx_word' id='word_1_221' title='bbox 505 2075 623 2111; x_wconf 83' lang='lat' dir='ltr'>nubis.</span> 
     </span>
    </p>
   </div>
   <div class='ocr_carea' id='block_1_5' title="bbox 335 2190 1036 2240">
    <p class='ocr_par' dir='ltr' id='par_1_11' title="bbox 335 2190 1036 2240">
     <span class='ocr_line' id='line_1_40' title="bbox 335 2190 1036 2240; baseline -0.006 -10"><span class='ocrx_word' id='word_1_222' title='bbox 335 2192 478 2240; x_wconf 83' lang='lat' dir='ltr'>(vm.)</span> <span class='ocrx_word' id='word_1_223' title='bbox 521 2194 579 2228; x_wconf 86' lang='lat' dir='ltr'>De</span> <span class='ocrx_word' id='word_1_224' title='bbox 600 2195 746 2227; x_wconf 75' lang='lat' dir='ltr'>caussis</span> <span class='ocrx_word' id='word_1_225' title='bbox 765 2202 833 2237; x_wconf 84' lang='lat' dir='ltr'>per</span> <span class='ocrx_word' id='word_1_226' title='bbox 855 2190 1036 2227; x_wconf 72' lang='lat' dir='ltr'>accidens.</span> 
     </span>
    </p>
   </div>
   <div class='ocr_carea' id='block_1_6' title="bbox 193 2273 1181 2669">
    <p class='ocr_par' dir='ltr' id='par_1_12' title="bbox 193 2273 1178 2372">
     <span class='ocr_line' id='line_1_41' title="bbox 193 2273 1178 2317; baseline -0.005 -6"><span class='ocrx_word' id='word_1_227' title='bbox 193 2273 406 2311; x_wconf 78' lang='lat' dir='ltr'>Aristoteles</span> <span class='ocrx_word' id='word_1_228' title='bbox 422 2281 513 2309; x_wconf 86' lang='lat' dir='ltr'>recte</span> <span class='ocrx_word' id='word_1_229' title='bbox 528 2273 697 2308; x_wconf 88' lang='lat' dir='ltr'>discernit</span> <span class='ocrx_word' id='word_1_230' title='bbox 712 2284 849 2307; x_wconf 86' lang='lat' dir='ltr'>caussas</span> <span class='ocrx_word' id='word_1_231' title='bbox 865 2284 928 2317; x_wconf 87' lang='lat' dir='ltr'>per</span> <span class='ocrx_word' id='word_1_232' title='bbox 942 2283 977 2306; x_wconf 89' lang='lat' dir='ltr'>se</span> <span class='ocrx_word' id='word_1_233' title='bbox 993 2278 1026 2306; x_wconf 90' lang='lat' dir='ltr'>et</span> <span class='ocrx_word' id='word_1_234' title='bbox 1042 2283 1178 2306; x_wconf 88' lang='lat' dir='ltr'>caussas</span> 
     </span>
     <span class='ocr_line' id='line_1_42' title="bbox 193 2325 442 2372; baseline -0.012 -12"><span class='ocrx_word' id='word_1_235' title='bbox 193 2339 256 2372; x_wconf 90' lang='lat' dir='ltr'>per</span> <span class='ocrx_word' id='word_1_236' title='bbox 272 2325 442 2359; x_wconf 85' lang='lat' dir='ltr'>accidens.</span> 
     </span>
    </p>

    <p class='ocr_par' dir='ltr' id='par_1_13' title="bbox 193 2372 1181 2572">
     <span class='ocr_line' id='line_1_43' title="bbox 294 2372 1179 2417; baseline -0.001 -9"><span class='ocrx_word' id='word_1_237' title='bbox 294 2374 437 2408; x_wconf 91' lang='lat' dir='ltr'>Clarum</span> <span class='ocrx_word' id='word_1_238' title='bbox 468 2381 519 2407; x_wconf 85' lang='lat' dir='ltr'>est</span> <span class='ocrx_word' id='word_1_239' title='bbox 550 2374 646 2408; x_wconf 91' lang='lat' dir='ltr'>enim</span> <span class='ocrx_word' id='word_1_240' title='bbox 672 2373 805 2408; x_wconf 88' lang='lat' dir='ltr'>iudicio</span> <span class='ocrx_word' id='word_1_241' title='bbox 833 2372 982 2409; x_wconf 88' lang='lat' dir='ltr'>rationis</span> <span class='ocrx_word' id='word_1_242' title='bbox 1006 2372 1179 2417; x_wconf 89' lang='lat' dir='ltr'>plurimos</span> 
     </span>
     <span class='ocr_line' id='line_1_44' title="bbox 194 2421 1181 2468; baseline -0.003 -7"><span class='ocrx_word' id='word_1_243' title='bbox 194 2431 340 2461; x_wconf 83' lang='lat' dir='ltr'>eventus</span> <span class='ocrx_word' id='word_1_244' title='bbox 369 2435 442 2457; x_wconf 89' lang='lat' dir='ltr'>non</span> <span class='ocrx_word' id='word_1_245' title='bbox 465 2421 594 2457; x_wconf 88' lang='lat' dir='ltr'>habere</span> <span class='ocrx_word' id='word_1_246' title='bbox 620 2435 758 2458; x_wconf 88' lang='lat' dir='ltr'>caussas</span> <span class='ocrx_word' id='word_1_247' title='bbox 778 2435 840 2468; x_wconf 89' lang='lat' dir='ltr'>per</span> <span class='ocrx_word' id='word_1_248' title='bbox 864 2435 910 2457; x_wconf 83' lang='lat' dir='ltr'>se.</span> <span class='ocrx_word' id='word_1_249' title='bbox 977 2422 1123 2458; x_wconf 87' lang='lat' dir='ltr'>Clarum</span> <span class='ocrx_word' id='word_1_250' title='bbox 1147 2431 1181 2458; x_wconf 88' lang='lat' dir='ltr'>et</span> 
     </span>
     <span class='ocr_line' id='line_1_45' title="bbox 193 2473 1181 2521; baseline -0.002 -11"><span class='ocrx_word' id='word_1_251' title='bbox 193 2476 260 2511; x_wconf 88' lang='lat' dir='ltr'>hoc</span> <span class='ocrx_word' id='word_1_252' title='bbox 285 2481 353 2515; x_wconf 85' lang='lat' dir='ltr'>est,</span> <span class='ocrx_word' id='word_1_253' title='bbox 380 2473 655 2516; x_wconf 88' lang='lat' dir='ltr'>contingentiam</span> <span class='ocrx_word' id='word_1_254' title='bbox 675 2480 837 2518; x_wconf 90' lang='lat' dir='ltr'>oportere</span> <span class='ocrx_word' id='word_1_255' title='bbox 856 2474 960 2518; x_wconf 88' lang='lat' dir='ltr'>poni,</span> <span class='ocrx_word' id='word_1_256' title='bbox 987 2474 1050 2509; x_wconf 87' lang='lat' dir='ltr'>etsi</span> <span class='ocrx_word' id='word_1_257' title='bbox 1067 2486 1181 2521; x_wconf 86' lang='lat' dir='ltr'>neque</span> 
     </span>
     <span class='ocr_line' id='line_1_46' title="bbox 194 2524 923 2572; baseline -0.007 -12"><span class='ocrx_word' id='word_1_258' title='bbox 194 2525 473 2572; x_wconf 88' lang='lat' dir='ltr'>providentiam,</span> <span class='ocrx_word' id='word_1_259' title='bbox 501 2535 614 2568; x_wconf 88' lang='lat' dir='ltr'>neque</span> <span class='ocrx_word' id='word_1_260' title='bbox 631 2525 740 2557; x_wconf 88' lang='lat' dir='ltr'>fatum</span> <span class='ocrx_word' id='word_1_261' title='bbox 757 2524 923 2558; x_wconf 88' lang='lat' dir='ltr'>tollimus.</span> 
     </span>
    </p>

    <p class='ocr_par' dir='ltr' id='par_1_14' title="bbox 199 2572 1178 2669">
     <span class='ocr_line' id='line_1_47' title="bbox 295 2572 1178 2617; baseline 0.003 -9"><span class='ocrx_word' id='word_1_262' title='bbox 295 2573 524 2608; x_wconf 86' lang='lat' dir='ltr'>Providentia</span> <span class='ocrx_word' id='word_1_263' title='bbox 547 2580 597 2606; x_wconf 90' lang='lat' dir='ltr'>est</span> <span class='ocrx_word' id='word_1_264' title='bbox 621 2584 738 2606; x_wconf 87' lang='lat' dir='ltr'>caussa</span> <span class='ocrx_word' id='word_1_265' title='bbox 764 2586 826 2617; x_wconf 89' lang='lat' dir='ltr'>per</span> <span class='ocrx_word' id='word_1_266' title='bbox 841 2586 887 2610; x_wconf 90' lang='lat' dir='ltr'>se.</span> <span class='ocrx_word' id='word_1_267' title='bbox 939 2572 1003 2609; x_wconf 87' lang='lat' dir='ltr'>Est</span> <span class='ocrx_word' id='word_1_268' title='bbox 1020 2581 1054 2610; x_wconf 92' lang='lat' dir='ltr'>et</span> <span class='ocrx_word' id='word_1_269' title='bbox 1069 2575 1178 2611; x_wconf 80' lang='lat' dir='ltr'>fatum</span> 
     </span>
     <span class='ocr_line' id='line_1_48' title="bbox 199 2623 1066 2669; baseline -0.002 -8"><span class='ocrx_word' id='word_1_270' title='bbox 199 2636 316 2661; x_wconf 82' lang='lat' dir='ltr'>caussa</span> <span class='ocrx_word' id='word_1_271' title='bbox 334 2636 395 2669; x_wconf 88' lang='lat' dir='ltr'>per</span> <span class='ocrx_word' id='word_1_272' title='bbox 412 2635 465 2665; x_wconf 86' lang='lat' dir='ltr'>se,</span> <span class='ocrx_word' id='word_1_273' title='bbox 489 2623 550 2658; x_wconf 86' lang='lat' dir='ltr'>sed</span> <span class='ocrx_word' id='word_1_274' title='bbox 568 2634 631 2657; x_wconf 88' lang='lat' dir='ltr'>nec</span> <span class='ocrx_word' id='word_1_275' title='bbox 648 2623 846 2669; x_wconf 88' lang='lat' dir='ltr'>propinqua</span> <span class='ocrx_word' id='word_1_276' title='bbox 861 2636 925 2660; x_wconf 85' lang='lat' dir='ltr'>nec</span> <span class='ocrx_word' id='word_1_277' title='bbox 940 2625 1066 2661; x_wconf 86' lang='lat' dir='ltr'>totalis.</span> 
     </span>
    </p>
   </div>
   <div class='ocr_carea' id='block_1_7' title="bbox 947 88 1426 126">
    <p class='ocr_par' dir='ltr' id='par_1_15' title="bbox 947 88 1426 126">
     <span class='ocr_line' id='line_1_49' title="bbox 947 88 1426 126; baseline 0.006 -3"><span class='ocrx_word' id='word_1_278' title='bbox 947 88 1426 126; x_wconf 88' lang='lat' dir='ltr'>DISPUTATIONES</span> 
     </span>
    </p>
   </div>
   <div class='ocr_carea' id='block_1_8' title="bbox 2116 94 2192 131">
    <p class='ocr_par' dir='ltr' id='par_1_16' title="bbox 2116 94 2192 131">
     <span class='ocr_line' id='line_1_50' title="bbox 2116 94 2192 131; baseline 0 -1"><span class='ocrx_word' id='word_1_279' title='bbox 2116 94 2192 131; x_wconf 86' lang='lat'>700</span> 
     </span>
    </p>
   </div>
   <div class='ocr_carea' id='block_1_9' title="bbox 1215 175 2203 1171">
    <p class='ocr_par' dir='ltr' id='par_1_17' title="bbox 1215 175 2192 320">
     <span class='ocr_line' id='line_1_51' title="bbox 1315 175 2192 225; baseline 0.002 -15"><span class='ocrx_word' id='word_1_280' title='bbox 1315 175 1473 210; x_wconf 88' lang='lat' dir='ltr'>Fortuna</span> <span class='ocrx_word' id='word_1_281' title='bbox 1490 182 1522 210; x_wconf 90' lang='lat' dir='ltr'>et</span> <span class='ocrx_word' id='word_1_282' title='bbox 1537 187 1634 210; x_wconf 90' lang='lat' dir='ltr'>casus</span> <span class='ocrx_word' id='word_1_283' title='bbox 1650 183 1731 211; x_wconf 88' lang='lat' dir='ltr'>sunt</span> <span class='ocrx_word' id='word_1_284' title='bbox 1746 188 1884 212; x_wconf 87' lang='lat' dir='ltr'>caussae</span> <span class='ocrx_word' id='word_1_285' title='bbox 1897 177 2114 225; x_wconf 86' lang='lat' dir='ltr'>propinquae</span> <span class='ocrx_word' id='word_1_286' title='bbox 2130 190 2192 223; x_wconf 89' lang='lat' dir='ltr'>per</span> 
     </span>
     <span class='ocr_line' id='line_1_52' title="bbox 1215 225 2192 272; baseline 0.001 -12"><span class='ocrx_word' id='word_1_287' title='bbox 1215 226 1386 260; x_wconf 81' lang='lat' dir='ltr'>accidens.</span> <span class='ocrx_word' id='word_1_288' title='bbox 1438 225 1510 259; x_wconf 79' lang='lat' dir='ltr'>Nec</span> <span class='ocrx_word' id='word_1_289' title='bbox 1531 233 1580 259; x_wconf 87' lang='lat' dir='ltr'>est</span> <span class='ocrx_word' id='word_1_290' title='bbox 1595 228 1826 270; x_wconf 87' lang='lat' dir='ltr'>repugnantia</span> <span class='ocrx_word' id='word_1_291' title='bbox 1843 226 1896 272; x_wconf 89' lang='lat'>*),</span> <span class='ocrx_word' id='word_1_292' title='bbox 1923 229 2034 262; x_wconf 88' lang='lat' dir='ltr'>eidem</span> <span class='ocrx_word' id='word_1_293' title='bbox 2052 228 2192 263; x_wconf 88' lang='lat' dir='ltr'>eventui</span> 
     </span>
     <span class='ocr_line' id='line_1_53' title="bbox 1215 278 2056 320; baseline 0.002 -9"><span class='ocrx_word' id='word_1_294' title='bbox 1215 278 1370 311; x_wconf 87' lang='lat' dir='ltr'>tribuere</span> <span class='ocrx_word' id='word_1_295' title='bbox 1387 287 1523 310; x_wconf 88' lang='lat' dir='ltr'>caussas</span> <span class='ocrx_word' id='word_1_296' title='bbox 1540 278 1800 320; x_wconf 85' lang='lat' dir='ltr'>providentiam</span> <span class='ocrx_word' id='word_1_297' title='bbox 1818 285 1851 312; x_wconf 87' lang='lat' dir='ltr'>et</span> <span class='ocrx_word' id='word_1_298' title='bbox 1866 278 2056 314; x_wconf 88' lang='lat' dir='ltr'>fortunam.</span> 
     </span>
    </p>

    <p class='ocr_par' dir='ltr' id='par_1_18' title="bbox 1215 327 2196 513">
     <span class='ocr_line' id='line_1_54' title="bbox 1315 327 2194 374; baseline -0.001 -13"><span class='ocrx_word' id='word_1_299' title='bbox 1315 327 1418 361; x_wconf 90' lang='lat' dir='ltr'>Luna</span> <span class='ocrx_word' id='word_1_300' title='bbox 1434 327 1567 359; x_wconf 75' lang='lat' dir='ltr'>vicenis</span> <span class='ocrx_word' id='word_1_301' title='bbox 1582 327 1706 360; x_wconf 88' lang='lat' dir='ltr'>diebus</span> <span class='ocrx_word' id='word_1_302' title='bbox 1721 329 1940 374; x_wconf 88' lang='lat' dir='ltr'>septenisque</span> <span class='ocrx_word' id='word_1_303' title='bbox 1957 335 1991 361; x_wconf 90' lang='lat' dir='ltr'>et</span> <span class='ocrx_word' id='word_1_304' title='bbox 2006 327 2108 362; x_wconf 86' lang='lat' dir='ltr'>tertia</span> <span class='ocrx_word' id='word_1_305' title='bbox 2122 327 2194 361; x_wconf 86' lang='lat' dir='ltr'>diei</span> 
     </span>
     <span class='ocr_line' id='line_1_55' title="bbox 1215 377 2196 421; baseline 0 -11"><span class='ocrx_word' id='word_1_306' title='bbox 1215 384 1313 421; x_wconf 88' lang='lat' dir='ltr'>parte</span> <span class='ocrx_word' id='word_1_307' title='bbox 1334 377 1468 421; x_wconf 86' lang='lat' dir='ltr'>peragit</span> <span class='ocrx_word' id='word_1_308' title='bbox 1490 388 1629 410; x_wconf 88' lang='lat' dir='ltr'>cursum</span> <span class='ocrx_word' id='word_1_309' title='bbox 1653 389 1772 418; x_wconf 89' lang='lat' dir='ltr'>suum,</span> <span class='ocrx_word' id='word_1_310' title='bbox 1799 385 1833 412; x_wconf 91' lang='lat' dir='ltr'>et</span> <span class='ocrx_word' id='word_1_311' title='bbox 1851 386 1967 412; x_wconf 86' lang='lat' dir='ltr'>tamen</span> <span class='ocrx_word' id='word_1_312' title='bbox 1985 390 2004 412; x_wconf 88' lang='lat' dir='ltr'>a</span> <span class='ocrx_word' id='word_1_313' title='bbox 2021 377 2196 412; x_wconf 86' lang='lat' dir='ltr'>tricesima</span> 
     </span>
     <span class='ocr_line' id='line_1_56' title="bbox 1216 426 2195 472; baseline -0.001 -12"><span class='ocrx_word' id='word_1_314' title='bbox 1216 428 1310 468; x_wconf 90' lang='lat' dir='ltr'>luce,</span> <span class='ocrx_word' id='word_1_315' title='bbox 1342 434 1382 462; x_wconf 89' lang='lat' dir='ltr'>ut</span> <span class='ocrx_word' id='word_1_316' title='bbox 1408 427 1524 472; x_wconf 89' lang='lat' dir='ltr'>inquit</span> <span class='ocrx_word' id='word_1_317' title='bbox 1545 426 1704 469; x_wconf 88' lang='lat' dir='ltr'>Plinius,</span> <span class='ocrx_word' id='word_1_318' title='bbox 1731 439 1851 462; x_wconf 90' lang='lat' dir='ltr'>cursus</span> <span class='ocrx_word' id='word_1_319' title='bbox 1873 429 1918 461; x_wconf 89' lang='lat' dir='ltr'>ad</span> <span class='ocrx_word' id='word_1_320' title='bbox 1944 429 2082 462; x_wconf 86' lang='lat' dir='ltr'>easdem</span> <span class='ocrx_word' id='word_1_321' title='bbox 2104 427 2195 461; x_wconf 82' lang='lat' dir='ltr'>vices</span> 
     </span>
     <span class='ocr_line' id='line_1_57' title="bbox 1217 478 1297 513; baseline 0.025 -2"><span class='ocrx_word' id='word_1_322' title='bbox 1217 478 1297 513; x_wconf 86' lang='lat' dir='ltr'>exit.</span> 
     </span>
    </p>

    <p class='ocr_par' dir='ltr' id='par_1_19' title="bbox 1217 527 2198 772">
     <span class='ocr_line' id='line_1_58' title="bbox 1318 527 2197 572; baseline 0.001 -12"><span class='ocrx_word' id='word_1_323' title='bbox 1318 527 1475 561; x_wconf 87' lang='lat' dir='ltr'>Tametsi</span> <span class='ocrx_word' id='word_1_324' title='bbox 1499 527 1583 560; x_wconf 89' lang='lat' dir='ltr'>luna</span> <span class='ocrx_word' id='word_1_325' title='bbox 1605 527 1798 572; x_wconf 89' lang='lat' dir='ltr'>aequaliter</span> <span class='ocrx_word' id='word_1_326' title='bbox 1813 534 1976 561; x_wconf 89' lang='lat' dir='ltr'>movetur</span> <span class='ocrx_word' id='word_1_327' title='bbox 1993 528 2030 561; x_wconf 90' lang='lat' dir='ltr'>in</span> <span class='ocrx_word' id='word_1_328' title='bbox 2048 539 2110 562; x_wconf 89' lang='lat' dir='ltr'>suo</span> <span class='ocrx_word' id='word_1_329' title='bbox 2128 527 2197 561; x_wconf 90' lang='lat' dir='ltr'>cir-</span> 
     </span>
     <span class='ocr_line' id='line_1_59' title="bbox 1217 577 2198 622; baseline -0.001 -11"><span class='ocrx_word' id='word_1_330' title='bbox 1217 578 1314 619; x_wconf 90' lang='lat' dir='ltr'>culo,</span> <span class='ocrx_word' id='word_1_331' title='bbox 1340 585 1455 611; x_wconf 89' lang='lat' dir='ltr'>tamen</span> <span class='ocrx_word' id='word_1_332' title='bbox 1480 578 1710 622; x_wconf 87' lang='lat' dir='ltr'>inaequaliter</span> <span class='ocrx_word' id='word_1_333' title='bbox 1734 590 1753 611; x_wconf 87' lang='lat' dir='ltr'>a</span> <span class='ocrx_word' id='word_1_334' title='bbox 1769 578 1863 612; x_wconf 90' lang='lat' dir='ltr'>coitu</span> <span class='ocrx_word' id='word_1_335' title='bbox 1879 578 2110 622; x_wconf 85' lang='lat' dir='ltr'>conspicitur,</span> <span class='ocrx_word' id='word_1_336' title='bbox 2133 577 2198 610; x_wconf 88' lang='lat' dir='ltr'>ali-</span> 
     </span>
     <span class='ocr_line' id='line_1_60' title="bbox 1218 627 2198 674; baseline -0.003 -12"><span class='ocrx_word' id='word_1_337' title='bbox 1218 629 1359 674; x_wconf 89' lang='lat' dir='ltr'>quando</span> <span class='ocrx_word' id='word_1_338' title='bbox 1383 629 1477 661; x_wconf 89' lang='lat' dir='ltr'>enim</span> <span class='ocrx_word' id='word_1_339' title='bbox 1501 628 1691 660; x_wconf 88' lang='lat' dir='ltr'>novissima</span> <span class='ocrx_word' id='word_1_340' title='bbox 1710 635 1743 662; x_wconf 88' lang='lat' dir='ltr'>et</span> <span class='ocrx_word' id='word_1_341' title='bbox 1761 628 1874 672; x_wconf 88' lang='lat' dir='ltr'>prima</span> <span class='ocrx_word' id='word_1_342' title='bbox 1892 629 2014 661; x_wconf 89' lang='lat' dir='ltr'>eodem</span> <span class='ocrx_word' id='word_1_343' title='bbox 2031 628 2108 668; x_wconf 89' lang='lat' dir='ltr'>die,</span> <span class='ocrx_word' id='word_1_344' title='bbox 2132 627 2198 660; x_wconf 81' lang='lat' dir='ltr'>ali-</span> 
     </span>
     <span class='ocr_line' id='line_1_61' title="bbox 1218 677 2198 724; baseline -0.003 -12"><span class='ocrx_word' id='word_1_345' title='bbox 1218 679 1359 724; x_wconf 91' lang='lat' dir='ltr'>quando</span> <span class='ocrx_word' id='word_1_346' title='bbox 1394 679 1503 711; x_wconf 89' lang='lat' dir='ltr'>altero</span> <span class='ocrx_word' id='word_1_347' title='bbox 1515 704 1526 718; x_wconf 85' lang='lat'>‚</span> <span class='ocrx_word' id='word_1_348' title='bbox 1563 678 1754 722; x_wconf 89' lang='lat' dir='ltr'>aliquando</span> <span class='ocrx_word' id='word_1_349' title='bbox 1795 690 1876 711; x_wconf 87' lang='lat' dir='ltr'>vero</span> <span class='ocrx_word' id='word_1_350' title='bbox 1909 678 2012 711; x_wconf 83' lang='lat' dir='ltr'>tertio</span> <span class='ocrx_word' id='word_1_351' title='bbox 2042 677 2198 722; x_wconf 87' lang='lat' dir='ltr'>primum</span> 
     </span>
     <span class='ocr_line' id='line_1_62' title="bbox 1217 728 2035 772; baseline -0.001 -10"><span class='ocrx_word' id='word_1_352' title='bbox 1217 740 1349 772; x_wconf 88' lang='lat' dir='ltr'>egressa</span> <span class='ocrx_word' id='word_1_353' title='bbox 1366 741 1406 762; x_wconf 85' lang='lat' dir='ltr'>ex</span> <span class='ocrx_word' id='word_1_354' title='bbox 1424 729 1532 761; x_wconf 84' lang='lat' dir='ltr'>radiis</span> <span class='ocrx_word' id='word_1_355' title='bbox 1549 728 1722 761; x_wconf 88' lang='lat' dir='ltr'>solaribus</span> <span class='ocrx_word' id='word_1_356' title='bbox 1739 728 1894 771; x_wconf 90' lang='lat' dir='ltr'>conspici</span> <span class='ocrx_word' id='word_1_357' title='bbox 1910 734 2035 772; x_wconf 81' lang='lat' dir='ltr'>potest.</span> 
     </span>
    </p>

    <p class='ocr_par' dir='ltr' id='par_1_20' title="bbox 1217 778 2201 924">
     <span class='ocr_line' id='line_1_63' title="bbox 1318 778 2199 821; baseline -0.002 -8"><span class='ocrx_word' id='word_1_358' title='bbox 1318 779 1475 821; x_wconf 81' lang='lat' dir='ltr'>Singulis</span> <span class='ocrx_word' id='word_1_359' title='bbox 1499 778 1678 811; x_wconf 86' lang='lat' dir='ltr'>mensibus</span> <span class='ocrx_word' id='word_1_360' title='bbox 1695 778 1779 811; x_wconf 89' lang='lat' dir='ltr'>luna</span> <span class='ocrx_word' id='word_1_361' title='bbox 1796 778 2023 821; x_wconf 86' lang='lat' dir='ltr'>coniungitur</span> <span class='ocrx_word' id='word_1_362' title='bbox 2038 784 2071 812; x_wconf 92' lang='lat' dir='ltr'>et</span> <span class='ocrx_word' id='word_1_363' title='bbox 2088 789 2199 821; x_wconf 93' lang='lat' dir='ltr'>oppo-</span> 
     </span>
     <span class='ocr_line' id='line_1_64' title="bbox 1217 828 2201 870; baseline -0.001 -9"><span class='ocrx_word' id='word_1_364' title='bbox 1217 829 1316 862; x_wconf 89' lang='lat' dir='ltr'>nitur</span> <span class='ocrx_word' id='word_1_365' title='bbox 1345 829 1431 870; x_wconf 90' lang='lat' dir='ltr'>soli,</span> <span class='ocrx_word' id='word_1_366' title='bbox 1472 840 1545 861; x_wconf 90' lang='lat' dir='ltr'>non</span> <span class='ocrx_word' id='word_1_367' title='bbox 1575 835 1693 861; x_wconf 82' lang='lat' dir='ltr'>tamen</span> <span class='ocrx_word' id='word_1_368' title='bbox 1723 828 1871 870; x_wconf 78' lang='lat' dir='ltr'>singulIS</span> <span class='ocrx_word' id='word_1_369' title='bbox 1902 828 2083 862; x_wconf 88' lang='lat' dir='ltr'>mensibus</span> <span class='ocrx_word' id='word_1_370' title='bbox 2111 828 2201 861; x_wconf 80' lang='lat' dir='ltr'>fiunt</span> 
     </span>
     <span class='ocr_line' id='line_1_65' title="bbox 1218 880 1372 924; baseline 0 -12"><span class='ocrx_word' id='word_1_371' title='bbox 1218 880 1372 924; x_wconf 89' lang='lat' dir='ltr'>eclipses.</span> 
     </span>
    </p>

    <p class='ocr_par' dir='ltr' id='par_1_21' title="bbox 1217 926 2203 1171">
     <span class='ocr_line' id='line_1_66' title="bbox 1318 926 2202 973; baseline -0.001 -11"><span class='ocrx_word' id='word_1_372' title='bbox 1318 928 1407 962; x_wconf 92' lang='lat' dir='ltr'>Cum</span> <span class='ocrx_word' id='word_1_373' title='bbox 1422 940 1547 973; x_wconf 90' lang='lat' dir='ltr'>corpus</span> <span class='ocrx_word' id='word_1_374' title='bbox 1563 928 1674 961; x_wconf 91' lang='lat' dir='ltr'>solare</span> <span class='ocrx_word' id='word_1_375' title='bbox 1689 928 1802 961; x_wconf 90' lang='lat' dir='ltr'>maius</span> <span class='ocrx_word' id='word_1_376' title='bbox 1817 928 1861 962; x_wconf 90' lang='lat' dir='ltr'>sit</span> <span class='ocrx_word' id='word_1_377' title='bbox 1875 939 1979 973; x_wconf 90' lang='lat' dir='ltr'>quam</span> <span class='ocrx_word' id='word_1_378' title='bbox 1995 928 2079 961; x_wconf 88' lang='lat' dir='ltr'>luna</span> <span class='ocrx_word' id='word_1_379' title='bbox 2094 926 2202 961; x_wconf 86' lang='lat' dir='ltr'>sexies</span> 
     </span>
     <span class='ocr_line' id='line_1_67' title="bbox 1217 979 2203 1023; baseline 0.001 -12"><span class='ocrx_word' id='word_1_380' title='bbox 1217 979 1345 1011; x_wconf 86' lang='lat' dir='ltr'>millies</span> <span class='ocrx_word' id='word_1_381' title='bbox 1374 979 1562 1012; x_wconf 87' lang='lat' dir='ltr'>sexcenties</span> <span class='ocrx_word' id='word_1_382' title='bbox 1586 986 1619 1011; x_wconf 89' lang='lat' dir='ltr'>et</span> <span class='ocrx_word' id='word_1_383' title='bbox 1645 979 1889 1022; x_wconf 85' lang='lat' dir='ltr'>quadragesies</span> <span class='ocrx_word' id='word_1_384' title='bbox 1914 985 2055 1023; x_wconf 85' lang='lat' dir='ltr'>quater,</span> <span class='ocrx_word' id='word_1_385' title='bbox 2089 984 2203 1022; x_wconf 79' lang='lat' dir='ltr'>potest</span> 
     </span>
     <span class='ocr_line' id='line_1_68' title="bbox 1218 1027 2203 1072; baseline -0.002 -11"><span class='ocrx_word' id='word_1_386' title='bbox 1218 1035 1334 1061; x_wconf 87' lang='lat' dir='ltr'>tamen</span> <span class='ocrx_word' id='word_1_387' title='bbox 1360 1029 1477 1061; x_wconf 85' lang='lat' dir='ltr'>totalis</span> <span class='ocrx_word' id='word_1_388' title='bbox 1500 1027 1638 1070; x_wconf 89' lang='lat' dir='ltr'>eclipsis</span> <span class='ocrx_word' id='word_1_389' title='bbox 1662 1027 1745 1060; x_wconf 88' lang='lat' dir='ltr'>solis</span> <span class='ocrx_word' id='word_1_390' title='bbox 1767 1028 1941 1068; x_wconf 87' lang='lat' dir='ltr'>accidere,</span> <span class='ocrx_word' id='word_1_391' title='bbox 1974 1039 2062 1072; x_wconf 88' lang='lat' dir='ltr'>quae</span> <span class='ocrx_word' id='word_1_392' title='bbox 2085 1033 2203 1060; x_wconf 86' lang='lat' dir='ltr'>tamen</span> 
     </span>
     <span class='ocr_line' id='line_1_69' title="bbox 1219 1076 2203 1121; baseline -0.001 -11"><span class='ocrx_word' id='word_1_393' title='bbox 1219 1085 1360 1121; x_wconf 88' lang='lat' dir='ltr'>propter</span> <span class='ocrx_word' id='word_1_394' title='bbox 1382 1084 1539 1120; x_wconf 86' lang='lat' dir='ltr'>aspectus</span> <span class='ocrx_word' id='word_1_395' title='bbox 1555 1076 1793 1110; x_wconf 87' lang='lat' dir='ltr'>diversitatem</span> <span class='ocrx_word' id='word_1_396' title='bbox 1813 1089 1887 1110; x_wconf 91' lang='lat' dir='ltr'>non</span> <span class='ocrx_word' id='word_1_397' title='bbox 1902 1077 2112 1111; x_wconf 89' lang='lat' dir='ltr'>universalis</span> <span class='ocrx_word' id='word_1_398' title='bbox 2129 1078 2203 1110; x_wconf 85' lang='lat' dir='ltr'>exi-</span> 
     </span>
     <span class='ocr_line' id='line_1_70' title="bbox 1219 1125 1707 1171; baseline -0.002 -11"><span class='ocrx_word' id='word_1_399' title='bbox 1219 1135 1307 1160; x_wconf 87' lang='lat' dir='ltr'>stere</span> <span class='ocrx_word' id='word_1_400' title='bbox 1324 1133 1437 1171; x_wconf 87' lang='lat' dir='ltr'>potest</span> <span class='ocrx_word' id='word_1_401' title='bbox 1452 1126 1541 1159; x_wconf 89' lang='lat' dir='ltr'>sicut</span> <span class='ocrx_word' id='word_1_402' title='bbox 1558 1125 1594 1157; x_wconf 89' lang='lat' dir='ltr'>in</span> <span class='ocrx_word' id='word_1_403' title='bbox 1612 1125 1707 1159; x_wconf 80' lang='lat' dir='ltr'>luna.</span> 
     </span>
    </p>
   </div>
   <div class='ocr_carea' id='block_1_10' title="bbox 1410 1241 2011 1339">
    <p class='ocr_par' dir='ltr' id='par_1_22' title="bbox 1410 1241 2011 1339">
     <span class='ocr_line' id='line_1_71' title="bbox 1410 1241 2011 1288; baseline 0.003 -11"><span class='ocrx_word' id='word_1_404' title='bbox 1410 1241 1514 1288; x_wconf 88' lang='lat' dir='ltr'><strong>(IX.)</strong></span> <span class='ocrx_word' id='word_1_405' title='bbox 1558 1244 1711 1278; x_wconf 81' lang='lat' dir='ltr'>Casus.</span> <span class='ocrx_word' id='word_1_406' title='bbox 1757 1242 1832 1285; x_wconf 84' lang='lat' dir='ltr'>(De</span> <span class='ocrx_word' id='word_1_407' title='bbox 1853 1244 2011 1288; x_wconf 75' lang='lat' dir='ltr'>stupro.)</span> 
     </span>
     <span class='ocr_line' id='line_1_72' title="bbox 1457 1294 1971 1339; baseline 0 -13"><span class='ocrx_word' id='word_1_408' title='bbox 1457 1295 1560 1339; x_wconf 87' lang='lat' dir='ltr'>(Opp.</span> <span class='ocrx_word' id='word_1_409' title='bbox 1583 1296 1674 1326; x_wconf 84' lang='lat' dir='ltr'>Basil.</span> <span class='ocrx_word' id='word_1_410' title='bbox 1700 1295 1737 1326; x_wconf 92' lang='lat' dir='ltr'>T.</span> <span class='ocrx_word' id='word_1_411' title='bbox 1754 1294 1811 1327; x_wconf 86' lang='lat' dir='ltr'><strong>III.</strong></span> <span class='ocrx_word' id='word_1_412' title='bbox 1834 1308 1864 1336; x_wconf 87' lang='lat' dir='ltr'>p.</span> <span class='ocrx_word' id='word_1_413' title='bbox 1882 1297 1971 1335; x_wconf 83' lang='lat'>327.)</span> 
     </span>
    </p>
   </div>
   <div class='ocr_carea' id='block_1_11' title="bbox 1219 1368 2213 2571">
    <p class='ocr_par' dir='ltr' id='par_1_23' title="bbox 1219 1368 2206 1668">
     <span class='ocr_line' id='line_1_73' title="bbox 1219 1368 2206 1419; baseline -0.001 -11"><span class='ocrx_word' id='word_1_414' title='bbox 1219 1368 1356 1409; x_wconf 81' lang='lat' dir='ltr'>Filiam</span> <span class='ocrx_word' id='word_1_415' title='bbox 1370 1373 1498 1408; x_wconf 86' lang='lat' dir='ltr'>Martis</span> <span class='ocrx_word' id='word_1_416' title='bbox 1515 1372 1690 1419; x_wconf 89' lang='lat' dir='ltr'>Alcippen</span> <span class='ocrx_word' id='word_1_417' title='bbox 1705 1372 1927 1408; x_wconf 88' lang='lat' dir='ltr'>Alirrichous</span> <span class='ocrx_word' id='word_1_418' title='bbox 1951 1386 2014 1419; x_wconf 91' lang='lat' dir='ltr'>per</span> <span class='ocrx_word' id='word_1_419' title='bbox 2035 1374 2108 1407; x_wconf 91' lang='lat' dir='ltr'>vim</span> <span class='ocrx_word' id='word_1_420' title='bbox 2132 1381 2206 1409; x_wconf 85' lang='lat' dir='ltr'>stu-</span> 
     </span>
     <span class='ocr_line' id='line_1_74' title="bbox 1221 1423 2204 1469; baseline -0.001 -11"><span class='ocrx_word' id='word_1_421' title='bbox 1221 1426 1348 1469; x_wconf 84' lang='lat' dir='ltr'>pravit.</span> <span class='ocrx_word' id='word_1_422' title='bbox 1399 1424 1490 1458; x_wconf 90' lang='lat' dir='ltr'>Cum</span> <span class='ocrx_word' id='word_1_423' title='bbox 1513 1432 1629 1458; x_wconf 89' lang='lat' dir='ltr'>autem</span> <span class='ocrx_word' id='word_1_424' title='bbox 1652 1423 1751 1457; x_wconf 86' lang='lat' dir='ltr'>Mars</span> <span class='ocrx_word' id='word_1_425' title='bbox 1775 1425 1959 1458; x_wconf 90' lang='lat' dir='ltr'>occidisset</span> <span class='ocrx_word' id='word_1_426' title='bbox 1982 1425 2144 1458; x_wconf 90' lang='lat' dir='ltr'>iuvenem</span> <span class='ocrx_word' id='word_1_427' title='bbox 2167 1425 2204 1456; x_wconf 90' lang='lat' dir='ltr'>in</span> 
     </span>
     <span class='ocr_line' id='line_1_75' title="bbox 1221 1473 2206 1519; baseline -0.002 -11"><span class='ocrx_word' id='word_1_428' title='bbox 1221 1483 1340 1519; x_wconf 81' lang='lat' dir='ltr'>stupro</span> <span class='ocrx_word' id='word_1_429' title='bbox 1358 1473 1614 1518; x_wconf 87' lang='lat' dir='ltr'>deprehensum</span> <span class='ocrx_word' id='word_1_430' title='bbox 1627 1501 1637 1515; x_wconf 86' lang='lat'>‚</span> <span class='ocrx_word' id='word_1_431' title='bbox 1663 1481 1800 1507; x_wconf 88' lang='lat' dir='ltr'>accusat</span> <span class='ocrx_word' id='word_1_432' title='bbox 1815 1486 1893 1507; x_wconf 90' lang='lat' dir='ltr'>eum</span> <span class='ocrx_word' id='word_1_433' title='bbox 1907 1473 2092 1518; x_wconf 87' lang='lat' dir='ltr'>Neptunus</span> <span class='ocrx_word' id='word_1_434' title='bbox 2108 1481 2206 1517; x_wconf 87' lang='lat' dir='ltr'>pater</span> 
     </span>
     <span class='ocr_line' id='line_1_76' title="bbox 1223 1523 2205 1568; baseline 0 -10"><span class='ocrx_word' id='word_1_435' title='bbox 1223 1523 1444 1564; x_wconf 78' lang='lat' dir='ltr'>Alirroclioi,</span> <span class='ocrx_word' id='word_1_436' title='bbox 1471 1526 1582 1568; x_wconf 90' lang='lat' dir='ltr'>deque</span> <span class='ocrx_word' id='word_1_437' title='bbox 1606 1536 1646 1556; x_wconf 88' lang='lat' dir='ltr'>eo</span> <span class='ocrx_word' id='word_1_438' title='bbox 1669 1524 1881 1567; x_wconf 91' lang='lat' dir='ltr'>supplicium</span> <span class='ocrx_word' id='word_1_439' title='bbox 1905 1524 1978 1567; x_wconf 80' lang='lat' dir='ltr'>lege</span> <span class='ocrx_word' id='word_1_440' title='bbox 1999 1524 2090 1558; x_wconf 90' lang='lat' dir='ltr'>sumi</span> <span class='ocrx_word' id='word_1_441' title='bbox 2106 1524 2205 1567; x_wconf 85' lang='lat' dir='ltr'>petit.</span> 
     </span>
     <span class='ocr_line' id='line_1_77' title="bbox 1221 1572 2205 1617; baseline -0.001 -9"><span class='ocrx_word' id='word_1_442' title='bbox 1221 1574 1281 1608; x_wconf 89' lang='lat' dir='ltr'>Dii</span> <span class='ocrx_word' id='word_1_443' title='bbox 1306 1575 1477 1607; x_wconf 86' lang='lat' dir='ltr'>iudicium</span> <span class='ocrx_word' id='word_1_444' title='bbox 1501 1575 1537 1606; x_wconf 90' lang='lat' dir='ltr'>in</span> <span class='ocrx_word' id='word_1_445' title='bbox 1557 1572 1739 1617; x_wconf 85' lang='lat' dir='ltr'>Areopago</span> <span class='ocrx_word' id='word_1_446' title='bbox 1768 1580 2015 1614; x_wconf 82' lang='lat' dir='ltr'>exercuerunt,</span> <span class='ocrx_word' id='word_1_447' title='bbox 2040 1580 2072 1607; x_wconf 86' lang='lat' dir='ltr'>et</span> <span class='ocrx_word' id='word_1_448' title='bbox 2092 1585 2129 1606; x_wconf 88' lang='lat' dir='ltr'>re</span> <span class='ocrx_word' id='word_1_449' title='bbox 2147 1585 2205 1607; x_wconf 92' lang='lat' dir='ltr'>co-</span> 
     </span>
     <span class='ocr_line' id='line_1_78' title="bbox 1221 1623 1740 1668; baseline 0 -10"><span class='ocrx_word' id='word_1_450' title='bbox 1221 1625 1316 1668; x_wconf 87' lang='lat' dir='ltr'>gnita</span> <span class='ocrx_word' id='word_1_451' title='bbox 1333 1623 1482 1657; x_wconf 86' lang='lat' dir='ltr'>Martem</span> <span class='ocrx_word' id='word_1_452' title='bbox 1501 1624 1740 1658; x_wconf 79' lang='lat' dir='ltr'>absolverunt.</span> 
     </span>
    </p>

    <p class='ocr_par' dir='ltr' id='par_1_24' title="bbox 1322 1671 2183 1708">
     <span class='ocr_line' id='line_1_79' title="bbox 1322 1671 2183 1708; baseline 0.001 -2"><span class='ocrx_word' id='word_1_453' title='bbox 1322 1674 1394 1707; x_wconf 89' lang='lat' dir='ltr'>Nos</span> <span class='ocrx_word' id='word_1_454' title='bbox 1411 1674 1632 1706; x_wconf 86' lang='lat' dir='ltr'>defendimus</span> <span class='ocrx_word' id='word_1_455' title='bbox 1651 1678 1740 1706; x_wconf 88' lang='lat' dir='ltr'>recte</span> <span class='ocrx_word' id='word_1_456' title='bbox 1758 1672 1951 1705; x_wconf 89' lang='lat' dir='ltr'>iudicatum</span> <span class='ocrx_word' id='word_1_457' title='bbox 1970 1683 2041 1705; x_wconf 90' lang='lat' dir='ltr'>esse</span> <span class='ocrx_word' id='word_1_458' title='bbox 2060 1684 2078 1705; x_wconf 88' lang='lat' dir='ltr'>a</span> <span class='ocrx_word' id='word_1_459' title='bbox 2092 1671 2183 1708; x_wconf 89' lang='lat' dir='ltr'>Diis.</span> 
     </span>
    </p>

    <p class='ocr_par' dir='ltr' id='par_1_25' title="bbox 1222 1722 2209 2017">
     <span class='ocr_line' id='line_1_80' title="bbox 1324 1722 2208 1766; baseline 0 -10"><span class='ocrx_word' id='word_1_460' title='bbox 1324 1722 1480 1756; x_wconf 87' lang='lat' dir='ltr'>Atticum</span> <span class='ocrx_word' id='word_1_461' title='bbox 1505 1723 1590 1762; x_wconf 86' lang='lat' dir='ltr'>fuit,</span> <span class='ocrx_word' id='word_1_462' title='bbox 1616 1734 1688 1755; x_wconf 91' lang='lat' dir='ltr'>non</span> <span class='ocrx_word' id='word_1_463' title='bbox 1713 1733 1898 1754; x_wconf 89' lang='lat' dir='ltr'>romanum</span> <span class='ocrx_word' id='word_1_464' title='bbox 1922 1723 1965 1754; x_wconf 91' lang='lat' dir='ltr'>de</span> <span class='ocrx_word' id='word_1_465' title='bbox 1987 1730 2107 1766; x_wconf 88' lang='lat' dir='ltr'>stupro</span> <span class='ocrx_word' id='word_1_466' title='bbox 2132 1723 2208 1756; x_wconf 88' lang='lat' dir='ltr'>sine</span> 
     </span>
     <span class='ocr_line' id='line_1_81' title="bbox 1222 1772 2206 1817; baseline -0.001 -11"><span class='ocrx_word' id='word_1_467' title='bbox 1222 1775 1258 1806; x_wconf 92' lang='lat' dir='ltr'>vi</span> <span class='ocrx_word' id='word_1_468' title='bbox 1279 1775 1370 1806; x_wconf 86' lang='lat' dir='ltr'>facto</span> <span class='ocrx_word' id='word_1_469' title='bbox 1390 1772 1482 1817; x_wconf 89' lang='lat' dir='ltr'>(aut)</span> <span class='ocrx_word' id='word_1_470' title='bbox 1505 1773 1631 1805; x_wconf 86' lang='lat' dir='ltr'>ducere</span> <span class='ocrx_word' id='word_1_471' title='bbox 1655 1778 1714 1805; x_wconf 88' lang='lat' dir='ltr'>aut</span> <span class='ocrx_word' id='word_1_472' title='bbox 1739 1772 1854 1805; x_wconf 87' lang='lat' dir='ltr'>dotem</span> <span class='ocrx_word' id='word_1_473' title='bbox 1879 1772 1981 1812; x_wconf 88' lang='lat' dir='ltr'>dare,</span> <span class='ocrx_word' id='word_1_474' title='bbox 2001 1772 2206 1814; x_wconf 44' lang='lat' dir='ltr'>,Mosaicum</span> 
     </span>
     <span class='ocr_line' id='line_1_82' title="bbox 1222 1820 2209 1864; baseline -0.001 -7"><span class='ocrx_word' id='word_1_475' title='bbox 1222 1824 1307 1864; x_wconf 85' lang='lat' dir='ltr'>fuit,</span> <span class='ocrx_word' id='word_1_476' title='bbox 1334 1824 1460 1856; x_wconf 90' lang='lat' dir='ltr'>ducere</span> <span class='ocrx_word' id='word_1_477' title='bbox 1484 1829 1516 1856; x_wconf 80' lang='lat' dir='ltr'>et</span> <span class='ocrx_word' id='word_1_478' title='bbox 1534 1823 1666 1855; x_wconf 86' lang='lat' dir='ltr'>dotare.</span> <span class='ocrx_word' id='word_1_479' title='bbox 1720 1820 1902 1855; x_wconf 88' lang='lat' dir='ltr'>Romanae</span> <span class='ocrx_word' id='word_1_480' title='bbox 1919 1822 2009 1864; x_wconf 88' lang='lat' dir='ltr'>leges</span> <span class='ocrx_word' id='word_1_481' title='bbox 2026 1820 2209 1856; x_wconf 86' lang='lat' dir='ltr'>honestius</span> 
     </span>
     <span class='ocr_line' id='line_1_83' title="bbox 1225 1871 2208 1916; baseline -0.002 -9"><span class='ocrx_word' id='word_1_482' title='bbox 1225 1874 1381 1907; x_wconf 89' lang='lat' dir='ltr'>iudicant</span> <span class='ocrx_word' id='word_1_483' title='bbox 1402 1874 1443 1905; x_wconf 85' lang='lat' dir='ltr'>de</span> <span class='ocrx_word' id='word_1_484' title='bbox 1462 1878 1592 1916; x_wconf 82' lang='lat' dir='ltr'>stnpm.</span> <span class='ocrx_word' id='word_1_485' title='bbox 1649 1871 1721 1904; x_wconf 92' lang='lat' dir='ltr'>Nec</span> <span class='ocrx_word' id='word_1_486' title='bbox 1737 1872 1774 1904; x_wconf 92' lang='lat' dir='ltr'>id</span> <span class='ocrx_word' id='word_1_487' title='bbox 1792 1871 1940 1915; x_wconf 87' lang='lat' dir='ltr'>impium</span> <span class='ocrx_word' id='word_1_488' title='bbox 1957 1873 2064 1907; x_wconf 87' lang='lat' dir='ltr'>dictu.</span> <span class='ocrx_word' id='word_1_489' title='bbox 2119 1872 2208 1905; x_wconf 91' lang='lat' dir='ltr'>Nam</span> 
     </span>
     <span class='ocr_line' id='line_1_84' title="bbox 1224 1919 2209 1968; baseline -0.001 -11"><span class='ocrx_word' id='word_1_490' title='bbox 1224 1924 1347 1968; x_wconf 83' lang='lat' dir='ltr'>politia</span> <span class='ocrx_word' id='word_1_491' title='bbox 1366 1922 1522 1956; x_wconf 88' lang='lat' dir='ltr'>Mosaica</span> <span class='ocrx_word' id='word_1_492' title='bbox 1544 1919 1659 1954; x_wconf 90' lang='lat' dir='ltr'>nihilo</span> <span class='ocrx_word' id='word_1_493' title='bbox 1681 1922 1760 1965; x_wconf 89' lang='lat' dir='ltr'>plus</span> <span class='ocrx_word' id='word_1_494' title='bbox 1781 1922 1824 1954; x_wconf 91' lang='lat' dir='ltr'>ad</span> <span class='ocrx_word' id='word_1_495' title='bbox 1849 1921 2130 1956; x_wconf 87' lang='lat' dir='ltr'>iustificationem</span> <span class='ocrx_word' id='word_1_496' title='bbox 2150 1934 2209 1956; x_wconf 91' lang='lat' dir='ltr'>co-</span> 
     </span>
     <span class='ocr_line' id='line_1_85' title="bbox 1224 1970 1971 2017; baseline -0.003 -10"><span class='ocrx_word' id='word_1_497' title='bbox 1224 1986 1298 2008; x_wconf 88' lang='lat' dir='ltr'>ram</span> <span class='ocrx_word' id='word_1_498' title='bbox 1316 1972 1391 2006; x_wconf 93' lang='lat' dir='ltr'>Deo</span> <span class='ocrx_word' id='word_1_499' title='bbox 1408 1973 1511 2011; x_wconf 85' lang='lat' dir='ltr'>facit,</span> <span class='ocrx_word' id='word_1_500' title='bbox 1536 1983 1641 2017; x_wconf 86' lang='lat' dir='ltr'>quam</span> <span class='ocrx_word' id='word_1_501' title='bbox 1658 1971 1781 2015; x_wconf 87' lang='lat' dir='ltr'>politia</span> <span class='ocrx_word' id='word_1_502' title='bbox 1797 1970 1971 2005; x_wconf 87' lang='lat' dir='ltr'>Romana.</span> 
     </span>
    </p>

    <p class='ocr_par' dir='ltr' id='par_1_26' title="bbox 1226 2021 2209 2168">
     <span class='ocr_line' id='line_1_86' title="bbox 1326 2021 2209 2065; baseline -0.001 -9"><span class='ocrx_word' id='word_1_503' title='bbox 1326 2021 1373 2057; x_wconf 87' lang='lat' dir='ltr'>Et</span> <span class='ocrx_word' id='word_1_504' title='bbox 1389 2034 1468 2056; x_wconf 89' lang='lat' dir='ltr'>cum</span> <span class='ocrx_word' id='word_1_505' title='bbox 1486 2021 1581 2055; x_wconf 88' lang='lat' dir='ltr'>Deus</span> <span class='ocrx_word' id='word_1_506' title='bbox 1598 2021 1879 2065; x_wconf 90' lang='lat' dir='ltr'>attemperaverit</span> <span class='ocrx_word' id='word_1_507' title='bbox 1894 2022 2003 2064; x_wconf 88' lang='lat' dir='ltr'>legem</span> <span class='ocrx_word' id='word_1_508' title='bbox 2021 2021 2209 2055; x_wconf 86' lang='lat' dir='ltr'>mosaicam</span> 
     </span>
     <span class='ocr_line' id='line_1_87' title="bbox 1226 2071 2209 2117; baseline -0.002 -10"><span class='ocrx_word' id='word_1_509' title='bbox 1226 2074 1280 2107; x_wconf 92' lang='lat' dir='ltr'>illi</span> <span class='ocrx_word' id='word_1_510' title='bbox 1302 2073 1414 2117; x_wconf 86' lang='lat' dir='ltr'>genti,</span> <span class='ocrx_word' id='word_1_511' title='bbox 1446 2072 1593 2116; x_wconf 90' lang='lat' dir='ltr'>reperiri</span> <span class='ocrx_word' id='word_1_512' title='bbox 1617 2078 1763 2116; x_wconf 91' lang='lat' dir='ltr'>possunt</span> <span class='ocrx_word' id='word_1_513' title='bbox 1785 2071 1903 2116; x_wconf 91' lang='lat' dir='ltr'>aliqua</span> <span class='ocrx_word' id='word_1_514' title='bbox 1929 2072 2108 2111; x_wconf 86' lang='lat' dir='ltr'>instituta,</span> <span class='ocrx_word' id='word_1_515' title='bbox 2136 2071 2209 2107; x_wconf 87' lang='lat' dir='ltr'>Ro-</span> 
     </span>
     <span class='ocr_line' id='line_1_88' title="bbox 1226 2121 2184 2168; baseline -0.002 -11"><span class='ocrx_word' id='word_1_516' title='bbox 1226 2135 1349 2158; x_wconf 89' lang='lat' dir='ltr'>manae</span> <span class='ocrx_word' id='word_1_517' title='bbox 1364 2122 1514 2167; x_wconf 91' lang='lat' dir='ltr'>reipubl.</span> <span class='ocrx_word' id='word_1_518' title='bbox 1530 2122 1677 2155; x_wconf 87' lang='lat' dir='ltr'>meliora</span> <span class='ocrx_word' id='word_1_519' title='bbox 1694 2122 1733 2155; x_wconf 88' lang='lat' dir='ltr'>in</span> <span class='ocrx_word' id='word_1_520' title='bbox 1749 2133 1874 2165; x_wconf 85' lang='lat' dir='ltr'>genere</span> <span class='ocrx_word' id='word_1_521' title='bbox 1890 2134 1995 2168; x_wconf 87' lang='lat' dir='ltr'>quam</span> <span class='ocrx_word' id='word_1_522' title='bbox 2013 2121 2184 2155; x_wconf 83' lang='lat' dir='ltr'>Iudaicae.</span> 
     </span>
    </p>

    <p class='ocr_par' dir='ltr' id='par_1_27' title="bbox 1226 2171 2210 2317">
     <span class='ocr_line' id='line_1_89' title="bbox 1329 2171 2209 2218; baseline -0.002 -12"><span class='ocrx_word' id='word_1_523' title='bbox 1329 2172 1450 2218; x_wconf 88' lang='lat' dir='ltr'>Itaque</span> <span class='ocrx_word' id='word_1_524' title='bbox 1479 2172 1544 2205; x_wconf 86' lang='lat' dir='ltr'>etsi</span> <span class='ocrx_word' id='word_1_525' title='bbox 1572 2172 1660 2206; x_wconf 89' lang='lat' dir='ltr'>aliae</span> <span class='ocrx_word' id='word_1_526' title='bbox 1684 2171 1856 2216; x_wconf 84' lang='lat' dir='ltr'>Respubl.</span> <span class='ocrx_word' id='word_1_527' title='bbox 1879 2172 2033 2205; x_wconf 87' lang='lat' dir='ltr'>severius</span> <span class='ocrx_word' id='word_1_528' title='bbox 2055 2172 2209 2215; x_wconf 88' lang='lat' dir='ltr'>puniunt</span> 
     </span>
     <span class='ocr_line' id='line_1_90' title="bbox 1226 2220 2210 2266; baseline -0.003 -8"><span class='ocrx_word' id='word_1_529' title='bbox 1226 2225 1378 2264; x_wconf 87' lang='lat' dir='ltr'>furtum,</span> <span class='ocrx_word' id='word_1_530' title='bbox 1404 2229 1565 2266; x_wconf 90' lang='lat' dir='ltr'>stuprum</span> <span class='ocrx_word' id='word_1_531' title='bbox 1589 2229 1650 2256; x_wconf 90' lang='lat' dir='ltr'>aut</span> <span class='ocrx_word' id='word_1_532' title='bbox 1675 2222 1743 2256; x_wconf 89' lang='lat' dir='ltr'>alia</span> <span class='ocrx_word' id='word_1_533' title='bbox 1763 2222 1909 2262; x_wconf 87' lang='lat' dir='ltr'>delicta,</span> <span class='ocrx_word' id='word_1_534' title='bbox 1935 2233 2039 2266; x_wconf 89' lang='lat' dir='ltr'>quam</span> <span class='ocrx_word' id='word_1_535' title='bbox 2059 2220 2210 2262; x_wconf 88' lang='lat' dir='ltr'>Iudaica,</span> 
     </span>
     <span class='ocr_line' id='line_1_91' title="bbox 1229 2273 1692 2317; baseline -0.004 -9"><span class='ocrx_word' id='word_1_536' title='bbox 1229 2275 1349 2308; x_wconf 89' lang='lat' dir='ltr'>lumen</span> <span class='ocrx_word' id='word_1_537' title='bbox 1365 2274 1475 2307; x_wconf 90' lang='lat' dir='ltr'>iustae</span> <span class='ocrx_word' id='word_1_538' title='bbox 1493 2279 1575 2306; x_wconf 90' lang='lat' dir='ltr'>sunt</span> <span class='ocrx_word' id='word_1_539' title='bbox 1590 2273 1692 2317; x_wconf 83' lang='lat' dir='ltr'>leges.</span> 
     </span>
    </p>

    <p class='ocr_par' dir='ltr' id='par_1_28' title="bbox 1229 2321 2211 2469">
     <span class='ocr_line' id='line_1_92' title="bbox 1331 2321 2211 2367; baseline -0.001 -11"><span class='ocrx_word' id='word_1_540' title='bbox 1331 2323 1426 2357; x_wconf 89' lang='lat' dir='ltr'>Illud</span> <span class='ocrx_word' id='word_1_541' title='bbox 1448 2335 1531 2356; x_wconf 88' lang='lat' dir='ltr'>vero</span> <span class='ocrx_word' id='word_1_542' title='bbox 1555 2330 1605 2357; x_wconf 89' lang='lat' dir='ltr'>est</span> <span class='ocrx_word' id='word_1_543' title='bbox 1630 2323 1852 2361; x_wconf 88' lang='lat' dir='ltr'>seditiosum,</span> <span class='ocrx_word' id='word_1_544' title='bbox 1877 2321 1973 2366; x_wconf 89' lang='lat' dir='ltr'>quod</span> <span class='ocrx_word' id='word_1_545' title='bbox 1992 2322 2135 2367; x_wconf 86' lang='lat' dir='ltr'>quidam</span> <span class='ocrx_word' id='word_1_546' title='bbox 2154 2323 2211 2355; x_wconf 91' lang='lat' dir='ltr'>in-</span> 
     </span>
     <span class='ocr_line' id='line_1_93' title="bbox 1229 2371 2211 2416; baseline -0.003 -8"><span class='ocrx_word' id='word_1_547' title='bbox 1229 2374 1324 2408; x_wconf 91' lang='lat' dir='ltr'>docti</span> <span class='ocrx_word' id='word_1_548' title='bbox 1354 2373 1529 2415; x_wconf 83' lang='lat' dir='ltr'>sentiunt,</span> <span class='ocrx_word' id='word_1_549' title='bbox 1572 2371 1790 2408; x_wconf 87' lang='lat' dir='ltr'>Christianos</span> <span class='ocrx_word' id='word_1_550' title='bbox 1821 2378 1982 2416; x_wconf 88' lang='lat' dir='ltr'>oportere</span> <span class='ocrx_word' id='word_1_551' title='bbox 2013 2373 2067 2406; x_wconf 89' lang='lat' dir='ltr'>uti</span> <span class='ocrx_word' id='word_1_552' title='bbox 2098 2372 2211 2406; x_wconf 84' lang='lat' dir='ltr'>Mosis</span> 
     </span>
     <span class='ocr_line' id='line_1_94' title="bbox 1230 2425 1377 2469; baseline -0.007 -10"><span class='ocrx_word' id='word_1_553' title='bbox 1230 2425 1377 2469; x_wconf 87' lang='lat' dir='ltr'>legibus.</span> 
     </span>
    </p>

    <p class='ocr_par' dir='ltr' id='par_1_29' title="bbox 1233 2471 2213 2571">
     <span class='ocr_line' id='line_1_95' title="bbox 1333 2471 2213 2520; baseline -0.005 -10"><span class='ocrx_word' id='word_1_554' title='bbox 1333 2475 1372 2510; x_wconf 83' lang='lat' dir='ltr'>Si</span> <span class='ocrx_word' id='word_1_555' title='bbox 1391 2481 1512 2520; x_wconf 87' lang='lat' dir='ltr'>raptus</span> <span class='ocrx_word' id='word_1_556' title='bbox 1530 2481 1563 2509; x_wconf 90' lang='lat' dir='ltr'>et</span> <span class='ocrx_word' id='word_1_557' title='bbox 1579 2480 1738 2518; x_wconf 86' lang='lat' dir='ltr'>stuprum</span> <span class='ocrx_word' id='word_1_558' title='bbox 1753 2471 1790 2505; x_wconf 91' lang='lat' dir='ltr'>vi</span> <span class='ocrx_word' id='word_1_559' title='bbox 1805 2472 1934 2507; x_wconf 86' lang='lat' dir='ltr'>factum</span> <span class='ocrx_word' id='word_1_560' title='bbox 1950 2473 2048 2518; x_wconf 88' lang='lat' dir='ltr'>paria</span> <span class='ocrx_word' id='word_1_561' title='bbox 2064 2473 2213 2507; x_wconf 85' lang='lat' dir='ltr'>crimina</span> 
     </span>
     <span class='ocr_line' id='line_1_96' title="bbox 1233 2521 2212 2571; baseline -0.004 -11"><span class='ocrx_word' id='word_1_562' title='bbox 1233 2533 1334 2567; x_wconf 89' lang='lat' dir='ltr'>sunt,</span> <span class='ocrx_word' id='word_1_563' title='bbox 1359 2526 1440 2571; x_wconf 89' lang='lat' dir='ltr'>quia</span> <span class='ocrx_word' id='word_1_564' title='bbox 1460 2533 1648 2570; x_wconf 89' lang='lat' dir='ltr'>utrumque</span> <span class='ocrx_word' id='word_1_565' title='bbox 1669 2523 1743 2567; x_wconf 90' lang='lat' dir='ltr'>lege</span> <span class='ocrx_word' id='word_1_566' title='bbox 1762 2521 1851 2556; x_wconf 91' lang='lat' dir='ltr'>Iulia</span> <span class='ocrx_word' id='word_1_567' title='bbox 1871 2523 2125 2568; x_wconf 83' lang='lat' dir='ltr'>pronunciatur</span> <span class='ocrx_word' id='word_1_568' title='bbox 2141 2534 2212 2557; x_wconf 86' lang='lat' dir='ltr'>esse</span> 
     </span>
    </p>
   </div>
   <div class='ocr_carea' id='block_1_12' title="bbox 1248 2606 1446 2611">
    <p class='ocr_par' dir='ltr' id='par_1_30' title="bbox 1248 2606 1446 2611">
     <span class='ocr_line' id='line_1_97' title="bbox 1248 2606 1446 2611; baseline 0 0"><span class='ocrx_word' id='word_1_569' title='bbox 1248 2606 1446 2611; x_wconf 95' lang='lat' dir='ltr'> </span> 
     </span>
    </p>
   </div>
   <div class='ocr_carea' id='block_1_13' title="bbox 1269 2639 1832 2673">
    <p class='ocr_par' dir='ltr' id='par_1_31' title="bbox 1269 2639 1832 2673">
     <span class='ocr_line' id='line_1_98' title="bbox 1269 2639 1832 2673; baseline -0.005 -5"><span class='ocrx_word' id='word_1_570' title='bbox 1269 2641 1296 2673; x_wconf 69' lang='lat'>⁶)</span> <span class='ocrx_word' id='word_1_571' title='bbox 1316 2641 1347 2668; x_wconf 88' lang='lat' dir='ltr'>In</span> <span class='ocrx_word' id='word_1_572' title='bbox 1371 2644 1456 2668; x_wconf 82' lang='lat' dir='ltr'>textu:</span> <span class='ocrx_word' id='word_1_573' title='bbox 1477 2639 1652 2673; x_wconf 73' lang='lat' dir='ltr'>pugnantia,</span> <span class='ocrx_word' id='word_1_574' title='bbox 1676 2647 1705 2665; x_wconf 81' lang='lat' dir='ltr'>ex</span> <span class='ocrx_word' id='word_1_575' title='bbox 1725 2639 1832 2665; x_wconf 86' lang='lat' dir='ltr'>mendo.</span> 
     </span>
    </p>
   </div>
  </div>
 </body>
</html>
