2324 2955
115 136 192 173 229

113 220 227 253 calore
251 219 370 253 nativo
399 221 525 253 frustra
549 219 685 252 laboret
714 226 855 261 natura,
890 226 923 253 et
947 229 1088 262 serpens

109 270 258 314 putredo
273 269 310 302 in
328 270 415 302 illud
432 281 570 314 quoque
588 269 740 310 invadat,
763 271 856 315 quod
874 270 915 302 ad
932 269 985 301 sni
1003 280 1087 301 con-

109 320 340 353 servationem
364 331 402 352 ac
425 320 648 352 refectionem
667 327 790 353 natura
810 332 870 353 ceu
894 318 1086 362 repositura

110 376 202 409 erat,
228 366 416 407 zadowmg
437 370 643 402 exoriuntur
662 368 834 414 ὀλέθριοι.
886 368 938 402 De
962 367 1085 402 harum

108 420 257 453 febrium
275 419 449 461 rigoribus
475 420 658 463 praecipue
682 420 838 464 loquitur
855 419 1086 463 Hippocrates

109 469 146 501 in
162 467 228 502 hoc
245 467 471 512 ApliorismO.
522 469 652 504 Rarius
675 471 768 502 enim
786 469 918 512 rigores
934 481 1013 502 cum
1030 466 1085 502 his

107 518 145 551 in
163 519 344 563 principiis
362 519 526 553 invadere
546 526 814 559 consueverunt,
843 531 991 564 cumque
1007 530 1085 552 cor-

106 569 244 613 ripiunt
260 580 379 612 aegros
396 569 568 604 constanti
584 570 712 603 virtute
731 576 764 603 et
789 570 896 612 signis
916 569 1084 603 coctionis

106 629 179 653 sese
197 620 480 660 ostendentibus,
506 620 577 652 fere
600 626 807 664 sequuturas
831 619 1084 659 evacuationes,

107 681 192 714 quas
217 676 340 702 natura
364 669 455 702 vires
479 670 632 713 primum
656 670 849 714 periclitata
871 681 950 703 suas
976 669 1081 712 paulo

105 725 183 762 post
199 720 374 759 molietur,
400 721 613 762 praecedunt
629 732 667 753 ac
684 721 910 754 denunciant.
946 719 984 753 Si
1001 731 1081 752 vero

106 769 203 811 rigor
225 769 358 802 incidat
379 769 476 802 febre
501 782 574 803 non
594 770 867 810 intermittente,
893 781 994 812 aegro
1013 769 1082 802 iam

105 819 235 859 debili,
261 816 388 852 lethale
413 828 473 855 est.
524 820 597 853 Aut
621 820 715 853 enim
738 821 897 864 praevius
921 832 959 853 ac
982 831 1083 863 prae-

105 869 257 902 nuncius
274 869 369 912 rigor
391 870 651 903 evacuationem
669 871 820 909 adferet,
847 878 907 904 aut
931 870 1006 902 sine
1029 881 1082 903 se-

104 925 257 964 quutura
276 920 500 952 evacuatione
518 920 707 956 infestabit.
759 920 796 954 Si
816 921 965 963 rigorem
988 920 1083 953 inse-

105 975 213 1013 quuta
229 970 406 1003 evacuatio
424 976 614 1013 spontanea
630 970 745 1010 fuerit,
764 982 852 1015 quae
870 982 932 1003 nec
949 977 1080 1003 aestum

103 1019 239 1052 febrilis
265 1019 424 1052 flammae
456 1020 607 1062 mitiget,
641 1032 705 1053 nec
737 1021 946 1055 levationem
979 1032 1081 1064 aegro

103 1068 243 1109 afferat,
269 1069 313 1102 ab
337 1069 505 1102 imbecilli
529 1077 652 1104 natura
672 1071 801 1104 frustra
819 1077 985 1104 tentatam
1011 1082 1082 1104 esse

102 1119 269 1152 materiae
293 1119 547 1160 exclusionem,
574 1127 608 1154 et
632 1122 779 1153 eandem
803 1133 903 1154 ruere
929 1133 992 1154 suo
1016 1121 1082 1153 im-

103 1176 186 1213 petu
210 1169 285 1202 sine
300 1170 405 1203 ductu
430 1176 462 1203 et
480 1171 751 1213 gubernatione,
778 1182 816 1204 ac
836 1171 927 1214 aegri
943 1172 1083 1214 langui-

103 1219 165 1252 das
180 1219 270 1253 vires
287 1220 536 1253 dissoluturam
560 1232 632 1254 esse
655 1221 786 1255 indicat
810 1218 1084 1265 συμπτώματος

103 1265 202 1316 λόγῳ
218 1267 261 1304 οὐ
277 1266 439 1316 κρίσεως.
491 1268 604 1314 Aeger
620 1271 722 1305 etiam
736 1271 863 1313 rigoris
877 1272 1083 1314 agitationes

104 1319 293 1354 difficulter
308 1320 505 1353 sustinebit.
544 1321 582 1353 Si
597 1320 707 1362 rigori
723 1320 901 1353 evacuatio
917 1332 989 1353 non
1005 1332 1083 1353 suc-

106 1370 222 1410 cedat,
248 1370 376 1402 frustra
392 1369 505 1402 anniti
521 1376 693 1409 naturam,
720 1375 759 1402 ut
776 1369 879 1402 noxia
896 1370 1084 1402 amoliatur

103 1426 207 1463 atque
227 1419 402 1459 effundat,
436 1425 469 1451 et
494 1419 620 1452 victam
642 1420 866 1452 succumbere
891 1420 1024 1461 arguit,
1050 1426 1083 1452 et

102 1469 199 1512 rigor
215 1468 288 1512 ipse
305 1468 533 1501 concussione
548 1468 703 1500 violenta
728 1480 814 1511 pene
835 1469 960 1501 fractas
981 1475 1083 1501 antea

103 1529 142 1552 ac
159 1518 316 1552 labantes
333 1517 401 1550 iam
418 1517 511 1560 aegri
529 1517 619 1550 vires
636 1528 778 1560 prorsus
793 1518 991 1550 contundit.
1018 1516 1083 1551 At-

103 1580 171 1614 que
193 1575 232 1602 ut
253 1567 445 1611 generatim
475 1574 510 1601 et
537 1567 652 1601 obiter
673 1568 716 1600 de
741 1567 917 1611 rigoribus
948 1567 1082 1612 aliquid

103 1620 248 1659 addam,
274 1618 371 1664 rigor
388 1618 502 1651 omnis
518 1624 578 1652 aut
592 1614 759 1663 νοσώδης
773 1625 841 1658 est,
867 1623 927 1651 aut
945 1630 1017 1650 non
1034 1625 1084 1651 est

102 1666 279 1714 νοσώδης.
329 1667 540 1702 Concutitur
562 1668 655 1701 enim
682 1679 782 1712 saepe
804 1668 981 1711 rigoribus
1004 1680 1084 1701 cor-

103 1731 168 1765 pus
184 1726 243 1753 aut
258 1718 439 1762 frigidiore
454 1721 532 1752 a'e're
549 1719 662 1752 subito
677 1719 853 1757 afflatum,
870 1719 1083 1763 'praesertim

103 1782 123 1804 a
138 1769 337 1811 sudoribus,
362 1775 423 1803 aut
438 1780 527 1814 aqua
544 1769 721 1813 perfusum
736 1769 874 1812 frigida,
902 1769 998 1802 coelo
1018 1769 1084 1801 im-

105 1820 322 1854 moderatius
347 1826 546 1859 aestuante,
581 1830 668 1864 quos
689 1819 756 1853 ciet
778 1819 929 1863 impetus
958 1819 1084 1852 caloris

67 1872 70 1875 “
103 1871 234 1911 nativi,
262 1870 463 1904 circumfusi
490 1869 579 1903 ae'ris
595 1870 650 1903 vel
669 1869 798 1904 effusae
817 1881 926 1915 aquae
944 1869 1084 1912 frigidi-

103 1929 191 1962 tate,
219 1921 348 1965 repulsi
374 1922 416 1953 ad
442 1921 609 1953 interiora
625 1918 866 1954 vehementius
884 1932 922 1953 ac
946 1920 1084 1954 collecti

103 1973 296 2006 innon-sum
320 1977 354 2004 et
378 1971 559 2004 refluentis
580 1983 657 2003 cum
681 1971 811 2015 impetu
829 1977 861 2003 et
877 1971 992 2014 copia,
1020 1971 1084 2003 ob-

103 2023 249 2067 viosque
277 2022 313 2054 in
347 2021 519 2055 meatibus
555 2018 684 2055 halitus
720 2022 948 2065 propellentis
982 2028 1084 2065 atque

106 2072 277 2106 eiicientis
295 2073 337 2104 ad
355 2072 542 2106 musculos.
595 2070 663 2104 Sed
680 2068 840 2109 νοσώὸες
846 2069 954 2131 (51703
970 2067 1085 2105 κατά-

105 2120 215 2170 ψυξίς
233 2122 330 2156 ἐστιν
346 2120 416 2169 ἄλ]
418 2134 470 2155 ειν
472 2135 512 2166 η
512 2117 600 2155 uno}
612 2133 709 2160 τινος
722 2118 923 2166 ἅνωιιάὶου
935 2123 1086 2166 σεισιιοῦ

105 2172 168 2208 καὶ
193 2169 281 2207 κλόι
284 2185 327 2206 ου
351 2170 489 2211 παντὸς
513 2174 580 2206 τοῦ
597 2168 776 2216 σώματος.
830 2172 946 2206 Huius
961 2172 1086 2215 rigoris

107 2224 226 2258 αἴτιον
241 2219 523 2270 προηγούμενον
540 2229 590 2256 est
607 2223 705 2266 copia
723 2220 912 2256 humorum
929 2223 984 2256 vel
1002 2222 1086 2256 cali-

107 2277 234 2308 dorum
260 2274 410 2313 acrium,
444 2274 498 2305 vel
523 2273 729 2314 mixtorum,
761 2281 802 2307 ut
828 2274 865 2306 in
895 2273 1087 2319 quartanis,

107 2325 163 2357 vel
186 2324 413 2367 frigidorum,
447 2325 504 2356 sed
537 2324 651 2356 calore
676 2323 833 2357 susorum
862 2330 965 2369 atque
994 2330 1087 2357 exte—

108 2382 315 2413 matorum,
349 2371 631 2421 προηγούμενον
661 2370 867 2420 ἀχώριστον
895 2375 950 2408 vel
981 2385 1087 2408 συνε-

108 2422 234 2460 κτικὸν
251 2425 304 2457 vel
328 2422 475 2469 συνεχὲς
496 2425 634 2464 αἴτιον,
663 2422 849 2458 vehemens
872 2432 1005 2464 motus,
1032 2425 1087 2456 vel

109 2474 299 2509 humorum
334 2475 505 2518 ipsorum,
539 2476 592 2508 vel
622 2475 854 2508 resolutorum
887 2475 969 2508 inde
996 2472 1089 2507 hali-

109 2534 210 2561 tuum
228 2537 289 2569 per
306 2526 515 2559 musculosus
534 2532 565 2559 et
589 2526 772 2558 sensibiles
790 2525 945 2569 corporis
963 2531 1088 2569 partes,

111 2588 214 2620 quem
231 2582 365 2608 motum
383 2576 459 2614 ciet,
485 2577 538 2608 vel
556 2583 678 2609 natura
695 2576 767 2620 ipsa
785 2576 886 2608 noxia
904 2575 1090 2616 excutiens,

112 2627 165 2659 vel
197 2623 304 2670 μικτὴ
333 2623 472 2670 κίνησις
492 2627 616 2660 caloris
643 2626 751 2659 nativi
781 2627 957 2669 reciproco
992 2633 1090 2659 motu

113 2675 336 2709 veliementer
367 2677 460 2709 intro
495 2676 655 2722 forasque
693 2677 816 2717 delati,
861 2688 1090 2721 quaecunque

605 134 762 170 DECL.
797 134 869 170 DE
902 132 1176 171 ERNESTO
1210 133 1359 171 DUCE
1393 135 1632 173 BRUNSV.

2043 139 2116 172 230

1138 229 1238 252 causa
1261 226 1377 253 motus
1400 220 1495 254 illius
1513 221 1654 254 initium
1671 220 1782 255 faciat.
1836 218 2020 263 Organum
2040 234 2114 253 mo-

1137 275 1192 302 tus
1209 268 1317 309 illius,
1345 270 1403 302 sed
1424 270 1701 304 involuntarium
1720 278 1752 305 et
1769 268 2012 316 ἀπροαίρετον
2032 279 2113 305 sunt

1135 319 1352 352 musculosae
1369 326 1402 353 et
1419 322 1598 354 sensibiles
1617 322 1772 364 corporis
1787 328 1910 364 partes,
1939 334 2025 366 quae
2043 322 2112 354 illi-

1134 380 1172 401 su
1201 366 1388 402 humorum
1405 371 1458 402 vel
1485 369 1654 404 halituum
1676 372 1943 411 concutiuntur,
1970 380 2007 405 ut
2026 385 2112 405 con-

1134 418 1237 452 tineri
1258 427 1441 463 nequeant.
1476 421 1530 453 Ad
1553 419 1613 454 has
1632 429 1661 454 et
1679 422 1808 465 species
1826 428 1859 454 et
1875 434 2004 461 causas,
2022 434 2110 466 quae

1134 470 1176 502 de
1192 469 1366 512 rigoribus
1385 470 1566 514 dicuntur,
1595 484 1672 504 cum
1691 472 1810 504 reduci
1834 472 1984 515 possint,
2010 473 2110 505 nolui

1133 531 1251 551 earum
1279 522 1646 555 commemorationem
1679 522 1856 562 omittere,
1889 529 1921 555 et
1946 529 2037 566 peto,
2071 530 2110 556 ut

1133 569 1411 615 qualemcunque
1434 568 1523 604 lianc
1547 571 1812 614 explicationem
1834 572 1920 604 boni
1948 573 2110 605 consula-

1132 620 1196 660 tis,
1223 619 1259 651 in
1278 632 1364 664 qua,
1393 621 1522 665 siquid
1540 621 1813 654 desideraverint
1835 621 1964 665 aliqui,
1992 629 2028 655 ut
2050 624 2110 656 de-

1131 669 1277 702 siderari
1300 671 1408 704 multa
1435 683 1533 714 posse
1558 671 1736 713 intelligo,
1764 671 1808 703 ab
1831 670 1873 702 iis
1896 672 2109 714 praesertim,

1131 720 1191 765 qui
1215 722 1407 754 accuratius
1435 723 1477 754 de
1503 719 1556 754 his
1584 722 1688 753 rebus
1714 721 1919 765 inquirunt,
1947 727 1980 753 et
1997 722 2110 754 fontes

1131 777 1349 811 scrutantur,
1382 783 1465 811 oro,
1500 778 1537 804 ut
1564 772 1656 815 quod
1684 771 1774 804 deest
1802 771 1981 814 expleant,
2015 773 2109 816 quod

1132 820 1315 853 obscurius
1331 821 1524 855 indicatum
1541 828 1602 861 est,
1628 822 1816 859 declarent,
1844 821 1938 865 quod
1956 821 2109 854 breviter

1130 870 1237 903 nimis
1259 877 1290 903 et
1320 872 1455 904 concise
1480 884 1540 904 ceu
1568 871 1831 914 perstringitur,
1858 870 2031 914 explicent
2054 872 2110 904 fu-

1129 921 1216 955 siUS.
1268 918 1345 953 Oro
1364 922 1467 955 etiam
1484 923 1600 955 Deum
1619 928 1798 954 aeternum
1813 927 1946 965 patrem
1964 920 2111 954 Domini

1131 978 1162 1004 et
1180 971 1362 1004 salvatoris
1380 973 1489 1004 nostri
1510 972 1586 1005 lesu
1604 969 1747 1012 Christi,
1773 973 1905 1005 fontem
1924 971 2112 1014 sapientiae

1131 1028 1164 1054 et
1181 1021 1289 1054 felicis
1309 1033 1347 1054 ac
1371 1022 1531 1055 salutaris
1554 1022 1816 1062 medicationis,
1842 1028 1881 1054 ut
1898 1021 1989 1054 adsit
2007 1022 2111 1055 nobis

1130 1079 1248 1104 sancto
1276 1082 1339 1104 suo
1366 1071 1520 1115 Spiritu,
1550 1078 1582 1104 et
1606 1078 1740 1104 mentes
1765 1078 1901 1105 nostras
1926 1072 2048 1104 doceat
2072 1083 2111 1105 ac

1130 1128 1245 1164 regat,
1271 1128 1303 1155 et
1328 1122 1423 1155 iuvet
1447 1135 1484 1155 ac
1507 1124 1663 1155 fortunet
1681 1128 1826 1155 conatus
1844 1128 1876 1154 et
1901 1121 2111 1155 industriam

1130 1178 1307 1214 nostram,
1342 1179 1381 1204 nt
1410 1173 1662 1206 medicationes
1686 1179 1825 1205 nostrae
1858 1171 1994 1216 prosint
2017 1173 2110 1205 mul-

1130 1222 1175 1255 tis
1202 1222 1238 1254 in
1262 1233 1386 1264 genere
1413 1220 1585 1265 humano,
1613 1229 1645 1256 et
1667 1222 1770 1256 faciat
1791 1233 1856 1256 nos
1878 1232 1958 1255 vasa
1975 1222 2112 1256 miseri-

1131 1272 1281 1305 cordiae.
1334 1273 1434 1306 Dixi.

1131 1435 1195 1468 No.
1216 1437 1297 1470 162.
1956 1454 2001 1473 an.
2018 1443 2112 1476 1557.

1304 1517 1378 1557 De
1388 1516 1584 1557 Ernesto
1601 1518 1730 1559 Duce
1748 1520 1941 1562 Rrunsv.

1198 1594 1295 1621 Select.
1310 1594 1432 1622 nectam.
1450 1594 1483 1620 T.
1498 1594 1542 1621 lV.
1564 1596 1654 1628 p.716
1668 1604 1723 1631 sq.,
1753 1597 1871 1624 sen-vesi.
1892 1599 1927 1625 T.
1942 1599 1988 1626 lv,
2008 1609 2035 1634 p,
2051 1601 2114 1627 (350

1228 1634 1253 1655 et
1273 1629 1402 1656 nithard.
1422 1629 1454 1655 T.
1470 1629 1502 1655 ll.
1525 1637 1550 1662 p,
1566 1629 1623 1656 765.

1131 1693 1258 1726 Oratio
1286 1690 1332 1725 de
1358 1695 1534 1734 Ernesto,
1568 1693 1674 1726 Duce
1696 1694 1984 1737 Bruraesve'cet1si3
2016 1699 2116 1730 reci-

1129 1747 1214 1777 tata
1243 1754 1267 1776 α
1296 1744 1343 1778 D.
1376 1745 1581 1777 Henrae'co
1622 1746 1893 1779 Paoemanno
1932 1747 2116 1793 Burywe-

1488 1796 1589 1828 rensc*
1598 1819 1611 1836 ,
1651 1793 1759 1830 1557.

1130 1861 1223 1902 Non
1240 1867 1353 1902 voluit
1369 1873 1520 1901 vetustas
1535 1865 1599 1901 hos
1622 1879 1827 1911 congressus
1850 1870 1965 1903 ociosa
1984 1878 2117 1915 specta-

1132 1920 1209 1952 cula
1228 1930 1318 1961 esse,
1343 1919 1401 1951 sed
1420 1918 1532 1952 voluit
1556 1918 1605 1951 ibi
1629 1920 1890 1953 commonefieri
1909 1921 2065 1954 iuniores
2083 1929 2116 1955 et

1132 1970 1175 2002 de
1191 1968 1369 2002 beneficiis
1387 1967 1464 2006 Dei,
1492 1970 1582 2001 etde
1601 1969 1841 2002 doctrinarum
1859 1971 1997 2011 studiis,
2025 1978 2057 2004 et
2073 1973 2116 2004 de

1133 2020 1303 2053 virtutum
1329 2018 1506 2062 exemplis.
1571 2018 1689 2059 Quare
1710 2025 1743 2051 et
1771 2031 1834 2051 nos
1862 2021 2014 2063 primum
2038 2019 2114 2054 Deo

1133 2077 1275 2103 aeterno
1306 2068 1397 2113 patri
1419 2068 1563 2101 Domini
1594 2069 1702 2101 nostri
1728 2067 1805 2101 lesu
1830 2067 1961 2103 Christi
1986 2072 2116 2113 gratias

1134 2121 1286 2163 agimus,
1313 2119 1408 2163 quod
1426 2119 1615 2152 clementer
1633 2116 1800 2151 hactenus
1818 2131 1880 2152 nos
1896 2121 2059 2164 protexit,
2083 2129 2116 2155 et

1134 2183 1214 2204 eum
1230 2181 1389 2209 oramus,
1415 2175 1454 2202 ut
1475 2169 1638 2212 deinceps
1656 2181 1794 2213 qnoque
1811 2177 1923 2203 servet
1941 2178 1972 2204 et
1989 2172 2116 2213 guber-

1135 2229 1193 2256 net
1222 2218 1314 2253 hanc
1343 2218 1589 2258 Academiam,
1620 2226 1658 2252 ut
1691 2219 1826 2252 labores
1850 2221 2052 2254 docentium
2082 2229 2116 2255 et

1135 2271 1345 2305 discentium
1362 2270 1496 2314 prosint
1513 2267 1689 2302 Ecclesiis.
1741 2268 1878 2303 Deinde
1904 2283 1982 2304 cum
2000 2272 2043 2304 de
2060 2283 2117 2304 ar-

1135 2328 1300 2366 gumento
1324 2320 1575 2359 deliberarem,
1604 2331 1729 2363 meque
1752 2326 1887 2364 tempus
1911 2333 2116 2355 commone-

1135 2375 1262 2407 faceret
1288 2372 1331 2404 de
1360 2377 1472 2403 morte
1501 2370 1653 2402 duorum
1685 2370 1928 2404 excellentium
1958 2372 2114 2405 virorum

1135 2422 1276 2458 Ernesti
1299 2421 1405 2455 Ducis
1429 2419 1695 2453 Brunsvicensis
1718 2426 1749 2453 et
1776 2419 2060 2465 Luneburgensis
2083 2430 2115 2456 ct

1136 2472 1335 2509 Reverendi
1351 2470 1496 2504 Domini
1516 2469 1660 2504 Martini
1680 2468 1847 2510 Lntlieri,
1874 2472 1934 2516 qni
1953 2479 2033 2506 ante
2049 2484 2114 2505 an-

1138 2536 1201 2558 nos
1223 2522 1386 2556 undecim
1409 2532 1480 2553 non
1504 2520 1608 2562 longo
1634 2520 1818 2553 intervallo
1844 2519 1898 2554 his
1915 2523 2038 2556 diebus
2054 2524 2114 2555 de-

1138 2579 1332 2611 cesserunt,
1360 2583 1402 2603 ne
1427 2571 1524 2614 potui
1548 2572 1689 2615 qnidcni
1718 2584 1736 2603 a
1761 2572 1969 2615 cogitatione
1997 2580 2113 2606 tanto-

1139 2637 1216 2658 rum
1242 2624 1418 2662 virorum,
1444 2628 1477 2654 et
1503 2633 1621 2654 carum
1646 2634 1780 2662 reruni,
1809 2635 1896 2667 quae
1921 2630 1996 2666 post
2019 2634 2114 2654 inor-

1139 2683 1207 2710 tem
1224 2684 1344 2707 eornm
1360 2679 1494 2706 secutae
1511 2679 1591 2705 snnt
1603 2697 1612 2710 ,
1640 2679 1790 2705 mentem
1809 2674 1995 2707 abducere.
2025 2684 2114 2716 qno-

1526 2721 1594 2756 15*
