2324 2955
104 108 200 145 1029
658 108 686 142 1.

102 195 175 227 eius
190 192 279 226 vidit
295 194 571 236 corruptionem.
626 191 673 226 Et
695 191 809 225 Lucae
824 191 899 226 24:
928 190 1081 235 Spiritus

102 254 240 277 carnem
258 249 291 276 et
308 254 384 276 ossa
400 255 472 275 non
494 240 608 276 babet.

203 300 296 333 Haec
319 307 351 334 et
373 300 501 333 similia
519 300 718 333 testimonia
743 300 812 333 sint
830 300 867 332 in
885 305 1081 343 conspectu,

100 362 188 396 quae
208 351 389 395 perspicue
410 350 585 384 affirmant
611 362 691 383 vere
708 348 899 383 humanam
920 357 1080 383 naturam

99 402 136 433 in
153 398 294 435 Christo
314 412 403 440 esse,
429 407 463 434 ct
481 400 589 433 simus
609 412 780 433 memores
804 400 887 434 dicti
914 397 1081 433 Iohannis

99 452 136 484 in
145 449 322 494 Epistola:
350 448 480 483 Omnis
496 451 639 494 spiritus
655 451 714 496 qui
731 463 803 483 non
821 451 948 484 fatetur
966 449 1079 483 lesum

97 498 278 535 Christum
294 500 331 533 in
346 512 450 533 carne
467 501 617 541 venisse,
645 513 683 534 ex
702 499 777 534 Deo
794 512 866 534 non
884 507 943 534 est.

198 558 254 593 Ibi
271 559 374 593 etiam
393 556 640 593 Theodoretus
659 566 797 600 narrat,
822 560 999 604 quomodo
1020 569 1080 591 ve-

97 616 205 643 tustas
222 610 265 643 de
283 607 438 643 humana
457 615 579 643 natura
596 610 709 642 locuta
727 610 771 643 sit
788 610 891 643 citata
908 608 1078 642 sententia

97 658 251 693 Irenaei:
280 659 491 702 Quiescente
516 661 614 706 λογῳ
634 660 668 692 iu
686 660 909 692 crucifixione
936 665 968 692 et
986 670 1079 691 mor-

95 716 149 751 te,
180 716 362 753 praesente
386 716 502 743 tamen
525 711 617 753 apud
643 708 834 743 humanam
858 716 1018 742 naturam
1042 708 1077 740 in

96 760 304 803 perferendo
332 766 365 793 et
388 761 618 801 resurgendo,
653 760 692 794 gv
715 763 768 804 τῷ
797 757 993 803 ὑποίιιίνειν
1018 755 1079 792 καὶ

97 806 322 844 ἀναστίναι.
348 806 599 854 ἡσυχάζοντος
622 812 689 844 τοῦ
713 808 825 857 λόγου
841 809 880 843 ἐν
895 811 948 854 τῷ
968 819 1077 842 σταυ-

95 859 258 904 ροῦσθαι
274 856 337 893 καὶ
355 856 618 904 ἀποθνήσκειν.
667 859 724 893 Sic
743 867 775 893 et
794 857 1009 892 Athanasius
1024 859 1077 890 lo-

95 909 217 954 quitur
234 910 272 942 in
298 910 391 942 libro
416 911 459 942 de
484 909 728 943 incarnatione
751 909 865 942 verbi:
893 909 982 942 Cum
1007 920 1079 940 non

95 966 183 993 esset
198 959 367 1004 possibile
384 960 498 1003 ipsum
515 960 605 992 mori
624 956 752 1006 λόγον,
782 959 912 1002 quippe
932 959 1077 989 immor-

95 1010 200 1042 talem
234 1010 345 1054 patris
379 1010 507 1048 filium,
550 1021 675 1051 corpus
709 1010 803 1053 quod
838 1008 929 1040 mori
966 1013 1080 1051 posset

94 1059 241 1103 accepit.

197 1108 255 1143 Sic
273 1115 424 1142 vetustas
442 1109 558 1142 locuta
583 1114 652 1148 est,
679 1114 712 1140 et
731 1113 846 1140 tamen
872 1106 997 1140 retinet
1015 1104 1080 1139 hos

94 1158 218 1192 modos
238 1158 407 1203 loquendi
426 1158 462 1190 in
481 1164 642 1191 concreto
661 1158 704 1190 de
723 1168 890 1199 persona:
917 1154 1080 1189 Christus

94 1215 255 1242 mortuus
281 1215 341 1242 est.
394 1206 440 1241 Et
464 1209 506 1240 de
532 1205 692 1241 Christo:
720 1207 816 1240 Deus
840 1213 1001 1240 mortuus
1018 1214 1079 1247 est,

95 1265 135 1293 ut
163 1256 396 1301 significetur,
444 1255 535 1290 hanc
566 1269 750 1300 personam
784 1254 963 1290 Christum
1000 1269 1079 1290 vere

95 1307 210 1342 Deum
234 1319 317 1342 esse.
372 1308 424 1340 Ac
448 1306 599 1340 Nestorii
626 1308 784 1350 impietas
802 1307 991 1347 refutetur,
1017 1307 1077 1351 qui

94 1359 248 1401 fingebat
261 1355 328 1392 τὸν
346 1355 457 1404 λόγον
472 1358 591 1390 adesse
604 1355 745 1391 Christo
760 1364 798 1390 ut
812 1357 944 1389 socium
956 1381 964 1394 ,
991 1357 1079 1391 sicut

96 1408 262 1441 omnibus
283 1409 410 1441 sanctis
431 1408 538 1442 adest.
590 1407 709 1442 Latini
734 1407 964 1440 nominarunt
988 1405 1079 1439 hanc

95 1458 265 1503 loquendi
297 1458 446 1492 sormam
477 1458 832 1491 communicationem
861 1457 1079 1498 idiomatum,

95 1509 139 1542 de
156 1520 223 1553 qua
241 1506 487 1541 Theodoretus
504 1508 567 1540 ait:
595 1506 700 1542 κοινὰ
719 1509 786 1541 τοῦ
803 1503 1004 1553 προσώπου
1019 1505 1078 1553 γέ-

95 1571 181 1605 γονε
199 1555 246 1591 τὰ
262 1560 339 1592 τῶν
356 1557 506 1604 φύσεων
524 1555 612 1592 ἴδια.

197 1615 360 1649 Tandem
376 1616 566 1659 postlonga
583 1615 772 1648 certamina
783 1614 983 1648 Martianus
1000 1627 1078 1658 per-

95 1666 187 1707 fecit,
205 1672 245 1698 ut
262 1666 440 1698 decretum
459 1666 637 1698 communi
655 1677 826 1698 consensu
843 1665 1079 1708 plurimorum

96 1717 211 1756 fieret,
239 1714 276 1746 in
295 1726 365 1759 quo
384 1714 535 1758 primum
554 1727 675 1748 omnes
696 1715 810 1748 testati
829 1719 928 1752 sunt,
950 1723 985 1744 se
1003 1724 1079 1744 am-

96 1766 199 1811 plecti
223 1764 377 1797 Nicenae
397 1764 532 1808 Synodi
553 1764 763 1807 symbolum.
815 1761 954 1794 Deinde
980 1763 1079 1795 dam-

96 1822 177 1850 nata
195 1821 277 1849 sunt
291 1815 452 1856 dogmata
471 1812 625 1845 Nestorii
642 1818 674 1845 et
691 1810 874 1856 Eutychis.

197 1873 265 1907 Hic
290 1872 391 1905 labor
415 1870 585 1904 Martiani
610 1870 673 1904 etsi
697 1870 817 1903 multis
842 1870 990 1913 profuit,
1026 1877 1078 1903 ta-

96 1936 176 1959 men
193 1934 265 1957 non
282 1922 414 1966 ubique
429 1921 576 1954 extinxit
595 1920 756 1957 dissidia,
784 1921 841 1953 sed
866 1920 902 1952 in
920 1921 1007 1953 urbe
1024 1919 1077 1953 le-

96 1975 273 2020 rosolyma
296 1972 424 2005 mulier
456 1971 609 2016 inquieta
640 1969 800 2004 Eudoxia
834 1970 957 2011 vidua,
991 1982 1078 2015 quae

95 2026 209 2059 fuerat
225 2021 421 2057 Theodosii
446 2022 589 2055 secundi
615 2033 720 2061 uxor,
746 2021 886 2054 fovebat
913 2020 1078 2065 reliquias

96 2074 258 2109 factionis
274 2070 526 2118 Eutychianae.

197 2131 392 2177 Aliquanto
421 2137 499 2174 post
521 2143 599 2164 cum
624 2137 743 2163 contra
768 2129 947 2162 Zenonem
968 2130 1077 2174 impe—

96 2191 248 2219 ratorem
274 2179 485 2215 Basiliscus
509 2181 718 2214 seditionem
742 2180 925 2220 movisset,
959 2186 997 2212 ut
1020 2192 1076 2212 ar-

96 2240 206 2268 maret
224 2244 259 2265 se
281 2233 473 2266 multorum
493 2230 751 2275 Episcoporum
771 2230 909 2269 favore,
939 2230 1076 2273 publice

97 2285 248 2318 edictum
276 2283 474 2327 proposuit,
511 2294 580 2326 quo
606 2282 690 2314 Acta
723 2279 858 2325 Synodi
883 2277 1076 2312 Chalcedo—

98 2335 214 2368 nensis
233 2344 374 2376 prorsus
392 2333 583 2367 damnavit.
626 2331 717 2364 Huic
734 2331 847 2363 edicto
865 2330 1074 2372 subscripse-

97 2392 181 2419 runt
208 2382 374 2427 Episcopi
409 2383 527 2426 plures
562 2380 773 2426 quingentis.
826 2379 909 2413 Fuit
934 2387 965 2412 et
995 2378 1076 2412 huic

97 2435 266 2469 Basilisco
289 2433 464 2467 incitatrix
481 2444 580 2467 uxor.

198 2492 314 2526 Miror
332 2498 446 2525 autem
464 2492 595 2524 rabiem
619 2488 859 2531 ingeniorum⁷
887 2489 980 2533 quod
999 2494 1076 2521 tan—

98 2552 131 2577 ta
147 2545 212 2577 suit
235 2542 423 2586 pertinacia
449 2542 485 2574 in
511 2541 691 2574 manifesta
716 2539 949 2578 absurditate,
976 2538 1075 2570 vide-

100 2594 178 2627 licet
195 2595 229 2626 in
257 2591 320 2625 hoc
337 2592 536 2635 prodigioso
562 2602 696 2627 errore,
724 2590 816 2634 quod
834 2601 904 2621 non
920 2586 1072 2621 humana

98 2652 242 2683 natura,
269 2644 326 2675 sed
346 2642 466 2675 divina
485 2648 622 2675 mortua
642 2641 756 2672 suerit.

738 104 1028 142 CHRONICON
1055 103 1298 141 CAfflOMS.
1352 105 1477 141 PARS
1506 106 1553 142 11.

2022 112 2114 145 1050

1237 189 1284 224 L‘t
1305 197 1420 224 autem
1439 189 1621 225 Nestorius
1646 199 1733 226 tecte
1751 192 1968 227 samosateni
1990 194 2113 237 impie-

1136 245 1238 273 tatem
1265 241 1432 274 restituit:
1464 241 1511 274 ita
1539 242 1694 285 suspicor
1723 241 1907 288 Eutychen
1934 244 2024 276 idem
2053 257 2113 277 vo-

1135 290 1258 330 luisse,
1291 292 1427 324 etiamsi
1458 291 1559 324 aliter
1584 293 1696 336 pinxit
1721 305 1822 326 suum
1847 295 1983 336 dogma.
2044 294 2112 327 Sed

1135 339 1323 373 Basiliscus
1345 341 1442 374 brevi
1466 353 1595 384 poenas
1613 343 1708 376 dedit
1722 344 1774 376 sui
1789 344 1928 379 furoris.
1981 342 2111 388 Captus

1135 390 1226 422 enim
1252 402 1270 423 a
1286 390 1430 424 Zenone
1447 392 1570 425 missus
1590 393 1644 425 'est
1662 405 1739 426 cum
1763 406 1869 426 uxore
1887 400 1919 427 et
1940 394 2016 427 aliis
2034 394 2112 438 qui-

1135 440 1279 472 busdam
1306 441 1342 473 in
1365 452 1553 482 carcerem,
1582 442 1643 475 ubi
1665 443 1701 475 in
1721 455 1844 486 magno
1866 444 1995 487 frigore
2015 451 2046 477 et
2061 444 2112 476 fa-

1134 501 1189 522 me
1222 491 1349 533 captivi
1382 502 1418 524 se
1454 498 1577 525 mutuo
1606 493 1795 536 complexi,
1831 500 1862 527 et
1891 494 2111 537 deplorantes

1133 550 1230 573 suam
1248 541 1478 575 calamitatem
1498 542 1640 575 extincti
1659 549 1751 578 sunt.

1186 640 1501 675 Vandalorum
1535 645 1754 676 saevicia
1789 645 1834 675 in
1871 641 2048 687 Africa.

1233 713 1322 747 Cum
1342 714 1444 747 initia
1465 714 1632 747 saeviciae
1651 714 1894 748 Vandalorum
1911 716 1946 748 in
1965 715 2111 750 Martia-

1133 764 1168 795 ni
1187 771 1343 807 tempora
1364 764 1542 804 incidant,
1571 764 1725 799 breviter
1746 763 1804 797 hic
1829 766 2038 809 complectar
2058 778 2111 799 se—

1134 814 1218 846 riem
1247 814 1363 856 regni,
1397 816 1489 859 quod
1515 815 1551 846 in
1578 815 1695 848 Africa
1727 813 1903 849 Vandali
1924 823 2112 849 tenuerunt

1133 876 1243 896 annos
1262 866 1451 906 nonaginta
1468 865 1635 910 quinque.
1687 864 2004 899 NumeratPlinius
2018 865 2111 898 Van—

1133 914 1230 946 dalos
1249 915 1340 946 inter
1358 914 1556 947 Germanos
1580 915 1614 947 in
1635 915 1753 948 littore
1774 916 1879 948 maris
1899 915 2112 953 Germanici,

1132 964 1194 994 ubi
1213 975 1306 995 nunc
1326 963 1633 1006 Megelburgenses
1652 972 1685 997 et
1703 964 1888 998 Pomerani
1906 973 1996 1000 sunt.
2031 965 2111 998 Non

1133 1012 1257 1045 dubito
1275 1018 1392 1045 autem
1414 1012 1591 1045 vandalos
1610 1026 1648 1045 ex
1664 1013 1800 1047 Heneta
1818 1016 1925 1058 stirpe
1944 1027 2025 1053 esse,
2052 1016 2111 1047 sed

1133 1062 1302 1094 credibile
1317 1068 1384 1101 est,
1411 1074 1488 1094 eum
1506 1062 1613 1094 vicini
1632 1064 1752 1095 crebra
1774 1064 1865 1096 inter
1880 1075 1913 1096 se
1929 1065 2019 1096 bella
2037 1075 2111 1105 ges-

1133 1112 1242 1145 serint
1260 1110 1388 1145 Heneti
1405 1118 1437 1144 et
1455 1110 1641 1152 Germani,
1667 1123 1778 1156 usque
1795 1114 1838 1145 ad
1856 1114 2008 1146 recentia
2026 1120 2111 1145 tem-

1134 1173 1236 1206 pora,
1271 1162 1356 1194 alias
1386 1162 1473 1193 alios
1497 1161 1643 1195 victores
1670 1162 1795 1203 fuisse,
1830 1170 1863 1196 et
1883 1170 2015 1207 partem
2041 1162 2113 1195 He-

1133 1218 1294 1245 netorum
1319 1212 1476 1254 linguam
1509 1218 1542 1245 et
1566 1212 1656 1255 leges
1680 1211 1906 1246 Germanicas
1932 1213 2112 1256 accepisse.

1132 1261 1221 1296 Eam
1237 1268 1371 1305 partem
1389 1261 1548 1294 existimo
1563 1262 1738 1295 Vandalos
1752 1274 1771 1295 a
1788 1262 1905 1295 Plinio
1924 1263 2112 1297 nominari.

1234 1311 1322 1345 Cum
1346 1318 1462 1344 autem
1479 1312 1618 1353 linguae
1636 1312 1835 1345 diScernant
1853 1321 1986 1356 gentes,
2010 1313 2111 1349 facile

1134 1362 1286 1403 intelligi
1320 1368 1451 1404 potest,
1499 1362 1602 1394 aliam
1638 1373 1709 1394 esse
1750 1369 1886 1404 gentem
1922 1362 2112 1401 Henetam,

1133 1412 1236 1444 aliam
1255 1411 1499 1445 Teutonicam.
1552 1410 1598 1444 Et
1616 1409 1729 1444 adhuc
1748 1412 1785 1444 in
1803 1424 1842 1444 eo
1862 1413 1977 1445 littore
1995 1419 2112 1453 gentes

1133 1463 1304 1506 quaedam
1331 1460 1467 1495 Ileneta
1493 1462 1611 1504 lingua
1636 1462 1840 1506 loquuntur.
1894 1461 1939 1496 Et
1960 1462 2112 1495 arbitror

1133 1524 1203 1544 non
1227 1523 1346 1545 recens
1369 1512 1405 1544 in
1433 1523 1470 1544 ea
1495 1511 1568 1544 loca
1592 1513 1724 1544 venisse
1748 1511 1924 1552 Henetos,
1951 1514 2007 1544 sed
2027 1512 2111 1543 olim

1133 1574 1211 1595 cum
1229 1561 1329 1595 Getis
1345 1569 1376 1595 et
1393 1561 1477 1594 Dais
1495 1562 1661 1605 paulatim
1681 1573 1878 1604 progressos
1893 1573 1974 1594 esse.

1233 1611 1328 1644 Dion
1354 1612 1475 1644 scribit
1498 1612 1609 1644 sontes
1635 1610 1735 1644 Albis
1758 1623 1830 1644 esse
1854 1613 1889 1644 in
1911 1611 2112 1644 Vandalicis

1132 1662 1326 1694 montibus.
1381 1660 1451 1694 Diu
1470 1661 1577 1704 igitur
1591 1662 1748 1694 diversae
1769 1670 1886 1703 gentes
1903 1662 1951 1694 ibi
1971 1662 2111 1693 suerunt

1133 1709 1170 1740 in
1208 1720 1246 1741 ea
1285 1711 1445 1751 regione,
1483 1720 1571 1753 quae
1608 1709 1731 1742 babuit
1763 1710 1941 1742 Boiemiae
1972 1722 2111 1743 nomen.

1132 1758 1232 1799 Boii,
1268 1758 1486 1791 Marcomani
1512 1764 1543 1791 et
1566 1757 1706 1793 Ileneti.
1757 1758 1837 1791 Boii
1860 1760 2028 1801 significat
2051 1762 2111 1792 ad-

1133 1819 1250 1842 venas.
1305 1808 1526 1842 Marcomani
1554 1808 1763 1842 limitaneos0
1818 1808 1946 1842 Heneti
1967 1810 2033 1842 late
2054 1820 2111 1841 va—

1132 1865 1263 1901 ganteS.

1207 1961 1494 1995 Gensericus
1521 1960 1548 1992 l.
1585 1958 1902 1993 Wandalorum
1929 1962 2032 1993 Rea:

1233 2034 1339 2069 Anno
1377 2034 1723 2079 quadringentesimo
1760 2035 1935 2067 tricesimo
1977 2042 2112 2078 quarto,

1131 2098 1209 2119 cum
1237 2087 1279 2119 de
1297 2084 1487 2128 Hispaniae
1511 2084 1727 2126 possessione
1748 2084 1840 2118 inter
1867 2096 1938 2117 sese
1956 2084 2053 2118 (lotti
2077 2093 2107 2118 et

1133 2136 1283 2169 Vandali
1301 2135 1526 2171 dimicarent,
1555 2130 1770 2167 Gensericas
1786 2146 1847 2167 rex
1866 2134 2107 2167 Vandalorum

1131 2187 1243 2230 impar
1263 2185 1398 2224 Cotus,
1427 2184 1591 2217 incitatus
1608 2196 1624 2215 a
1644 2183 1827 2217 Bonifacio
1844 2185 1930 2217 duce
1951 2183 2107 2217 Valenti-

1132 2237 1227 2268 niani
1264 2235 1409 2268 adduxit
1442 2234 1476 2266 in
1512 2233 1666 2265 Africam
1709 2234 1964 2279 quinquaginta
2000 2235 2108 2267 millia

1133 2286 1383 2319 Vandalorum.
1442 2282 1487 2317 Et
1515 2289 1680 2325 occupata
1704 2291 1801 2326 parte
1822 2283 1960 2316 Africae
1984 2296 2108 2316 sotice—

1130 2338 1235 2369 dente
1256 2334 1439 2368 bonifacio
1462 2334 1591 2366 deinde
1613 2332 1832 2376 Hipponem,
1859 2332 2106 2376 Carthaginem

1130 2394 1163 2420 et
1187 2387 1271 2419 alias
1297 2385 1429 2418 vicinas
1452 2384 1555 2416 urbes
1572 2383 1693 2415 fraude
1711 2391 1742 2417 et
1760 2384 1865 2416 armis
1883 2383 1984 2426 cepit.
2040 2383 2105 2416 Ve-

1130 2437 1223 2469 xavit
1246 2436 1414 2469 Siciliam.
1469 2433 1658 2476 l'opulatus
1682 2440 1730 2466 est
1755 2435 1875 2467 urbem
1903 2432 2052 2467 Romam
2075 2441 2104 2465 et

1129 2486 1355 2529 Campaniam
1391 2483 1559 2517 Martiani
1593 2489 1758 2526 tempure.
1819 2484 1901 2517 Post
1924 2482 2104 2524 Cartbagi-

1130 2549 1208 2568 nem
1227 2542 1359 2578 captam
1380 2535 1490 2568 tenuit
1509 2545 1653 2574 regnum
1678 2545 1790 2566 annos
1808 2534 1950 2575 triginta
1967 2540 2104 2575 septem,

1130 2587 1183 2618 vir
1199 2591 1349 2623 astutus,
1379 2585 1532 2617 intentus
1552 2584 1585 2616 in
1606 2584 1803 2616 occasiones
1829 2584 1958 2618 varias,
1988 2583 2103 2613 foede-

1129 2648 1164 2669 ra
1183 2636 1313 2669 faciens
1330 2642 1361 2668 et
1380 2635 1514 2667 violans
1531 2646 1593 2678 pro
1610 2635 1883 2677 opportunitate.
1924 2632 2104 2664 interdum
