2324 2955
195 100 267 136 871

199 195 366 221 conversa
398 188 457 216 est.
517 177 732 212 Adolescens
755 175 893 220 Scipio,
933 182 1035 210 natus
1065 188 1176 210 annos

201 235 391 271 octodecim
416 236 548 274 patrem
565 228 756 262 Consulem
782 227 819 259 in
845 226 978 271 praelio
1008 227 1052 260 ad
1077 227 1177 260 Tici-

201 298 285 320 num
302 281 467 320 servavit,
496 291 574 314 cum
593 277 747 316 hostem,
773 277 835 322 qui
859 283 991 321 patrem
1010 277 1174 310 vulnera-

201 342 316 371 verat,
359 330 556 375 repelleret.
616 329 683 362 Hic
715 327 833 371 Scipio
864 327 1065 360 adolescens
1098 339 1176 361 cum

202 385 386 418 Tribunus
419 382 571 414 militum
596 385 682 412 esset
709 379 745 410 in
772 389 886 421 pugna
911 377 1107 418 Cannensi,
1144 384 1178 410 et

201 434 303 469 multi
323 433 461 466 nobiles
472 430 624 465 Romani
643 435 721 473 post
737 428 933 460 infoelicem
949 440 1100 471 pugnam
1117 429 1178 460 de-

202 487 395 519 liberarent
420 485 463 515 de
488 481 678 514 deserenda
702 479 817 518 Italia,
844 479 916 521 ipse
942 478 1178 510 interveniens

204 537 318 579 coegit
335 546 392 569 eos
411 534 545 572 iurare,
568 543 602 564 se
619 530 765 574 patriam
784 541 855 561 non
879 530 1074 561 deserturos
1097 539 1179 562 esse.

205 588 244 621 Si
261 588 338 632 quis
356 585 465 618 nollet
482 583 615 621 iurare,
642 591 760 612 necem
777 580 805 611 ei
823 579 1003 611 minitatus
1019 585 1079 612 est.

307 636 414 669 Nullo
446 640 601 676 tempore
629 630 741 662 maior
772 629 881 661 virtus
908 629 972 661 suit
997 628 1179 661 Romanae

207 688 375 725 civitatis,
403 695 505 729 quam
524 689 606 715 tunc
628 692 705 713 cum
731 679 891 711 maximis
916 679 1055 722 praeliis
1082 678 1180 718 victa,

436 93 643 133 SCRIPTA
669 92 744 127 PH.
770 89 886 125 MEL.
912 89 978 124 AD
1004 88 1131 127 HIST.
1158 90 1303 129 PROF.
1329 89 1394 127 ET
1422 90 1614 128 PHILOS.
1641 90 1957 131 SPECTANTIA.

206 739 333 772 amissa
350 746 473 776 magna
493 732 611 765 ltaliae
628 736 725 774 parte
743 729 900 762 sunditns
925 729 1059 761 ruitura
1083 728 1182 760 vide-

206 790 320 821 batur.
384 785 439 817 lbi
469 782 639 815 divinitus
670 786 701 812 ct
730 779 873 812 excitata
902 785 953 811 est
975 779 1179 821 magnitudo

206 838 424 873 animorum,
464 839 497 865 et
522 829 715 864 constantia
746 835 778 861 ct
802 829 981 871 vigilantia
1011 829 1047 860 in
1078 829 1181 861 rebus

208 887 381 925 adversis,
407 890 439 916 et
460 882 532 915 dati
556 879 791 922 magnanimi,
818 879 1007 922 sapientes,
1036 890 1182 911 concor-

208 940 267 972 des
285 943 317 969 et
333 934 473 967 foelices
489 933 608 970 (luces,
631 930 766 972 fuitque
784 929 893 961 virtus
911 930 1018 970 magis
1043 928 1182 972 conspi-

209 1000 272 1021 cua
296 987 386 1018 inter
404 989 516 1016 tantas
534 979 775 1016 adversitates,
801 985 838 1011 ut
857 979 1002 1010 dicitur:
1036 978 1073 1012 ἐν
1098 976 1183 1016 dvc—

209 1034 350 1081 τυγίαις
366 1030 493 1076 λάμπει
513 1028 554 1064 τὸ
570 1026 694 1063 καλὸν.
752 1025 898 1060 Fabius
916 1029 1111 1060 cunctando
1128 1040 1183 1060 re-

209 1074 567 1131 pre'ssitAnnibalem.
601 1075 806 1110 fflurcellus
825 1089 918 1109 auno
938 1078 1061 1121 quinto
1079 1075 1184 1109 huius

209 1137 294 1170 belli
313 1135 446 1178 primus
462 1130 544 1163 vicit
561 1128 774 1161 Annibalem
794 1127 936 1171 praelio.
991 1126 1112 1159 Postea
1130 1138 1184 1159 res

210 1186 381 1220 secundae
414 1182 544 1214 multae
569 1185 734 1223 sequutae
757 1185 849 1211 sunt.
911 1178 1016 1209 Anno
1047 1177 1183 1209 decimo

210 1235 316 1269 huius
333 1233 418 1266 belli
438 1230 585 1263 maxime
602 1228 803 1270 languefleri
826 1228 981 1259 Annibal
999 1227 1111 1270 coepit
1129 1227 1185 1258 in-

211 1287 353 1320 terfecto
381 1279 578 1314 Asdrubale
605 1278 709 1310 fratre
731 1278 768 1310 in
794 1277 893 1310 Italia
919 1289 1027 1321 prope
1045 1277 1185 1310 Senam.

210 1336 278 1369 llic
303 1332 491 1366 exercitum
517 1329 709 1361 adduxerat
732 1328 768 1359 in
786 1327 941 1368 ltaliam,
969 1334 1003 1360 et
1027 1339 1061 1360 se
1087 1327 1187 1360 fratri

212 1385 462 1420 coniuncturus
486 1385 570 1413 erat.
631 1377 671 1410 ld
698 1389 776 1409 cum
794 1376 964 1410 Claudius
988 1376 1188 1420 interceptis

212 1434 323 1469 literis
345 1429 582 1474 cognovisset,
608 1428 729 1460 relicto
745 1427 940 1466 Annibale,
968 1427 1024 1460 cui
1048 1427 1189 1470 opposi-

213 1494 268 1520 tus
290 1489 363 1516 erat
387 1481 424 1513 in
448 1479 592 1523 Apulia,
632 1489 688 1510 sex
722 1478 857 1510 dierum
883 1477 999 1521 spacio
1029 1488 1190 1509 emensus

212 1534 335 1570 Italiae
367 1529 643 1573 longitudinem,
693 1527 874 1560 coniunxit
904 1540 938 1559 se
972 1539 1049 1560 cnm
1080 1528 1189 1560 altero

214 1583 366 1620 Consule
384 1580 498 1613 Livio.
550 1578 604 1612 Ibi
630 1589 708 1609 cnm
735 1578 977 1616 dimicaretur,
1014 1578 1190 1610 Asdrubal

215 1634 416 1668 interfectus
441 1636 509 1669 est,
537 1635 569 1661 et
593 1628 761 1660 exercitus
787 1628 860 1659 eins
885 1627 1029 1661 deletus.
1083 1627 1192 1660 Redit

214 1683 383 1719 Claudius
401 1681 437 1712 in
452 1690 513 1711 sua
532 1684 657 1718 castra,
685 1684 717 1709 et
736 1683 837 1719 caput
855 1677 1062 1708 Asdrubalis
1084 1676 1191 1709 inter-

216 1734 296 1768 fecti
320 1731 423 1764 abiici
448 1735 526 1761 ante
551 1734 660 1759 castra
686 1726 873 1758 Annibalis
901 1726 1014 1765 iubet,
1048 1732 1079 1758 et
1105 1727 1192 1758 duos

218 1783 372 1827 captivos
390 1779 496 1812 mittit
512 1776 699 1815 Annibali,
728 1776 903 1818 ignoranti
926 1776 1042 1808 fratris
1062 1777 1192 1808 adven-

218 1842 292 1868 tum
317 1838 349 1863 et
370 1828 566 1862 iut‘oelicem
592 1838 762 1870 pugnam,
806 1832 1007 1858 narraturos
1043 1824 1124 1858 haec
1155 1832 1194 1858 ut

219 1883 426 1917 acciderant.
474 1876 708 1911 IlicAnuibal
727 1883 879 1907 moestus
899 1876 1035 1917 longius
1050 1876 1195 1908 abduxit

220 1932 406 1966 exercitum
424 1926 629 1964 inssrutios‚
657 1933 688 1958 et
708 1937 846 1967 gemens
866 1926 1042 1958 fortunam
1061 1938 1094 1958 se
1109 1925 1195 1958 Car-

220 1981 372 2024 thaginis
393 1988 577 2020 agnoscere
601 1975 699 2008 dixit.
754 1974 830 2007 Hoc
846 1974 985 2008 Claudii
1010 1976 1195 2008 consilium

219 2032 368 2066 maxime
396 2029 541 2071 dignum
571 2032 620 2059 est
646 2025 877 2058 admiratione
912 2025 947 2058 in
982 2022 1085 2059 huius
1113 2026 1196 2059 belli

218 2081 394 2124 exemplis.

321 2129 449 2163 Obiter
482 2133 515 2160 et
546 2124 612 2159 hoc
643 2127 837 2170 exemplum
868 2124 925 2159 bic
949 2126 1120 2166 inseram,
1154 2127 1196 2158 (le

222 2182 329 2225 captis
360 2178 597 2212 Macedonum
639 2183 672 2209 et
703 2174 1033 2219 Carthaginensium
1068 2177 1198 2220 legatis,

224 2232 317 2276 quod
333 2227 584 2262 narratLivius
599 2226 636 2258 in
653 2227 752 2259 tertia
763 2226 899 2259 Decade
911 2253 920 2267 ,
946 2227 1036 2258 libro
1053 2227 1085 2259 3.
1123 2226 1197 2261 Etsi

227 2281 319 2313 enim
345 2279 511 2312 usitatum
536 2283 585 2309 est
609 2277 730 2319 legatis
753 2289 910 2320 parcere,
938 2284 1052 2309 tamen
1082 2278 1116 2308 id
1142 2277 1196 2309 in-

226 2331 402 2371 telligatur
419 2330 460 2360 de
477 2328 535 2367 iis,
569 2327 630 2371 qui
652 2339 725 2359 non
748 2327 943 2359 moliuntur
968 2325 1125 2365 hostilia,
1159 2334 1197 2360 ut
1221 2333 1223 2380 1

226 2389 310 2414 tunc
327 2378 534 2411 Macedones
558 2384 591 2409 et
613 2375 904 2419 Carthaginenses
926 2377 1049 2409 foedus
1071 2377 1196 2410 facturi
1221 2381 1223 2432 1

226 2436 323 2464 erant
340 2434 459 2460 contra
468 2426 658 2460 Romanos.
706 2425 788 2459 Ideo
805 2427 995 2460 iudicatum
1014 2433 1083 2465 est,
1109 2427 1198 2460 iuste

225 2479 291 2514 hos
308 2480 437 2520 legatos
454 2483 569 2519 captos
591 2488 672 2509 esse.
1220 2454 1223 2514 i

329 2527 452 2561 Simile
483 2527 675 2568 exemplum
706 2533 795 2560 extat
823 2528 915 2571 apud
951 2524 1222 2572 Thucydidem'

227 2581 318 2613 libro
344 2576 516 2614 secundo,
552 2576 612 2606 nbi
637 2583 816 2617 narratur,
855 2578 898 2610 ab
923 2575 1198 2610 Atheniensibus
1221 2567 1223 2592 ι’

227 2636 343 2674 captos
374 2637 445 2660 esse
467 2626 598 2668 legatos
624 2625 978 2661 Lacedaemoniorum
1011 2628 1122 2662 ituros
1153 2629 1197 2661 ad
1221 2646 1224 2671 1

2125 95 2200 130 872

1226 176 1348 211 Persas
1365 183 1404 210 ut
1420 176 1550 210 auxilia
1566 185 1686 212 contra
1696 176 1928 213 Athenienses
1944 185 2112 224 peterent.
2153 178 2203 212 Hi

1227 227 1331 271 legati
1367 224 1526 260 Athenas
1559 229 1700 263 adducti
1736 230 1908 262 interfecti
1941 237 2032 263 sunt,
2106 228 2202 262 Ilaec

1228 277 1384 321 exempla
1401 278 1573 318 citantur,
1600 290 1677 311 cum
1695 280 1912 323 disputatur,
1947 280 1984 312 in
2003 280 2128 324 quibus
2147 292 2203 312 ca-

1227 329 1323 361 sibus
1339 328 1469 361 iustum
1487 328 1531 360 sit
1549 328 1679 370 legatos
1697 341 1828 373 capere.

1328 394 1396 428 Sed
1420 395 1511 429 inter
1534 396 1637 428 duces
1658 395 1856 437 Romanos,
1896 397 1954 441 qui
1988 404 2071 430 tunc
2102 395 2205 429 multi

1228 447 1372 479 suerunt
1391 452 1602 489 praestantes
1619 446 1762 486 virtute,
1790 448 1920 480 eminet
1937 445 2059 493 Scipio
2077 447 2205 479 virtute

1229 503 1262 530 et
1295 495 1504 536 foelicitate‚
1557 496 1617 540 qui
1651 497 1870 540 recuperavit
1897 496 2121 540 Hispaniam,
2174 502 2206 529 et

1230 552 1347 590 postea
1366 546 1401 578 in
1420 543 1574 589 Aphrica
1591 546 1673 579 vicit
1692 558 1804 589 regem
1822 544 2017 591 Syphacem
2041 553 2073 579 et
2091 546 2206 578 Anni-

1231 597 1355 630 balem.
1410 595 1524 629 Fracti
1542 596 1648 638 igitur
1664 594 1717 629 his
1734 597 1891 630 cladibus
1905 595 2208 639 Carthaginenses,

1232 659 1324 680 anno
1354 647 1501 689 septimo
1530 647 1665 679 decimo
1700 645 1805 679 huius
1833 647 1915 679 belli
1948 658 2066 690 pacem
2095 652 2209 689 petere

1232 697 1340 730 coacti
1370 703 1471 736 sunt,
1514 708 1618 740 quam
1641 696 1794 730 Romani
1819 698 1920 730 certis
1946 696 2209 730 conditionibus

1233 748 1420 786 dederunt,
1447 746 1627 787 videlicet,
1662 754 1700 780 ut
1725 748 1941 781 abstinerent
1965 747 2009 779 ab
2034 746 2209 785 omnibus,

1234 809 1320 841 quae
1339 797 1406 828 iam
1425 795 1577 829 Romani
1600 798 1783 836 tenebant,
1821 804 1853 830 et
1879 798 1922 830 ab
1949 808 2069 829 eorum
2093 796 2209 836 sociis,

1234 854 1266 880 et
1300 848 1495 890 penderent
1528 847 1620 880 intra
1655 859 1766 880 annos
1803 847 2056 892 quinquaginta
2091 847 2209 879 decem

1234 897 1344 930 millia
1369 897 1603 937 talentorum,
1631 897 1663 929 id
1691 904 1758 935 est,
1787 899 1963 940 sexaginta
1982 904 2106 929 tonnas
2120 896 2209 929 auri.

1235 947 1365 980 Scribit
1397 947 1519 979 Livius
1549 948 1652 979 etiam
1685 949 1875 990 postulasse
1909 947 2129 990 Scipionem,
2171 952 2211 978 ut

1235 997 1301 1029 sibi
1319 998 1515 1029 traderetur
1531 997 1706 1034 Annibal,
1734 1000 1792 1030 sed
1815 1009 2019 1040 responsum
2039 1003 2104 1035 est,
2132 996 2210 1028 An-

1236 1047 1388 1078 nibalem
1412 1058 1483 1078 non
1503 1058 1573 1078 esse
1599 1047 1633 1078 in
1654 1044 1819 1090 Aphrica.
1875 1047 2025 1089 Fugerat
2048 1046 2141 1078 enim
2168 1046 2211 1078 ad

1236 1093 1452 1128 Antiochum
1471 1096 1507 1127 in
1527 1096 1667 1136 Asiam,
1694 1103 1787 1129 metu
1803 1109 1946 1129 suorum
1964 1096 2105 1131 civium.

1337 1159 1440 1194 Extat
1459 1163 1550 1205 apud
1571 1162 1747 1205 Apianum
1771 1163 1945 1204 narratio,
1974 1162 2151 1206 quomodo
2176 1161 2213 1193 in

1238 1223 1353 1255 pugna
1372 1212 1463 1244 inter
1479 1223 1513 1244 se
1532 1212 1596 1256 ipsi
1616 1212 1880 1250 dimicaverint,
1908 1212 2025 1255 Scipio
2048 1218 2080 1244 et
2099 1211 2214 1244 Anni-

1238 1263 1316 1302 bal,
1358 1269 1392 1295 et
1424 1261 1552 1294 deinde
1585 1261 1772 1295 Masinissa
1802 1270 1835 1296 et
1858 1262 2027 1295 Annibal.
2094 1261 2213 1304 Scipio

1238 1312 1346 1345 telum
1381 1312 1496 1345 emisit
1530 1312 1567 1344 in
1602 1313 1763 1357 clypeum
1800 1312 2007 1351 Annibalis,
2057 1311 2215 1344 Annibal

1239 1373 1366 1405 equum
1384 1361 1558 1405 Scipionis
1575 1362 1759 1402 sauciavit,
1783 1368 1817 1395 et
1840 1374 1918 1395 cum
1941 1361 2086 1394 vulnere
2106 1372 2216 1405 equus

1240 1412 1400 1445 turbatus
1437 1412 1604 1452 resiliret,
1656 1412 1846 1445 intervenit
1880 1411 2086 1452 Masinissa,
2134 1411 2216 1456 quia

1241 1474 1318 1494 cum
1346 1461 1500 1504 primum
1524 1463 1592 1495 telo
1615 1469 1749 1495 scutum
1771 1462 1959 1494 Annibalis
1983 1461 2216 1505 percussisset,

1242 1510 1346 1544 huius
1370 1512 1473 1544 etiam
1492 1525 1619 1556 equum
1640 1513 1797 1544 Annibal
1815 1512 2024 1547 vulneravit.
2076 1510 2215 1545 Relicto

1243 1562 1350 1603 igitur
1374 1574 1461 1605 equo
1487 1561 1672 1595 Masinissa
1695 1563 1798 1605 pedes
1818 1562 1976 1594 adoritur
1993 1562 2218 1601 Annibalem,

1243 1619 1275 1644 et
1293 1611 1366 1643 eius
1385 1618 1678 1654 propugnatorem
1695 1613 1843 1656 equitem
1862 1612 2035 1649 interficit,
2054 1619 2086 1644 et
2098 1618 2218 1644 nactus

1243 1661 1339 1692 aliud
1366 1661 1474 1693 telum
1499 1673 1618 1694 rursus
1642 1663 1726 1704 petit
1753 1662 1989 1699 Annibalem,
2024 1661 2083 1692 sed
2107 1659 2219 1693 haesit

1244 1710 1350 1742 telum
1372 1710 1407 1741 in
1426 1711 1494 1742 alio
1513 1712 1645 1755 equite,
1672 1712 1731 1755 qui
1750 1718 1781 1742 et
1797 1711 1998 1743 interfectus
2017 1717 2078 1745 est.
2131 1710 2221 1743 Ter-

1245 1761 1330 1792 tium
1349 1760 1455 1792 telum
1474 1773 1550 1792 cum
1571 1773 1690 1803 rapere
1709 1760 1894 1793 Masinissa
1913 1768 2115 1800 conaretur,
2141 1761 2220 1793 vul-

1245 1820 1310 1841 nus
1334 1810 1457 1853 accipit
1483 1811 1518 1841 in
1545 1809 1701 1843 brachio.
1764 1808 1898 1843 Interea
1922 1817 1954 1843 et
1977 1810 2094 1852 Scipio
2118 1811 2219 1849 redit,

1246 1859 1451 1892 Masinissae
1471 1860 1724 1903 opitulaturos,
1751 1872 1853 1904 quem
1880 1861 2014 1893 invenit
2036 1861 2104 1892 iam
2128 1861 2221 1894 obli-

1246 1916 1323 1951 gato
1343 1910 1487 1942 vulnere
1505 1912 1708 1943 redeuntem
1726 1910 1764 1943 in
1783 1911 1951 1953 praelium
1969 1911 2005 1942 iu
2025 1911 2092 1944 alio
2117 1923 2221 1955 equo.

1249 1959 1314 1992 llic
1331 1961 1540 1993 acerrimum
1560 1968 1733 1994 certamen
1753 1961 1843 1993 inter
1867 1962 1970 1994 duces
1995 1967 2025 1994 et
2052 1961 2221 1994 exercitus

1247 2016 1362 2042 ortum
1397 2018 1464 2050 cst,
1507 2011 1618 2043 donce
1645 2012 1820 2044 tumulum
1844 2012 2041 2054 proximum
2065 2010 2221 2045 Annibal

1248 2060 1423 2099 ascendit,
1452 2073 1522 2093 non
1546 2062 1646 2104 fugae
1665 2073 1785 2102 causa,
1811 2063 1869 2094 sed
1897 2068 1934 2094 ut
1959 2062 2041 2094 inde
2065 2074 2220 2094 commo-

1247 2111 1325 2143 dius
1351 2111 1387 2143 in
1410 2108 1525 2144 hostes
1547 2112 1715 2155 impetum
1738 2112 1873 2145 faceret.
1927 2111 2019 2154 Quia
2040 2124 2119 2144 vero
2140 2112 2221 2144 iude

1248 2161 1284 2193 in
1308 2161 1458 2194 exercitu
1481 2161 1616 2194 Punico
1644 2163 1878 2196 consternatio
1909 2174 2027 2195 errore
2060 2168 2134 2195 orta
2162 2169 2222 2201 est,

1247 2210 1357 2244 Poeni
1382 2211 1509 2244 omisso
1536 2212 1668 2255 praelio
1691 2212 1851 2256 dissipati
1878 2213 1995 2255 sugere
2022 2219 2222 2255 coeperunt.

1248 2260 1369 2295 Evasit
1405 2260 1563 2295 Annibal
1603 2270 1766 2308 sequente
1803 2262 1987 2296 Masinissa
2030 2273 2139 2307 usque
2177 2264 2221 2295 ad

1248 2319 1396 2345 noctem.

1347 2375 1411 2412 Est
1435 2386 1549 2412 autem
1577 2387 1609 2413 et
1633 2377 1845 2412 Ilffasinissa
1877 2378 1968 2411 inter
2001 2376 2105 2411 huius
2136 2379 2219 2411 belli

1248 2435 1460 2472 praestantes
1478 2430 1571 2462 viros
1589 2431 1846 2468 numerandus,
1872 2429 1998 2470 dignus
2016 2429 2119 2464 lande
2140 2441 2221 2472 pro-

1248 2486 1324 2522 pter
1347 2479 1540 2518 iusticiam,
1575 2479 1817 2514 fortitudinem
1843 2474 1875 2511 et
1900 2479 2020 2517 iidem,
2056 2490 2158 2522 quam
2183 2479 2219 2511 in

1247 2530 1376 2562 tuenda
1393 2530 1554 2563 societate
1568 2530 1730 2564 Romana
1750 2529 1933 2572 praestitit.
1994 2528 2089 2561 Vixit
2107 2540 2220 2561 annos

1222 2607 1223 2614 ,
1248 2580 1450 2621 nonaginta.
1495 2579 1630 2613 Nomen
1647 2577 1833 2613 Masinissa
1852 2579 2019 2622 significat
2039 2580 2219 2613 remitten-

1247 2636 1316 2662 tem
1333 2631 1478 2663 tributa.
