2324 2955
127 96 202 132 533

993 180 1122 222 Legitur

131 184 312 225 Innpressum
327 182 522 223 Witebergae
544 182 624 223 apud
639 181 749 212 Vitum
766 182 915 214 Creutzer.
925 178 941 194 '⁷

131 238 202 268 haeo
225 236 370 276 praefatio
396 242 423 264 et
446 235 607 274 disputatio
633 236 722 264 etiam
745 237 776 264 in
797 233 927 264 Lutheri
947 245 1018 274 opp.
1036 235 1119 263 latin.

388 285 502 317 Vitteb.
520 284 553 316 P.
571 284 610 316 ΙΙ.
638 297 667 325 p.
686 286 748 316 508
765 281 848 330 sqq.]

133 360 237 411 Quae
253 376 305 398 res
320 364 538 397 occasionem
559 366 770 409 praebuerit,
798 372 836 399 ut
852 363 917 398 hae
934 372 1004 399 tam
1019 376 1122 398 accu-

131 424 226 451 ratae
249 415 441 448 sententiae
463 417 668 455 ederentur,
697 417 795 460 prius
818 417 1036 449 narrandum
1061 423 1122 457 est,

130 465 351 501 utlibentius
371 465 552 508 legantur,
581 473 612 500 et
635 474 675 500 ut
699 468 812 500 bonae
835 473 970 500 mentes
994 467 1121 500 confir-

131 523 292 556 mentur,
335 523 368 549 et
389 518 563 559 gaudeant
586 529 622 550 se
647 529 721 550 non
745 518 914 551 adiuvare
936 518 1120 551 saeviciam

130 566 397 600 iniustissimam
425 580 565 608 eorum,
591 568 653 612 qui
676 566 791 601 adhuc
818 580 922 611 vagas
944 568 1121 609 libidines,

129 623 162 651 et
180 617 275 651 idola
290 618 484 662 impiorum
503 618 800 658 sacrificulorum,
828 620 1035 653 defendunt.

230 676 352 720 Nuper
367 676 569 709 adolescens
594 683 696 712 natus
720 678 757 710 in
781 679 946 722 coniugio
971 676 1119 711 honesto

128 735 160 762 et
175 727 234 773 pio
245 726 442 761 Sacerdotis
457 725 691 771 Evangelium
708 729 884 770 docentis,
910 729 1035 772 petivit
1052 729 1120 761 sibi

129 779 310 812 doctrinae
335 778 575 811 testimoninm
601 791 671 812 una
696 792 775 812 cum
797 780 940 813 caeteris
964 777 1121 813 honestis

127 836 162 863 et
178 828 289 863 doctis
312 828 500 862 iuvenibus
524 829 634 862 tribui
651 828 840 863 Academia
857 827 1121 874 Erphordiana‚

127 879 396 913 renunciatione
422 880 550 922 gradus
574 879 771 923 Magisterii
794 878 1056 924 philosophici,
1081 887 1121 914 ut

127 937 265 965 vocant.
317 928 424 963 Hunc
446 931 612 963 nonnulli
637 932 799 964 ardentes
823 931 905 963 odio
932 944 1033 966 verae
1056 933 1121 965 do-

127 981 259 1015 ctrinae
276 980 517 1024 repellendum
543 993 562 1013 a
586 982 698 1023 gradu
722 988 954 1022 censuerunt,
982 990 1119 1016 tantum

126 1029 218 1065 hanc
242 1031 288 1064 ob
311 1042 467 1072 causam,
506 1032 600 1075 quod
626 1037 728 1065 natus
752 1038 839 1065 esset
865 1031 903 1064 iu
921 1030 1121 1067 Sacerdotis

126 1081 302 1125 coniugio.

230 1138 396 1173 offendit
414 1137 499 1173 haec
524 1140 653 1174 iniuria
681 1147 715 1174 et
737 1140 877 1173 saevitia
902 1139 1032 1174 multos
1056 1137 1122 1173 ho-

128 1197 243 1225 nestos
270 1187 431 1223 homines
451 1191 488 1223 in
508 1203 546 1224 ea
567 1192 655 1223 urbe
681 1198 713 1224 et
732 1190 941 1228 Academia,
975 1198 1014 1224 ut
1036 1203 1120 1223 con-

127 1248 332 1275 sentaneum
354 1247 414 1274 est.
467 1240 631 1284 Suntque
648 1241 920 1274 deliberationes
939 1240 986 1273 ita
1005 1241 1121 1273 variae

130 1298 287 1332 secutae,
314 1296 354 1323 ut
370 1301 409 1322 eo
429 1296 585 1334 tempore
609 1291 696 1323 ritus
715 1290 896 1323 tribuendi
920 1291 1121 1324 testimonia

129 1353 273 1387 prorsus
291 1340 511 1374 intermissus
529 1340 583 1374 sit.
637 1340 735 1383 Quid
752 1342 904 1374 facerent
921 1340 969 1372 sic
987 1341 1120 1374 accensi

129 1393 213 1426 odio
240 1392 277 1423 in
297 1391 401 1425 rebus
424 1391 638 1431 maioribus,
666 1404 744 1424 cum
759 1391 1002 1425 crudelitatem
1022 1403 1118 1424 suam

128 1443 166 1475 in
185 1454 222 1474 re
238 1441 318 1481 tali,
343 1447 376 1473 et
398 1441 564 1473 adversus
581 1442 817 1475 adolescentes
834 1441 1031 1480 declarant,
1060 1442 1121 1486 qui

127 1493 362 1536 undecunque
381 1491 454 1524 nati
470 1497 599 1532 essent,
626 1491 663 1523 in
690 1492 830 1525 virtutis
857 1491 1033 1524 curriculo
1059 1493 1120 1524 ad-

129 1542 277 1577 iuvandi
294 1541 432 1574 essent?

230 1592 325 1626 Haec
347 1604 387 1625 eo
413 1604 669 1633 commemoro,
709 1599 748 1626 ut
772 1593 858 1626 boni
883 1593 1059 1636 gaudeant
1087 1602 1121 1623 se

129 1644 262 1678 alienos
281 1655 352 1676 esse
371 1655 388 1675 a
407 1644 569 1677 societate
595 1644 720 1677 talium
747 1644 1025 1687 parricidarum,
1060 1642 1119 1686 qui

130 1705 242 1728 unum
267 1691 334 1726 hoc
358 1693 432 1725 dies
455 1700 643 1738 noctesque
668 1695 887 1727 meditantur
910 1698 943 1726 et
965 1691 1121 1724 moliun-

130 1753 207 1782 tur,
250 1750 288 1776 nt
320 1744 500 1776 veritatem
533 1745 752 1786 opprimant,
783 1750 817 1776 et.
839 1743 915 1787 pios
935 1741 1121 1785 Evangelii

129 1794 331 1833 ministros,
365 1799 397 1825 et
422 1792 597 1836 principes
619 1794 775 1827 foventes
800 1795 856 1837 pia
883 1793 998 1828 studia
1021 1805 1121 1825 verae

129 1845 309 1879 doctrinae
322 1871 331 1884 ,
358 1844 579 1878 interficiant.

230 1894 354 1929 Dulcis
369 1901 401 1927 et
419 1906 499 1927 vera
519 1893 712 1927 consolatio
731 1901 781 1928 est
796 1893 899 1927 nobis
917 1907 997 1928 vere
1019 1894 1122 1926 invo-

133 1947 296 1981 cantibus
319 1944 454 1985 Deum,
489 1945 625 1977 etiamsi
650 1956 736 1989 quos
764 1957 909 1986 naevos,
944 1953 977 1980 et
1000 1946 1027 1977 si
1054 1957 1120 1989 qna

131 1998 221 2031 vicia
238 1997 428 2035 habemus,
456 2002 573 2029 tamen
593 1996 751 2037 contagia
778 1996 966 2040 impietatis
992 2003 1024 2029 et
1048 2007 1122 2028 sae-

131 2049 242 2082 viciae
262 2045 415 2080 hostium
431 2045 615 2089 Evangelii
638 2047 764 2087 vitare,
790 2054 828 2080 ut
854 2047 1026 2090 possimus
1043 2058 1121 2079 cnm

131 2099 267 2134 Davide
283 2099 412 2131 dicere:
440 2096 529 2131 Cum
548 2097 665 2141 impiis
691 2110 763 2130 non
789 2098 928 2133 sedebo.
983 2097 1121 2130 Lm'abo

131 2152 225 2184 inter
240 2150 445 2182 innocentes
461 2159 586 2181 manus
604 2159 709 2189 meas,
731 2156 763 2182 et
780 2148 994 2181 circundabo
1015 2148 1123 2181 altare

131 2210 232 2236 tuum
249 2198 423 2241 Domine,
451 2212 494 2232 ne
511 2200 636 2244 perdas
651 2199 880 2244 cumimpiis,
906 2198 1019 2240 Deus,
1046 2199 1124 2232 ani-

134 2264 227 2287 mam
246 2263 372 2286 meam.

234 2300 330 2336 Haec
349 2301 413 2335 etsi
429 2299 580 2345 Aspides
595 2301 676 2334 illae
691 2300 816 2333 surdae
839 2301 967 2334 nolunt
990 2300 1125 2339 audire,

135 2361 253 2388 tamen
269 2364 334 2386 nos
350 2352 553 2392 audiamus,
585 2359 619 2386 et
635 2351 823 2395 gubernari
842 2358 875 2386 et
893 2352 1037 2385 defendi
1062 2362 1125 2385 nos

135 2417 154 2438 a
179 2403 254 2438 Deo
275 2415 476 2448 precemur,
511 2404 603 2437 sicut
626 2402 664 2435 in
688 2399 872 2436 Ezechiele
895 2403 1127 2446 promittitur,

135 2454 199 2489 ubi
221 2453 319 2489 Deus
351 2461 531 2488 sumturus
564 2465 695 2498 poenas
718 2454 762 2486 de
786 2451 1055 2495 Sacerdotibus,
1095 2459 1128 2487 et.

135 2506 288 2550 populo,
314 2504 412 2539 iubet
428 2505 562 2549 excerpi
582 2512 615 2538 et
630 2504 761 2538 servari
784 2510 1128 2548 gementespropter

136 2556 244 2590 idola.
310 2554 391 2598 Qua
414 2556 649 2600 descriptione
677 2555 917 2589 misericordia
939 2554 1005 2589 Dei
1028 2555 1130 2588 miri-

137 2607 201 2640 fice
224 2607 502 2641 commendatur.
559 2606 741 2651 Significat
763 2606 858 2639 enim
882 2605 976 2640 Deus
1000 2606 1130 2640 multos

139 2669 233 2699 esse,
261 2657 417 2704 quicum
433 2657 533 2703 impii
554 2663 696 2694 teneant
710 2658 958 2704 gubernacula,
985 2663 1017 2692 et
1031 2663 1130 2693 ante-

784 91 1044 128 PHILIPPI
1078 90 1522 129 MELANTIIONIS.

2100 103 2174 139 554

1175 178 1302 212 cellant
1329 180 1504 223 potentia,
1540 192 1613 214 non
1639 182 1777 226 possint
1799 183 1940 217 abolere
1962 185 2066 219 idola.
2122 186 2172 221 Hi

1173 229 1201 261 si
1216 236 1332 262 tamen
1353 231 1484 273 gemitu
1502 233 1709 274 ostendant,
1735 245 1771 266 se
1787 234 1907 268 dolere
1923 235 2035 269 vicem
2044 236 2170 271 Eccle-

1172 279 1242 312 siae
1271 286 1305 313 et
1328 293 1446 313 veram
1472 282 1685 324 doctrinam,
1714 291 1748 317 et
1769 297 1887 319 veram
1906 286 2168 322 invocationem

1172 342 1300 371 amare,
1329 332 1464 375 excerpi
1481 344 1515 365 se
1534 333 1645 368 sciant
1662 345 1702 367 ex
1718 335 1947 370 multitudine
1964 337 2170 383 impiorum,

1173 393 1217 413 ne
1235 393 1314 414 cum
1333 382 1382 414 eis
1398 390 1553 426 pereant.

1275 431 1380 465 Tales
1412 434 1668 467 consolationes
1698 436 1826 469 multas
1862 439 2029 482 proponit
2058 441 2168 483 Deus,

1173 481 1303 526 quibus
1331 494 1366 515 se
1396 484 1603 518 confirment
1630 485 1734 526 boni,
1766 497 1810 519 ne
1836 487 1936 521 fracti
1962 491 2169 533 pertinacia,

1173 532 1335 576 superbia
1348 560 1357 573 ‚
1385 533 1593 576 insolentia,
1620 533 1747 581 ὕβρει,
1776 543 1810 569 et
1827 539 2023 573 terroribus
2040 549 2168 584 poten-

1172 589 1266 621 tum,
1294 596 1414 617 eorum
1432 586 1588 618 furorem
1609 592 1642 618 et
1657 586 1838 619 saevitiam
1854 589 2034 625 adiuvent.
2083 591 2166 625 Non

1174 634 1298 667 dubito
1315 635 1485 679 tantisper
1503 635 1617 669 Deum
1637 633 1813 670 Ecclesias
1838 645 1975 672 nostras
2000 641 2166 675 defensu-

1173 697 1251 717 rum
1267 697 1357 725 esse,
1386 687 1498 719 donec
1523 686 1680 720 studium
1703 686 1740 719 in
1766 688 1872 721 nobis
1897 696 2007 728 recte,
2035 691 2166 731 dextre,

1172 735 1228 779 pie
1245 737 1395 769 docendi
1413 734 1599 780 Evangelii
1617 736 1700 777 erit,
1727 737 1817 772 sicut
1840 738 1932 772 filius
1949 738 2016 773 Dei
2035 741 2166 787 inquit:

1174 785 1397 819 Mansionem
1412 789 1506 831 apud
1523 800 1602 821 eum
1622 787 1803 822 faciemus.
1857 788 1968 833 Spero
1995 798 2110 825 autem
2134 800 2168 827 et

1173 835 1400 880 Principibus
1424 838 1491 881 piis
1513 850 1616 871 curae
1638 839 1815 880 futurum,
1848 846 1888 873 ut
1912 841 1993 874 illae
2015 840 2167 886 Aspides

1174 887 1210 919 in
1230 884 1284 919 his
1301 888 1518 931 regionibus,
1541 889 1602 922 ubi
1623 896 1671 922 tot
1688 896 1806 932 gentes
1825 902 1944 924 veram
1964 893 2164 927 doctrinam

1174 939 1343 982 probant,
1371 939 1512 972 tandem
1528 937 1694 985 strychno
1713 940 1849 975 obiecto
1869 943 2063 986 sopiantur.

1308 1059 1592 1102 Disputatio
1623 1058 1678 1093 de
1703 1061 2025 1097 Matrimonio.

1175 1132 1272 1173 Cum
1292 1141 1558 1174 matrimonium
1581 1153 1598 1173 a
1617 1139 1692 1175 Deo
1719 1142 1794 1186 ipso
1820 1144 2041 1183 institutum,
2068 1146 2166 1178 ordi-

1175 1197 1296 1223 natum
1331 1198 1364 1224 et
1397 1192 1649 1225 sanctificatum
1679 1193 1743 1233 sit,
1783 1194 1990 1238 impiissime
2020 1196 2166 1236 faciunt,

1175 1241 1235 1285 qui
1252 1241 1304 1273 vel
1324 1242 1521 1276 abutuntur
1540 1254 1599 1283 en,
1628 1243 1681 1276 vel
1702 1244 1791 1276 illud
1810 1242 2013 1289 prohibent.

1277 1302 1311 1333 2.
1351 1298 1415 1333 Est
1448 1301 1543 1332 enim
1571 1302 1838 1335 matrimonium
1874 1304 2028 1346 legitima
2057 1305 2166 1338 maris

1174 1361 1212 1381 ac
1229 1349 1402 1382 foeminae
1421 1351 1643 1389 coniunctio,
1672 1352 1833 1386 instituta
1849 1365 1868 1386 a
1881 1352 1956 1387 Deo
1974 1354 2167 1388 indissolu-

1174 1400 1313 1440 biliter,
1340 1401 1382 1432 ad
1399 1402 1652 1444 procreandam
1670 1402 1846 1443 sobolem,
1873 1410 1908 1438 et
1924 1405 1966 1437 ad
1985 1405 2168 1438 vitandam

1174 1451 1444 1482 fornicationem
1458 1478 1466 1491 ‚
1495 1450 1586 1484 Gen.
1605 1454 1640 1486 2.
1668 1451 1796 1485 Matth.
1816 1454 1873 1489 19.
1905 1456 1936 1490 1.
1952 1453 2114 1489 Corinth.
2133 1457 2168 1490 7.

1278 1509 1313 1542 3.
1351 1507 1470 1550 Quare
1494 1509 1548 1541 lex
1572 1509 1771 1552 pontificia,
1804 1523 1893 1555 quae
1917 1512 2168 1548 Sacerdotibus

1175 1558 1353 1591 interdicit
1371 1559 1589 1601 coniugium,
1608 1566 1641 1593 et
1659 1567 1834 1594 contracta
1851 1563 2078 1596 matrimonia
2096 1565 2168 1597 dis-

1174 1610 1300 1648 solvit,
1325 1609 1532 1653 impiissima
1559 1617 1608 1644 est
1628 1611 1878 1652 et'diabolica,
1909 1625 2068 1656 pugnans
2087 1627 2167 1648 cum

1175 1660 1251 1691 iure
1272 1660 1416 1699 divino,
1444 1661 1520 1691 iure
1544 1662 1719 1700 naturali,
1747 1669 1779 1695 et
1806 1665 1932 1696 veteris
1958 1676 1996 1697 ac
2017 1662 2168 1699 catholi-

1175 1721 1233 1741 cae
1250 1707 1427 1742 Ecclesiae
1446 1711 1712 1745 consuetudine.

1277 1766 1312 1801 4.
1356 1767 1444 1801 Nam
1480 1769 1633 1812 primum
1668 1783 1745 1803 cum
1771 1770 1904 1806 Paulus
1936 1774 2020 1807 dicit
2055 1775 2085 1808 1.
2103 1774 2168 1807 Ti-

1174 1816 1284 1851 moth.
1303 1821 1354 1853 3.:
1384 1816 1537 1862 Oportet
1552 1818 1768 1865 Episcopum
1786 1823 1892 1856 unius
1915 1825 2034 1857 uxoris
2058 1826 2169 1858 mari-

1175 1876 1248 1902 tum
1266 1880 1349 1902 esse.
1403 1868 1491 1903 Item
1506 1872 1549 1904 ad
1562 1870 1634 1906 Tit.
1656 1873 1704 1905 1.:
1734 1872 1881 1907 Liberos
1898 1872 2030 1908 habens
2050 1876 2168 1909 fideles

1176 1927 1238 1953 etc.
1260 1927 1377 1964 aperte
1402 1926 1549 1954 testatur
1573 1928 1604 1955 et
1626 1923 1745 1961 docet,
1782 1924 1988 1959 Sacerdotes
2013 1926 2107 1959 licite
2130 1938 2169 1960 ac

1175 1972 1231 2015 pie
1247 1971 1298 2004 uti
1316 1977 1436 2004 sancto
1455 1972 1618 2014 coniugio
1638 1984 1749 2016 posse.

1276 2028 1314 2064 5.
1343 2030 1430 2071 Imo,
1457 2033 1538 2065 ideo
1556 2033 1684 2066 diserte
1702 2035 1820 2068 mariti
1841 2036 2056 2070 mentionem
2075 2039 2170 2078 facit,

1176 2093 1220 2114 ne
1240 2094 1300 2125 per
1318 2083 1604 2126 superstitionem
1631 2081 1864 2128 prohibeatur
1880 2087 2083 2131 coniugium
2102 2090 2170 2123 mi-

1177 2132 1298 2166 nistris
1314 2130 1504 2168 Ecclesiae.

1281 2190 1316 2224 6.
1348 2190 1452 2233 Item,
1497 2193 1529 2229 1.
1551 2191 1689 2230 Corint.
1709 2194 1762 2229 7.:
1802 2193 1951 2239 Propter
1975 2203 2094 2240 stupra
2117 2199 2170 2230 vi-

1177 2242 1304 2282 tanda,
1347 2243 1591 2288 unusquisque
1627 2256 1726 2277 suam
1767 2256 1912 2278 uxorem
1951 2243 2098 2289 habeat,
2138 2256 2171 2283 et

1178 2304 1281 2326 suum
1299 2304 1457 2338 quaeque
1475 2294 1590 2327 virum
1609 2291 1746 2328 habeat.
1781 2294 1992 2330 Mandatum
2010 2296 2067 2332 'est
2088 2300 2171 2332 uni-

1177 2343 1333 2384 versale,
1357 2345 1400 2376 ad
1419 2356 1541 2377 omnes
1563 2345 1743 2388 pertinens
1764 2345 1839 2380 sine
1862 2347 2082 2389 discrimine,
2109 2350 2171 2394 qui

1180 2406 1253 2428 non
1270 2392 1403 2428 habent
1419 2396 1553 2428 donum
1573 2396 1830 2436 continentiae,
1857 2405 1918 2433 aut
1936 2410 2010 2432 non
2026 2406 2109 2434 sunt
2125 2402 2170 2434 ad

1181 2445 1398 2479 coelibatum
1421 2446 1552 2479 idonei.

1285 2505 1320 2539 7.
1358 2503 1416 2537 Sic
1441 2505 1536 2537 enim
1562 2505 1815 2550 interpretatur
1831 2519 1867 2542 se
1886 2508 2000 2553 ipsum
2017 2509 2171 2556 Aposto-

1184 2556 1237 2588 lus
1253 2555 1356 2598 paulo
1376 2562 1472 2598 post,
1497 2567 1574 2589 cum
1592 2556 1655 2590 ait:
1685 2556 1815 2592 Melius
1832 2566 1882 2593 est
1899 2562 2043 2602 nubere,
2066 2575 2170 2606 quam

1183 2606 1252 2640 nri.
1306 2605 1420 2647 Quam
1439 2618 1559 2640 vocem
1576 2607 1674 2641 nulla
1691 2607 1845 2644 humana
1864 2612 2051 2651 autoritas,
2077 2613 2173 2646 nulla

1189 2657 1242 2690 lex
1254 2682 1262 2697 ‚
1292 2656 1388 2690 nulla
1408 2664 1487 2691 vota
1505 2658 1629 2692 tollere
1646 2667 1806 2703 possunt.

1491 2705 1569 2742 34·
