2324 2955
190 112 261 147 199

190 194 311 240 politia
337 203 428 229 certa
453 194 619 239 promissa
644 194 726 234 suit,
758 194 795 227 in
824 206 910 239 qua,
937 202 977 228 ut
999 195 1161 228 nucleum

191 245 377 291 Amygdali
402 244 564 278 muniunt
589 255 649 277 sua
676 245 845 288 quaedam
869 253 1084 289 tegumenta,
1115 249 1161 282 ita

192 296 371 328 ambibant
387 293 618 335 Evangelium
636 296 868 334 ceremoniae,
897 303 928 330 et
952 298 1091 341 politica
1108 300 1162 332 di-

192 345 349 388 sciplina.
401 342 447 376 Et
470 350 647 376 externum
671 351 835 388 putamen
852 345 1039 392 Amygdali
1056 349 1162 393 fragi—

192 395 271 431 lius,
297 393 465 435 significat
487 394 712 435 ceremonias,
739 402 798 429 aut
822 399 1079 431 oeconomicam
1100 411 1162 442 gu-

191 443 453 483 bernationem,
481 455 568 487 quae
587 451 635 477 est
655 445 839 479 imbecilla.
894 446 1044 481 Interior
1061 461 1099 481 ac
1118 450 1162 481 li-

192 503 301 534 gneus
319 493 424 533 calix,
452 494 591 527 firmior
608 501 674 528 est:
703 503 736 529 et
752 503 867 529 tamen
884 494 987 531 babet
1006 497 1160 543 “RUFZQ:

192 543 229 574 id
261 549 310 575 est
343 543 586 585 lacerationes,
621 546 715 578 unde
739 553 771 579 et
794 544 1012 594 ciuuydaic'eg
1033 561 1162 582 nomen

194 589 322 625 habere
355 593 524 627 scribunt.
584 593 718 628 Habuit
755 597 900 630 omnino
929 596 1074 642 ἀμυχὰς
1102 600 1162 633 illa

192 642 329 684 politia,
356 643 474 676 multis
492 644 698 678 tristissimis
716 646 816 679 bellis
830 648 914 680 alias
930 650 1052 692 magis,
1079 651 1163 683 alias

190 692 307 725 minus
324 692 481 728 lacerata.

292 740 386 775 Haec
403 744 572 786 sapientes
588 756 687 789 saepe
702 747 912 790 cogitabant,
930 761 1007 782 cum
1026 750 1062 783 in
1080 748 1164 784 hor-

190 791 253 830 tis,
275 798 348 824 tum
366 792 400 824 in
418 805 536 827 mensa
552 797 808 831 considerantes
826 798 1048 844 Amygdala&
1076 801 1165 834 ima-

191 841 308 883 ginem
332 841 399 874 sibi
415 843 450 874 in
468 844 544 877 cibo
564 846 641 878 utili
661 853 693 879 et
710 849 844 890 vulgari
862 851 1075 893 propositam
1093 863 1164 885 esse

188 891 333 934 politiae
349 903 440 933 suae,
466 900 498 927 et
513 892 698 937 Ecclesiae,
716 910 753 930 ac
771 910 1016 933 aerumnarum
1034 908 1066 935 et
1081 914 1165 935 con-

187 941 409 977 solationum.

289 990 466 1026 Sentimns
493 1001 524 1028 et
542 992 648 1028 hodie
666 994 810 1042 ἀμυχὰς
825 1011 906 1033 sane
925 998 1084 1035 horridas
1096 1029 1106 1043 ‚
1133 1009 1165 1036 et

189 1040 226 1072 in
250 1041 383 1084 politiis
405 1049 437 1075 et
461 1044 498 1076 in
515 1046 643 1078 nostris
661 1049 884 1091 corporibus:
913 1063 997 1095 quas
1012 1060 1050 1086 ut
1067 1060 1098 1086 et
1114 1053 1164 1086 le-

190 1090 265 1123 niat
281 1089 392 1130 Deus,
418 1099 490 1126 toto
509 1106 587 1127 enm
604 1104 740 1139 pectore
759 1111 909 1134 oramuS.

292 1140 416 1174 Nuclei
447 1150 561 1177 autem
591 1158 692 1178 usum
726 1148 761 1180 in
791 1150 876 1182 cibis
893 1157 923 1183 et
948 1151 984 1183 in
1012 1151 1162 1185 medica-

191 1191 318 1223 mentis
342 1199 476 1233 gratum
503 1201 535 1227 et
558 1195 742 1230 salutarem
767 1211 857 1240 esse,
889 1212 962 1233 non
986 1201 1162 1243 ignoratis.

190 1237 243 1272 Ac
269 1240 424 1275 iuniores
450 1241 637 1285 adhortor,
676 1254 715 1281 ut
746 1259 845 1292 saepe
875 1263 952 1283 cum
982 1251 1019 1282 in
1046 1263 1163 1284 mensa

190 1290 330 1323 cernitis
346 1290 574 1337 Amygdalas,
604 1296 759 1337 cogitetis
785 1296 889 1331 huius
905 1300 1037 1332 fructus
1054 1302 1163 1333 sabri-

191 1339 326 1372 catione
351 1341 477 1383 pictam
501 1354 572 1375 esse
593 1342 802 1387 Ecclesiam,
830 1359 918 1391 qnae
938 1349 1081 1387 nucleo,
1110 1350 1163 1380 vi-

190 1389 314 1422 delicet
338 1388 549 1433 Evangelio,
576 1394 738 1436 pascitur.
797 1395 899 1430 Foris
921 1405 1055 1438 autem,
1084 1410 1162 1431 cum

188 1440 289 1472 habet
304 1437 453 1484 hospitia
469 1443 675 1485 mediocria,
699 1445 851 1488 cingitur
874 1448 1014 1490 politia,
1038 1455 1077 1481 ut
1096 1460 1163 1480 nu-

188 1489 280 1522 cleus
298 1487 363 1522 hoc
382 1491 496 1533 ligneo
515 1493 631 1526 calice.

292 1539 339 1572 At
364 1548 438 1582 post
463 1541 558 1573 illam
581 1540 851 1585 pulcherrimam
868 1546 1025 1589 politiam
1045 1545 1163 1587 Iacob,

191 1588 305 1621 exulat
325 1589 359 1621 in
380 1590 533 1633 imperiis
549 1590 714 1633 Ecclesia,
736 1606 798 1628 nec
813 1593 918 1629 habet
934 1597 1091 1629 stabilem
1110 1608 1163 1629 se-

191 1639 280 1673 dem.
334 1638 400 1672 Sed
428 1647 542 1673 tamen
564 1643 712 1676 subinde
735 1646 877 1687 praebet
899 1644 993 1678 Deus
1014 1644 1163 1690 hospitia

193 1689 316 1721 studiis
339 1690 531 1724 doctrinae:
560 1693 642 1736 quia
669 1691 751 1727 huic
774 1695 863 1728 vitae
886 1696 1058 1739 corporali
1075 1707 1164 1740 opus

193 1745 241 1771 est
257 1739 399 1774 nidulis.
453 1738 499 1774 Et
516 1743 682 1785 scriptum
700 1751 766 1777 est:
795 1744 875 1778 Non
892 1746 1022 1779 mortui
1042 1746 1163 1779 lauda-

191 1789 281 1821 bunt
302 1796 334 1821 te
357 1788 520 1824 Domine.
574 1790 620 1825 Et
647 1794 723 1828 vult
740 1793 855 1835 Deus,
884 1808 957 1828 non
974 1808 1108 1839 semper
1126 1797 1162 1829 in

191 1838 334 1871 latebris
351 1840 503 1874 abditam
521 1853 591 1875 esse
605 1840 814 1885 Ecclesiam,
841 1846 899 1878 sed
918 1857 989 1879 esse
1006 1847 1162 1889 publicos

192 1895 224 1921 et
241 1886 404 1922 honestos
421 1902 639 1934 congressus:
668 1894 753 1927 etin
769 1893 824 1928 his
843 1896 889 1929 ita
907 1908 1031 1929 sonare
1044 1908 1162 1930 vocem

190 1937 387 1981 Evangelii,
413 1948 451 1974 nt
468 1953 486 1973 a
502 1948 574 1975 toto
591 1955 715 1985 genere
731 1942 886 1978 humano
904 1946 1060 1979 exaudiri
1082 1959 1164 1990 pos-

190 1989 246 2022 sit.
298 1988 376 2022 Erit
393 1991 498 2032 igitur
517 1991 545 2024 ei
564 2005 677 2033 curae,
704 2006 747 2027 ne
762 1996 876 2030 desint
892 1994 1056 2040 hospitia,
1077 1997 1164 2031 sicut

187 2037 361 2072 Dominus
385 2041 515 2085 inquit:
551 2041 623 2076 Scit
648 2051 744 2086 pater
766 2053 878 2079 vester
901 2046 1075 2087 coelestis,
1109 2045 1164 2080 his

189 2100 275 2130 opus
293 2101 363 2122 esse
380 2091 490 2124 vobis.
543 2090 701 2126 Primum
721 2095 828 2137 igitur
845 2097 998 2141 quaerite
1018 2108 1163 2140 regnum

189 2139 275 2177 Dei,
304 2146 335 2172 et
351 2148 483 2173 caetera
501 2141 711 2176 adiicientur
726 2145 837 2178 vobis.

288 2187 334 2222 Et
351 2203 550 2235 quanquam
573 2190 656 2225 haec
679 2190 831 2238 hospitia
856 2193 986 2229 habent
1009 2194 1165 2241 ἀμυχὰς,

189 2245 305 2271 tamen
322 2239 414 2273 Deus
433 2242 480 2274 eis
503 2243 694 2276 benefaciet
711 2245 900 2289 tantisper,
927 2247 1038 2280 donec
1061 2248 1164 2280 multi

190 2289 226 2320 in
253 2289 300 2320 eis
325 2296 357 2322 et
386 2297 475 2323 recte
499 2293 662 2326 invocant
684 2292 816 2336 Deum,
849 2302 881 2329 et
904 2296 961 2339 pia
984 2297 1163 2331 voluntate

187 2338 366 2371 doctrinae
390 2341 502 2373 studia
521 2343 660 2382 iuvant,
689 2344 778 2378 sicut
800 2345 967 2388 scriptum
990 2353 1054 2380 est:
1090 2346 1162 2389 Qui

188 2389 323 2421 dederit
345 2390 397 2422 vel
420 2397 539 2433 potum
564 2404 670 2436 aquae
694 2395 758 2427 uni
775 2407 814 2428 ex
831 2396 986 2428 minimis
1003 2409 1160 2429 meorum

185 2438 456 2482 discipulorum,
487 2448 629 2486 propter
652 2445 868 2487 doctrinam,
901 2444 1046 2480 habebit
1069 2459 1160 2480 mer-

184 2489 315 2524 cedem.

287 2540 355 2574 Sed
373 2539 462 2584 proh
478 2542 596 2583 dolor,
622 2550 763 2588 propter
778 2546 886 2580 multa
902 2544 1085 2580 hominum
1105 2547 1158 2579 vi-

187 2589 254 2630 tia,
290 2598 432 2635 propter
456 2592 596 2633 luxum,
627 2595 873 2635 ambitionem,
908 2597 1158 2638 curiositatem,

184 2640 393 2683 discordias,
426 2653 499 2676 non
522 2650 603 2677 sunt
627 2655 774 2689 usquam
797 2645 963 2682 diuturna
993 2645 1155 2692 hospitia.

616 112 774 148 DECL.
798 110 872 147 DE
906 110 1280 149 PONTIFICUM
1306 111 1644 149 AMBITIONE
1671 124 1755 149 mc.

1178 2618 1187 2682 sp
1207 2607 1292 2640 tavit
1312 2606 1348 2638 in
1368 2605 1480 2639 Italia.

2108 117 2185 151 200

1217 193 1296 228 Sint
1319 193 1425 237 igitur
1448 205 1561 227 mores
1579 195 1746 234 modesti,
1772 196 1955 230 frenentur
1974 197 2191 241 cupiditates,

1216 245 1334 277 ardeat
1360 244 1533 277 invocatio
1557 243 1642 286 Dei,
1676 257 1821 291 syncero
1845 247 1960 280 studio
1985 259 2191 292 quaeramus

1215 295 1414 333 veritatem,
1441 300 1475 326 et
1498 295 1656 329 doctrina
1681 303 1713 329 et
1738 297 1896 330 moribus
1921 308 2046 330 ornare
2068 295 2190 330 Eccle-

1215 345 1300 376 siam
1318 344 1530 376 annitamur.

1317 392 1412 426 Haec
1434 393 1635 438 ubicunque
1655 393 1754 434 fient,
1782 404 1883 431 erunt
1899 397 2014 430 niduli
2033 395 2144 429 nostri
2159 402 2192 430 et

1217 444 1477 488 tranquilliores
1495 451 1526 477 et
1544 443 1787 480 durabiliores.

1316 493 1411 526 Haec
1424 494 1576 527 breviter
1592 494 1682 527 dicta
1699 495 1767 528 sint
1784 496 1826 527 de
1841 496 1929 528 scala
1941 494 2058 529 Iacob:
2086 507 2191 541 quam

1216 544 1361 586 cogitate
1392 544 1643 584 adolescentes,
1678 557 1749 578 non
1774 545 1817 578 ab
1839 545 1962 588 Apelle
1985 554 2045 580 aut
2067 545 2192 578 Proto-

1217 606 1301 637 gene
1325 594 1452 638 pictam
1474 606 1564 632 esse,
1593 596 1650 627 sed
1675 595 1930 638 sapientissimo
1950 595 2082 638 pictore
2099 595 2191 628 Deo:

1217 651 1250 678 et
1275 645 1375 677 nobis
1397 651 1465 676 tam
1489 643 1670 688 pulchram
1697 646 1775 678 ideo
1800 645 2013 689 propositam
2039 656 2128 685 esse,
2154 651 2194 678 ut

1217 695 1505 727 commonefactio
1525 695 1628 728 altius
1646 702 1803 738 penetret
1819 696 1855 728 in
1873 696 2023 728 animos.
2076 694 2194 737 Quare

1217 743 1306 777 hanc
1331 745 1515 788 imaginem
1541 745 1588 777 sic
1612 745 1841 786 intueamini,
1867 752 1906 779 ut
1929 746 2012 778 fides
2035 752 2068 779 et
2093 745 2195 777 invo-

1218 795 1306 828 catio
1325 794 1410 835 Dei,
1437 807 1536 827 amor
1553 793 1748 836 Ecclesiae,
1775 796 1968 829 reverentia
1992 807 2070 839 erga
2088 795 2195 827 mini-

1218 846 1360 879 sterium
1391 845 1647 888 evangelicum,
1682 852 1715 879 et
1747 856 1829 878 cura
1861 846 2037 887 discendi,
2072 856 2194 879 accen-

1217 897 1346 929 dantur
1364 902 1394 928 et
1412 896 1656 928 exuscitentur.

1318 943 1412 978 Mihi
1437 952 1526 978 certe
1548 943 1631 978 haec
1650 945 1882 978 consideratio
1900 955 2075 978 moerores
2092 944 2196 977 lenit:

1217 994 1263 1029 Et
1278 997 1352 1028 vult
1371 995 1483 1036 Deus,
1509 1008 1548 1028 ex
1564 996 1692 1029 talibus
1709 995 1920 1028 testimoniis
1937 1007 2017 1029 suae
2034 1005 2196 1039 praesen—

1217 1046 1283 1079 tiae
1303 1046 1339 1078 in
1357 1044 1529 1086 Ecclesia,
1556 1046 1647 1078 sumi
1663 1046 1930 1078 consolationes.

1319 1094 1394 1129 Oro
1420 1104 1535 1130 autem
1561 1096 1672 1128 filium
1698 1094 1784 1136 Dei,
1816 1094 2011 1129 Dominum
2036 1100 2195 1127 nostrum

1217 1145 1330 1178 Iesum
1348 1144 1539 1186 Christum,
1566 1146 1625 1190 qui
1643 1153 1726 1179 tunc
1742 1152 1856 1179 custos
1873 1152 1946 1179 erat
1963 1144 2076 1184 Iacob,
2103 1151 2196 1177 stans

1214 1196 1252 1228 in
1269 1197 1329 1228 illo
1347 1196 1482 1238 fastigio
1503 1196 1622 1235 scalae,
1651 1202 1689 1228 ut
1710 1207 1773 1228 nos
1790 1207 1929 1240 quoque
1942 1201 2085 1239 propter
2099 1205 2196 1228 suam

1215 1246 1361 1289 gloriam
1381 1252 1474 1288 regat
1492 1253 1524 1279 et
1540 1245 1724 1279 custodiat.
1776 1244 1869 1279 Dixi.

1215 1421 1279 1455 Nu.
1302 1420 1385 1455 157.

1221 1468 1391 1480 ῸΝ

2019 1437 2063 1454 an.
2090 1425 2184 1456 1556.

2019 1469 2189 1483 w

1322 1536 1393 1575 De
1428 1533 1701 1588 Pontificum
1740 1537 1988 1579 ambitione
2022 1543 2102 1579 etc.

1282 1613 1334 1640 Set.
1352 1613 1473 1638 Declam.
1486 1613 1517 1637 T.
1539 1612 1584 1644 lV,
1607 1622 1631 1646 p.
1645 1613 1695 1638 668
1717 1623 1792 1648 sqq.,
1811 1614 1928 1643 Sei-vesi.
1943 1615 1974 1642 T.
1990 1617 2034 1647 tV,
2054 1626 2079 1651 p.
2093 1617 2152 1645 606.
2170 1623 2196 1644 et

1320 1647 1446 1672 liicliard.
1462 1647 1493 1672 T.
1512 1647 1557 1678 lll,
1580 1657 1604 1680 p.
1624 1648 1681 1673 155.

1215 1727 1338 1759 Oratio
1368 1725 1413 1758 cle
1429 1723 1646 1770 Pontificum
1664 1728 1764 1760 Rom.
1793 1727 2016 1771 ambitione,
2045 1740 2194 1765 monar-

1215 1776 1322 1818 chia,
1364 1775 1587 1820 tyramzide3
1629 1779 1792 1810 recitata
1820 1789 1900 1813 cum
1931 1779 2193 1815 decerneretur

1210 1826 1352 1873 gradus
1395 1828 1597 1860 Doctorum
1645 1827 1866 1874 Theoloyiae
1899 1831 1944 1863 D.
1972 1831 2193 1865 Cunraclo

1215 1876 1388 1919 Beker,
1428 1879 1708 1921 warmacensi,
1748 1884 1874 1913 vocato
1911 1879 1962 1914 ad
1985 1882 2192 1917 Ecclesiam

1516 1927 1750 1963 stadensem.
1779 1928 1885 1965 1556.

1216 2004 1378 2045 Graecus
1403 2021 1522 2043 versus
1546 2016 1612 2050 est,
1646 2011 1795 2044 maxime
1819 2023 2014 2055 congruens
2037 2014 2080 2046 ad
2103 2014 2191 2047 deli-

1215 2074 1293 2095 rum
1311 2061 1441 2105 Papam
1458 2060 1606 2093 Paulum
1626 2060 1799 2103 Quartum
1813 2088 1821 2102 ,
1849 2063 1907 2107 qui
1933 2063 1969 2095 in
1991 2064 2114 2098 ultima
2139 2076 2193 2098 se—

1216 2119 1312 2145 necta
1332 2123 1434 2154 egens
1451 2117 1482 2144 et
1497 2110 1688 2153 imparatus
1705 2124 1817 2155 nuper
1834 2112 1954 2146 intulit
1978 2113 2108 2147 bellum
2127 2126 2191 2158 po-

1215 2163 1300 2196 tenti
1316 2161 1404 2204 Regi
1420 2167 1451 2194 et
1471 2161 1658 2194 acerrimae
1676 2162 1812 2195 nationi
1833 2162 2053 2206 Hispanicae.

1297 2212 1392 2250 γραῧς
1415 2207 1666 2249 (Ξιίισκιρτῆσασα
1689 2210 1785 2240 πολὺν
1808 2210 1967 2250 κονιορτὸν
1990 2211 2103 2252 ἐγείρει.

1213 2252 1356 2298 Eripuit
1370 2253 1522 2286 familiae
1539 2252 1766 2287 Columnensi
1791 2254 1884 2298 Papa
1901 2255 2035 2299 aliquot
2052 2256 2191 2300 oppida,

1213 2316 1322 2349 eaque
1339 2303 1483 2337 tradidit
1499 2303 1570 2336 suis
1587 2304 1732 2347 agnatis.
1784 2301 1830 2338 Et
1849 2316 1968 2338 rursus
1985 2305 2022 2338 in
2042 2305 2189 2351 Neapoli

1213 2355 1382 2388 collocare
1406 2365 1486 2387 suos
1508 2361 1664 2388 conatur.

1312 2403 1384 2437 Has
1400 2411 1513 2437 tantas
1531 2416 1584 2437 res
1599 2404 1747 2437 moliens
1763 2403 1824 2437 tali
1842 2410 1963 2445 aetate,
1987 2405 2071 2452 quid
2090 2406 2186 2440 aliud

1185 2480 1188 2499 ι
1211 2462 1272 2495 est,
1294 2467 1397 2500 quam
1414 2466 1502 2487 anus
1520 2454 1731 2488 inconcinne
1748 2453 1908 2487 saltando
1925 2466 2089 2498 magnum
2106 2457 2187 2499 pul-

1184 2505 1187 2532 ἴ
1211 2518 1325 2538 rerem
1364 2505 1527 2538 excitans.

1588 2503 1693 2537 Hunc
1728 2503 1851 2536 ludum
1887 2516 1967 2538 mox
2002 2506 2187 2550 abrumpet

1210 2556 1317 2599 ipsius
1341 2555 1521 2597 interitus,
1549 2561 1583 2589 et
1608 2555 1741 2588 interea
1764 2554 1843 2598 plus
1859 2555 2075 2589 tumultuum
2092 2556 2185 2589 exci-
