2324 2955
120 116 216 152 1017
690 116 717 152 Ι,

117 200 224 234 hensa
240 212 258 233 a
276 198 460 234 Metliodio
477 200 553 234 viro
570 207 697 234 sancto.

118 299 249 334 Occam
269 308 301 335 et
319 302 505 335 similibus.

218 367 314 400 Haec
338 368 477 401 collatio
501 369 598 401 utilis
623 376 673 402 est
695 371 737 402 ad
764 369 951 402 iudicanda
969 365 1099 401 doctri-

117 429 242 451 narum
262 429 397 460 genera.
452 416 630 462 Opposuit
647 426 764 453 autem
782 419 1007 452 refutationes
1024 416 1100 450 Au-

117 467 296 509 gustinus,
322 468 381 512 qui
405 468 555 501 affirmat
579 481 650 501 esse
673 477 851 512 peccatum
877 469 1041 511 originis,
1067 473 1100 499 et

117 517 285 551 discernit
308 525 484 550 externam
508 519 730 563 disciplinam
754 521 797 552 ab
820 519 1018 552 obedientia
1043 518 1098 549 in-

117 567 256 602 teriore.
308 566 479 602 Concedit
503 569 539 601 in
564 567 727 611 homine,
756 571 857 602 etiam
876 581 949 601 non
966 574 1099 606 renato,

117 628 189 649 esse
223 617 420 650 libertatem
452 630 511 651 seu
543 619 741 653 facultatem
773 619 924 652 faciendi
958 625 1097 651 externa

119 667 203 708 legis
229 679 353 711 opera,
389 669 448 700 sed
472 675 574 711 negat
597 670 670 702 sine
695 670 830 713 Spiritu
856 675 973 701 sancto
999 678 1097 711 posse

117 717 192 749 fieri
215 717 382 750 interiora
405 730 508 761 opera
521 746 530 757 ‚
557 720 688 754 scilicet
705 732 825 753 verum
842 719 1004 752 timorem
1020 716 1098 757 Dei,

118 778 236 798 veram
261 767 484 801 dilectionem
508 767 592 809 Dei,
625 770 796 802 laeticiam
823 769 1097 813 acquiescentem

117 816 154 848 in
168 815 261 858 Deo,
287 817 450 850 fiduciam
472 819 697 862 accipientem
721 819 960 852 remissionem
980 829 1097 861 pecca-

119 872 243 899 torum.
307 866 444 910 Pugnat
467 869 654 913 acerrime,
690 881 735 901 ne
758 869 929 902 vocabulo
955 867 1098 900 Gratiae

118 915 336 959 intelligatur
357 919 538 962 doctrina,
566 920 623 951 sed
644 919 786 952 donatio
804 918 957 961 Spiritus
976 917 1096 950 sancti.

117 963 269 1000 Extabat
289 967 359 1000 illis
375 969 592 1011 temporibus
608 969 783 1002 decretum
800 968 906 999 illud:
933 966 1098 1009 Impossi-

117 1015 189 1048 bile
212 1024 261 1050 est
286 1017 395 1059 legem
422 1018 496 1050 fieri
517 1018 592 1050 sine
610 1019 736 1059 gratia,
762 1017 857 1060 quod
874 1016 1015 1059 prodest
1033 1027 1098 1047 no-

117 1065 290 1098 tissimum
314 1078 403 1106 esse,
431 1073 465 1099 et
488 1067 535 1100 sic
557 1068 769 1100 declaratum
793 1073 862 1106 est,
890 1072 928 1098 ut
945 1066 1100 1108 comple-

117 1121 253 1147 ctamur
283 1122 315 1148 et
347 1116 533 1157 gratuitam
562 1117 830 1159 imputationem
857 1116 1032 1155 iusticiae‚
1067 1121 1099 1148 et

118 1164 345 1198 donationem
356 1165 508 1208 Spiritus
523 1167 643 1200 sancti.
696 1165 825 1200 chati
841 1166 974 1199 faciunt
988 1166 1099 1207 legem

117 1226 181 1258 per
203 1215 370 1256 gratiam,
396 1216 429 1247 id
457 1223 525 1257 est,
551 1216 690 1260 placent
706 1215 779 1248 Deo
807 1216 976 1259 imputata
1000 1215 1101 1248 iusti-

118 1265 170 1296 cia
192 1272 334 1308 propter
352 1266 598 1306 mediatorem,
624 1272 657 1298 et
674 1266 777 1298 simul
795 1265 945 1308 Spiritus
963 1272 1102 1298 sanctus

118 1315 155 1346 in
181 1314 229 1346 eis
254 1312 396 1347 inchoat
417 1315 520 1347 fidem
540 1322 570 1348 et
588 1327 714 1347 novam
733 1315 988 1352 obedientiam,
1015 1326 1103 1358 qnae

119 1371 237 1396 tamen
261 1376 333 1397 non
356 1365 521 1399 satisfacit
544 1366 610 1408 legi
634 1364 717 1407 Dei,
745 1367 802 1399 scd
825 1366 937 1409 placet
961 1372 1104 1408 propter

121 1414 348 1447 mediatorem
366 1415 443 1448 fide.

224 1480 316 1515 Sunt
341 1488 456 1515 autem
488 1483 717 1515 discernenda
745 1488 900 1524 tempora
932 1482 1104 1515 librorum

125 1531 332 1573 Augustini,
367 1533 449 1576 quia
473 1539 504 1565 et
528 1532 593 1575 ipsi
617 1532 742 1565 accidit
766 1532 800 1563 in
826 1530 889 1564 hac
913 1544 1032 1570 causa,
1068 1539 1106 1564 nt

122 1581 255 1613 suerint
278 1577 445 1624 δεύτεραι
470 1580 665 1627 φροντίδες
690 1580 907 1627 σοιμυιέραι.
967 1580 1014 1615 Et
1035 1583 1106 1625 ipse

122 1631 250 1674 inquit,
277 1641 312 1662 se
328 1631 512 1664 scribendo
529 1632 707 1674 proficere.
761 1631 971 1675 Quanquam
991 1639 1106 1664 autem

124 1680 161 1711 in
184 1680 437 1723 posterioribus
464 1681 564 1713 libris
592 1681 720 1714 alicubi
743 1688 825 1714 sunt
849 1679 1107 1726 ἀκυρολογιάιτ

123 1736 241 1762 tamen
257 1735 389 1761 certum
407 1736 457 1763 est
474 1730 587 1773 reipsa
604 1741 796 1772 congruere
811 1729 884 1761 eius
899 1729 1107 1761 sententiam

124 1791 203 1812 cum
235 1779 367 1811 nostris
386 1777 571 1818 Ecclesiis,
607 1780 666 1811 sed
695 1779 834 1812 accedat
858 1779 895 1810 in
919 1778 1107 1812 iudicando

123 1828 311 1863 dexteritas
329 1834 361 1861 et
378 1829 522 1864 candor.

224 1886 278 1921 De
295 1888 414 1920 eadem
431 1887 668 1920 controversia
683 1893 717 1920 et
733 1886 800 1919 alia
820 1885 984 1931 Synodus
1002 1886 1109 1920 Mile-

126 1938 244 1971 vitana
268 1938 305 1970 in
328 1935 482 1981 Aphrica
507 1938 589 1970 fecit
610 1939 746 1971 decreta
772 1943 893 1969 contra
916 1936 1109 1979 Pelagium.

126 1987 272 2031 Scripsit
295 1994 409 2021 autem
431 1994 579 2032 utraque
605 1987 768 2032 Synodus
792 1988 836 2019 ad
863 1986 1109 2019 Innocentium

124 2036 340 2081 Episcopum
366 2037 587 2077 Romanum,
621 2049 770 2082 eumque
798 2034 978 2079 hortatur,
1013 2045 1050 2071 ut
1078 2044 1111 2070 et

128 2089 200 2132 ipse
216 2088 390 2131 improbet
408 2099 540 2121 errores
558 2094 656 2120 natos
667 2087 819 2127 Itomae,
847 2099 909 2119 nec
927 2087 1108 2130 propagari

127 2150 186 2171 eos
209 2139 370 2181 patiatur.
424 2137 555 2171 Extant
577 2135 757 2181 Epistolae
779 2144 811 2169 et
829 2137 1054 2182 Synodorum
1079 2144 1111 2170 et

128 2187 329 2222 Innocentii
353 2189 389 2220 in
415 2188 505 2221 libro
528 2186 768 2231 Epistolarum
784 2185 985 2229 Augustini.
1040 2186 1111 2219 Fu-

129 2239 225 2280 giens
249 2239 355 2281 igitur
371 2237 532 2281 Pelagius
549 2250 587 2270 ex
609 2238 694 2270 urbe
709 2236 823 2271 Roma
842 2244 1047 2281 pervagatus
1062 2244 1112 2270 est

130 2289 269 2329 orbem,
303 2296 342 2322 ut
370 2289 615 2332 suffragatores
644 2294 844 2332 quaereret,
877 2288 966 2320 sicut
990 2287 1112 2320 sactio-

130 2350 216 2371 num
240 2339 344 2372 duces
368 2340 473 2372 variis
494 2338 608 2371 modis
627 2335 810 2372 attrahunt
828 2338 950 2372 socios.
1005 2336 1113 2371 Venit

131 2388 402 2434 lerosolymam,
434 2390 495 2422 ubi
523 2388 762 2433 Hieronymus
792 2388 824 2420 ei
852 2386 968 2421 adhuc
992 2388 1113 2421 vivens

131 2440 333 2472 adversatus
350 2447 409 2474 est.
450 2438 535 2472 Inde
554 2437 820 2471 iiissrita=11iiam
838 2438 1005 2479 discessit,
1026 2449 1114 2482 quae

131 2490 201 2522 iam
223 2490 395 2522 defecerat
420 2502 438 2522 a
461 2488 623 2524 Romano
649 2489 808 2532 imperio.
862 2488 980 2531 Quare
1004 2488 1114 2522 tutius

133 2540 181 2572 ibi
200 2537 392 2583 hospitium
410 2537 544 2576 habuit.

234 2597 329 2631 Ilaec
362 2599 551 2632 certamina
582 2599 684 2632 etiam
716 2597 856 2632 vivente
882 2597 1022 2640 Pelagio
1053 2597 1115 2631 diu

135 2650 370 2687 duraverunt,
398 2650 492 2693 quod
513 2650 669 2682 indicant
687 2655 739 2682 tot
756 2649 891 2693 Synodi
920 2656 952 2683 et
970 2649 1116 2692 scripto-

186 2700 360 2732 Memxrn.
386 2702 488 2733 Orien.
512 2702 589 2732 Yon.
607 2701 684 2734 XII.

764 112 1054 151 CHROMCON
1080 111 1323 149 CARIONIS.
1377 113 1500 150 PARS
1529 114 1574 150 It.

752 200 888 234 Deinde
904 199 1102 242 pelagiana,
1125 198 1128 248 J

117 263 181 284 nec
205 251 302 284 aliud
328 258 377 284 est
402 252 581 285 doctrinae
604 262 713 294 genus
737 263 772 284 re
795 252 869 295 ipsa
891 252 928 283 in
946 250 1049 284 Scoto
1069 256 1101 282 et
1125 257 1126 271 ¹
1152 256 1299 282 mortem
1329 250 1518 292 Augustini
1551 252 1704 287 decessit.

2035 124 2130 160 1018

1152 211 1227 231 rum
1252 206 1418 243 tempora.
1480 200 1567 232 Nam
1596 200 1832 247 Hieronymus
1856 205 2025 238 decennio
2050 217 2128 242 ante

1778 252 1859 285 Dixi
1891 256 1984 288 enim
2014 268 2127 301 supra,

1151 298 1407 344 Hieronymum
1418 299 1683 334 Stridonensem
1700 309 1875 336 mortuum
1891 317 1962 338 esse
1974 306 2128 340 insseth-

1151 347 1263 381 lehem
1284 362 1377 382 anno
1396 351 1516 382 aetatis
1534 363 1614 384 suae
1633 354 1855 395 nonagesimo
1873 356 2006 398 primo,
2033 369 2126 391 anno

1149 396 1281 432 Christi
1299 400 1642 443 quadringentesimo
1662 404 1836 436 vicesimo.

1249 447 1379 482 Extant
1406 457 1521 483 autem
1544 453 1753 485 nominatim
1778 461 1898 487 contra
1922 454 2127 498 Pelagianos

1148 497 1357 543 Hieronymi
1387 500 1532 543 scripta,
1568 502 1604 533 in
1634 503 1762 545 quibus
1789 501 1872 536 haec
1896 513 1977 538 sunt
2003 508 2124 539 verba:

1149 548 1250 581 Tunc
1274 550 1356 581 iusti
1379 561 1514 587 sumus,
1543 563 1619 582 cum
1645 564 1707 583 nos
1733 560 1927 595 peccatores
1953 567 2023 588 esse
2042 569 2126 588 con-

1148 599 1302 631 fitentur:
1330 597 1376 632 Et
1394 599 1529 632 iusticia
1549 607 1665 633 nostra
1682 614 1753 634 non
1770 614 1808 634 ex
1827 604 1969 647 proprio
1990 607 2126 647 merito,

1148 650 1205 681 sed
1225 661 1264 681 cx
1282 647 1348 680 Dei
1365 649 1602 682 misericordia
1621 651 1788 685 consistit.

1248 697 1467 740 Augustinus
1496 706 1611 732 autem
1635 708 1794 734 mortuus
1819 711 1867 735 est
1891 715 1982 736 anno
2007 708 2127 739 aetatis

1148 760 1228 781 suae
1253 749 1504 792 septuagesimo
1531 756 1642 790 sexto,
1679 763 1771 784 anno
1795 750 1925 786 Christi
1959 757 2128 798 quadrin-

1148 799 1351 839 gentesimo.
1413 798 1658 842 Regnantibus
1683 799 1884 835 Theodosio
1916 806 2066 837 secundo
2095 814 2127 839 et

1149 848 1400 881 Valentiniano
1426 850 1546 889 tertio,
1575 851 1755 884 obsidente
1779 854 1901 885 urbem
1926 853 2128 898 Hipponem

1151 898 1354 938 Gensersto,
1380 899 1669 942 nbiAugustinus
1685 901 2000 946 sueratEpiscopus
2017 916 2129 938 annos

1150 948 1398 991 quadraginta,
1426 949 1507 981 inde
1531 962 1641 993 usque
1661 951 1703 982 ab
1722 952 1822 985 initio
1842 954 1980 985 Arcadii
1998 955 2068 987 sere
2084 957 2131 988 ad

1150 999 1254 1029 linem
1274 995 1466 1029 Theodosii
1489 1000 1653 1039 secundi,
1680 1001 1772 1034 inter
1788 1014 1910 1043 magna
1926 1006 2128 1038 certamina.

1149 1046 1332 1080 Resutavit
1356 1047 1449 1078 enim
1477 1045 1725 1087 Manichaeos‚
1753 1050 1953 1084 Donatistas
1976 1060 2007 1085 et
2029 1053 2132 1086 Pela-

1150 1097 1290 1138 gianos,
1327 1103 1360 1129 et
1390 1096 1534 1140 scriptas
1565 1098 1791 1132 refutationes
1814 1102 2006 1144 posteritati
2030 1104 2133 1136 utiles

1150 1147 1306 1191 reliquit.

1253 1195 1377 1229 Mense
1404 1196 1506 1229 tertio
1532 1198 1726 1232 obsidionis
1750 1208 1910 1234 mortuus
1938 1209 2005 1241 est,
2034 1215 2133 1246 saepe

1152 1246 1340 1289 deplorans
1364 1258 1437 1278 non
1458 1247 1571 1279 solum
1597 1248 1736 1292 imperii
1760 1251 1918 1289 ruinam,
1948 1254 2005 1284 sed
2023 1256 2133 1286 multo

1153 1296 1262 1337 magis
1285 1294 1524 1329 Ecclesiarum
1546 1298 1830 1340 dilacerationes,
1859 1302 1940 1345 quia
1965 1302 2134 1336 Genseri-

1154 1358 1213 1379 cus
1238 1346 1392 1379 Arianus
1417 1353 1509 1384 erat,
1545 1354 1577 1380 et
1603 1359 1813 1382 successores
1836 1362 1995 1393 magnam
2023 1355 2136 1386 saevi-

1155 1396 1243 1429 ciam
1272 1403 1391 1429 contra
1418 1404 1510 1430 recte
1534 1398 1720 1431 sentientes
1746 1409 1979 1435 exercuerant.
2045 1403 2137 1436 Cum

1155 1447 1262 1488 igitur
1293 1453 1326 1479 et
1349 1458 1553 1488 magnarum
1578 1448 1813 1482 calamitatum
1840 1458 2012 1494 spectator
2037 1460 2136 1493 esset,

1157 1503 1189 1530 ct
1215 1496 1432 1539 praevideret
1455 1497 1608 1530 tristiora
1634 1499 1724 1532 mala
1748 1507 1904 1533 secutura
1930 1513 2022 1545 esse,
2056 1515 2138 1535 nam

1157 1554 1234 1590 post
1264 1546 1540 1579 Vandalicorum
1580 1560 1701 1589 regum
1734 1550 1968 1593 impietatem,
2011 1553 2139 1585 deinde.

1158 1597 1273 1630 statim
1293 1597 1448 1628 Africam
1474 1598 1609 1630 furores
1628 1596 1855 1632 Maliometici
1881 1609 2140 1644 oppresserunt,

1158 1647 1305 1679 assiduit
1327 1653 1360 1679 ct
1384 1647 1590 1680 ardentibus
1615 1649 1705 1682 votis
1729 1647 1920 1684 Ecclesiam
1943 1650 2018 1684 Deo
2044 1664 2141 1685 com-

1158 1696 1352 1727 mondavit,⁴

1376 1821 1441 1855 De
1468 1822 1646 1866 Synoclo
1675 1821 1917 1867 Ephesium

1263 1892 1344 1926 Non
1371 1894 1432 1926 diu
1457 1903 1533 1938 post
1559 1894 1764 1941 Augustini
1784 1905 1930 1931 mortem
1956 1909 2145 1935 convocata

1163 1951 1212 1977 est
1223 1943 1387 1988 Synodus
1398 1942 1593 1991 Ephesimt
1611 1960 1627 1979 a
1640 1945 1844 1980 Theodosio
1862 1951 2026 1986 secundo.
2072 1950 2145 1984 Ex-

1162 2005 1276 2038 presse
1293 1994 1386 2026 enim
1404 1996 1588 2037 scribitur,
1615 1994 1857 2031 Theodosium
1875 1999 1993 2032 literas
2011 2001 2147 2033 misisse

1162 2045 1204 2076 ad
1245 2056 1366 2077 omnes
1403 2043 1716 2090 Archiepiscopoffi
1759 2059 1798 2080 ac
1837 2050 2068 2093 praecepisse,
2108 2058 2147 2084 ut

1162 2092 1343 2138 Ephesum
1377 2098 1539 2129 venirent
1570 2109 1648 2129 cum
1671 2095 1873 2142 Episcopis‚
1906 2099 1933 2131 si
1967 2101 2043 2144 quis
2074 2112 2146 2134 non

1164 2145 1317 2182 veniret,
1345 2156 1442 2178 reum
1467 2146 1553 2182 sore.
1605 2145 1669 2180 Est
1685 2155 1800 2182 autem
1817 2151 2087 2191 pronunciatum
2104 2153 2146 2184 de

1164 2196 1398 2228 controversia
1415 2208 1434 2228 a
1453 2195 1613 2230 Nestorio
1630 2204 1742 2237 mota,
1768 2199 1922 2241 quicum
1941 2207 2044 2233 natus
2061 2207 2144 2233 esset

1165 2245 1201 2277 in
1233 2244 1353 2289 Syria,
1387 2246 1499 2279 factus
1534 2254 1584 2280 est
1614 2245 1810 2290 Episcopus
1838 2248 2147 2294 Constantinopoli

1165 2301 1307 2338 propter
1336 2295 1548 2331 facundiam.
1610 2297 1719 2330 Aiunt
1751 2298 1856 2330 fuisse
1881 2299 2080 2339 indoctum,
2115 2308 2145 2333 ct

1166 2345 1335 2388 sprevisse
1358 2346 1503 2388 probata
1532 2352 1689 2378 veterum
1719 2347 1864 2391 scripta,
1901 2356 1933 2382 et
1956 2362 2034 2383 cum
2059 2358 2143 2383 esset

1166 2395 1302 2428 iuvenis
1323 2396 1454 2433 audax,
1482 2396 1607 2440 loquax
1633 2403 1665 2429 et
1684 2396 1815 2439 gloriae
1833 2399 1999 2442 cupidus,
2021 2402 2144 2433 accidit

1166 2446 1259 2490 quod
1301 2445 1335 2477 in
1376 2457 1475 2478 versu
1507 2446 1615 2479 veteri
1646 2447 1790 2480 dicitur:
1832 2447 1911 2487 νέος
1941 2448 2145 2495 (Γιλοδοξιῶν

1166 2493 1330 2542 πρώζιιος
1344 2494 1513 2541 πονηρία.

1269 2547 1406 2588 Dogma
1439 2547 1546 2590 ipsius
1576 2547 1688 2591 reipsa
1720 2546 1786 2582 hoc
1820 2549 1901 2582 suit:
1947 2548 2007 2584 τὸν
2038 2547 2145 2596 λόγον

1167 2597 1305 2630 assuisse
1336 2594 1472 2629 bomini
1504 2595 1647 2632 Christo
1680 2610 1740 2642 per
1771 2599 2013 2634 assistentiam.
2086 2601 2144 2631 sic

1167 2648 1259 2680 enim
1282 2647 1454 2691 loquitur,
1480 2660 1539 2682 seu
1559 2649 1778 2690 societatem,
1804 2650 1891 2682 sicut
1908 2650 2004 2682 ass'uit
2020 2648 2143 2682 Ileliac

1557 2697 1604 2732 65
