2324 2955
181 109 256 146 587

185 201 225 229 ut
241 199 358 239 postea
375 191 500 224 dicam.
552 186 641 219 Nam
663 183 797 217 etiamsi
813 188 933 216 nostra
958 192 1060 215 causa
1083 181 1166 214 fon-

187 252 237 280 tes
255 256 325 277 non
344 247 596 284 expeteremus,
625 241 741 267 tamen
758 233 841 266 sciri
860 244 918 266 eos
941 244 1082 266 necesse
1103 239 1166 271 est,

189 307 267 328 cum
284 288 473 326 adversarii
490 286 665 320 refutandi
682 291 774 317 sunt.
829 283 1011 326 Quantum
1032 283 1165 317 tumul-

188 346 377 379 tuabantur
394 338 518 372 Ariani
538 337 673 381 prolato
693 347 733 368 ex
750 334 938 368 Salomone
962 331 1029 366 hoc
1053 335 1164 367 dicto:

188 391 310 437 κύριος
322 388 488 433 ἔκτισὲμε
506 385 623 432 ἀρχὴν
641 384 869 420 mantuam&
885 385 932 423 εἷς
947 383 1048 432 ἔργα.
1075 382 1165 418 Cum

188 445 225 476 in
250 441 406 475 sontibus
429 439 474 474 sit
497 440 643 471 verbum
668 437 840 480 possedit,
874 447 947 469 non
982 434 1168 468 fabricavit

188 505 247 526 seu
276 491 402 526 ἔκτισε.
455 490 524 524 Sed
550 490 592 522 de
625 488 836 521 refutatione
867 487 1018 520 aliorum
1050 492 1167 530 postea

189 544 313 576 dicam.
366 541 468 574 Nunc
487 542 529 573 de
548 539 738 573 domestico
757 549 823 571 usu
841 537 978 582 loquor.

292 608 453 641 Tertium
496 607 603 649 igitur
644 604 908 637 incommodum
946 601 1168 639 intueamini,

189 660 284 704 quod
311 659 348 690 in
376 658 532 702 partibus
559 657 730 689 librorum
756 654 853 699 sequi
878 664 1015 685 necesse
1036 658 1104 690 est,
1140 651 1169 684 si

190 711 308 752 lingua
326 708 370 742 sit
387 709 517 751 ignota.
571 703 1022 740 Multaellallucinationes
1039 715 1078 735 ex
1095 713 1170 734 ma-

189 760 232 792 lis
248 759 469 792 versionibus
483 785 493 800 ,
517 758 598 790 item
617 769 656 789 ex
674 756 809 789 inscitia
828 752 963 798 phrasis
983 761 1016 787 et
1042 754 1169 796 figura-

188 822 267 843 rum
286 809 460 842 oriuntur.
512 807 581 840 Hic
606 813 756 851 quantus
780 815 920 848 campus
942 804 1083 838 taxandi
1103 803 1170 836 fal-

188 871 242 892 sas
261 859 564 902 interpretationes
580 857 694 900 patet?
733 856 801 890 Sed
826 855 1007 888 ordiamur
1023 855 1067 888 ab
1086 854 1169 897 ipsis

189 910 347 949 Iudaeis,
375 909 504 953 quibus
521 908 581 941 etsi
600 908 717 950 lingua
736 919 808 939 non
824 906 942 948 ignota
961 912 1023 946 est,
1051 912 1168 939 tamen

188 960 359 993 iudicium
385 960 428 991 de
453 956 574 1003 phrasi
606 965 638 991 ct
663 957 782 999 figuris
805 958 916 989 deest:
953 955 1035 989 Ideo
1057 955 1169 988 multa

190 1011 316 1043 stolide
346 1015 588 1053 corrumpunt.
641 1007 870 1040 Manifestum
898 1013 948 1039 est
971 1006 1167 1039 Psalmum:

188 1059 287 1094 Dixit
303 1059 498 1099 Dominus,
524 1057 708 1092 vaticinari
733 1058 775 1090 de
799 1056 945 1096 7blessia,
972 1057 1026 1088 illi
1050 1057 1168 1089 detor-

189 1117 297 1156 quent
312 1111 355 1142 ad
373 1107 564 1149 Abraham,
590 1115 622 1141 et
638 1108 923 1150 interpretantur,
946 1104 999 1139 De
1014 1111 1168 1139 torrente

189 1161 228 1194 in
250 1161 306 1193 via
328 1160 442 1200 bibet,
477 1160 513 1192 id
538 1165 607 1199 est,
640 1170 679 1190 ex
701 1158 795 1192 Nilo.
857 1155 964 1200 Apud
989 1153 1166 1189 Micheam

188 1210 352 1254 legimus:
380 1209 461 1243 Non
477 1210 616 1242 intrabo
630 1209 667 1240 in
684 1220 769 1243 eam.
815 1206 856 1239 In
873 1207 989 1239 verbis
1004 1207 1102 1239 nulla
1119 1212 1168 1238 est

189 1261 418 1304 ambiguitas,
450 1262 510 1293 sed
534 1257 671 1303 phrasis
696 1259 813 1300 ignota
836 1263 886 1290 est
905 1257 965 1291 eis.
1023 1256 1168 1298 Signifi-

189 1318 243 1344 cat
269 1322 304 1344 se
323 1322 395 1343 non
410 1317 637 1352 regnaturum
654 1320 726 1340 esse
742 1309 780 1340 in
797 1306 971 1340 Samaria:
999 1305 1167 1343 Servabo,

188 1361 324 1405 inquit,
365 1360 504 1402 exiguas
537 1358 719 1402 reliquias,
769 1357 828 1389 sed
856 1367 1003 1398 regnum
1032 1355 1167 1389 delebo.

188 1410 244 1444 Ibi
263 1422 341 1444 cnm
367 1407 547 1453 emphasin
573 1409 610 1440 in
627 1409 733 1440 verbo
752 1406 909 1440 intrandi
924 1418 996 1439 non
1014 1412 1168 1446 cernant,

187 1462 326 1504 fingunt
342 1460 541 1504 peregrinas
557 1458 756 1491 sententias.
797 1456 900 1489 Scitis
917 1456 1008 1487 enim
1027 1456 1063 1487 in
1083 1467 1168 1499 qua-

189 1512 275 1545 libet
296 1511 416 1553 lingua
433 1516 465 1543 et
481 1509 639 1552 proprias
656 1506 925 1550 significationes
950 1505 1168 1548 singularum

191 1573 335 1600 vocum,
362 1567 394 1593 ct
414 1572 516 1593 usum
535 1560 572 1591 in
597 1557 785 1601 iungendis
806 1556 941 1596 verbis,
968 1562 1001 1588 et
1023 1555 1168 1588 allusio-

191 1624 253 1645 nes
270 1612 305 1644 in
324 1611 442 1652 figuris
459 1610 537 1643 sciri
555 1615 733 1652 oportere,
761 1619 866 1652 quarn
889 1607 932 1640 ad
957 1618 1030 1638 rem
1057 1606 1170 1638 scien-

190 1662 239 1696 tia
269 1661 473 1694 formandae
498 1660 667 1692 orationis
692 1669 779 1702 opus
806 1663 876 1695 est,
919 1668 1007 1701 quae
1034 1655 1169 1689 ludaeis

191 1713 298 1747 deest.
357 1710 427 1745 Sed
451 1710 588 1743 omissis
613 1709 751 1742 Indaeis
781 1707 963 1741 veniamus
993 1707 1037 1739 ad
1060 1707 1169 1740 inter-

193 1769 325 1806 pretes,
353 1761 413 1805 qui
430 1761 466 1793 in
484 1761 639 1803 linguam
656 1758 825 1792 Graecam
850 1765 909 1791 aut
925 1757 1087 1790 Latinam
1114 1767 1170 1789 sa-

194 1824 270 1846 cros
296 1812 406 1845 libros
432 1811 714 1850 transfuderunt,
749 1820 898 1854 quorum
923 1808 1029 1841 laudo
1053 1814 1085 1841 et
1108 1820 1170 1840 vo-

194 1864 364 1896 luntatem
382 1868 415 1895 et
430 1873 534 1906 opera
552 1862 635 1904 ipsa.
689 1858 765 1894 Etsi
783 1859 877 1893 enim
896 1870 995 1901 saepe
1020 1856 1170 1891 halluci-

194 1914 267 1946 nati
282 1919 379 1946 sunt:
407 1919 523 1945 tamen
540 1922 664 1954 magna
683 1923 721 1943 ex
738 1916 834 1953 parte
860 1909 1074 1942 intellectum
1102 1909 1171 1940 lin-

194 1975 280 2006 guae
293 1961 450 1996 Ebraeae
469 1967 781 1995 conservaverunt:
809 1971 917 2004 quare
942 1959 1169 1992 iudicandum

195 2020 261 2055 est,
285 2025 343 2046 eos
367 2013 456 2046 bene
479 2012 622 2045 meritos
645 2023 728 2045 esse.
781 2010 851 2045 Sed
874 2010 902 2042 si
925 2010 1003 2055 quis
1025 2010 1072 2042 ita
1096 2010 1172 2043 lau-

194 2065 263 2105 dat,
288 2070 327 2097 ut
341 2063 454 2096 fontes
474 2063 557 2096 velit
573 2062 714 2105 negligi,
740 2067 773 2095 et
790 2060 966 2105 ignaviam
981 2061 1173 2102 confirmet,

195 2114 223 2147 is
239 2115 393 2159 profecto
409 2114 537 2157 dignus
555 2119 605 2146 est
621 2113 715 2146 odio.

297 2178 412 2222 Quam
436 2179 540 2213 multi
566 2178 696 2212 Psalmi
720 2179 806 2212 adeo
833 2177 1020 2211 infeliciter
1043 2177 1173 2211 redditi

196 2236 294 2270 sunt,
319 2237 358 2263 ut
381 2231 533 2273 plurima
558 2230 715 2262 membra
739 2241 812 2262 non
840 2228 1102 2271 intelligantur,
1134 2235 1174 2261 ut

196 2281 233 2313 fit
257 2280 294 2312 in
320 2279 481 2314 Psalmis:
522 2279 678 2323 Exurgat
701 2278 807 2313 Deus.
874 2278 978 2313 Item:
1015 2279 1173 2312 Domine

197 2330 354 2374 probasti
379 2342 445 2364 me.
468 2356 470 2358 v
499 2330 603 2364 Item:
639 2330 715 2363 Nisi
741 2330 916 2364 Dominus
939 2329 1173 2362 aedificaverit

197 2381 355 2415 domum.
407 2378 455 2414 Et
470 2381 604 2425 quoties
621 2381 657 2414 in
675 2379 862 2426 Prophetis
879 2380 1010 2414 alienas
1031 2386 1171 2414 senten-

195 2431 260 2466 tias
277 2431 450 2475 gignunt?

295 2495 403 2542 Apud
426 2495 578 2530 Hoseam
601 2505 634 2531 et
651 2497 776 2531 Graeci
801 2504 834 2531 et
856 2496 975 2531 Latini
997 2498 1171 2541 legerunt:

194 2547 295 2582 Sicut
309 2553 461 2581 vastatus
480 2553 529 2580 est
546 2547 710 2581 Salmana
727 2560 746 2581 a
764 2550 869 2581 domo
888 2548 983 2588 eius,
1013 2548 1073 2594 qui
1091 2548 1171 2580 vin-

193 2598 324 2632 dicavit
343 2597 441 2631 Baal.
502 2596 598 2631 Haec
624 2610 765 2642 prorsus
794 2597 919 2644 ἄση,ιια
950 2606 1051 2641 sunt,
1091 2610 1170 2632 cum

191 2649 294 2684 lectio
317 2648 435 2683 nativa
464 2648 508 2683 sit
534 2649 733 2693 perspicua,
767 2648 856 2683 sicut
879 2649 1022 2685 Salman
1046 2649 1171 2684 evertit

664 97 821 135 DECL.
854 95 929 131 DE
963 94 1190 131 LINGUA
1216 92 1385 130 HEBR.
1411 90 1718 130 DISCENDA.

2125 96 2201 134 888

1217 178 1358 215 Arbela.
1410 177 1600 219 Minitatur
1615 178 1794 213 Samariae
1811 178 1983 214 excidium
1995 205 2007 225 ,
2033 182 2122 217 sicut
2140 182 2202 216 ille

1218 232 1291 276 ipse
1310 230 1454 265 Salman
1470 228 1548 263 Rex
1565 227 1731 275 Assyrius
1747 230 1924 264 deleverat
1940 229 2082 265 Arbela.

1321 304 1362 338 In
1387 302 1685 347 paralipomenis,
1711 304 1757 338 'ut
1781 305 2025 346 nominamus,
2050 318 2124 350 cap.
2142 308 2199 342 17.

1218 356 1347 401 prioris
1365 354 1469 394 libri,
1496 353 1660 396 legimus:
1687 353 1813 389 Fecisti
1829 368 1884 389 me
1900 355 2122 401 spectabilem
2140 369 2200 391 su-

1220 419 1282 452 per
1304 417 1425 439 omnes
1449 402 1611 437 homines
1624 402 1778 438 Domine
1793 404 1899 441 Deus.
1953 405 2080 440 Graeci
2104 419 2202 440 com-

1220 457 1375 490 modius:
1411 453 1546 493 ἕπεῖδες
1568 467 1612 499 με
1636 452 1685 493 ὥς
1710 452 1836 501 &potate
1862 455 2080 503 ἀνθρώπου.
2141 457 2202 492 Sic

1221 508 1312 541 enim
1330 505 1479 540 Ebraice
1496 506 1638 548 legitur:
1664 503 1711 539 Et
1728 506 1852 550 aspicis
1868 519 1922 540 me
1943 514 1982 542 ut
1997 509 2110 541 forma
2133 506 2201 542 ho-

1221 558 1348 599 minis,
1374 557 1435 602 qui
1454 568 1489 590 es
1505 554 1634 589 lehova
1650 554 1746 589 Deus
1762 556 1798 589 in
1814 557 1965 590 excelsis.
2004 557 2101 600 Quid
2120 560 2202 593 dul-

1222 611 1295 642 cius
1322 615 1371 641 est
1394 606 1458 641 hac
1487 606 1659 640 sententia
1692 607 1912 649 significante
1940 609 2202 651 copulationem

1222 661 1371 693 duarum
1391 664 1596 691 naturarum
1614 657 1650 689 in
1669 656 1822 691 Messia?
1870 657 1918 692 Et
1940 659 2097 702 pondera
2120 666 2203 694 sunt

1222 711 1260 743 in
1283 709 1415 743 verbis:
1449 707 1588 752 Aspicis
1611 719 1683 740 me:
1718 719 1836 747 curas,
1870 709 2041 752 protegis,
2073 721 2200 744 servas.

1222 759 1268 794 Et
1293 761 1433 805 quidem
1462 759 1609 791 indutus
1631 758 1744 791 forma
1770 756 1945 801 hominis,
1972 760 2139 793 transfers
2162 761 2202 793 in

1223 817 1256 844 te
1272 817 1440 850 mortem,
1465 816 1498 842 et
1517 808 1643 842 tribuis
1660 809 1763 842 nobis
1778 815 1875 843 tuam
1892 810 2056 851 formam,
2081 817 2121 844 ut
2136 811 2203 845 tibi

1222 861 1441 895 reviviscenti
1463 860 1595 893 similes
1617 858 1819 892 efficiamur.
1872 859 1968 894 Haec
1990 860 2092 894 lectio
2117 873 2203 895 con-

1222 912 1428 946 solationem
1447 909 1634 956 proponit,
1662 915 1695 942 et
1712 911 1979 945 commonefacit
1997 922 2062 944 nos
2088 913 2131 945 de
2154 912 2203 945 si-

1222 963 1365 996 milibus
1389 961 1505 995 dictis:
1531 958 1624 993 Eum
1641 959 1703 1004 qui
1720 972 1792 993 non
1809 961 1908 995 novit
1922 967 2122 1006 peccatum,
2148 962 2203 995 fe-

1222 1014 1268 1046 cit
1284 1019 1480 1056 peccatum,
1506 1017 1546 1044 ut
1569 1021 1633 1043 nos
1657 1010 1779 1043 fiamus
1804 1011 1941 1045 iusticia
1956 1010 2024 1044 Dei
2047 1012 2085 1044 in
2110 1012 2202 1055 ipso·

1221 1061 1298 1095 Etsi
1315 1069 1431 1095 autem
1458 1067 1602 1105 propter
1624 1060 1829 1094 brevitatem
1856 1062 2039 1095 cavillator
2061 1062 2202 1096 eludere

1221 1112 1463 1145 testimonium
1481 1112 1524 1143 de
1540 1110 1677 1143 duabus
1695 1111 1830 1143 naturis
1847 1112 1884 1144 in
1903 1110 2045 1146 Christo
2069 1119 2202 1156 potest:

1221 1169 1338 1196 tamen
1355 1162 1560 1195 adiunctum
1578 1160 1656 1193 aliis
1674 1160 1796 1194 multis
1812 1167 1948 1204 gratum
1963 1168 2012 1196 est
2036 1162 2093 1206 pie
2116 1174 2203 1196 con-

1221 1212 1402 1246 sideranti.

1322 1286 1430 1331 Apud
1447 1284 1587 1319 Esaiam
1605 1286 1749 1328 legitur:
1779 1284 1932 1320 Definita
1949 1290 2205 1323 consummatio

1222 1337 1414 1371 exundabit
1438 1336 1630 1374 iusticiam,
1656 1336 1692 1368 id
1718 1342 1784 1369 est:
1819 1335 1861 1369 ln
1884 1337 1953 1370 fine
1973 1339 2117 1382 politiae
2141 1339 2203 1373 Iu-

1221 1388 1350 1428 daicae,
1376 1387 1437 1433 qui
1455 1386 1659 1430 praefinitus
1675 1392 1744 1424 est,
1771 1386 1908 1420 iusticia
1926 1388 2119 1431 largissime
2137 1391 2204 1424 do-

1222 1439 1376 1471 nabitur.
1429 1436 1497 1469 Hic
1527 1448 1666 1480 quoque
1697 1442 1840 1478 propter
1868 1437 2074 1471 brevitatem
2101 1441 2203 1483 quasi

1222 1487 1456 1531 praetervolat
1489 1485 1661 1518 sententia
1693 1485 1870 1520 lectorem.
1934 1485 2061 1520 Graeci
2093 1489 2202 1532 igitur

1223 1538 1340 1569 minus
1361 1536 1541 1580 perspicue
1565 1535 1795 1568 reddiderunt
1820 1536 1941 1569 verba:
1975 1534 2087 1584 λόγον
2112 1550 2201 1574 συν-

1221 1585 1440 1632 τετλῃλιιίιόν
1467 1581 1606 1629 ποιήσει
1628 1582 1647 1618 ὃ
1673 1581 1772 1623 θεός.
1824 1583 1903 1619 Etsi
1926 1593 2042 1620 autem
2067 1588 2202 1624 Graeca

1223 1638 1326 1671 verba
1346 1637 1473 1670 retinet
1498 1635 1651 1677 Paulus,
1692 1641 1807 1668 tamen
1837 1637 2010 1671 sententia
2041 1641 2204 1682 congruit

1222 1700 1300 1722 cum
1326 1688 1504 1725 fontibus,
1533 1686 1662 1730 quibus
1685 1685 1868 1729 inspectis,
1895 1687 1980 1731 quid
2004 1689 2088 1722 velit
2110 1689 2204 1724 Pau-

1223 1740 1294 1779 lus,
1324 1738 1450 1771 melius
1472 1736 1623 1778 intelligi
1644 1742 1774 1779 potest,
1802 1748 1906 1781 quam
1933 1749 1973 1770 ex
1993 1736 2126 1773 Graeca
2152 1741 2203 1773 le-

1223 1790 1349 1824 ctione.
1400 1786 1447 1821 Et
1464 1786 1606 1833 quidem
1622 1786 1754 1819 multae
1771 1784 1914 1830 phrases
1932 1795 2014 1822 sunt
2028 1789 2066 1822 in
2085 1792 2202 1823 omni-

1222 1841 1288 1874 bus
1303 1839 1442 1882 scriptis
1460 1836 1659 1881 apostolicis
1680 1837 1820 1881 proprie
1835 1835 1994 1880 Ebraeis,
2021 1852 2109 1885 quae
2127 1841 2203 1875 sine

1223 1902 1289 1924 usu
1305 1888 1462 1923 Ebraeae
1478 1889 1618 1931 linguae
1636 1888 1755 1921 dextre
1775 1887 1927 1931 intelligi
1948 1901 2022 1922 non
2045 1899 2202 1934 possunt.

1223 1940 1386 1984 Denique
1406 1939 1525 1982 negari
1542 1950 1615 1970 non
1631 1944 1756 1982 potest,
1775 1938 1884 1982 magis
1900 1939 2020 1973 obvias
2037 1952 2108 1974 esse
2122 1953 2203 1975 sen-

1224 1991 1351 2025 tentias
1372 1990 1409 2023 in
1435 1989 1591 2035 qualibet
1614 1988 1733 2032 lingua
1758 1988 1819 2035 iis,
1855 1989 1984 2034 quibus
2007 2002 2046 2024 ea
2068 1991 2201 2035 lingua,

1225 2054 1330 2087 quam
1347 2041 1464 2081 audit,
1490 2039 1678 2074 domestica
1701 2051 1762 2073 seu
1786 2040 1970 2074 familiaris
1992 2048 2059 2083 est,
2084 2049 2116 2076 et
2141 2044 2203 2088 qui

1224 2091 1390 2137 phrasin,
1416 2092 1543 2135 figuras
1560 2096 1619 2124 aut
1642 2090 1816 2124 rationem
1841 2090 2046 2126 formandae
2069 2093 2201 2127 oratio-

1225 2144 1280 2177 nis
1304 2143 1522 2186 intelligunt,
1555 2153 1660 2186 quam
1684 2141 1746 2182 iis,
1777 2141 1906 2186 quibus
1930 2139 2015 2176 haec
2043 2143 2202 2178 subsidia

1225 2195 1363 2228 desunt.
1421 2191 1554 2227 Audivi
1578 2193 1767 2228 Doctorem
1794 2189 2009 2235 Theologiae
2032 2204 2203 2227 enarran-

1226 2252 1294 2278 tem
1310 2242 1376 2278 hoc
1393 2244 1542 2277 dictum:
1570 2241 1718 2287 Propter
1733 2239 1818 2275 haec
1834 2242 1930 2276 venit
1946 2242 1997 2276 ira
2015 2241 2082 2276 Dei
2098 2256 2204 2289 super

1224 2295 1314 2329 filios
1330 2294 1604 2333 incredulitatis,
1629 2304 1755 2336 magno
1770 2293 1878 2325 boatu
1898 2292 2076 2337 disputare
2091 2295 2134 2328 de
2147 2296 2203 2336 iis,

1225 2346 1286 2391 qui
1305 2346 1377 2379 nati
1402 2352 1484 2379 sunt
1506 2357 1545 2378 ex
1566 2343 1684 2387 impiis
1707 2342 1920 2387 parentibus.
1971 2342 2073 2378 Hanc
2095 2357 2203 2390 quae-

1224 2397 1373 2430 stionem
1389 2396 1552 2431 movebat
1577 2396 1719 2437 ignarus
1733 2391 1902 2427 Ebraicae
1926 2390 2074 2437 phrasis.
2126 2394 2204 2430 Au-

1224 2447 1298 2480 divi
1334 2447 1465 2487 alium,
1497 2447 1559 2492 qui
1592 2445 1745 2488 fingebat
1779 2443 2018 2486 prodigiosam
2051 2457 2201 2486 causam,

1224 2510 1331 2542 quare
1350 2495 1445 2532 Deus
1460 2502 1648 2541 poneretur
1668 2493 1814 2528 subiecti
1839 2494 1916 2528 loco
1940 2494 1978 2528 in
2002 2492 2068 2529 hoc
2091 2496 2201 2531 dicto:

1223 2547 1319 2582 Deus
1336 2555 1408 2582 erat
1424 2548 1588 2587 verbum,
1614 2543 1703 2578 Cum
1721 2544 1960 2588 praedicatum
1984 2546 2110 2581 debeat
2130 2558 2203 2581 esse

1223 2598 1446 2634 communius
1461 2597 1630 2632 subiecto.
1683 2594 1840 2629 Graecus
1854 2596 2024 2630 articulus
2047 2598 2203 2632 ostendit

1223 2645 1335 2693 λόγον
1355 2660 1427 2684 esse
1449 2648 1656 2684 subiectum.
1709 2643 1845 2682 Audivi
1866 2647 1996 2690 alium,
2021 2647 2086 2694 qui
2112 2648 2205 2682 dicto
