2324 2955
117 98 189 135 845
810 97 835 131 Ι.

420 185 567 230 Reyes
593 184 799 228 Syriaci.

221 256 390 291 Seleucus
415 265 491 302 post
517 264 665 290 mortem
692 257 863 291 Demetrii
888 264 1009 290 tenens
1033 255 1103 288 Ba-

119 309 305 355 bylonem,
351 309 489 353 Syriam
521 315 553 341 et
585 309 703 341 Asiam
738 310 928 348 minorem,
969 307 1100 340 bellum

119 360 223 403 gessit
250 371 327 392 cum
350 355 578 403 Lysimacho,
616 359 651 391 in
678 371 746 403 quo
775 360 914 392 tandem
941 357 1101 402 Lysima-

120 407 206 443 chus
223 421 314 442 anno
340 409 460 441 aetatis
478 411 730 452 septuagesimo
751 416 874 454 quarto
898 408 1100 442 interfectus
1126 428 1127 435 η

119 467 179 493 eSl.

119 509 278 542 extinctis
302 516 352 542 tot
382 509 521 551 regibus
553 507 791 542 monarchiam
824 516 976 554 speraret
1005 520 1097 541 anno

118 559 239 593 aetatis
263 560 514 603 septuagesimo
539 561 698 603 septimo.

119 621 199 643 rens
223 621 301 643 cum
326 609 525 643 Ptolemaeo
550 607 747 655 Κεραύνῳ,
778 611 884 654 primi
908 608 1098 643 Ptolemaei

118 660 210 700 filio,
244 660 350 693 fratre
375 657 619 702 Philadelphi,
649 661 850 695 interfectus
875 667 925 693 est
951 660 1097 703 septimo
1124 687 1125 690 ,

793 711 839 745 Et
864 708 957 743 hunc
980 709 1098 743 Ptole·
1123 691 1125 745 l

117 721 236 742 mense
259 717 337 754 post
358 708 557 755 Lysimachi
580 718 740 746 mortem.

116 772 254 793 maeum
270 759 462 806 Ist‘pocw‘ov
482 761 663 805 aliquanto
688 768 764 804 post
788 761 934 794 Galatae
955 760 1098 794 interse-

118 817 257 850 cerunt,
287 811 396 844 infusi
414 811 451 843 in
470 810 717 844 Macedoniam
740 819 771 846 et
789 811 983 845 Graeciam.

218 867 393 902 Recensui
435 870 546 902 exitus
582 870 850 913 praecipuorum
898 870 1097 912 principum

117 925 197 963 post
214 917 471 952 Alexandrum:
502 919 708 959 Perdiccae,
735 918 891 959 Crateri,
917 917 1097 956 Eumenis,

117 967 307 1012 Antigoni,
339 970 492 1003 filiorum
524 968 732 1009 Cassandri,
771 968 959 1009 Demetrii,
995 969 1096 1014 Lysi-

117 1016 252 1059 machi,
279 1019 432 1059 Seleuci,
460 1019 588 1063 quibus
603 1019 768 1052 omnihus
792 1019 965 1062 cupiditas
983 1019 1098 1051 domi-

118 1069 272 1102 nationis
290 1069 393 1102 exitio
415 1069 493 1104 fuit.
544 1067 591 1102 Et
616 1069 793 1112 pertinent
810 1070 964 1112 exempla
984 1071 1025 1102 ad
1043 1081 1099 1101 re-

117 1120 232 1162 gulas,
262 1131 350 1164 quae
373 1120 495 1153 iubent
517 1131 679 1164 quenque
704 1119 795 1152 intra
816 1127 923 1152 metas
944 1120 1099 1152 vocatio-

117 1170 173 1202 nis
198 1181 358 1210 manere,
393 1176 425 1202 et
451 1167 641 1213 prohibent
664 1181 804 1202 movere
829 1170 920 1202 bella
939 1182 1011 1202 non
1034 1181 1099 1202 ne·
1124 1192 1126 1200 s

116 1219 282 1262 cessaria,
311 1226 343 1252 et
360 1221 569 1260 ostendunt,
596 1220 761 1252 iniustam
786 1219 1010 1263 cupiditatem
1035 1221 1099 1252 do-

117 1270 324 1302 minationis
339 1282 412 1302 non
429 1267 556 1303 habere
574 1270 730 1314 placidos
748 1270 867 1303 exitus.

221 1326 411 1372 Postquam
443 1327 663 1370 Antigonus,
697 1335 735 1361 ut
766 1329 857 1368 dixi,
897 1327 1100 1360 interfectus

118 1385 188 1418 est,
215 1384 249 1410 et
264 1376 464 1410 Demetrius
483 1378 555 1410 eius
576 1378 666 1410 filius
685 1379 843 1421 captivus
862 1385 1021 1410 mortuus
1040 1384 1100 1417 est,

120 1434 151 1461 et
180 1428 373 1461 trucidatus
398 1426 647 1472 Lysimachus,
681 1429 801 1461 addita
825 1435 873 1461 est
892 1429 933 1460 ad
952 1438 1098 1469 regnum

118 1477 274 1516 Seleuci,
310 1478 471 1511 videlicet
499 1479 542 1510 ad
568 1478 706 1522 Syriam
736 1485 768 1511 et
798 1479 840 1511 ad
864 1477 1100 1523 Babyloniam

118 1526 224 1561 Asiae
242 1540 340 1572 pars,
367 1539 386 1561 a
407 1527 527 1560 'l'auro
549 1535 668 1560 monte
684 1539 793 1572 usque
818 1529 861 1560 ad
881 1528 1033 1568 Ioniam,
1061 1533 1101 1560 ut

118 1585 218 1612 antea
246 1584 404 1612 tenuerat
427 1577 639 1621 Antigonus.
698 1578 750 1611 Ita
774 1579 937 1622 deinceps
961 1577 1100 1611 Seleuci

119 1629 304 1673 posteritas
322 1628 523 1661 antecelluit
540 1627 696 1671 potentia
715 1635 868 1662 caeteros
885 1639 993 1670 regeS.

120 1685 257 1722 ternpus
281 1679 372 1722 apud
396 1677 583 1722 Polybium
603 1678 638 1710 in
660 1680 813 1711 secundo
840 1678 931 1710 libro
950 1684 1101 1710 annota-

120 1736 195 1762 tum
211 1735 277 1769 est,
304 1728 367 1762 ubi
385 1728 516 1772 inquit:
545 1725 732 1772 Olympias
748 1735 820 1761 erat
838 1728 1024 1762 centesima
1046 1727 1101 1759 vi-

119 1779 247 1813 cesima
269 1785 411 1823 quarta,
438 1790 505 1822 qua
530 1779 661 1810 mortui
685 1785 766 1811 sunt
788 1778 1009 1811 Ptolemaeus
1032 1777 1101 1810 La·
1126 1781 1127 1786 ’

120 1830 155 1873 gi
185 1829 291 1867 filius,
335 1825 583 1874 Lysimachus,
621 1827 786 1860 Seleucus
822 1834 854 1860 et
881 1827 1101 1862 Ptolemaeus

119 1875 316 1925 Κεραυνός.

222 1929 303 1962 Post
316 1928 500 1962 Seleucum
519 1940 576 1960 rex
586 1926 719 1973 Syriae,
742 1925 935 1972 Babylonis
946 1934 977 1960 et
989 1925 1101 1967 Asiae,

121 1993 140 2014 a
156 1980 276 2013 Tauro
300 1986 417 2012 monte
442 1990 551 2023 usque
573 1979 615 2010 ad
638 1977 787 2015 loniam,
823 1978 996 2010 sccundus
1023 1975 1099 2009 An-

121 2027 263 2064 tiochus
288 2028 409 2067 Soter,
444 2029 601 2072 regnavit
626 2040 737 2061 annos
762 2028 1003 2062 novendecim.

223 2084 424 2120 Anlt'ochus
452 2083 574 2119 Theos
609 2086 767 2129 regnavit
803 2098 915 2118 annos
951 2086 1101 2130 quinde-

123 2140 202 2173 cim.
257 2137 393 2171 Habuit
417 2149 456 2170 ex
480 2137 631 2170 Laodice
660 2138 747 2170 duos
774 2136 883 2174 filios,
916 2136 1100 2170 Seleucum

124 2188 352 2227 Callinicum,
384 2195 416 2221 et
447 2185 684 2227 Antiochum,
722 2187 776 2220 cui
809 2198 1004 2229 cognomen
1036 2187 1102 2220 fuit

123 2238 266 2275 Hi'erax.
326 2238 448 2272 Postea
481 2237 702 2271 Ptolemaeus
728 2235 980 2280 Philadelphus
1006 2238 1103 2270 dedit

127 2287 303 2324 Antiocho
328 2287 446 2329 Theo,
471 2289 577 2321 filiam
604 2287 809 2321 Berenicen.
870 2287 1016 2320 Mortuo
1040 2300 1102 2321 au-

128 2348 196 2375 tem
227 2340 351 2373 marito
375 2339 527 2372 Laodice
549 2339 659 2371 filium
684 2337 866 2371 Seleucum
896 2336 1033 2371 hortata
1055 2344 1104 2371 est

127 2392 168 2424 ad
189 2402 334 2433 regnum
353 2391 615 2433 occupandum,
649 2395 681 2421 et
696 2390 737 2421 ad
757 2388 961 2432 capiendam
978 2401 1095 2420 nover-

128 2453 214 2474 cam.
268 2439 369 2472 llanc
394 2451 471 2472 cum
496 2440 679 2472 obsidione
702 2438 866 2479 coegisset
888 2440 929 2471 ad
955 2439 1104 2471 deditio-

129 2503 229 2532 nem,
256 2489 429 2523 interfecit
443 2501 517 2522 eam
543 2502 621 2523 cum
638 2501 745 2533 parvo
761 2489 833 2522 lilio
853 2496 974 2522 contra
991 2490 1105 2522 datam

127 2542 241 2575 fidem.

232 2589 289 2624 Ab
312 2587 377 2622 hac
394 2587 540 2623 historia
565 2590 718 2623 contexit
740 2589 863 2622 Daniel
888 2589 1052 2621 vaticinia
1067 2589 1109 2621 de

131 2641 234 2675 bellis
252 2641 343 2675 inter
359 2651 454 2683 reges
466 2637 612 2684 Aegypti
633 2646 664 2673 et
681 2640 840 2686 Syriacos
853 2666 860 2680 ,
886 2639 967 2684 quia
986 2638 1110 2673 Iudaea

889 93 1181 133 CHRONICON
1208 94 1448 132 CARIONIS.

231 458 382 504 Fuitque
399 458 435 491 in
454 459 599 492 Seleuco
617 466 711 492 tanta
729 460 826 503 regni
843 459 1035 502 cupiditas,
1061 463 1100 490 ut
1125 471 1126 480 ¹

749 559 889 593 Bellum
916 560 1022 602 igitur
1040 570 1099 601 ge-
1124 571 1125 574 ¹

1048 1627 1100 1660 Ac
1126 1624 1127 1634 ¹

2073 106 2144 140 846

1158 180 1337 214 interiecta
1355 181 1446 214 inter
1460 179 1542 215 haec
1566 193 1670 225 regna
1698 184 1832 218 duriter
1849 186 2014 231 utrinque
2032 200 2134 233 quas-

1156 237 1228 262 sata
1246 238 1302 263 est.
1359 231 1533 266 I'raedicit
1558 233 1663 275 igitur
1681 232 1807 268 Daniel
1832 237 2059 271 calamitatem
2079 251 2134 272 re-

1127 301 1129 323 Ι
1155 280 1255 322 ginae
1272 282 1424 327 Aegypti
1445 283 1479 315 in
1497 282 1609 328 Syria.
1662 283 1756 317 Ilaec
1783 287 1874 318 enim
1899 295 2013 330 postea
2031 301 2131 323 causa

1126 326 1129 399 ἱ
1154 330 1220 363 suit
1246 337 1277 364 et
1303 332 1461 371 initium,
1497 345 1568 365 non
1587 341 1720 367 tantum
1748 335 1920 369 bellorum
1939 339 2028 371 inter
2046 341 2131 372 vici-

1126 406 1127 421 ,
1152 392 1217 413 nos
1249 393 1362 424 reges,
1397 385 1455 416 sed
1489 384 1590 417 etiam
1620 385 1823 419 defectionis
1851 386 2129 424 Babvloniorum

1125 444 1127 461 ι
1152 432 1193 463 ad
1222 430 1424 465 Parthicum
1460 446 1573 477 regem
1598 432 1772 476 Arsacen,
1807 443 1838 470 et
1862 428 2051 473 Bithvniae
2084 443 2126 474 ad

1124 496 1126 510 1
1150 479 1356 515 Eumenem.
1948 478 1956 482 -

1124 520 1129 565 l
1252 531 1340 565 Cum
1361 540 1476 565 autem
1503 531 1690 576 Evergetes
1723 547 1780 567 rex
1806 533 1999 580 Aegyptius
2022 540 2127 574 frater

1151 588 1237 615 esset
1262 582 1465 623 Berenices,
1493 584 1613 617 intulit
1636 585 1767 617 bellum
1794 586 1865 628 regi
1895 586 2037 631 Syriaco
2063 591 2127 623 Se-

1124 669 1125 682 ,
1151 632 1248 665 leuco
1265 633 1452 674 Callinico,
1481 641 1513 668 et
1534 634 1564 666 ei
1589 646 1749 677 magnam
1771 636 1870 678 regni
1894 644 2025 678 partem
2045 642 2127 673 ade-

1151 683 1235 723 mit,
1262 690 1294 716 et
1318 690 1504 717 coronatus
1528 691 1578 717 est
1603 685 1639 716 in
1666 684 1788 729 Syria,
1817 693 1854 719 ut
1872 698 1928 718 rex
1945 689 2126 734 utriusque

1123 765 1125 770 ,
1150 733 1247 775 regni
1265 734 1519 769 nominaretur.
1569 734 1636 767 Sed
1655 734 1820 768 Seleucus
1837 735 2028 771 CallInicus
2049 752 2129 774 rur-

1123 804 1125 835 ἱ
1151 794 1207 815 sus
1225 784 1369 817 collecto
1394 785 1544 817 exercitu
1568 785 1603 816 in
1620 785 1722 825 Asia,
1750 798 1854 830 quam
1879 788 1984 820 frater
1998 788 2128 824 Antio-

1123 838 1125 879 γ
1151 830 1236 866 chus
1254 832 1382 866 llierax
1409 835 1445 866 in
1472 835 1645 868 divisione
1664 832 1886 870 haereditatis
1906 845 2024 871 nactus
2045 849 2129 880 erat,

1124 888 1125 926 l
1151 885 1369 927 recuperavit
1405 884 1556 928 Syriam.
1625 885 1747 918 Postea
1790 899 1868 920 cum
1910 886 2128 925 Ptolemaeus

1123 953 1125 980 «³
1151 931 1338 976 Evergetes
1357 935 1510 967 cessisset
1528 948 1565 967 ex
1585 934 1697 980 Syria,
1726 942 1757 968 et
1776 948 1891 979 pacem
1909 950 1987 970 cum
2006 939 2128 974 Seleu-

1123 986 1125 1036 ]
1151 996 1190 1016 co
1215 984 1364 1023 fecisset,
1399 984 1520 1017 intulit
1546 984 1692 1017 Seleuco
1716 986 1847 1018 bellum
1865 986 1993 1020 Hierax
2013 991 2129 1031 frater,

1123 1040 1126 1087 1
1151 1041 1183 1066 et
1210 1033 1354 1067 Galatas
1386 1034 1528 1068 attraxit
1556 1034 1591 1066 in
1616 1033 1756 1075 Asiam,
1787 1048 1873 1079 quos
1904 1035 2066 1072 Brennus
2093 1042 2129 1073 in

1124 1090 1128 1122 ¹,
1153 1083 1336 1116 Graeciam
1355 1085 1517 1124 duxerat,
1546 1096 1633 1130 quos
1648 1085 1753 1118 fuisse
1776 1087 2039 1121 multitudinem
2058 1092 2131 1124 col-

1152 1135 1273 1166 lectam
1301 1146 1339 1166 ex
1363 1133 1566 1167 Teutonum
1588 1142 1707 1177 gente,
1741 1141 1773 1169 et
1798 1148 1836 1169 ex
1864 1137 2010 1179 vicinia,
2043 1153 2131 1185 quae

1123 1196 1246 1249 ¹nunc
1278 1183 1415 1217 Gallica
1453 1186 1676 1223 nominatur,
1714 1186 1832 1228 lingua
1862 1189 2025 1223 ostendit.
2086 1190 2132 1226 Et

1152 1240 1297 1274 constat,
1317 1246 1388 1267 uno
1405 1236 1549 1268 nomine
1559 1242 1763 1269 vetustatem
1781 1249 2000 1281 nuncupasse
2010 1247 2132 1274 utran-

1153 1297 1218 1329 que
1236 1291 1373 1328 gentem
1387 1311 1395 1325 ‚
1421 1285 1564 1318 Galatas
1584 1292 1615 1319 et
1633 1285 1758 1326 Celtas,
1781 1288 1864 1319 citra
1884 1295 1917 1321 et
1933 1289 2021 1323 ultra
2033 1289 2131 1324 Rhe-

1152 1348 1255 1375 num,
1283 1347 1390 1379 usque
1418 1336 1459 1367 ad
1485 1336 1704 1368 Danubium.
1756 1335 1803 1369 Et
1826 1339 2034 1372 vocabulum
2063 1353 2131 1387 ya-

1153 1382 1260 1429 λάτης
1281 1385 1451 1427 significat
1467 1386 1761 1428 peregrinatorem
1774 1413 1782 1426 ,
1811 1388 1905 1420 unde
1921 1395 1951 1422 et
1970 1397 2129 1424 nostrum

1153 1448 1281 1468 nomen
1306 1441 1355 1467 est
1379 1435 1517 1469 {Sallen-

1253 1484 1301 1518 Ut
1323 1492 1438 1519 autem
1463 1492 1563 1519 antea
1580 1486 1769 1519 multitudo
1785 1485 1913 1521 Celtica
1937 1489 1973 1521 in
1995 1489 2130 1524 ltaliam

1125 1563 1127 1567 Α
1152 1535 1267 1568 infusa
1290 1542 1359 1572 est,
1392 1547 1481 1580 quae
1507 1535 1658 1570 Romam
1683 1537 1796 1580 coepit
1821 1544 1851 1570 et
1879 1539 2051 1573 incendit:
2085 1542 2132 1575 ita

1153 1597 1244 1617 nova
1261 1585 1450 1619 multitudo
1468 1594 1584 1630 postea
1602 1598 1640 1618 ex
1657 1585 1810 1620 Paeonia
1834 1588 1869 1620 in
1889 1588 2133 1624 Macedoniam

1153 1646 1333 1677 progressa
1351 1642 1418 1673 est,
1445 1636 1602 1679 peditum
1624 1644 1763 1670 centum
1781 1638 2033 1683 quinquaginta
2052 1642 2133 1674 mil-

1152 1685 1216 1724 lia,
1244 1691 1275 1717 et
1294 1686 1450 1729 equitum
1471 1686 1595 1727 viginti
1621 1687 1750 1726 millia,
1778 1695 1815 1720 ut
1838 1700 2022 1722 numerum
2040 1690 2132 1724 Pau-

1153 1735 1267 1768 sanias
1283 1735 1457 1777 exprimit.
1513 1734 1566 1768 Ibi
1586 1736 1766 1770 interfecto
1784 1736 1982 1772 Ptolemaeo
2001 1739 2132 1785 κεραύ-

1126 1807 1127 1816 ,
1152 1798 1207 1830 νῳ
1223 1786 1360 1818 transiit
1376 1786 1566 1819 multitudo
1585 1786 1620 1818 in
1641 1785 1837 1821 Graeciam.
1892 1788 1997 1822 Fama
2015 1803 2132 1824 rerum

1153 1842 1327 1878 gestarum
1341 1862 1349 1876 ,
1372 1837 1578 1879 magnitudo
1598 1849 1786 1881 corporum
1811 1845 1843 1872 et
1860 1840 2048 1874 multitudo
2065 1848 2134 1875 ter-

1154 1897 1268 1918 rorem
1287 1886 1511 1920 incusserunt
1528 1886 1671 1919 Graecis
1692 1888 1862 1930 similem,
1889 1897 1926 1923 ut
1947 1902 2024 1923 cum
2044 1892 2133 1925 Xer-

1153 1947 1211 1968 xes
1229 1936 1264 1968 in
1284 1934 1464 1980 Europam
1483 1937 1589 1971 venit.

1256 1985 1391 2020 'Nomen
1433 1994 1548 2020 autem
1592 1993 1625 2020 et
1668 1984 1772 2021 huius
1814 1989 1912 2022 ducis
1953 1988 2130 2025 Celtarum

1153 2034 1326 2069 Brennus
1362 2037 1447 2077 suit,
1493 2037 1554 2082 qui
1595 2043 1709 2070 tamen
1745 2050 1817 2071 non
1863 2047 1912 2073 est
1946 2039 2128 2082 Brennus,

1154 2087 1215 2132 qui
1240 2086 1390 2119 liomam
1415 2088 1541 2130 coepit.
1592 2085 1689 2120 Anni
1716 2100 1759 2121 .n.
1783 2101 1801 2122 a
1818 2088 1933 2123 Roma
1956 2098 2052 2134 capta
2071 2104 2132 2124 us-

1155 2149 1221 2182 que
1239 2138 1280 2168 ad
1302 2134 1395 2170 hunc
1412 2136 1593 2171 Brennum
1610 2137 1829 2172 intersectum
1845 2147 1926 2173 sunt
1943 2148 2080 2174 centum
2099 2150 2132 2175 et

1154 2199 1301 2227 novem,
1329 2188 1411 2232 quia
1429 2187 1543 2222 Roma
1559 2195 1657 2231 capta
1673 2195 1722 2222 est
1736 2201 1828 2222 anno
1846 2191 1943 2223 urbis
1961 2197 2131 2226 trecente-

1155 2239 1243 2271 simo
1268 2239 1477 2280 sexagesimo
1510 2238 1654 2283 quium,
1683 2239 1743 2283 qui
1772 2239 1837 2272 fuit
1860 2252 1973 2274 annus
1997 2242 2131 2285 primns

1155 2286 1379 2332 Olympiadis
1404 2289 1645 2331 nonagesimae
1669 2296 1825 2329 octavae,
1851 2302 1939 2334 quae
1959 2293 2131 2326 antecedit

1155 2336 1360 2381 Philippum
1380 2338 1608 2371 Macedonem
1625 2351 1736 2371 annos
1755 2340 1877 2382 viginti
1895 2348 1983 2377 octo.
2035 2341 2132 2375 Scri—

1156 2389 1209 2422 bit
1225 2395 1340 2421 antem
1358 2388 1562 2430 Pausanias,
1590 2389 1707 2432 pulsos
1730 2400 1800 2422 esse
1820 2390 1943 2424 Gallos
1965 2404 2003 2424 ex
2021 2392 2133 2425 Grae-

1158 2439 1223 2478 cia,
1250 2445 1283 2470 et
1300 2451 1336 2470 ex
1359 2440 1562 2471 vulneribus
1578 2446 1753 2472 mortuum
1770 2438 1952 2474 Brennum
1971 2454 2063 2475 anno
2081 2455 2133 2475 se-

1159 2490 1274 2522 cundo
1300 2488 1524 2533 Olympiadis
1547 2490 1753 2522 centesimae
1775 2491 1959 2525 vicesimae
1981 2493 2134 2537 quintae.

1160 2538 1237 2572 Erit
1281 2539 1386 2580 igitur
1427 2539 1650 2572 intervallum
1685 2540 1768 2573 anni
1801 2549 1940 2575 centum
1975 2550 2007 2576 et
2042 2551 2133 2576 octo.

1161 2588 1279 2631 Quare
1312 2589 1458 2622 diversis
1485 2590 1701 2633 temporibus
1731 2592 1818 2624 duos
1844 2591 2003 2625 Brennus
2033 2593 2137 2624 fuisse

1162 2651 1297 2672 necesse
1324 2646 1385 2672 est.
1439 2638 1484 2673 Et
1509 2647 1780 2675 consentaneum
1804 2650 1851 2676 est
1871 2641 1932 2675 has
1957 2643 2137 2675 bellicosas

1458 2687 1535 2723 54*
