2324 2955
124 102 201 142 581

124 192 215 225 iusta
249 194 321 230 est,
355 192 498 233 propter
521 184 633 221 filium
654 183 740 228 Dei,
772 187 846 220 sola
871 187 955 225 fide,
989 185 1027 219 id
1051 190 1111 225 est,

123 253 185 286 per
209 239 486 274 misericordiam
505 238 634 271 donata
655 238 860 272 remissione
879 243 1111 281 peccatorum,

122 299 156 326 et
181 291 352 336 imputata
376 289 532 327 iusticia,
559 296 703 333 propter
725 289 836 322 filiurn
855 287 940 327 Dei,
964 299 1037 321 non
1061 292 1111 319 est

124 343 214 377 iusta
231 349 373 387 propter
389 341 511 384 legem,
537 347 597 374 aut
614 347 770 374 nostram
789 340 1007 382 dignitatem.
1053 336 1109 371 Si-

122 400 181 428 cut
196 392 355 426 Psalmus
379 391 510 436 inquit:
539 390 623 424 Non
641 391 888 425 iustificabitur
906 390 943 422 in
962 400 1110 432 conspe-

123 451 183 479 ctu
204 450 264 477 tuo
290 441 405 475 omnis
423 442 557 478 vivens.

121 493 267 528 dicitur:
296 492 377 527 Non
395 493 475 526 estis
493 493 559 526 sub
574 493 667 536 lege,
695 493 755 525 sed
773 493 838 525 sub
854 491 973 534 gratia.

222 552 271 587 34
321 551 378 586 Sic
402 549 441 585 hi
465 551 605 585 liberati
627 558 725 591 sunt,
752 563 769 584 a
793 551 1042 584 maledictione
1059 549 1110 582 le-

118 603 182 647 gis.
234 601 281 637 Et
306 610 422 637 tamen
445 609 564 636 manet
589 599 673 635 haec
698 602 791 635 lucta
815 603 973 640 assidua,
1000 612 1109 644 agno-

121 654 230 688 scitur
255 652 404 687 haerens
426 653 464 686 in
489 653 593 686 nobis
616 660 816 698 peccatum,
842 660 874 686 et
898 653 965 685 fide
983 662 1108 696 appre-

120 703 291 738 henditur
306 704 469 738 liberatio
488 711 519 737 et
536 704 743 738 consolatio.

221 753 280 790 35.
308 754 384 788 Hac
402 755 468 788 fide
482 762 699 789 sustentante
714 756 818 788 corda
833 754 870 787 in
888 766 970 787 vero
987 764 1109 796 agone,

120 806 274 851 Spiritus
291 813 451 846 sanctus,
476 818 558 839 vere
576 807 735 840 accendit
751 818 879 839 novam
896 805 1028 845 lucem,
1056 804 1108 836 vi-

120 864 190 890 tam
214 863 248 890 et
268 857 525 898 obedientiam,
553 858 639 890 sicut
664 857 798 890 dictum
821 862 886 889 est:
914 854 1108 889 Effundam

119 919 224 952 super
239 907 385 941 domum
403 906 520 941 David
538 907 710 953 Spiritum
729 908 860 951 gratiae
878 914 910 940 et
928 918 1081 951 precum.

221 966 282 1002 36.
316 965 550 1000 Condonatur
572 978 653 1010 ergo
679 977 842 1010 praesens
865 964 1109 998 immundities

119 1030 199 1052 cum
225 1017 337 1051 vincit
362 1018 463 1058 fides,
496 1029 570 1050 non
594 1029 672 1050 cum
698 1023 821 1060 regnat
845 1023 1043 1060 peccatum,
1071 1015 1107 1047 id

119 1075 187 1109 est,
222 1079 294 1102 non
323 1080 403 1101 cnm
432 1068 523 1101 cedit
554 1068 639 1101 fides
663 1067 850 1102 tentationi
877 1074 997 1100 contra
1023 1078 1108 1100 con-

118 1119 319 1160 scientiam,
342 1126 383 1153 ut
406 1130 484 1152 cum
508 1116 584 1152 Eva
607 1119 661 1151 vel
680 1116 801 1152 Aaron
827 1124 1006 1152 cesserunt
1031 1125 1108 1151 ten-

119 1169 246 1204 tationi
263 1176 405 1203 ruentes
422 1176 543 1203 contra
561 1170 823 1203 conscientiam.

221 1227 280 1263 37.
316 1228 421 1262 Tales
444 1228 625 1262 excutiunt
648 1236 680 1262 et
702 1229 913 1262 contristant
934 1227 1108 1272 Spiritum

119 1286 298 1319 sanctum,
326 1287 360 1314 et
382 1280 506 1319 fidem,
528 1292 617 1324 quae
635 1287 684 1313 est
702 1279 830 1313 fiducia
849 1279 1109 1313 misericordiae

119 1329 296 1362 amittunt.

223 1379 282 1413 38.
318 1378 548 1412 Manifestum
570 1386 620 1413 est
646 1379 740 1411 enim
763 1380 916 1412 discerni
941 1381 977 1412 in
997 1379 1109 1413 Paulo

120 1441 271 1473 regnans
287 1437 465 1474 peccatum
476 1456 486 1470 ,
513 1436 546 1463 et
562 1441 635 1462 non
652 1441 813 1473 regnanS.

221 1486 283 1522 39.
318 1486 397 1520 Non
422 1487 529 1530 igitur
554 1487 782 1530 intelligenda
804 1494 854 1521 est
875 1487 1038 1528 libertas,
1067 1488 1110 1520 li-

119 1538 232 1573 centia
250 1537 409 1571 violandi
429 1538 538 1581 legem
556 1536 621 1571 Dei
644 1545 764 1571 contra
785 1538 1048 1573 conscientiam.

220 1596 282 1633 40.
323 1595 391 1631 Sed
424 1597 566 1630 libertas
598 1604 647 1630 est
674 1597 710 1630 in
738 1597 911 1631 retinente
934 1596 1109 1641 Spiritum

121 1655 300 1688 sanctum,
334 1655 366 1681 et
400 1648 467 1681 fide
498 1648 660 1681 vincente
692 1648 937 1683 tentationem.
1013 1647 1110 1682 Haec

121 1705 204 1733 sunt
225 1698 413 1732 certamina
436 1710 560 1741 magna
585 1699 745 1742 piorum,
774 1699 811 1732 in
835 1699 965 1745 quibus
987 1700 1111 1733 crescit

121 1750 207 1783 fides
238 1749 362 1782 victrix
388 1747 553 1784 Diaboli.⁴
597 1747 643 1784 Et
673 1750 766 1783 filius
787 1750 852 1784 Dei
884 1750 932 1783 sic
956 1751 1110 1784 declarat

120 1812 218 1835 suam
238 1800 451 1844 potentiam,
479 1800 650 1833 adiuvans
667 1812 749 1841 nos,
776 1808 815 1834 ut
831 1802 986 1836 destruat
1004 1814 1110 1846 opera

119 1850 274 1886 Diaboli.
329 1850 387 1885 Sic
420 1851 527 1884 vincit
559 1851 596 1884 in
624 1849 749 1896 loseph
781 1860 1000 1897 repugnante
1034 1853 1111 1886 ille-

121 1902 235 1936 cebris
267 1902 462 1943 adulterae,
498 1902 533 1935 in
560 1901 622 1935 Iob
651 1910 866 1947 repugnante
894 1904 1112 1949 desperatio-

122 1953 159 1987 ni
177 1960 240 1988 etc.

225 2002 285 2037 41.
319 2001 382 2037 Est
397 2010 512 2036 autem
528 2003 656 2037 deinde
674 2002 782 2038 ethic
801 2016 885 2038 usus
901 2006 987 2049 legis
1004 2007 1041 2039 in
1056 2019 1112 2040 re-

122 2054 321 2090 conciliato,
375 2053 495 2088 Manet
517 2056 605 2088 ordo
625 2056 870 2100 sempiternuS‚
898 2064 937 2091 ut
955 2064 1111 2091 creatura

122 2106 264 2140 obediat
288 2106 447 2138 creatori.
500 2104 546 2139 Et
568 2107 722 2140 ostendit
746 2107 821 2146 lex,
847 2120 935 2152 quae
957 2120 1062 2153 opera
1079 2115 1112 2143 et

122 2157 185 2203 qui
206 2156 320 2190 cultus
336 2154 411 2190 Deo
431 2157 600 2200 placeant.
656 2154 808 2202 Oportet
824 2166 939 2192 autem
958 2166 990 2193 et
1007 2171 1111 2203 opera

121 2214 323 2244 sanctorum
355 2207 426 2250 regi
452 2219 613 2251 expresso
638 2209 745 2242 verbo
771 2207 856 2251 Dei,
890 2210 984 2245 iuxta
1008 2211 1111 2244 illud:

121 2258 282 2293 Lucerna
301 2258 450 2302 pedibus
466 2259 552 2291 meis
570 2260 715 2293 verbum
733 2266 844 2297 tuum.

225 2317 286 2354 42.
318 2317 389 2351 Nec
412 2318 492 2351 licet
515 2318 578 2352 ulli
599 2326 775 2352 creaturae
794 2320 979 2355 instituere
997 2323 1111 2356 cultus

124 2368 212 2410 Dei,
240 2369 328 2402 sicut
350 2369 518 2413 scriptum
541 2376 608 2403 est:
636 2369 779 2404 Frustra
796 2372 918 2406 colunt
936 2385 991 2406 me
1010 2386 1111 2407 man-

125 2420 217 2454 datis
240 2417 437 2455 homiuum.
488 2418 535 2455 Et
558 2418 594 2453 hi
619 2421 752 2462 cultus,
780 2435 867 2468 quos
884 2422 980 2457 Deus
1001 2426 1112 2458 tradi—

126 2471 198 2511 dit,
224 2470 299 2505 sine
323 2472 551 2515 corruptelis,
577 2472 783 2515 vigilanter,
808 2481 842 2507 et
862 2475 915 2518 pie
935 2475 1111 2510 retinendi

126 2528 225 2561 sunt,
259 2533 396 2564 semper
421 2521 456 2554 in
480 2524 633 2562 mundo,
668 2525 833 2568 exemplis
859 2532 997 2570 patrum
1022 2527 1111 2560 male

129 2572 332 2612 intellectis,
360 2572 457 2616 impii
476 2574 574 2607 abusi
591 2582 671 2608 sunt
684 2603 691 2616 ‚
719 2582 752 2609 et
770 2576 936 2620 paulatim
955 2575 1109 2622 κακοζη-

128 2621 188 2657 λία
210 2623 347 2656 addidit
364 2624 463 2667 plura
481 2624 572 2658 idola
585 2653 592 2665 ,
621 2633 658 2659 nt
676 2639 752 2660 cum
772 2628 873 2672 primi
894 2635 1007 2672 patres
1022 2636 1112 2662 recte

129 2674 398 2715 sacrificassent,
436 2682 551 2719 postea
580 2674 748 2712 Chaldaei
780 2686 813 2713 et
845 2679 903 2712 alii
936 2680 1111 2714 finxerunt

765 97 1026 135 PHILIPPI
1068 94 1518 134 MELANTHONIS.

1135 395 1137 428 j
1163 387 1304 431 publice
1330 388 1614 421 circumferentes
1637 388 1888 422 adoraverunt.

611 440 663 475 Ac
680 443 722 475 de
739 442 868 474 talibus
884 440 1109 474 credentibus
1135 473 1137 481 .

2083 100 2158 137 582

1165 180 1252 217 haec
1275 196 1380 228 opera
1406 184 1533 218 mereri
1555 183 1797 218 remissionem
1822 190 2055 228 peccatorum.
2107 183 2153 219 Et

1164 235 1387 269 adfinxerunt
1427 235 1684 268 abominandos
1712 247 1866 277 errores,
1909 233 2004 269 hunc
2036 236 2152 279 ignem

1136 295 1138 298 ⁴
1163 292 1317 319 sumtum
1348 287 1392 319 ab
1417 286 1496 329 igne
1518 293 1656 330 patrum
1682 298 1825 320 accenso
1852 286 2046 328 divinitus,
2082 299 2153 320 esse

1163 348 1314 378 numen,
1342 348 1415 370 esse
1439 336 1550 370 Deum
1576 338 1701 381 ipsum.
1756 337 1891 371 Deinde
1916 336 2011 371 hunc
2035 338 2151 381 ignem

1942 388 2066 422 Postea
2092 389 2151 422 alii

1163 438 1233 471 alia
1250 438 1395 471 numina
1407 465 1416 479 ,
1442 446 1474 472 et
1491 439 1578 472 alios
1594 439 1709 471 cultus
1729 435 1906 472 horrenda
1923 440 2067 473 audacia
2084 440 2150 473 fin-

1162 496 1300 523 xerunt.

1265 547 1325 581 43.
1361 547 1456 582 Haec
1476 560 1555 582 cum
1581 547 1773 581 acciderint
1797 556 1897 583 antea
1914 561 1993 582 curn
2012 550 2151 594 sapien-

1163 599 1227 638 tia,
1257 600 1442 643 disciplina
1455 627 1463 639 ,
1490 596 1672 633 doctrinae
1688 599 1821 643 studia,
1848 606 1881 633 et
1898 600 1987 633 aliae
2003 601 2151 634 virtutes

1163 650 1311 683 maiores
1335 657 1466 691 essent,
1493 657 1525 683 et
1549 661 1628 683 cum
1646 648 1801 683 Ecclesia
1826 656 1942 683 tantos
1960 651 2151 684 monitores

1162 699 1326 741 haberet,
1368 701 1467 742 Sem,
1502 698 1704 741 Abraham,
1739 707 1773 734 et
1808 701 1972 745 deinceps
2009 702 2152 741 multos,

1162 764 1235 785 non
1259 752 1449 795 cogitemus
1473 749 1565 784 nihil
1586 751 1766 795 irrepsisse
1785 752 1957 785 viciorum
1977 752 2013 784 in
2029 750 2152 786 Eccle-

1162 803 1248 836 siam
1265 830 1273 842 ,
1300 803 1336 835 in
1362 801 1426 836 hac
1450 803 1587 836 infirma
1612 809 1643 835 et
1663 802 1772 835 delira
1790 804 1915 836 mundi
1934 810 2069 837 senecta
2083 831 2091 844 ,
2120 811 2152 837 et

1163 854 1199 886 in
1218 854 1323 887 tantis
1342 854 1499 896 gentium
1516 853 1806 897 dissipationibus
1825 860 1857 888 et
1874 854 2153 895 confusionibus,

1162 912 1196 939 et
1212 905 1430 948 neglectione
1449 904 1630 938 doctrinae
1647 911 1679 938 et
1696 904 1915 949 disciplinae.

1265 962 1326 998 44.
1360 963 1436 996 Imo
1462 964 1531 996 cito
1555 963 1740 996 obscurata
1762 971 1811 997 est
1829 963 2008 1001 doctrina,
2037 964 2078 996 de
2097 964 2153 997 iu-

1161 1014 1259 1048 sticia
1276 1014 1376 1053 fidei,
1402 1021 1441 1047 ut
1457 1014 1649 1047 ostendunt
1664 1010 1833 1057 Origenis
1849 1021 1882 1047 et
1899 1014 2051 1047 aliorum
2068 1015 2153 1048 scri-

1163 1073 1239 1110 pta,
1263 1073 1296 1099 et
1318 1065 1391 1098 nati
1408 1072 1489 1098 sunt
1501 1062 1684 1104 monachi,
1712 1077 1863 1110 quorum
1884 1065 2052 1108 exemplis
2069 1077 2154 1098 con-

1163 1117 1298 1151 firmata
1328 1123 1378 1150 est
1404 1116 1604 1160 persuasio,
1638 1115 1765 1149 mereri
1791 1114 1953 1149 homines
1975 1117 2154 1150 remissio-

1163 1180 1244 1201 nem
1271 1173 1492 1212 peccatorum
1518 1166 1704 1212 operibuS‚
1731 1173 1763 1200 et
1788 1167 1931 1212 quidem
1958 1179 2029 1200 non
2055 1180 2155 1201 man-

1164 1219 1255 1252 datis
1271 1231 1289 1252 a
1304 1217 1392 1253 Deo.

1267 1277 1327 1313 45.
1371 1277 1494 1311 Postea
1528 1277 1765 1311 ministerium
1789 1275 1975 1320 Evangelii
2002 1277 2046 1310 ab
2068 1274 2156 1321 Epi-

1163 1329 1277 1374 scopis
1300 1340 1509 1362 conversum
1535 1335 1584 1362 est
1608 1328 1643 1360 in
1662 1339 1829 1371 regnum,
1858 1335 1890 1361 et
1907 1339 2037 1362 nervus
2055 1328 2155 1361 addi-

1164 1387 1238 1421 tus,
1264 1379 1374 1412 Missa
1391 1379 1576 1423 papistica,
1603 1385 1635 1411 et
1658 1378 1841 1422 multiplex
1857 1379 2061 1422 depravatio
2078 1390 2156 1411 coe-

1164 1441 1229 1462 nae
1247 1428 1393 1462 Domini
1409 1429 1571 1462 omnium
1586 1429 1727 1473 piorum
1746 1430 1909 1475 lacrymis
1926 1430 2156 1474 deploranda.

1265 1485 1326 1521 46.
1362 1484 1408 1519 Et
1433 1486 1544 1529 caligo
1569 1484 1708 1520 ethnica
1734 1494 1850 1520 secuta
1875 1494 1943 1525 est,
1971 1488 2037 1521 suit
2057 1488 2156 1531 igno-

1164 1544 1239 1571 tum
1264 1537 1452 1570 discrimen
1475 1537 1561 1580 legis
1584 1543 1617 1570 et
1640 1535 1846 1580 Evangelii,
1881 1538 2086 1572 confirmata
2110 1546 2158 1572 est

1165 1588 1363 1632 persuasio,
1389 1587 1517 1620 mereri
1543 1585 1706 1621 homines
1729 1588 1973 1622 remissionem
1999 1596 2157 1633 peccato—

1165 1652 1262 1679 rum,
1298 1645 1330 1671 et
1361 1639 1471 1671 iustos
1500 1650 1572 1672 esse
1596 1639 1750 1683 propriis
1773 1639 1949 1684 operibus.
2018 1639 2156 1673 Deinde

1165 1690 1324 1724 additum
1351 1696 1416 1723 est:
1445 1688 1535 1723 Cum
1561 1702 1664 1723 nemo
1691 1690 1774 1724 sciat
1799 1691 1942 1736 quando
1968 1691 2050 1725 satis
2075 1703 2158 1736 ope-

1165 1754 1244 1775 rum
1269 1738 1416 1782 habeat,
1443 1742 1660 1774 manendum
1683 1753 1755 1774 esse
1774 1742 1810 1774 in
1827 1742 2067 1784 dubitatione,
2096 1755 2158 1775 nec

1165 1794 1231 1826 fide
1252 1792 1462 1825 vincendam
1481 1804 1554 1826 esse
1571 1793 1842 1827 dubitationem.

1268 1851 1325 1886 47.
1362 1851 1457 1885 Haec
1480 1852 1655 1886 dubitatio
1682 1850 1847 1897 prohibet
1870 1853 2024 1898 conspici
2051 1854 2158 1887 bene-

1166 1904 1242 1937 ficia
1277 1904 1500 1945 mediatoris,
1535 1910 1568 1936 et
1599 1904 1879 1937 consolationem
1908 1905 2044 1938 firmam
2074 1917 2159 1938 con-

1166 1955 1321 1989 scientiis
1345 1954 1467 1998 eripit,
1491 1961 1522 1987 et
1543 1966 1685 1998 prorsus
1704 1956 1899 1999 corrumpit
1918 1968 2035 1989 veram
2056 1956 2158 1989 invo-

1167 2006 1351 2041 cationem.
1405 2005 1484 2039 Non
1519 2006 1614 2037 enim
1646 2012 1757 2049 potest
1789 2017 1887 2039 mens
1918 2008 2080 2040 accedere
2114 2008 2156 2040 ad

1166 2057 1298 2096 Deum,
1327 2063 1444 2101 petere
1469 2062 1502 2090 et
1526 2063 1705 2100 expectare
1728 2057 1841 2098 bona,
1868 2057 1936 2090 nisi
1956 2057 2021 2090 fide
2038 2058 2157 2103 aliquo

1167 2110 1272 2142 modo
1298 2108 1516 2153 acquiescere
1542 2108 1729 2152 inceperit,
1759 2114 1790 2141 et
1814 2119 1849 2140 se
1872 2108 1971 2153 qnasi
1989 2109 2070 2141 duci
2089 2116 2157 2142 sta-

1167 2167 1241 2194 tuat
1270 2172 1288 2193 a
1319 2159 1512 2192 mediatore
1537 2159 1609 2191 filio
1636 2158 1719 2200 Dei,
1755 2159 1843 2193 sicut
1867 2159 1983 2204 inquit
2008 2159 2155 2194 Paulus:

1166 2211 1233 2245 Per
1252 2208 1347 2245 hunc
1373 2208 1543 2243 habemus
1566 2221 1740 2243 accessum
1766 2211 1832 2242 fide
1851 2216 1914 2243 etc.

1269 2269 1330 2307 48.
1371 2269 1418 2304 Et
1435 2277 1551 2304 tamen
1570 2270 1749 2302 decretum
1767 2268 1902 2314 Synodi
1922 2268 2156 2305 Tridentinae

1167 2323 1263 2357 iubet
1279 2334 1421 2355 manere
1437 2322 1473 2354 in
1489 2320 1721 2355 dubitatione.
1765 2318 1812 2353 Et
1828 2327 1944 2364 postea
1963 2321 1998 2354 in
2010 2320 2155 2367 Synodo

1165 2373 1384 2408 Bononiensi
1414 2374 1554 2405 decreta
1578 2371 1666 2404 facta
1693 2377 1794 2411 sunt,
1829 2384 1980 2417 quornm
2008 2374 2155 2407 manife-

1166 2426 1253 2459 stior
1278 2432 1327 2458 est
1355 2424 1535 2468 impietas,
1567 2434 1656 2466 quae
1680 2422 1867 2456 adfirmant
1893 2423 2156 2463 satisfactiones,

1165 2484 1204 2510 ut
1222 2476 1286 2521 ipsi
1304 2481 1448 2515 vocant,
1473 2472 1671 2507 Canonicas
1689 2474 1900 2507 necessarias
1918 2486 2001 2509 esse.
2058 2475 2154 2511 lte-m.

1167 2528 1202 2560 in
1236 2526 1561 2569 cii-cun·g‹·statione
1586 2525 1684 2568 panis
1713 2526 1908 2559 faciendam
1937 2538 2008 2559 esse
2031 2528 2154 2560 adora-

1165 2579 1297 2613 tionem
1316 2585 1377 2612 etc.

1267 2627 1327 2663 49.
1368 2627 1414 2661 Et
1439 2628 1528 2660 sicut
1552 2628 1644 2672 apud
1673 2625 1847 2661 Etlinicos
1875 2629 1982 2661 multa
2009 2628 2154 2661 numini

1165 2681 1356 2723 excogitata
1381 2686 1480 2719 sunt,
1508 2679 1554 2713 ita
1575 2679 1727 2721 pervasit
1746 2679 1781 2711 in
1802 2677 1991 2712 Ecclesiam
2014 2679 2154 2712 invoca-

1553 2730 1629 2766 87*
