2324 2955
203 135 276 169 825

208 229 323 262 goscs,
372 222 402 247 et
428 214 602 254 ingressus
627 210 796 254 templum
820 209 901 242 inde
924 208 1034 253 spolia
1059 209 1183 244 avexit.
1208 224 1211 255 Ι

209 269 276 302 Cui
297 278 373 298 cum
392 264 521 296 diceret
540 259 716 300 Iulmuna,
744 260 850 303 impie
873 271 952 292 eum
969 259 1100 300 facere,
1127 271 1182 292 re-

209 317 355 361 spondet
372 323 507 357 praeses
527 311 702 350 Persicus,
729 311 829 342 illum
850 322 930 342 vero
950 309 1058 352 magis
1076 310 1183 353 impie

210 366 344 403 secisse,
372 363 431 407 qui
450 362 498 394 ibi
518 362 658 394 fratrem
681 360 873 393 occidisset.
1209 369 1211 402 t

310 413 433 446 Postea
454 409 576 444 Ochus
606 417 639 444 et
674 421 808 444 annuas
838 409 1023 452 pensiones
1054 409 1183 453 templo
1210 407 1211 415 ¹

210 464 357 508 eripuit,
383 464 529 495 donatas
547 474 563 494 a
580 460 671 506 Cyro
691 468 723 494 et
742 460 980 502 Longimano,
1010 465 1042 492 et
1060 459 1185 491 indixit

209 516 342 550 tributa
385 512 516 556 populo
561 511 781 544 ludaeorum.
860 507 1041 553 Occupata
1082 510 1185 542 etiam

210 565 437 610 praefectura,
464 562 497 594 id
516 562 609 594 enim
629 561 797 603 significat
817 556 1048 603 ‹³1:165qu1103,
1078 560 1185 592 multa

212 615 340 659 oppida
358 612 505 652 delevit,
532 619 564 645 et
579 612 705 644 multas
722 610 871 642 familias
890 610 1010 653 procul
1033 616 1188 642 transtu-

212 666 255 699 lit
272 666 309 697 in
329 663 529 696 Hircaniam
554 663 595 694 ad
622 673 714 693 marc
732 659 908 703 Caspium.

217 723 278 749 tur
312 713 505 747 Ecclesiam
541 717 767 744 exercuerunt
799 722 943 753 magnae
977 698 1216 750 calamitatesl

213 775 324 809 usque
345 764 389 795 ad
406 761 648 796 Alexandrum
667 760 853 803 Magnum,
890 760 950 804 qui
976 759 1119 792 veniens
1136 759 1188 793 Ie·
1215 801 1216 815 χ

443 128 647 165 SCRIPTA
677 126 750 160 PII.
778 122 893 159 MEL.
920 123 986 158 AD
1013 123 1138 158 HIST.
1166 120 1309 159 PROF.
1337 118 1402 154 ET
1430 118 1621 154 PHlLOS.
1649 117 1964 155 SPECTANTIA.

962 659 1098 693 Rursus
1122 659 1189 702 igi·
1213 661 1217 696 Ι

2134 119 2207 153 824

1237 205 1397 239 Tandem
1439 203 1639 238 interfectus
1673 211 1723 237 est
1758 205 1801 237 ab
1837 205 2052 238 adolescente
2085 202 2209 245 nobili,

1234 267 1336 300 quem
1355 266 1416 298 per
1431 254 1614 286 libidinem
1631 255 1840 288 contumelia
1859 255 2027 287 affecerat.
2078 252 2208 297 Estque

1234 308 1276 339 de
1298 318 1336 337 eo
1361 316 1479 337 versus
1499 305 1664 336 traditus:
1700 302 1840 349 τξύχων
1866 303 1913 343 ὡς
1936 302 2046 349 ἑτέρῳ
2074 316 2127 345 τι,
2162 302 2209 347 ἐῷ

1234 353 1350 390 κακὸν
1369 354 1475 398 ἥπατι
1498 351 1626 397 τεύχει.

1336 411 1502 446 Archelai
1533 413 1594 445 filii
1626 413 1770 445 suerunt
1804 408 1968 449 Orestes,
2009 407 2211 444 Archelaus

1237 471 1269 497 et
1286 459 1525 504 Pausanias,
1554 470 1585 496 et
1603 463 1728 495 ordine
1753 473 1897 504 regnum
1923 473 2033 495 annos
2059 469 2136 494 octo
2162 469 2213 494 te-

1236 520 1401 548 nuerunt.
1462 513 1526 547 llis
1548 513 1708 546 extinctis
1733 513 1837 545 rediit
1861 523 2006 553 regnum
2031 513 2073 544 ad
2099 512 2212 554 legiti-

1237 576 1310 597 mos
1330 562 1513 603 haeredes,
1542 563 1703 595 videlicet
1721 564 1763 594 ad
1782 562 1970 607 Amyntam
1989 562 2098 594 filium
2113 562 2214 595 Alce-

1238 622 1309 655 tae,
1337 613 1510 647 interfecti
1527 613 1569 646 ab
1586 610 1772 646 Archelao.

1339 671 1524 717 Amyntas
1541 683 1617 704 cum
1638 678 1816 714 regnasset
1836 681 1946 702 annos
1968 681 2024 703 sex
2038 696 2046 711 ,
2072 670 2214 714 reliquit

1240 724 1330 757 filios
1347 730 1435 763 tres,
1462 719 1738 760 Alexandrum,
1768 717 1991 759 Perdiccam,
2021 727 2054 753 et
2069 717 2215 765 Philip-

1239 786 1337 820 pum.
1398 772 1558 817 Cumque
1580 773 1670 815 patri
1696 771 1869 816 Amyntae
1894 771 2110 804 successisset
2132 769 2216 804 Ale-

215 814 446 858 rosolymmn,
479 818 519 844 Ut
543 818 660 854 ΡΟΜΕ3
686 812 838 850 ‘beetur’
879 816 1032 843 resmmt
1053 809 1189 843 Iu‘lae's
1214 825 1218 854 '0
1241 825 1393 863 xander,
1426 831 1512 856 natu
1537 823 1725 862 maximus,
1760 821 1960 854 interfectus
1984 827 2032 854 est
2060 833 2078 854 a
2097 820 2215 853 Ptole-

220 859 448 905 αὐτονομίαν
465 868 496 895 et
513 873 649 905 pacem,
676 867 710 894 et
727 860 857 894 tributa
876 860 1020 895 remisit.

467 964 553 996 Res
584 957 934 994 Macedonicae.

316 1036 396 1069 Non
413 1034 561 1068 dubium
579 1041 645 1072 est,
671 1046 801 1066 nomen
812 1033 958 1067 Macedo
975 1034 1103 1067 factum
1120 1043 1193 1065 esse

220 1100 239 1121 a
258 1087 384 1122 Kittim
396 1112 405 1125 ,
431 1091 469 1118 ut
485 1091 616 1117 veteres
633 1084 797 1116 dixerunt
812 1082 979 1127 ,ιιῑικέτηδκ
1031 1082 1113 1115 Fuit
1130 1094 1194 1114 au-

217 1145 288 1172 tem
304 1136 433 1169 Kittim
452 1135 543 1168 filius
559 1133 675 1169 lavan,
728 1132 774 1167 Et
791 1134 873 1165 libri
898 1133 985 1166 sacri
1008 1132 1194 1171 affirmant,

221 1186 462 1222 Alexandrum
479 1192 593 1218 ortum
618 1195 687 1216 esse
711 1195 750 1216 ex
768 1183 900 1216 Cittim.

222 1237 355 1272 mentio
382 1233 487 1268 buius
508 1234 682 1268 vocabuli.

219 1296 450 1333 percussores
523 1283 612 1317 Cum
640 1290 756 1317 autem
788 1284 949 1327 deinceps
979 1283 1017 1315 in
1048 1280 1194 1315 historia

219 1337 345 1370 mundi
361 1346 477 1368 rerum
493 1333 801 1366 Macedonicarum
824 1334 1009 1377 praecipua
1033 1333 1077 1366 sit
1099 1344 1195 1365 com-

218 1385 441 1422 memoratio,
467 1383 552 1416 utile
568 1389 634 1423 est,
662 1383 816 1415 iuniores
833 1383 937 1423 scire,
965 1388 1136 1426 quantum
1153 1383 1196 1415 de

220 1436 355 1479 origine
372 1445 491 1476 regum
508 1433 817 1466 Macedonicorum
836 1434 1003 1466 traditum
1019 1438 1079 1465 est.

324 1494 483 1527 Vetustas
514 1493 694 1533 adfirmat,

223 1596 387 1629 rodotus:

272 1641 457 1679 Hercules.

274 1692 429 1740 Ilyllus.

276 1740 464 1778 Cleodeus.

276 1789 565 1827 Aristomachus.

275 1843 466 1878 Temenus.

277 1891 461 1928 Perdicca.
535 1890 604 1924 Hic
651 1889 783 1935 primus
823 1890 858 1921 in
896 1888 1105 1922 Macedonia
1141 1901 1199 1922 rex

429 1943 541 1976 sactus
566 1947 628 1976 est.

1217 995 1219 1008 t
1243 986 1318 1008 rici.

1217 1012 1219 1063 ἶ
1244 1025 1342 1057 obses
1375 1022 1626 1067 aliquantisper
1656 1020 1790 1054 Thebis
1819 1021 1951 1060 suerat,
1992 1020 2150 1054 celeriter
2182 1020 2219 1052 in

1218 1075 1220 1079 ’
1245 1073 1391 1116 patriam
1410 1072 1568 1111 rediens,
1595 1071 1693 1103 fratri
1710 1072 1745 1103 in
1764 1082 1870 1113 regno
1887 1070 2057 1104 successit.
2092 1069 2219 1104 Fuerat

959 1181 1011 1216 Ac
1052 1194 1088 1214 ae
1118 1194 1134 1214 e
1157 1181 1178 1214 fi

735 1233 914 1276 Significat
935 1194 1049 1266 amen?
1067 1189 1195 1265 Κιῖηῑηξ
1220 1216 1222 1255 ἶ
1247 1230 1334 1256 trem
1352 1219 1510 1264 Philippi
1528 1219 1780 1256 Alexandrum.

1221 1271 1222 1282 ³
1247 1284 1312 1316 pus
1343 1270 1478 1305 Thebis
1509 1271 1602 1314 apud
1634 1277 1766 1314 patrem
1795 1267 2080 1313 Epaminondae,
2119 1281 2223 1313 quem

1222 1375 1223 1378 ’
1249 1374 1301 1405 tis.

744 1504 839 1535 reges
870 1492 1120 1526 Macedonicos
1154 1492 1197 1525 ab
1223 1484 1225 1501 ¹

223 1545 374 1580 Hercule
392 1550 486 1577 ortos
510 1554 602 1584 esse,
637 1550 668 1576 et
696 1540 786 1576 hanc
813 1543 936 1576 seriem
962 1542 1108 1576 tradidit
1123 1541 1198 1576 He·-
1223 1559 1225 1578 ι

274 1993 453 2038 Argaeus.

274 2041 486 2089 Philippus.

275 2092 450 2139 Aeropus.

276 2143 433 2176 Alcetas.

275 2192 473 2238 Amyntas-

328 2253 558 2297 Alexander,
593 2256 654 2300 qui
677 2267 756 2289 cum
784 2263 871 2290 esset
896 2257 932 2289 in
958 2256 1078 2289 castris
1103 2255 1203 2290 Mar-

229 2310 344 2350 donii,
373 2307 540 2342 indicavit
555 2304 724 2347 Aristidi,
751 2307 1002 2351 praeliaturum
1019 2318 1091 2340 esse
1103 2306 1204 2340 Mar-

229 2361 386 2395 denium.

331 2406 520 2443 Perdiccas
538 2414 571 2441 et
589 2404 734 2440 Alcetas
751 2407 885 2441 fratres.

330 2455 533 2492 Archelaus
557 2464 660 2491 natus
684 2469 726 2490 ex
761 2463 857 2501 patre
881 2455 1046 2490 Perdicca
1073 2463 1108 2490 et
1137 2468 1202 2489 an-

231 2511 310 2546 cilla
328 2508 487 2548 Alcone,
515 2505 656 2543 nothus.
709 2506 887 2541 Interfecit
905 2507 1118 2541 avunculum
1137 2505 1203 2540 Al-
1226 2507 1228 2555 4

230 2569 338 2596 cetam
364 2565 397 2592 et
417 2558 490 2591 eius
512 2557 621 2589 filium
645 2556 904 2598 Alexandrum,
941 2564 976 2591 et
997 2569 1202 2601 germanum
1226 2557 1228 2560 ⁴

229 2613 392 2650 fratrem,
423 2607 607 2641 Perdiccae
632 2607 755 2642 filium.
807 2607 942 2641 Tenuit
965 2619 1113 2651 regnum
1139 2619 1203 2640 an-
1226 2602 1228 2613 ¹

233 2672 297 2696 nos
320 2659 380 2696 24.
452 2657 568 2691 Gessit
597 2656 689 2690 bella
719 2668 797 2690 cum
831 2655 1012 2693 Thracum
1050 2658 1202 2703 populis.

1243 886 1341 907 maeo
1367 872 1517 908 Alorite.
1585 872 1688 905 Hunc
1714 884 1787 905 non
1811 871 1921 904 multo
1944 878 2022 915 post
2044 871 2218 905 interfecit

1241 924 1441 961 Perdiccas,
1469 935 1571 966 quem
1588 923 1714 955 deinde
1730 923 1766 954 in
1785 921 1915 964 praelio
1932 928 2120 963 coeperunt
2135 920 2219 965 Illy-

1371 973 1454 1006 Post
1471 970 1564 1004 bunc
1578 972 1700 1005 tertius
1719 973 1825 1005 frater
1836 968 2034 1014 Philippus,
2061 970 2121 1015 qui
2137 977 2220 1003 tunc

1245 1130 1360 1155 autem
1387 1122 1588 1154 adolescens
1605 1121 1730 1152 ductus
1747 1119 1887 1153 Thebas
1906 1131 1924 1152 a
1944 1119 2131 1162 Pelopida,
2158 1120 2218 1164 qui

1246 1184 1363 1216 pacem
1382 1172 1507 1204 fecerat
1526 1171 1617 1203 inter
1634 1169 1873 1203 Ptolemaeum
1890 1167 2070 1209 Aloriten,
2099 1176 2131 1202 et
2148 1170 2220 1202 fra-

1833 1218 1929 1252 Vixit
1952 1225 2066 1253 autem
2084 1217 2222 1262 Philip-

1247 1321 1371 1356 habuit
1390 1322 1633 1355 exercitiorum
1658 1321 1810 1358 socium,
1838 1326 1871 1351 et
1893 1320 2088 1361 exemplum
2112 1319 2223 1352 virtu-

1367 1370 1419 1404 De
1447 1377 1558 1403 morte
1589 1376 1704 1402 autem
1725 1366 1882 1411 Philippi
1913 1375 2031 1411 postea
2057 1368 2222 1405 dicemus.

1249 1421 1351 1455 Prius
1368 1421 1460 1455 enim
1478 1420 1686 1464 pertexenda
1703 1426 1751 1452 est
1769 1418 1962 1463 posteritas.

1350 1478 1517 1523 Philippo
1543 1479 1615 1511 nati
1642 1484 1723 1511 sunt
1747 1490 1786 1510 ex
1802 1475 2032 1521 Olympiade,
2056 1474 2223 1510 Alexan-

1250 1529 1312 1564 der
1328 1527 1503 1574 Illagnus
1522 1536 1553 1562 et
1571 1523 1788 1574 Cleopatra:
1816 1527 1902 1560 Item
1928 1539 1966 1559 ex
1985 1533 2094 1560 matre
2111 1526 2224 1561 Thes-

1249 1582 1339 1622 sala,
1366 1577 1647 1618 Thessalonice,
1674 1590 1762 1622 quae
1786 1575 2134 1620 nupsitCassandm,
2168 1579 2224 1610 in-

1223 1664 1225 1677 =‚
1250 1632 1390 1665 terfecta
1413 1642 1430 1662 a
1458 1630 1529 1662 filio
1546 1627 1742 1671 Antipatri,
1777 1639 1879 1671 quem
1901 1627 2028 1659 deinde
2052 1627 2225 1661 interfecit

1249 1680 1355 1712 frater
1379 1678 1486 1722 ipsius
1504 1676 1713 1711 Alexander.

1250 1729 1434 1762 interfecit.

1767 1677 1871 1710 Hunc
1893 1683 2009 1719 postea
2028 1675 2228 1711 Demetrius

1352 1785 1404 1819 Ex
1421 1784 1624 1826 Cleopatra,
1651 1783 1936 1824 sobrinaAttali,
1963 1791 2066 1817 natus
2082 1791 2130 1819 est
2141 1783 2226 1818 Phi-

1251 1838 1345 1880 lippo
1363 1836 1454 1868 filius
1474 1831 1693 1881 Philippus,
1723 1847 1825 1878 quem
1845 1832 2029 1879 Olympias
2053 1847 2122 1868 una
2147 1848 2224 1869 cum

1251 1894 1361 1919 matre
1384 1897 1490 1918 aeneo
1514 1886 1587 1918 vasi
1610 1885 1803 1925 inclusum,
1831 1884 1867 1916 in
1894 1885 2009 1927 ignem
2031 1885 2226 1919 coniectum

1250 1937 1434 1971 interfecit.

1353 1994 1478 2027 Postea
1496 1993 1669 2027 interfecit
1689 1992 1882 2027 Cassander
1898 1990 2165 2038 Olympiadem,
2195 2001 2227 2028 et

1251 2045 1443 2085 Roxanen,
1483 2044 1665 2085 coniugem
1688 2042 1904 2083 Alexandri,
1946 2049 1979 2076 et
2008 2044 2117 2077 filium
2154 2044 2227 2077 eius

1253 2095 1493 2130 Alexandrum
1506 2120 1515 2135 ,
1543 2100 1574 2127 et
1586 2093 1764 2126 Barsenen
1780 2094 1923 2127 alteram
1943 2094 2125 2136 coniugem
2142 2092 2227 2127 Ale-

1252 2146 1395 2186 xandri,
1423 2151 1455 2178 et
1472 2145 1545 2177 eius
1563 2144 1677 2177 filium
1689 2143 1886 2177 Herculem.
1928 2141 2129 2186 Antigonus
2144 2155 2226 2177 vero

1252 2197 1353 2230 iussit
1384 2195 1531 2228 interfici
1559 2194 1800 2239 Cleopatram,
1840 2205 2040 2237 germanam
2071 2205 2226 2227 sororem

1252 2246 1451 2281 Alexandri
1467 2244 1601 2289 Magni.

1355 2304 1459 2338 Tales
1488 2315 1620 2348 poenae
1647 2310 1788 2347 vagatae
1816 2308 1896 2335 sunt
1919 2312 1981 2345 per
2005 2299 2163 2346 Philippi
2186 2310 2227 2337 ·et

1253 2354 1444 2389 Alexandri
1465 2355 1719 2397 posteritatem,
1748 2354 1828 2398 quia
1845 2363 1968 2394 magna
1988 2352 2098 2394 gloria
2116 2364 2134 2385 a
2149 2351 2225 2387 Deo

1253 2406 1369 2439 ornati
1387 2404 1469 2439 facti
1486 2412 1567 2438 sunt
1585 2405 1790 2443 insolentes,
1817 2402 2004 2434 voluerunt
2028 2402 2095 2435 sibi
2117 2403 2225 2436 tribui

1253 2456 1393 2489 divinos
1416 2453 1580 2488 bonores.
1633 2454 1832 2488 Alexander
1855 2453 1957 2485 etiam
1983 2453 2225 2487 crudelitatem

1252 2507 1288 2539 in
1314 2507 1442 2539 amicos
1470 2505 1630 2539 exercuit.
1682 2502 1881 2545 Cogitemus
1903 2509 2037 2542 autem,
2061 2500 2145 2536 haec
2161 2504 2225 2536 tri-

1253 2557 1317 2590 stia
1335 2556 1490 2600 exempla
1509 2555 1545 2587 in
1563 2553 1668 2588 tantis
1684 2553 1769 2586 viris
1787 2559 1819 2585 et
1835 2552 2065 2586 nobilissimis
2080 2553 2224 2586 familiis

1253 2607 1432 2651 proposita
1451 2616 1534 2643 esse,
1551 2611 1589 2638 ut
1603 2603 1688 2637 alios
1707 2601 1868 2638 homines
1883 2604 1926 2638 de
1943 2603 2111 2637 modestia
2128 2615 2222 2637 com-

1227 2677 1229 2700 1
1252 2657 1495 2690 monefaciant.
