2324 2955
87 135 157 172 129

84 220 240 264 publicas
255 225 286 252 et
305 218 457 262 privatas
473 227 645 250 accersere
669 216 830 260 cupiant,
854 216 891 248 in
912 215 1065 248 castitate
1088 219 1092 237 ’
1115 213 1243 257 perior.

81 269 257 313 coniugali
277 269 351 302 Deo
369 267 504 301 obediri
520 278 657 300 necesse
673 274 733 302 est.

183 328 288 370 Quod
308 326 400 359 enim
425 332 458 358 et
478 323 563 358 haec
590 325 779 368 coniugum
803 324 948 358 societas
973 329 1064 356 casta

81 380 144 416 sit,
172 379 254 410 inde
272 376 491 420 perspicuum
510 382 578 415 est,
605 375 687 420 quia
704 375 910 408 admiranda
928 373 992 408 Dei
1010 384 1065 406 sa-

81 428 213 474 pientia
236 433 268 460 et
291 427 429 459 decreto
453 426 614 458 ordinata
639 432 706 465 est,
733 431 772 458 ut
797 436 954 468 expresse
977 423 1064 457 scri-

78 486 176 522 ptum
190 484 252 517 est,
268 477 366 511 dixit
378 478 576 510 Dominus:
603 475 685 507 Non
703 482 753 508 est
770 475 904 508 bonum
924 473 1062 508 homini

79 539 152 562 esse
169 527 301 567 solum;
324 528 422 560 item:
441 525 660 559 Honorabile
674 525 875 568 coniugium
890 531 924 558 et
941 522 1063 558 thorus

78 585 192 612 castus
209 589 247 611 ac
263 577 485 621 impollutus;
509 577 606 609 item:
633 574 728 608 Haec
746 583 794 609 est
812 575 973 609 voluntas
985 573 1063 613 Dei,

79 630 217 663 castitas
251 635 380 667 vestra,
416 633 454 660 ut
486 625 688 658 abstineatis
720 638 737 658 a
766 625 997 664 scortatione,
1029 631 1061 657 et

80 679 322 724 unusquisque
347 688 449 710 suum
474 687 600 719 corpus
627 675 691 709 uni
712 676 854 720 coniugi
876 682 1008 709 castum
1029 681 1062 708 et

77 735 237 762 sanctum
258 734 382 760 servet.

179 785 266 820 Vult
291 785 397 827 igitur
413 783 508 818 Deus
531 796 596 817 nos
621 784 658 817 in
677 784 841 828 coniugio
865 785 998 824 vivere,
1021 789 1061 817 ut

77 837 268 872 castitatem
303 836 498 878 intelligere
532 835 727 875 discamus,
767 842 801 868 et
833 845 1061 878 agnoscamus

77 889 192 932 ipsum
210 898 282 920 esse
302 892 451 918 mentem
473 892 600 918 castam
619 892 652 919 et
670 886 856 923 mundam,
882 891 1058 918 amantem

77 937 263 974 castitatis,
298 943 331 969 et
354 933 519 968 horribili
545 935 627 968 odio
653 942 917 979 persequentem
939 946 1061 968 omnes

78 995 220 1022 naturas
236 997 377 1030 spurcas
394 992 427 1018 et
444 985 613 1028 pollutas,
638 998 677 1018 ac
693 991 733 1019 ut
750 985 787 1017 in
814 986 968 1019 castitate
985 983 1059 1017 Deo

78 1038 287 1074 serviamus,
316 1042 350 1069 et
364 1047 449 1079 pura
467 1047 504 1068 ac
522 1036 706 1079 impolluta
723 1042 839 1069 mente
858 1048 938 1068 eum
956 1036 1060 1067 invo-

77 1099 206 1123 cemus.
269 1085 358 1119 Nam
387 1093 478 1119 casta
509 1085 602 1119 Deus
632 1097 731 1118 mens
761 1092 829 1126 est,
863 1093 954 1120 casta
985 1085 1061 1118 vult

78 1144 192 1171 mente
210 1136 338 1170 vocari.

179 1193 232 1228 Ac
255 1206 298 1227 ne
320 1200 433 1238 potest
457 1193 599 1238 quidem
626 1194 663 1226 in
688 1200 805 1227 mente
826 1193 1003 1237 impudica
1028 1200 1061 1226 et

79 1248 216 1280 laxante
231 1245 348 1278 frenos
365 1244 536 1277 incendiis
547 1243 738 1277 libidinum
756 1250 789 1277 et
806 1244 949 1287 polluta,
965 1244 1062 1288 quis-

77 1308 183 1341 quam
199 1294 274 1328 Deo
291 1295 446 1338 placere,
471 1301 530 1327 aut
546 1294 589 1326 ad
605 1292 719 1326 Deum
737 1295 920 1333 accedere,
947 1301 979 1326 et
996 1294 1061 1326 bo-

79 1358 123 1378 na
148 1346 191 1378 ab
212 1356 252 1376 eo
277 1350 393 1386 petere
415 1350 448 1374 et
470 1348 657 1385 expectare.
719 1341 943 1385 Impudicitia
967 1343 1061 1374 enim

79 1394 187 1430 totius
208 1392 296 1426 lucis
317 1390 529 1435 spiritualis,
563 1398 595 1424 et
618 1391 803 1434 praecipue
827 1391 1062 1425 invocationis

77 1445 146 1479 Dei
161 1453 297 1476 remora
313 1447 374 1480 est,
401 1452 469 1484 qua
484 1446 630 1479 remota,
657 1451 794 1472 necesse
809 1446 859 1472 est
874 1440 944 1472 labi
962 1452 1061 1472 men-

77 1501 129 1529 tes
146 1493 183 1526 in
199 1490 445 1536 opinionibus,
473 1489 673 1529 sententiis,
699 1489 872 1528 consiliis,
897 1489 1062 1532 negociis,

79 1544 153 1578 fieri
170 1554 249 1576 vasa
268 1541 356 1581 irae,
383 1552 422 1573 ac
438 1551 540 1572 ruere
557 1540 698 1573 tandem
723 1539 760 1570 in
785 1545 966 1572 aeternum
990 1539 1062 1571 exi-

79 1595 181 1629 tium.
239 1590 388 1626 Castitas
423 1601 504 1622 vero
541 1601 620 1622 cum
648 1594 860 1622 caeterarum
890 1589 1060 1622 virtutum

79 1644 258 1683 omnium,
295 1648 370 1675 tum
396 1639 581 1683 praecipue
607 1639 695 1672 lucis
726 1646 818 1672 recte
841 1639 1061 1681 agnoscentis

78 1695 213 1734 Deum,
239 1699 272 1726 et
294 1702 393 1724 verae
416 1689 650 1723 invocationis
674 1696 790 1722 custos
815 1696 883 1730 est,
910 1696 949 1722 ut
974 1689 1060 1722 dici-

80 1753 153 1780 tur:
194 1742 294 1776 Beati
328 1747 420 1774 casto
449 1741 572 1780 corde,
612 1739 692 1784 quia
727 1738 841 1772 Deum
872 1740 1062 1781 videbunt3

81 1796 182 1829 item:
210 1790 408 1838 Sequimini
426 1791 628 1830 castitatem,
649 1790 726 1823 sine
745 1802 812 1835 qua
828 1802 931 1823 nemo
950 1790 1061 1824 Deum

81 1844 227 1879 videbit.

183 1901 361 1935 Viderunt
378 1897 520 1934 Ethnici
536 1910 675 1944 quoque
692 1898 815 1941 ingens
838 1898 945 1932 totius
962 1898 1064 1939 vitae,

83 1961 116 1989 et
137 1952 295 1987 omnium
319 1950 518 1990 doctrinae,
552 1960 590 1982 ac
613 1949 752 1982 virtutis
774 1956 1063 1982 ornamentorum

83 2005 189 2038 decus
205 2013 277 2035 esse
292 2001 502 2040 castitatem,
529 2006 561 2032 et
578 2000 704 2032 samam
721 1999 924 2039 libidinum,
952 2011 1064 2043 quan-

84 2062 260 2097 tacunque
283 2052 354 2085 sint
377 2050 529 2093 ingenii,
557 2049 764 2093 sapientiae,
791 2050 1011 2094 eloquentiae
1034 2056 1065 2082 et

85 2105 232 2138 aliarum
251 2102 420 2135 virtutum
437 2102 548 2138 dona,
575 2106 690 2133 tamen
705 2097 933 2134 honestorum
950 2097 1065 2132 homi-

84 2166 172 2188 num
195 2153 333 2185 animos
358 2151 521 2183 alienare.
575 2148 617 2182 ln
641 2162 714 2183 eam
739 2151 947 2184 sententiam
975 2157 1067 2183 extat

85 2202 371 2238 venustissimum
390 2198 593 2245 Bachylidis
608 2200 759 2241 dictum,
787 2207 937 2234 caeteras
955 2202 1067 2234 virtu-

86 2262 137 2290 tes
152 2247 227 2288 sine
243 2252 398 2286 castitate
415 2251 547 2284 similes
564 2261 635 2284 esse
652 2248 819 2294 pulchrae
837 2257 984 2289 statuae,
1012 2251 1067 2283 cni

88 2311 190 2348 caput
218 2303 397 2337 revulsum
426 2301 491 2344 sit,
522 2301 557 2334 id
590 2299 684 2334 hisce
716 2302 873 2335 versibus
903 2302 1070 2346 expressit

87 2353 273 2398 Philippus
288 2367 293 2386 :

191 2414 230 2444 Ut
245 2426 314 2444 oum
333 2415 368 2443 de
384 2420 477 2442 statua
491 2414 581 2442 facies
599 2414 728 2441 formosa
747 2416 861 2443 revulsa
878 2422 931 2451 est,

241 2463 310 2494 Non
328 2466 415 2494 decus
432 2467 461 2493 in
478 2466 595 2504 reliquo
611 2470 867 2504 corporetruncus
885 2466 983 2495 habet.

194 2514 246 2546 Sic
261 2517 311 2544 alii
325 2526 421 2544 mores
437 2517 526 2554 spreti
543 2518 605 2544 sine
622 2516 734 2544 honore
752 2517 900 2553 iacebunt,

244 2565 283 2596 Ni
300 2568 358 2595 sint
375 2568 469 2595 ornati
485 2567 572 2595 laude
591 2566 762 2605 pudicitiae.

95 2621 163 2655 vix
186 2621 281 2655 ullus
301 2621 428 2663 legitur
444 2620 481 2653 in
497 2618 646 2654 ethnicis
661 2618 818 2653 historiis
834 2619 995 2662 pluribus
1014 2616 1077 2651 he-

96 2671 200 2706 roicis
224 2672 414 2705 virtutibus
436 2670 542 2704 fuisse
564 2677 729 2712 ornatus,
756 2681 860 2716 quam
878 2668 996 2714 Scipio
1020 2680 1078 2702 su-

150 2724 327 2756 ΜειΛΝτιι.
353 2723 460 2755 Orsa.
487 2722 664 2756 voiaxn.

795 129 955 165 DECL.
988 127 1062 164 DE
1097 126 1404 165 CONIUGIO.

2035 138 2105 172 130

1298 210 1345 247 At
1370 226 1475 258 quam
1499 216 1746 249 admirandum
1772 217 1876 251 decus
1902 226 1951 252 est
1977 226 2009 253 et
2028 221 2099 255 sere

1114 264 1279 296 omnibus
1303 264 1347 296 ab
1373 264 1446 306 ipso
1466 266 1567 298 rebus
1593 267 1695 309 gestis
1720 267 1867 310 gratius,
1894 271 1989 314 quod
2013 272 2097 305 casti

1114 314 1260 357 pudoris
1285 314 1389 346 decus
1420 315 1626 349 inviolatum
1661 318 1828 358 servavit,
1864 326 1896 353 et
1924 320 2097 363 captivam

1113 362 1245 397 Allucii
1262 375 1423 407 sponsam
1442 366 1527 397 adeo
1545 367 1667 399 eximia
1686 368 1808 407 forma,
1831 375 1870 402 ut
1886 382 2096 415 quocunque

1113 414 1312 453 incedebat,
1338 415 1496 447 omnium
1516 416 1602 448 inse
1620 418 1738 450 oculos
1754 426 1986 459 converteret,
2013 422 2095 453 red-

1112 465 1164 498 dit
1191 465 1354 497 intactam
1374 476 1521 507 sponso,
1549 467 1666 499 addita
1689 464 1752 500 hac
1776 469 1896 502 divina
1919 470 2094 504 oratione:

1111 513 1186 557 Ego
1205 526 1283 547 cum
1302 525 1427 557 sponsa
1452 523 1509 549 tua
1535 523 1633 559 capta
1658 528 1676 548 a
1700 517 1871 552 militibus
1895 521 2025 553 nostris
2048 523 2094 554 ad

1113 577 1166 597 me
1182 565 1329 598 deducta
1349 572 1453 606 esset,
1480 566 1707 610 audiremque
1724 578 1799 600 eam
1816 569 1879 601 tibi
1899 571 1993 603 cordi
2011 582 2094 612 esse,

1111 621 1143 648 et
1168 616 1279 647 forma
1313 615 1438 648 faceret
1464 616 1585 655 fidem,
1620 616 1701 660 quia
1730 616 1802 659 ipse
1824 618 1852 649 si
1877 618 1947 651 frui
1974 620 2093 655 liceret

1111 665 1194 698 ludo
1211 665 1331 698 aetatis
1345 692 1353 705 ,
1380 672 1410 698 et
1432 678 1503 698 non
1521 665 1734 708 Respublica
1758 666 1915 700 animum
1933 676 2093 703 nostrum

1110 722 1327 759 occupasset,
1355 716 1492 748 veniam
1513 714 1601 748 mihi
1619 716 1695 749 ‹lari
1720 728 1883 759 sponsam
1902 718 2093 762 impensius

1109 765 1241 798 amanti
1265 766 1409 806 vellem,
1440 772 1515 799 tuto
1539 766 1637 799 cuius
1661 778 1803 811 possum
1839 768 1950 801 amori
1979 770 2093 805 faveo.

1110 815 1191 849 Fuit
1214 827 1339 858 sponsa
1361 822 1419 848 tua
1444 817 1536 858 apud
1559 828 1614 849 me
1634 818 1773 855 eadem,
1801 829 1869 862 qua
1884 820 1977 862 apud
1993 831 2092 854 soce-

1109 878 1165 898 ros
1181 872 1258 899 tuos
1274 873 1503 910 parentesque
1520 878 1599 899 suos
1618 867 1847 908 verecundia,
1874 876 2008 902 servata
2025 870 2091 903 tibi

1109 923 1175 956 est,
1202 922 1240 949 ut
1264 916 1471 948 inviolatum
1499 923 1531 949 et
1554 918 1699 959 dignum
1725 930 1780 950 me
1803 924 1906 963 teque
1923 919 1998 952 dari
2024 920 2092 953 tibi

1109 967 1241 999 donum
1262 972 1387 1009 posset.
1424 966 1523 999 Hanc
1543 968 1733 1000 mercedem
1751 980 1857 1000 unam
1876 981 1939 1012 pro
1956 981 1995 1002 eo
2011 982 2090 1003 mu-

1108 1028 1191 1049 nere
1208 1016 1381 1058 paciscor,
1409 1017 1542 1049 amicus
1560 1016 1670 1060 Popu.
1687 1016 1818 1050 Roma:
1845 1025 1883 1051 ut
1901 1018 1947 1051 sis
1966 1026 2028 1052 etc.

1211 1066 1326 1108 Quam
1343 1064 1488 1110 pulchra
1505 1074 1554 1100 est
1571 1066 1761 1100 Pausaniae
1777 1068 1993 1102 continentia
2011 1070 2091 1102 abs-

1109 1117 1253 1150 tinentis
1279 1129 1297 1149 a
1321 1116 1456 1159 captiva
1481 1115 1571 1156 Coa,
1597 1125 1630 1151 et
1651 1118 1812 1151 addentis
1840 1116 1931 1151 hanc
1955 1131 2091 1152 memo-

1110 1167 1255 1199 rabilem
1274 1178 1411 1199 vocem:
1432 1166 1569 1200 Sufficit
1585 1179 1639 1200 me
1655 1168 1740 1200 meis
1757 1169 1939 1212 Spartanis
1955 1170 2090 1213 placere

1108 1224 1223 1250 sancta
1242 1217 1390 1249 dicendo
1413 1223 1446 1250 et
1465 1224 1582 1251 sancta
1600 1218 1772 1252 faciendo.

1210 1266 1308 1309 Quid
1340 1264 1522 1310 pulchrius
1555 1268 1698 1311 cogitari
1736 1275 1849 1312 potest
1877 1267 2091 1309 Alexandro,

1109 1329 1187 1350 cum
1208 1317 1299 1349 victo
1317 1318 1359 1348 ad
1387 1316 1496 1349 Issum
1511 1316 1619 1350 Dario
1635 1325 1666 1351 et
1685 1326 1784 1362 capta
1804 1319 1913 1362 ipsius
1933 1321 2091 1362 coniuge,

1109 1372 1141 1398 et
1159 1376 1327 1410 gyneceo,
1352 1376 1395 1396 ne
1411 1366 1561 1398 flammis
1578 1368 1751 1408 illegitimi
1771 1369 1899 1401 amoris
1915 1369 1987 1412 ipse
2004 1382 2093 1415 quo-

1109 1427 1176 1458 que
1192 1421 1393 1456 caperetur,
1419 1415 1571 1458 aspicere
1597 1428 1652 1449 eas
1675 1417 1809 1457 noluit,
1836 1419 1895 1451 sed
1919 1420 2029 1453 oculis
2053 1420 2091 1452 in

1109 1471 1236 1497 terram
1253 1463 1389 1504 defixis,
1416 1466 1580 1498 mandata
1596 1467 1691 1499 dedit
1707 1464 1914 1500 hominibus
1936 1467 2093 1503 honestis

1109 1519 1142 1545 et
1160 1513 1226 1544 fide
1245 1513 1378 1554 dignis,
1404 1520 1444 1546 ut
1461 1525 1516 1546 eas
1542 1514 1728 1548 inviolatas
1746 1518 1972 1554 custodirent.
2024 1519 2093 1552 Hic

1111 1563 1201 1595 idem
1237 1560 1437 1595 Alexander
1465 1571 1582 1607 postea
1616 1577 1696 1598 vere
1727 1565 1850 1600 similis
1881 1575 1931 1601 est
1959 1575 2094 1602 statuae

1110 1620 1289 1646 truncatae
1306 1613 1428 1656 capite,
1452 1626 1530 1646 cum
1548 1622 1712 1658 occupata
1727 1615 1921 1661 Babylone,
1945 1625 1978 1652 et
1994 1626 2093 1662 parto

1109 1663 1216 1697 totius
1239 1662 1335 1695 orbis
1355 1669 1526 1696 terrarum
1550 1665 1715 1709 imperio,
1743 1667 1838 1700 dedit
1855 1679 1928 1701 sese
1943 1669 2095 1712 flagitio-

1111 1714 1156 1746 sis
1176 1713 1402 1753 libidinibus,
1428 1726 1466 1746 ac
1493 1716 1633 1748 tandem
1652 1728 1729 1748 cum
1749 1717 1785 1749 in
1803 1718 1965 1751 convivio
1984 1718 2094 1752 Ama-

1111 1764 1179 1797 siae
1195 1763 1345 1796 ninnium
1361 1764 1435 1797 vini
1453 1761 1641 1805 hausisset,
1669 1767 1894 1808 extinguitur.
1937 1768 2095 1802 Plurima

1111 1820 1193 1847 sunt
1217 1821 1331 1847 autem
1356 1814 1393 1846 in
1417 1812 1652 1848 Ethnicorum
1679 1814 1834 1850 historiis
1859 1816 2094 1861 pulcherrima

1112 1864 1350 1897 continentiae
1365 1866 1540 1908 exempla,
1570 1873 1607 1899 ut
1626 1865 1718 1899 Pelei
1741 1868 1948 1902 abstinentis
1973 1882 1990 1902 a
2008 1868 2095 1902 Cre—

1112 1912 1228 1948 theide
1255 1913 1370 1948 Acasti
1403 1916 1492 1958 regis
1523 1915 1728 1959 Magnetum
1765 1930 1894 1959 uxore,
1936 1918 2096 1953 Bellero-

1114 1962 1239 2008 phonti
1274 1965 1317 1997 ab
1349 1964 1482 1998 Antaea
1514 1965 1648 1999 Praeeti
1685 1979 1791 2000 uxore
1820 1980 1855 2000 se
1886 1967 2094 2010 cohibentis,

1114 2015 1299 2059 Hippolyti
1327 2022 1359 2048 et
1383 2016 1545 2049 aliorum.
1597 2016 1666 2049 Sed
1698 2015 1781 2050 haec
1811 2030 2096 2059 commemorare,

1115 2077 1177 2097 nec
1204 2062 1309 2097 huius
1335 2065 1399 2097 loci
1418 2072 1450 2098 et
1469 2066 1572 2097 nimis
1599 2066 1742 2107 longum
1760 2074 1864 2105 esset,
1892 2070 2095 2110 praesertim

1116 2127 1194 2149 cum
1225 2115 1387 2148 materiae
1418 2116 1529 2149 multo
1560 2116 1782 2157 illustriores,
1816 2124 1848 2150 et
1878 2119 1921 2150 ad
1954 2119 2094 2153 institu-

1117 2173 1186 2199 tam
1220 2165 1413 2198 orationem
1453 2167 1496 2199 de
1526 2166 1690 2209 coniugio
1721 2168 1829 2210 magis
1865 2176 2097 2212 congruentes

1118 2216 1305 2260 supersint.

1218 2265 1324 2308 Quod
1347 2265 1393 2298 ita
1417 2266 1597 2299 ordinavit
1613 2265 1726 2307 Deus,
1752 2273 1790 2301 ut
1808 2268 1957 2302 duarum
1978 2281 2098 2314 perso-

1120 2328 1243 2349 narum
1268 2316 1523 2349 indissolubilis
1550 2317 1751 2350 coniunctio
1775 2325 1879 2359 esset,
1913 2320 1996 2364 quia
2022 2321 2096 2354 vult

1122 2365 1313 2399 Ecclesiam
1350 2377 1420 2398 esse
1455 2366 1653 2399 s‹›‹·ietat‹›m
1693 2374 1725 2400 et
1760 2375 1895 2402 coctum
1930 2370 2100 2415 aliquem,

1123 2418 1270 2460 ideoque
1293 2423 1325 2449 et
1344 2416 1632 2448 consuetudinem
1656 2418 1895 2461 coniugalem,
1921 2432 2010 2464 quae
2032 2421 2100 2453 ini-

1122 2468 1210 2502 tium
1237 2474 1267 2499 et
1290 2467 1367 2499 sons
1388 2473 1437 2498 est
1470 2466 1624 2510 reliquae
1649 2467 1821 2501 societatis
1851 2467 2043 2508 humanae,
2070 2478 2098 2503 et

1125 2520 1234 2561 ipsam
1263 2517 1441 2561 politicam
1467 2517 1771 2560 congregationem
1790 2520 2006 2553 admirandis
2025 2522 2102 2553 vin-

1126 2568 1215 2602 culis
1240 2566 1491 2609 generationis,
1518 2567 1751 2609 educationis,
1777 2569 1994 2609 officiorum,
2021 2583 2103 2603 eon-

1130 2625 1323 2655 tractuum,
1362 2617 1627 2659 gubernationis
1657 2626 1721 2654 etc.
1749 2620 1944 2662 colligavit,
1981 2628 2016 2653 ut
2046 2621 2104 2652 alii

1133 2670 1283 2703 aliorum
1308 2679 1390 2701 voce
1414 2668 1456 2700 de
1472 2666 1546 2701 Deo
1571 2669 1816 2709 erudirentur,
1836 2678 1869 2704 et
1884 2670 2048 2713 exemplis
2064 2672 2107 2702 ad

1579 2718 1603 2750 9
