2324 2955
192 104 236 137 71
646 97 802 133 DECL.
846 94 916 130 DE
951 92 1227 129 GEORGlO
1262 91 1448 128 PRINC.
1483 91 1731 129 ANHALT.

196 188 305 220 indita
323 198 394 219 esse
409 185 594 230 appellatio
612 183 662 214 illi
680 181 798 225 nepoti
814 178 944 224 Iaphet.
974 179 1064 213 Nam
1081 177 1173 212 Esch

193 235 320 271 Cohon
338 237 506 279 significat
523 234 734 266 sacerdotem
753 231 851 274 ignis.
896 230 978 263 Fuit
995 230 1100 273 igitur
1117 230 1175 262 ille

196 300 304 332 nepos
322 285 441 331 laphet
459 291 571 317 custos
597 282 683 315 sacri
711 283 818 324 ignis,
845 282 1007 314 videlicet
1035 281 1175 322 religio-

196 340 250 371 nis
268 345 299 371 et
316 336 506 369 doctrinae.
559 334 627 367 Sed
653 331 737 365 haec
756 339 868 365 vetera
887 332 1021 366 omitto,
1072 329 1176 363 Extat

195 395 310 421 autem
330 387 365 418 iu
382 383 538 417 historiis
555 396 625 416 non
642 383 753 416 solum
773 382 938 415 continua
957 382 1060 414 series
1072 380 1176 412 Prin-

194 439 309 481 cipum
329 434 603 469 Auhaltiuorum
627 446 687 467 seu
707 432 956 472 Ascaniurum‚
987 433 1045 464 sed
1071 431 1173 463 etiam

195 499 309 520 rerum
334 485 654 518 honestissimaram
685 483 970 516 commemoratio
994 493 1078 526 quas
1103 493 1177 524 ges-

194 544 324 576 serunt,
340 548 443 581 quam
462 533 620 568 hocloco
638 535 781 567 recitare
798 533 903 565 nimis
921 533 1062 575 longum
1080 538 1177 564 esset.

296 587 335 620 In
374 585 436 619 hac
472 585 688 619 nobilissima
721 584 852 616 familia
880 590 981 615 natus
1002 589 1051 615 est
1075 582 1176 614 Patre

193 638 357 681 Principe
375 635 523 670 Ernesto
547 643 579 669 et
598 643 706 668 matre
731 641 808 666 nata
830 634 864 665 in
891 633 1021 665 familia
1039 632 1175 664 Ducum

195 687 599 729 Munsterbergensium,
636 685 803 728 Princeps
828 683 1013 725 Georgius,
1065 681 1177 715 Erant

194 746 309 772 autem
328 738 363 771 in
384 738 586 781 parentibus
605 749 682 768 cum
701 736 787 767 aliae
808 735 972 772 virtutes,
999 740 1072 766 tum
1094 745 1174 765 vero

193 790 348 823 studium
366 799 529 829 magnum
557 787 816 829 cognoscendae
834 784 1013 817 doctrinae
1030 784 1072 815 de
1090 783 1177 822 Deo,

195 847 227 873 et
251 851 329 872 vera
357 838 530 870 invocatio
554 837 630 870 Dei.
684 836 801 877 Quare
825 842 858 868 et
880 835 970 866 filios
996 834 1061 876 ipsi
1078 834 1174 865 domi

194 892 236 923 ad
254 889 467 931 agnitionem
488 887 552 920 Dei
571 894 603 920 et
623 887 666 918 ad
686 886 803 918 omnia
825 883 966 917 honesta
984 884 1096 916 officia
1115 885 1176 916 ad-

195 941 430 977 suefecerunt,
457 945 487 970 et
504 938 673 971 Doctores
692 936 739 968 eis
756 936 900 968 idoneos
918 934 1176 979 quaesiverunt.

193 989 285 1024 Evat
308 996 392 1022 tunc
418 989 455 1020 in
480 988 608 1033 inclyta
631 986 818 1020 Academia
840 986 983 1030 Lypsica
1003 983 1177 1025 Georgius

192 1041 322 1074 Heltus
338 1036 581 1078 Forchemius,
609 1038 707 1071 cuius
725 1037 789 1070 fuit
808 1037 843 1069 in
861 1037 1055 1068 formandis
1078 1035 1176 1077 inge-

193 1092 262 1124 niis
279 1091 362 1123 fides
387 1096 418 1122 et
440 1089 609 1122 foelicitas
627 1088 772 1127 eximia,
802 1094 833 1120 et
855 1087 1064 1119 laudabatur
1087 1086 1178 1119 inte-

193 1142 298 1185 gritas
315 1148 348 1174 et
365 1140 516 1183 gravitas
534 1139 570 1171 in
588 1139 756 1173 moribus.
785 1137 851 1170 Hic
868 1137 960 1169 enim
977 1137 1080 1169 initio
1097 1148 1177 1169 eru-

194 1192 259 1225 diit
277 1188 494 1225 loacbimum
513 1189 775 1226 Camerarium,
802 1187 993 1232 Casparum
1012 1186 1176 1229 Crucige-

195 1255 291 1280 rum,
319 1248 352 1274 et
377 1241 464 1273 alios
488 1241 547 1285 qui
572 1247 689 1284 postea
713 1248 855 1283 propter
877 1238 1110 1270 eruditionem
1140 1237 1177 1268 in

194 1291 350 1326 Ecclesia
372 1298 404 1324 et
422 1292 458 1324 in
473 1291 726 1333 gubernatione
742 1290 876 1322 utiliter
890 1289 979 1320 vitae
997 1287 1175 1320 communi

192 1343 399 1376 servierunt.
452 1340 544 1372 Huic
577 1340 731 1380 Georgio
758 1336 966 1369 Forchemio
998 1348 1177 1366 conuncu-

194 1395 295 1426 datus
319 1399 369 1425 est
393 1390 593 1423 adolescens
618 1388 785 1431 Princeps
809 1385 983 1427 Georgius
1010 1382 1177 1417 Anlialti-

192 1455 279 1482 uus,
304 1443 397 1486 apud
417 1452 518 1486 quem
536 1451 614 1472 curn
637 1446 761 1472 natura
778 1443 863 1469 esset
880 1436 1059 1468 doctrinae
1075 1435 1175 1466 avida

192 1501 225 1527 et
241 1505 357 1536 capax,
380 1491 538 1525 celeriter
549 1488 822 1526 Grammaticen‚
839 1487 994 1528 linguam
1004 1485 1177 1525 Latinam,

192 1543 409 1578 Dialecticcn
428 1548 460 1574 et
476 1537 681 1574 Catechesin
696 1538 875 1571 doctrinae
884 1534 1103 1570 Christianae
1122 1535 1176 1567 di-

193 1595 295 1634 dicit,
322 1599 354 1626 et
374 1593 417 1625 ad
435 1591 595 1625 exercitia
621 1588 852 1622 invocationis
871 1586 1025 1620 studiose
1051 1587 1176 1619 adsue-

193 1640 303 1678 factus
320 1651 380 1677 est.

293 1693 416 1727 Postea
435 1693 479 1725 de
502 1690 649 1724 consilio
674 1688 871 1732 gravissimi
897 1687 989 1720 senis
1008 1684 1175 1731 Episcopi

193 1743 492 1787 Mersburgensis,
519 1738 679 1784 Adolphi
702 1739 876 1782 Principis
892 1736 1079 1771 Anbaltini
1103 1737 1176 1770 ius—

192 1808 249 1829 sus
277 1802 327 1828 est
350 1794 449 1827 initia
475 1793 654 1825 doctrinae
677 1790 1011 1823 lurisconsnltorum
1034 1788 1175 1826 discere,

193 1859 261 1891 quo
287 1846 324 1878 in
349 1856 474 1888 genere
497 1850 630 1876 tantam
654 1841 826 1885 praestitit
844 1839 1110 1879 adsiduitatem,
1138 1846 1175 1872 ut

192 1898 307 1930 sontes
333 1901 425 1928 recte
447 1899 686 1936 cognosceret,
723 1903 789 1936 qua
814 1891 852 1922 in
882 1902 918 1922 re
945 1889 1176 1923 adiuvabatur

192 1960 264 1980 non
280 1947 394 1980 solum
410 1958 429 1978 a
447 1943 678 1980 Doctoribus,
704 1943 761 1974 sed
787 1941 890 1974 etiam
909 1947 1054 1973 naturae
1071 1951 1175 1982 gene-

192 1998 351 2037 rositate,
379 2007 467 2041 quae
489 1995 626 2027 amabat
643 1993 844 2031 veritatem,
870 1998 903 2024 et
926 1997 999 2024 erat
1024 1991 1175 2032 fugitans

193 2047 470 2081 cavillationum.
505 2044 667 2084 Videbat,
693 2043 787 2076 utin
806 2049 889 2081 arte,
916 2041 1069 2082 exordia,
1093 2054 1175 2086 pro-

191 2099 385 2141 gressiones
412 2104 445 2130 et
473 2103 599 2134 metas,
626 2101 660 2127 et
683 2093 900 2135 intelligebat
917 2092 1099 2125 veritatem
1120 2093 1174 2126 lu-

193 2161 266 2181 cem
282 2148 437 2181 divinam
454 2158 536 2187 esse,
561 2151 789 2178 monstratam
806 2143 922 2186 generi
941 2139 1109 2183 humano,
1136 2151 1174 2177 ut

192 2205 351 2232 teneatur
374 2198 562 2230 discrimen
586 2197 676 2229 inter
699 2192 844 2227 honesta
867 2199 901 2226 et
922 2193 1054 2236 turpia,
1083 2194 1174 2227 inter

191 2250 284 2282 bona
309 2255 341 2281 et
360 2248 462 2288 mala,
488 2255 520 2281 et
535 2252 742 2290 agnoscatur
758 2244 863 2285 Deus,
890 2250 922 2276 et
940 2244 1069 2277 sciatur
1087 2258 1172 2290 qua-

192 2300 234 2332 lis
260 2299 320 2339 sit,
352 2298 515 2331 videlicet
543 2297 698 2341 sapiens,
729 2307 848 2333 verax,
881 2295 1015 2334 bonus,
1051 2295 1172 2337 iustus,

191 2350 366 2383 beneficus
380 2374 388 2387 ‚
434 2354 547 2381 castus
562 2375 570 2387 ‚
612 2348 740 2379 vindex
778 2345 958 2380 scelerum.
1025 2343 1172 2380 Dicebat

189 2399 302 2433 Deum
336 2400 424 2433 velle
459 2410 523 2431 nos
557 2397 625 2430 sibi
658 2396 826 2430 adsentiri
860 2396 974 2439 agnita
1008 2397 1171 2436 veritate,

189 2451 391 2495 praestigias
409 2449 670 2483 cavillationum
691 2455 723 2480 et
749 2444 1001 2490 sophismatum
1023 2446 1170 2480 illudere

187 2501 272 2535 Deo.
327 2499 372 2534 Et
394 2512 493 2544 saepe
514 2500 602 2532 illud
628 2497 827 2532 Salomonis
850 2497 1036 2541 repetebat.
1089 2497 1168 2530 Non

185 2553 283 2585 decet
308 2551 508 2595 Principem
533 2549 663 2583 labium
691 2549 850 2580 mendax.
911 2547 1040 2581 Fontes
1064 2548 1169 2591 igitur

185 2603 271 2635 iuris
292 2609 325 2636 et
346 2613 447 2635 usum
471 2601 678 2646 quaerebat,
711 2611 750 2632 ac
773 2599 956 2643 praecipue
982 2597 1167 2632 Panormi-

181 2660 302 2686 tanum
321 2653 466 2697 legebat.

2155 98 2205 132 72

1330 177 1370 210 In
1391 175 1458 210 lioc
1479 178 1651 222 tyrocinio
1673 191 1751 211 cum
1772 190 1881 213 annos
1904 180 2040 225 aliquot
2064 193 2210 226 praepa-

1229 236 1334 262 rasset
1353 227 1550 270 ingenium,
1577 235 1610 261 et
1635 229 1702 261 iam
1722 241 1876 272 egressus
1897 238 1984 264 esset
2007 244 2139 264 annum
2158 232 2211 264 vi-

1229 280 1393 312 cesimum
1417 279 1626 317 secundum,
1657 278 1855 312 Cardinalis
1879 280 2045 314 Albertus
2071 280 2212 315 Elector

1230 329 1476 371 Moguntinus‚
1505 334 1538 361 et
1550 326 1742 372 Episcopus
1761 330 2086 374 Magdeburgensis,
2110 339 2211 365 natus

1230 380 1265 411 iu
1290 379 1420 411 familia
1439 376 1687 410 Mareliionum
1705 378 2121 423 Brandenburgensium,
2148 383 2211 414 ad-

1230 430 1343 472 iungit
1367 441 1444 461 eum
1468 429 1677 461 consiliariis
1702 429 1738 461 iu
1762 431 1859 471 aula,
1892 433 1951 464 uhi
1984 432 2051 464 iam
2078 445 2148 465 uon
2177 433 2212 464 in

1229 482 1371 519 umbra,
1399 486 1436 511 ut
1454 479 1490 510 in
1507 478 1712 519 Academia,
1739 481 1797 512 sed
1818 481 1852 513 in
1872 482 2010 515 iudiciis
2038 489 2071 515 et
2098 483 2132 515 in
2153 484 2213 515 ‹le-

1230 529 1499 563 liberationibus
1519 530 1784 571 gubernationis
1806 542 1906 563 usum
1926 533 2104 565 doctrinae
2129 533 2214 565 iuris

1229 580 1475 613 consideravit.
1511 578 1556 612 Et
1572 592 1648 612 cum
1667 586 1792 614 natura
1809 581 1980 615 facundus
1998 590 2094 623 esset,
2114 595 2214 627 saepe

1230 632 1330 664 iussit
1359 631 1432 663 eius
1458 642 1540 662 voce
1566 629 1763 664 Cardinalis
1794 632 1922 675 exponi
1955 644 2091 673 causas,
2126 645 2214 678 quae

1230 689 1328 715 erant
1361 682 1396 713 in
1422 681 1674 713 deliberatione
1700 688 1759 714 aut
1790 682 1927 715 iudiciis
1957 685 2215 726 proponendae.

1232 731 1281 765 lta
1299 739 1331 765 et
1358 731 1530 764 industria
1558 732 1750 774 augebatur
1777 739 1809 765 et
1832 734 2104 767 confirmabatur
2122 734 2214 766 iudi-

1230 783 1334 817 cium.
1379 782 1450 814 lam
1464 788 1578 814 autem
1597 782 1785 814 certamina
1803 784 1844 815 de
1864 784 2023 816 doctrina
2039 783 2215 817 Ecclesiae

1230 840 1322 866 mota
1345 839 1462 869 erant,
1490 839 1521 864 et
1546 831 1725 871 TeceliuS,
1754 833 1814 876 qui
1832 834 1969 866 scurrili
1997 835 2215 878 impudentia

1230 883 1370 916 venales
1393 882 1629 925 indulgentias
1657 883 1851 926 pontificias
1876 884 2155 925 circumtulerat,
2183 892 2215 918 et

1230 934 1304 966 eius
1338 932 1503 966 satellites
1529 931 1656 965 Eccius
1689 939 1721 965 et
1749 933 1808 966 alii
1837 932 2033 967 Lutherum
2068 935 2215 967 assiduis

1230 984 1368 1028 scriptis
1387 991 1418 1017 et
1433 982 1643 1015 fulminibus
1662 984 1849 1026 pontificiis
1867 985 2047 1027 cogebant,
2075 986 2118 1018 de
2135 985 2215 1018 fon-

1229 1035 1323 1068 tibus
1341 1033 1520 1066 doctrinae
1536 1031 1756 1066 Christianae
1775 1034 1883 1067 multa
1902 1035 2029 1067 dicere.

1331 1083 1377 1117 Et
1409 1084 1571 1117 extabant
1604 1083 1672 1115 iam
1696 1081 1844 1118 Lutheri
1874 1085 2140 1129 explicationes,
2174 1087 2217 1119 de

1230 1135 1432 1167 discrimine
1450 1135 1533 1176 legis
1557 1142 1589 1168 et
1608 1132 1805 1176 Evangelii,
1833 1136 1876 1167 de
1893 1148 1972 1168 vera
1991 1136 2217 1179 poenitentia,

1230 1187 1271 1217 de
1296 1186 1425 1228 gratia,
1453 1186 1495 1216 de
1520 1185 1603 1224 fide,
1638 1185 1680 1216 de
1703 1196 1784 1217 vera
1809 1185 2049 1226 invocatione,
2085 1187 2127 1219 de
2150 1198 2216 1219 usu

1230 1235 1556 1272 Sacramentorum,
1585 1236 1627 1267 de
1651 1235 1852 1268 discrimine
1876 1236 1992 1278 legum
2014 1237 2214 1269 divinarum

1230 1293 1263 1319 et
1280 1284 1535 1325 humanarum,
1569 1286 1612 1317 de
1628 1285 1832 1317 discrimine
1856 1287 2042 1319 ministerii
2067 1298 2215 1329 evange—

1231 1337 1288 1366 lici
1317 1343 1348 1366 οι
1376 1336 1537 1377 politicae
1561 1334 1752 1377 potestatis.
1806 1333 1901 1366 Haec
1919 1337 2045 1378 scripta
2064 1343 2163 1369 erant
2179 1337 2215 1368 in

1229 1384 1394 1416 manibus
1417 1385 1601 1416 doctorum
1625 1391 1657 1415 et
1686 1384 1927 1424 indoctorum,
1954 1396 1992 1417 ac
2020 1386 2133 1418 studia
2160 1398 2217 1419 ac-

1230 1434 1489 1473 cendebantur,
1516 1433 1596 1477 quia
1621 1433 1852 1475 superstitiosi
1869 1432 2030 1467 Canones
2053 1436 2115 1467 diu
2139 1436 2216 1469 sue-

1229 1490 1307 1517 rant
1336 1483 1627 1516 conscientiarum
1660 1483 1881 1523 carnificina,
1917 1491 1949 1517 et
1972 1483 2159 1518 Pontifices
2184 1493 2217 1520 et

1230 1532 1399 1567 Monaclii
1435 1545 1541 1576 regno
1575 1545 1638 1565 suo
1673 1532 1902 1567 immoderate
1933 1535 2033 1568 abusi
2063 1536 2216 1570 fuerant.

1229 1584 1502 1618 Desiderabatur
1519 1584 1622 1616 etiam
1638 1580 1833 1626 Theologia
1859 1596 1944 1628 pura
1965 1592 1997 1618 et
2021 1586 2215 1630 perspicua,

1229 1637 1310 1681 quia
1347 1631 1542 1680 labyrinthi
1577 1632 1807 1666 Scotistarum
1843 1641 1874 1667 et
1911 1635 2080 1669 similium
2117 1645 2216 1671 erant

1230 1685 1500 1720 inextricabiles.
1553 1682 1663 1716 Multi
1686 1683 1795 1725 igitur
1811 1685 1902 1717 docti
1920 1693 1951 1718 et
1976 1686 2024 1729 pii
2042 1687 2215 1721 adsentie-

1229 1739 1358 1771 bantur
1378 1733 1554 1774 Luthero,
1581 1740 1613 1767 et
1640 1735 1906 1776 gratulabantur
1928 1735 2104 1770 Ecclesiae
2130 1738 2213 1771 illu-

1230 1795 1381 1822 scentem
1398 1786 1591 1825 veritatem,
1616 1785 1675 1817 alii
1693 1783 1867 1829 prophani
1883 1786 2103 1821 laetabantur
2119 1788 2213 1821 laxa-

1229 1840 1324 1873 tione
1343 1837 1566 1870 vinculorum
1585 1837 1826 1879 quorundam,
1851 1843 1889 1869 ut
1904 1837 1977 1870 fieri
1995 1838 2111 1873 solet.v

1330 1887 1406 1922 Etsi
1426 1894 1540 1921 autem
1558 1886 1693 1928 legebat
1708 1892 1737 1919 et
1756 1885 1922 1930 Princeps
1940 1887 2112 1931 Georgius
2130 1886 2213 1922 haec

1228 1941 1373 1984 scripta,
1398 1939 1479 1983 quia
1496 1938 1612 1970 Deum
1631 1943 1723 1969 recte
1739 1938 1852 1970 colere
1869 1938 2048 1982 cupiebat,
2071 1946 2104 1972 et
2119 1940 2213 1971 mul-

1228 1992 1271 2026 tis
1290 1991 1356 2034 piis
1376 1987 1557 2022 sententiis
1573 1987 1852 2028 adsentiebatur,
1879 1995 1995 2021 tamen
2015 1990 2097 2034 quia
2114 2001 2212 2022 vere-

1228 2044 1343 2082 batur,
1368 2052 1410 2072 ne
1424 2038 1544 2072 aetatis
1561 2038 1761 2071 infirmitate
1779 2038 1907 2072 alicubi
1927 2040 2112 2080 laberetur,
2139 2052 2211 2073 non

1228 2094 1343 2127 statim
1359 2092 1401 2123 de
1417 2096 1490 2123 toto
1510 2100 1635 2132 genere
1654 2089 1834 2122 doctrinae
1852 2090 2112 2133 pronunciavit.
2151 2089 2211 2123 In—

1227 2152 1318 2178 terea
1351 2153 1432 2174 vero
1465 2139 1569 2172 simul
1594 2139 1800 2172 ardentibus
1831 2152 1869 2172 ac
1894 2141 2050 2173 adsiduis
2076 2141 2165 2174 votis
2192 2154 2210 2174 a

1226 2195 1301 2229 Deo
1325 2192 1464 2238 petivit,
1492 2189 1582 2222 ssecti
1608 2197 1727 2233 pectus
1752 2202 1852 2223 suum
1877 2192 1919 2223 ad
1944 2190 2144 2231 veritatem,
2172 2204 2210 2224 ae

1226 2243 1448 2290 lachrymans
1471 2252 1571 2284 saepe
1596 2237 1679 2274 haec
1705 2241 1808 2273 verba
1832 2241 2010 2284 repetivit:
2048 2241 2114 2274 Fac
2130 2254 2209 2275 cum

1226 2308 1326 2331 servo
1345 2301 1405 2328 tuo
1423 2292 1616 2325 secundum
1636 2290 1909 2324 misericordiam
1927 2298 2033 2332 tuam,
2061 2298 2094 2325 et
2108 2291 2209 2325 iusti-

1225 2347 1403 2381 ficationes
1427 2350 1503 2376 tuas
1528 2343 1612 2375 doce
1637 2354 1710 2380 me,
1738 2348 1770 2374 et
1793 2342 1947 2374 studiose
1974 2342 2055 2385 legit
2080 2343 2208 2387 scripta

1225 2394 1424 2443 prophetica
1445 2400 1478 2427 et
1494 2392 1702 2436 apostolica,
1728 2398 1760 2424 et
1777 2389 1830 2424 his
1849 2392 2009 2426 adiunxit
2027 2390 2206 2426 historiam

1224 2448 1349 2481 veteris
1373 2443 1564 2484 Ecclesiae,
1600 2443 1725 2487 scripta
1751 2441 1962 2485 Augustini,
1997 2442 2207 2489 Hieronymi

1223 2507 1256 2533 et
1273 2497 1365 2532 Petri
1382 2494 1626 2537 Longobardi‚
1653 2505 1691 2525 ac
1710 2492 1841 2525 laboris
1864 2490 1968 2526 liuius
1992 2491 2206 2528 hortatorem

1221 2558 1253 2584 et
1286 2548 1418 2582 socium
1449 2543 1599 2578 babebat
1626 2542 1818 2585 Georgium
1843 2541 2102 2579 Forchemium.
2160 2542 2206 2578 Et

1220 2601 1301 2646 quia
1328 2599 1442 2632 fontes
1472 2596 1507 2628 in
1535 2594 1672 2638 scriptis
1694 2591 1909 2637 propheticis
1939 2601 1971 2628 et
2002 2595 2203 2639 apostolicis

1219 2659 1427 2694 cognoscere
1448 2646 1627 2690 cupiebat,
1659 2644 1795 2678 addidit
1823 2645 1961 2688 linguae
1990 2643 2144 2680 Graecae
2172 2652 2206 2680 et
