2324 2955
128 105 201 142 305

223 189 325 224 Hanc
336 202 416 224 vero
429 189 665 223 narrationem
684 191 763 223 volo
782 191 1020 224 testimonium
1038 202 1109 222 esse

120 243 163 274 de
189 247 309 275 nostra
333 253 412 283 erga
439 241 552 284 ipsum
579 241 793 279 reverentia,
828 249 860 275 et
883 240 957 274 Deo
983 241 1108 283 gratias
1133 267 1134 271 ,

119 291 274 335 agimus,
301 293 396 337 quod
413 289 495 324 huic
513 289 690 324 Ecclesiae
708 298 777 324 tam
798 293 905 325 fidum
929 292 1107 325 Pastorem

118 339 173 375 his
190 343 403 376 turbulentis
418 342 635 385 temporibus
651 343 786 383 tribuit,
810 344 982 376 iuventuti
1003 343 1105 376 etiam
1131 354 1133 361 ⁴

118 393 192 426 eius
213 392 420 426 memoriam
442 393 633 434 tradimus,
661 401 699 427 ut
725 394 760 426 in
786 394 860 426 eius
883 406 986 426 cursu
1007 405 1106 437 prae-

118 443 264 477 sentiam
293 441 359 476 Dei
393 443 606 483 consideret,
639 450 672 477 et
701 451 863 486 agnoscat
888 445 962 487 pios
988 457 1005 476 a
1030 443 1105 477 Deo
1131 463 1132 466 =

117 493 246 526 iuvari:
273 493 430 527 imitetur
446 495 549 527 etiam
566 495 784 537 diligentiam
802 495 911 538 ipsius
929 495 964 527 in
983 507 1105 537 regen-

115 544 169 577 dis
185 544 355 578 moribus.
409 544 609 578 proderunt
626 551 659 578 et
673 545 756 577 libri
774 545 882 588 ipsius
899 546 1104 589 legentibus,

115 606 266 639 quorum
302 595 406 629 lectio
442 596 542 628 bonis
578 608 649 627 non
678 607 717 627 eo
746 602 882 628 tautum
909 603 1004 639 grata
1029 597 1105 635 erit,
1130 601 1131 616 ³

114 646 197 690 quia
216 646 324 680 multa
341 647 487 679 obscura
506 646 596 679 dicta
614 654 795 686 enarrant,
824 648 881 679 sed
901 648 1004 680 etiam
1023 647 1103 691 qnia
1129 665 1131 679 J

115 696 298 741 diligentia
323 697 359 728 in
384 697 583 741 quaerenda
610 697 727 729 nativa
758 698 928 731 sententia
951 698 1104 730 ostendit

113 758 267 780 amorem
286 747 441 781 veritatis
462 747 497 779 in
518 759 557 779 eo
576 747 680 781 fuisse
698 748 876 783 eximium.
929 746 1022 782 Dixi.

325 867 506 900 petitio
544 866 603 900 ad
637 868 886 901 Decanum.

214 950 424 994 Spectabilis
440 950 593 984 Domine
610 949 761 992 Decane,
779 959 810 984 et
831 951 940 984 Vice—
954 951 1100 985 Cancel-

113 1001 198 1034 larie
216 1001 437 1044 dignissime,
464 1001 696 1034 Meminimus
716 1015 835 1034 omnes
853 1001 1100 1035 Reverendum

110 1052 158 1085 D.
181 1051 378 1090 Pastorem,
415 1052 603 1086 Doctorem
634 1052 798 1085 loannem
831 1052 1098 1096 Bugenbaginm

111 1100 365 1143 Pomeranum,
400 1109 538 1135 sanctae
564 1104 770 1144 memoriae,
798 1116 897 1148 saepe
916 1105 1026 1137 solere
1047 1105 1100 1137 di-

111 1164 206 1192 cere,
239 1154 281 1186 ad
308 1153 425 1187 nullos
450 1165 484 1186 se
510 1154 669 1197 publicos
693 1167 731 1187 ac
755 1155 917 1189 solennes
941 1156 1100 1198 Collega-

110 1215 189 1235 rum
217 1215 255 1236 ac
276 1203 546 1237 Scolasticorum
567 1217 770 1246 congressus
794 1208 954 1239 accedere
987 1207 1101 1239 liben-

110 1254 198 1294 tius,
226 1261 260 1288 et
285 1255 416 1288 maiore
441 1268 518 1288 cum
545 1253 740 1296 hilaritate,
769 1269 873 1300 quam
891 1258 933 1289 ad
955 1255 1018 1289 hos
1038 1270 1101 1289 uo-

111 1311 219 1343 suos,
254 1305 290 1337 iu
315 1306 444 1346 quibus
478 1306 513 1335 sit
542 1307 762 1336 renunciatio
794 1319 937 1345 eorum⁷
973 1309 1101 1349 quihus

111 1353 291 1386 cenfertur
314 1353 436 1385 titulus
457 1352 651 1395 Magisterii
678 1352 931 1398 l‘liilosopbici.
986 1356 1101 1388 Multa

111 1415 146 1435 se
162 1403 276 1435 aiebat
300 1404 614 1435 commonefactum
639 1402 704 1436 hoc
722 1406 934 1447 collegarum
961 1418 1100 1438 conses-

110 1463 170 1491 su,
194 1457 452 1495 conspectuque
469 1452 663 1494 frequentis
681 1459 713 1484 et
731 1459 882 1485 attentae
898 1454 1101 1486 adolescen-

109 1502 189 1542 tiae,
213 1512 337 1544 magna
353 1513 430 1533 cum
447 1501 617 1533 suavitate
635 1502 785 1543 cogitare
801 1504 843 1534 de
859 1503 992 1545 primae
1008 1511 1102 1536 aeta-

109 1553 154 1586 tis
173 1563 254 1584 suae
269 1551 414 1591 studiis,
435 1552 477 1583 de
494 1552 739 1584 emendatione
759 1560 832 1594 post
851 1560 965 1585 secuta
978 1581 986 1593 ,
1014 1566 1102 1597 quae

110 1602 218 1636 veteri
250 1608 283 1635 et
314 1599 513 1634 horridiore
542 1603 705 1635 barbarie
742 1604 902 1646 explosa,
948 1605 1103 1637 reddidit

110 1651 239 1686 scholis
255 1653 369 1686 fontes
386 1653 545 1696 puriores
566 1653 833 1697 disciplinarum
852 1655 1031 1698 omnium,
1060 1657 1102 1688 de

111 1704 223 1737 initiis
246 1715 285 1736 ac
310 1704 519 1736 rudimentis
545 1704 677 1736 solidae
710 1705 944 1745 eruditiones,
977 1707 1020 1738 de
1046 1718 1102 1738 ar-

109 1755 197 1787 tium
241 1751 567 1798 philosophicarum
606 1755 794 1797 dignitate,
835 1757 877 1789 de
913 1757 1101 1800 multiplici

109 1806 243 1845 fructu,
270 1805 330 1849 qui
349 1817 388 1838 ex
407 1805 476 1838 illis
495 1805 624 1838 rediret
643 1807 828 1850 praecipue
844 1808 885 1839 ad
898 1805 1101 1845 Ecclesiam,
1127 1826 1129 1855 ἶ

110 1868 216 1901 quam
243 1853 368 1888 harum
392 1855 519 1888 artium
549 1857 721 1898 praesidio
748 1869 863 1890 carere
891 1870 960 1890 non
989 1870 1100 1902 posse,

109 1919 143 1939 se
170 1913 221 1940 tot
243 1906 345 1939 annis
362 1918 426 1939 usu
450 1906 632 1946 didicisse,
660 1914 763 1952 atque
778 1910 1002 1952 experientia.
1056 1908 1102 1942 Et

108 2008 218 2041 multa
236 2008 302 2040 sibi
321 2019 483 2040 revocare
505 2008 538 2040 in
562 2009 787 2050 memoriam,
814 2023 966 2054 quorum
985 2023 1100 2043 recor-

109 2059 251 2091 datione
268 2058 305 2091 in
322 2055 385 2091 hac
401 2065 536 2092 senecta
555 2059 633 2102 plus
649 2060 864 2099 reficeretur,
894 2074 998 2106 quam
1018 2062 1100 2094 ullis

108 2110 187 2142 aliis
211 2109 326 2144 rebus.
389 2108 638 2143 Delectabatur
670 2118 700 2144 et
726 2112 938 2153 collegarum
966 2112 1100 2145 sincera

108 2173 146 2193 ac
163 2160 257 2193 dulci
274 2161 473 2200 concordia,
502 2172 589 2204 quos
605 2168 637 2194 et
655 2174 733 2194 vera
753 2163 997 2196 benevolentia
1017 2176 1101 2195 con-

110 2212 247 2244 iunctos
273 2222 362 2251 esse,
389 2218 421 2243 et.
447 2212 644 2244 consentire
662 2212 798 2245 iudiciis
824 2215 865 2246 de
883 2221 953 2247 tota
971 2214 1100 2246 doctri-

109 2274 152 2295 na
174 2269 372 2296 nostrarum
393 2260 628 2295 Ecclesiarum
650 2265 832 2305 cernebat,
864 2262 999 2310 hocque
1018 2278 1101 2297 con-

108 2324 211 2346 sensu
237 2313 518 2346 incolumitatem
544 2311 701 2356 scholae,
731 2322 763 2348 et
788 2316 1012 2349 confirmatae
1042 2328 1100 2347 ve-

110 2364 221 2397 ritatis
239 2365 487 2404 stabilitatem,
516 2365 549 2397 in
570 2362 633 2397 hac
650 2362 767 2399 schola
789 2366 852 2399 niti
872 2367 1100 2408 intelligebat.

214 2414 379 2459 lnprirnis
405 2423 519 2448 autem
539 2416 724 2448 videbatur
741 2417 829 2449 serio
857 2430 893 2450 ac
912 2416 1100 2450 veliemen—

109 2474 160 2499 ter
184 2466 303 2498 animo
329 2467 541 2499 commoveri
568 2468 610 2498 ad
637 2479 757 2500 verum
785 2474 817 2501 et
840 2469 992 2500 solidum
1015 2481 1099 2510 gau—

109 2517 227 2557 dium,
265 2529 422 2561 peneque
452 2518 665 2561 exploratam
693 2531 729 2550 ac
761 2526 888 2551 certam
918 2520 1101 2563 concipere

109 2580 203 2611 spem
232 2569 274 2601 de
300 2569 451 2612 puritate
475 2569 672 2606 doctrinae,
709 2571 876 2602 duratura
911 2570 945 2602 in
972 2568 1026 2603 liis
1047 2582 1101 2603 re-
1125 2585 1128 2601 ;

109 2619 273 2660 gionibus
291 2620 332 2651 ad
354 2625 520 2663 posteros,
543 2632 620 2652 cum
641 2620 770 2653 videret
792 2621 942 2653 subinde
960 2621 1101 2665 prodire
1126 2622 1128 2629 '

111 2683 148 2702 ex
169 2666 234 2702 hoc
251 2677 350 2704 coetu
367 2670 504 2714 aliquos
523 2671 711 2704 instructos
734 2672 901 2714 ingeniis,
930 2672 1102 2710 doctrina,
1126 2685 1128 2688 ’

162 2719 343 2754 Mummii.
373 2723 475 2753 Omen,
504 2723 584 2754 Vor.
617 2724 688 2754 ΧΗ.

705 103 862 139 DECL.
897 104 970 139 DE
1005 103 1144 138 VITA
1187 104 1576 143 BUGE'NHAGII.

2072 115 2143 152 306

1133 197 1135 226 ξ
1162 190 1344 231 facundia,
1377 200 1407 225 et
1432 195 1573 227 dotibus
1596 196 1691 236 aliis,
1725 198 1786 242 qui
1813 199 1906 232 velut
1937 200 1971 232 in
2001 202 2142 244 vestigia

1160 242 1404 275 decedentium
1436 248 1676 285 succedentes,
1716 249 1810 289 usui,
1847 259 2074 290 ornamento,
2112 261 2142 286 et

1132 306 1133 330 }
1161 293 1333 334 praesidio
1358 291 1531 326 Ecclesiae
1559 298 1685 334 futuri,
1722 306 1753 331 ct
1778 312 1838 342 pro
1860 302 2003 334 veritate
2022 310 2141 336 contra

1132 342 1134 347 '
1159 340 1401 385 Sophisticen,
1437 353 1472 377 ut
1497 347 1554 377 fidi
1582 356 1613 380 et
1638 356 1833 383 constantes
1859 353 1967 384 sancti
1993 354 2141 397 depositi

1158 395 1318 425 custodes
1350 404 1460 429 essent
1495 401 1762 441 propugmduri.
1828 402 1999 437 Miscebat
2038 404 2141 437 etiam

1158 451 1257 483 vota,
1293 457 1479 490 precesque
1503 449 1543 479 ad
1571 448 1703 486 Deum,
1738 458 1769 483 et
1794 454 1942 496 suspiria
1968 455 2086 488 crebra
2105 467 2143 488 ac

1158 494 1319 535 gemitus,
1345 499 1437 540 quod
1455 495 1519 529 boc
1537 499 1611 542 ipso
1631 500 1705 531 loco
1722 498 1916 536 bonoribus
1933 512 2051 538 auctos
2070 518 2143 539 me-

1158 544 1305 578 minerat
1324 547 1469 588 multos,
1497 561 1645 593 quorum
1663 550 1772 596 aliqui
1788 554 1960 587 rabiosius
1980 556 2140 600 aliquan-

1157 600 1191 626 to
1220 603 1251 628 et
1274 596 1500 638 virulentius,
1536 598 1706 633 adhibitis
1739 604 1904 636 omnibus
1940 607 2142 640 mendacio—

1158 657 1233 677 rum
1252 653 1283 679 et
1301 648 1556 682 calumniarum
1574 649 1766 691 machinis,
1796 654 1979 688 incurrunt
2001 657 2036 688 in
2053 655 2142 690 banc

1129 724 1130 730 ,
1156 694 1329 737 scholam,
1359 712 1460 743 quam
1482 698 1595 734 hostes
1621 702 1684 744 ipsi
1710 710 1741 735 et
1765 705 1945 749 aliquanto
1973 707 2049 748 plus
2078 719 2142 740 no-

1156 754 1231 778 cent
1251 746 1416 782 Ecclcsiis
1431 752 1570 785 nostris.
1625 751 1676 784 De
1694 752 1882 800 Staphyla,
1908 754 2143 799 Paplilagone,

1128 806 1130 815 ¹
1156 804 1187 829 et
1212 805 1284 830 toto
1312 796 1415 832 liuius
1439 802 1623 840 satellitio,
1659 805 1780 836 crebro
1808 819 1975 849 usurpare
2000 808 2144 848 solebat,

1156 849 1250 891 quod
1276 852 1365 892 apud
1395 850 1563 884 Ioannem
1589 853 1730 895 legitur:
1759 854 1898 899 Egressi
1922 864 2003 890 sunt
2021 870 2059 890 ex
2077 871 2143 891 no-

1155 898 1227 938 bis,
1253 901 1310 932 sed
1332 913 1370 933 ex
1390 903 1491 935 nobis
1509 915 1580 935 non
1599 905 1755 939 fuerunt.

1260 966 1295 999 ld
1316 980 1398 1001 vero
1426 977 1543 1013 aperte
1559 974 1710 1005 ostendit
1727 985 1765 1006 ac
1783 975 1965 1016 profitetur
1989 977 2143 1009 transfu-

1154 1028 1193 1060 ga
1214 1016 1415 1063 Staphylus.

1258 1086 1337 1119 Non
1363 1088 1561 1122 dissimulat
1588 1086 1606 1121 ὁ
1637 1087 1733 1133 ρ’λάξ
1758 1089 1959 1135 Paphlago,
1994 1095 2053 1138 qui
2080 1092 2144 1127 hoc

1155 1149 1285 1176 unum,
1315 1146 1444 1183 (planta
1471 1140 1614 1177 astutia,
1645 1148 1676 1173 et
1697 1142 1839 1185 quantis
1865 1150 1975 1185 potest
1999 1153 2145 1178 conatur

1155 1188 1309 1228 viribus,
1339 1196 1375 1221 ut
1393 1190 1595 1233 explicatam
1613 1189 1845 1225 Ecclesiarum
1864 1201 2062 1227 nostrarum
2081 1197 2145 1228 do—

1154 1239 1302 1271 ctrinam
1339 1241 1505 1283 paulatim
1538 1241 1616 1273 aliis
1650 1249 1753 1286 atque
1785 1244 1863 1275 aliis
1897 1243 2144 1289 sycopliantice

1154 1290 1343 1327 convulsis,
1369 1302 1431 1323 ceu
1448 1292 1599 1324 rationes
1616 1293 1802 1335 explicatas
1819 1295 1994 1337 dissipatis
2011 1302 2043 1328 et
2062 1309 2145 1329 con-

1154 1339 1240 1369 fusis
1259 1340 1411 1379 calculis,
1440 1349 1569 1373 evertat
1587 1350 1641 1372 aut
1664 1343 1855 1375 labefactet.
1893 1343 2000 1377 Eruta
2019 1358 2143 1388 magno

1157 1389 1275 1420 labore
1290 1395 1393 1433 atque
1412 1391 1549 1422 exoluta
1577 1404 1614 1423 ex
1637 1391 1846 1436 labyrinthis
1869 1395 2049 1428 doctrinae
2068 1410 2144 1429 ino-

1157 1439 1308 1468 nasticae
1347 1447 1379 1470 ct
1414 1452 1492 1470 vere
1526 1440 1834 1484 1¹1(1·‘)075111,1‘)e'1¹1a,
1884 1446 2075 1488 confringit
2106 1460 2144 1480 ac

1155 1487 1328 1519 convincit
1341 1513 1354 1528 ,
1383 1501 1453 1520 non
1474 1492 1591 1522 κυκοῧ
1609 1489 1790 1536 ¹ttcsyet'potr
1806 1490 1931 1538 τρόπῳ
1944 1496 2038 1529 κατὰ
2055 1495 2145 1531 71λᾶ-

1154 1548 1272 1576 τωνα,
1317 1537 1350 1568 id
1385 1546 1452 1576 est,
1496 1540 1651 1578 inscitia,
1693 1543 1750 1573 sed
1791 1544 2036 1590 riccisotvpyeia,
2084 1547 2141 1581 καὶ

1156 1583 1305 1631 θράσει,
1340 1587 1399 1621 καί
1427 1587 1715 1633 xosssatzmissgmm
1741 1590 1949 1636 mutiat-1⁷05,
1988 1603 2025 1628 ut
2052 1600 2144 1640 apud

1155 1636 1431 1681 Aristophanem
1457 1647 1517 1672 est.
1577 1640 1622 1674 Et
1657 1644 1740 1674 dum
1769 1645 1862 1677 xelut
1886 1644 2037 1680 Balaeua
2063 1648 2146 1681 Ari-

1155 1686 1360 1731 stophanica
1380 1692 1610 1724 concionatur
1628 1694 1721 1735 gregi
1740 1695 1858 1727 ovium
1873 1723 1880 1735 ,
1909 1694 1974 1729 hoc
1991 1706 2059 1737 est,
2083 1711 2144 1731 suo

1156 1736 1292 1772 theatro
1311 1743 1480 1782 grunnitu
1501 1743 1629 1775 rabiosi
1648 1757 1684 1776 ac
1702 1747 1872 1778 mordacis
1891 1748 2003 1789 porci,
2033 1761 2146 1781 arma-

1156 1796 1210 1823 tus
1236 1791 1405 1831 tridente,
1439 1806 1509 1825 non
1539 1795 1616 1827 ferit
1640 1796 1857 1829 adversarios
1886 1794 1999 1830 hostes
2025 1797 2145 1831 Eccle-

1155 1841 1522 1882 siarumnostrarum,
1551 1847 1607 1876 sed
1635 1846 1727 1879 velut
1755 1848 1958 1890 conspirans
1982 1862 2057 1881 cum
2078 1851 2146 1882 illis

1126 1892 1278 1935 ilopino
1311 1893 1466 1935 foedere,
1506 1895 1541 1926 in
1577 1897 1794 1928 eversionem
1831 1899 1960 1938 nostri,
2003 1901 2146 1942 spiculis

108 1964 313 1999 argumenta
331 1958 552 1996 orationum,
577 1970 665 2002 qnae
684 1959 934 1996 recitarentur,
963 1960 1102 1993 dicebat
1155 1940 1464 1987 S)'⁰‘'Pl¹·'¹¹¹¹¹·‘¹¹'¹¹'¹¹
1492 1954 1613 1988 1²¹¹¹¹12¹¹
1643 1947 1819 1991 foditque,
1850 1962 1908 1980 “¹¹¹
1931 1950 1965 1981 5¹¹
1994 1951 2063 1981 ‘'²⁰5‘’
2082 1965 2145 1994 ⁰1¹-

1156 1994 1286 2036 positos
1312 1995 1433 2027 iisdem
1467 1997 1510 2028 ab
1536 1995 1702 2029 Ecclesiis
1735 1999 1864 2030 nostris
1895 2001 2145 2041 antagonistas,

1155 2051 1188 2076 ut
1211 2041 1274 2075 llos
1292 2045 1496 2078 dimicantes
1515 2047 1616 2078 simul
1634 2060 1710 2078 cuni
1731 2049 1912 2092 utriusque
1932 2058 1961 2082 ct
1977 2052 2144 2091 paulatim

1157 2095 1409 2135 tang-uesanos,
1435 2097 1617 2137 geminatis
1638 2098 1761 2130 ictibus
1781 2099 1928 2138 iuguli-t,
1957 2107 1989 2132 et
2013 2101 2142 2146 siquid

1156 2147 1275 2189 probet
1304 2147 1336 2177 in
1367 2147 1526 2179 doctrina
1553 2155 1784 2193 utrorumque
1811 2158 1946 2187 nostra,
1972 2159 2001 2184 et
2021 2154 2145 2185 adxer-

1126 2209 1128 2222 ‘=
1154 2197 1327 2229 sariorum
1347 2209 1416 2229 non
1435 2205 1588 2234 constat,
1617 2207 1645 2231 et
1673 2197 1763 2231 haud
1786 2200 1876 2237 scio,
1903 2212 1946 2232 an
1975 2214 2044 2233 non
2066 2203 2144 2235 irri-

1154 2248 1232 2280 deat
1248 2255 1433 2292 utramque
1452 2250 1590 2292 pariter.
1646 2251 1760 2291 Quam
1783 2259 1958 2292 oppugnet
1979 2253 2072 2284 enim
2093 2267 2144 2286 re-

1157 2298 1340 2339 ligionem,
1368 2306 1398 2331 ct
1429 2312 1515 2343 quos
1540 2307 1735 2343 oppugnet,
1764 2300 1830 2333 Uei
1858 2302 2043 2343 beneficio,
2072 2318 2143 2336 vna-

1155 2350 1318 2382 nifestum
1344 2357 1404 2384 est.

1154 2401 1232 2445 quis
1249 2401 1385 2433 dixerit.

1449 2352 1563 2392 Quam
1591 2352 1710 2393 probet
1739 2359 1769 2384 ct
1796 2352 1903 2389 colat,
1942 2366 2010 2385 non
2049 2356 2145 2387 facile

1255 2467 1390 2500 llornm
1412 2482 1491 2510 ergo
1510 2469 1715 2513 exquisitam
1737 2470 1906 2502 malitiam
1925 2485 2001 2503 cum
2023 2474 2141 2504 fremi-

1156 2527 1190 2553 tu
1224 2520 1375 2563 quodam
1405 2521 1641 2552 detestabatur
1675 2519 1900 2553 lieverendus
1936 2523 1979 2556 Ι).
2012 2522 2141 2555 Pastor.

1154 2577 1182 2603 et
1205 2571 1348 2602 vulnera
1375 2571 1576 2613 deplorabat
1597 2583 1755 2613 gemeus,
1783 2584 1872 2615 quae
1899 2570 2070 2605 Ecclesiae
2090 2574 2141 2604 in-

1156 2622 1333 2662 fligerent,
1363 2628 1552 2665 contraque
1571 2622 1728 2654 crudeles
1747 2629 1775 2655 et
1801 2630 1929 2654 astutas
1951 2625 2140 2655 corniolen·

1156 2672 1356 2704 molitiones
1389 2671 1562 2705 Ecclesias
1590 2671 1713 2705 harum
1748 2674 1949 2715 regionum,
1992 2681 2020 2705 et
2056 2671 2142 2705 banc

1454 2724 1502 2758 20
