<?xml version="1.0" encoding="UTF-8"?>
<!DOCTYPE html PUBLIC "-//W3C//DTD XHTML 1.0 Transitional//EN"
    "http://www.w3.org/TR/xhtml1/DTD/xhtml1-transitional.dtd">
<html xmlns="http://www.w3.org/1999/xhtml" xml:lang="en" lang="en">
 <head>
  <title>
</title>
<meta http-equiv="Content-Type" content="text/html;charset=utf-8" />
  <meta name='ocr-system' content='tesseract 3.04.00' />
  <meta name='ocr-capabilities' content='ocr_page ocr_carea ocr_par ocr_line ocrx_word'/>
</head>
<body>
  <div class='ocr_page' id='page_1' title='image "./operaquaesupersu12melauoft/operaquaesupersu12melauoft_0437.png"; bbox 0 0 2324 2955; ppageno 0'>
   <div class='ocr_carea' id='block_1_1' title="bbox 115 105 188 142">
    <p class='ocr_par' dir='ltr' id='par_1_1' title="bbox 115 105 188 142">
     <span class='ocr_line' id='line_1_1' title="bbox 115 105 188 142; baseline -0.027 0"><span class='ocrx_word' id='word_1_1' title='bbox 115 105 188 142; x_wconf 69' lang='lat'>849</span> 
     </span>
    </p>
   </div>
   <div class='ocr_carea' id='block_1_2' title="bbox 115 184 1097 424">
    <p class='ocr_par' dir='ltr' id='par_1_2' title="bbox 115 184 1097 424">
     <span class='ocr_line' id='line_1_2' title="bbox 218 184 1096 232; baseline -0.006 -11"><span class='ocrx_word' id='word_1_2' title='bbox 218 186 386 222; x_wconf 80' lang='lat' dir='ltr'><em>Seleucus</em></span> <span class='ocrx_word' id='word_1_3' title='bbox 404 195 480 232; x_wconf 84' lang='lat' dir='ltr'>post</span> <span class='ocrx_word' id='word_1_4' title='bbox 498 194 631 232; x_wconf 86' lang='lat' dir='ltr'>patrem</span> <span class='ocrx_word' id='word_1_5' title='bbox 650 198 722 219; x_wconf 86' lang='lat' dir='ltr'>non</span> <span class='ocrx_word' id='word_1_6' title='bbox 739 186 799 220; x_wconf 89' lang='lat' dir='ltr'>diu</span> <span class='ocrx_word' id='word_1_7' title='bbox 818 186 987 229; x_wconf 85' lang='lat' dir='ltr'>regnavit.</span> <span class='ocrx_word' id='word_1_8' title='bbox 1022 184 1096 218; x_wconf 83' lang='lat' dir='ltr'>Alii</span> 
     </span>
     <span class='ocr_line' id='line_1_3' title="bbox 115 235 1096 274; baseline -0.006 0"><span class='ocrx_word' id='word_1_9' title='bbox 115 241 186 274; x_wconf 91' lang='lat' dir='ltr'>duo</span> <span class='ocrx_word' id='word_1_10' title='bbox 204 239 327 273; x_wconf 85' lang='lat' dir='ltr'>fratres</span> <span class='ocrx_word' id='word_1_11' title='bbox 346 238 482 273; x_wconf 83' lang='lat' dir='ltr'>Romae</span> <span class='ocrx_word' id='word_1_12' title='bbox 499 238 639 270; x_wconf 88' lang='lat' dir='ltr'>obsides</span> <span class='ocrx_word' id='word_1_13' title='bbox 661 244 774 270; x_wconf 86' lang='lat' dir='ltr'>eraut.</span> <span class='ocrx_word' id='word_1_14' title='bbox 827 236 943 270; x_wconf 87' lang='lat' dir='ltr'>Huius</span> <span class='ocrx_word' id='word_1_15' title='bbox 959 235 1096 270; x_wconf 85' lang='lat' dir='ltr'><strong>Seleuci</strong></span> 
     </span>
     <span class='ocr_line' id='line_1_4' title="bbox 115 286 1097 333; baseline -0.007 -10"><span class='ocrx_word' id='word_1_16' title='bbox 115 296 272 333; x_wconf 88' lang='lat' dir='ltr'>tempore</span> <span class='ocrx_word' id='word_1_17' title='bbox 307 301 386 323; x_wconf 85' lang='lat' dir='ltr'>cum</span> <span class='ocrx_word' id='word_1_18' title='bbox 418 288 634 321; x_wconf 86' lang='lat' dir='ltr'>Heliodorus</span> <span class='ocrx_word' id='word_1_19' title='bbox 664 288 833 330; x_wconf 85' lang='lat' dir='ltr'>ternplum</span> <span class='ocrx_word' id='word_1_20' title='bbox 864 286 1097 331; x_wconf 73' lang='lat' dir='ltr'>lerosolymae</span> 
     </span>
     <span class='ocr_line' id='line_1_5' title="bbox 117 338 1097 384; baseline -0.005 -12"><span class='ocrx_word' id='word_1_21' title='bbox 117 339 330 384; x_wconf 84' lang='lat' dir='ltr'>spoliaturus</span> <span class='ocrx_word' id='word_1_22' title='bbox 347 346 451 379; x_wconf 87' lang='lat' dir='ltr'>esset,</span> <span class='ocrx_word' id='word_1_23' title='bbox 478 338 650 371; x_wconf 83' lang='lat' dir='ltr'>divinitus</span> <span class='ocrx_word' id='word_1_24' title='bbox 668 349 845 381; x_wconf 89' lang='lat' dir='ltr'>repressus</span> <span class='ocrx_word' id='word_1_25' title='bbox 862 344 930 378; x_wconf 89' lang='lat' dir='ltr'>est,</span> <span class='ocrx_word' id='word_1_26' title='bbox 954 343 992 370; x_wconf 90' lang='lat' dir='ltr'>ut</span> <span class='ocrx_word' id='word_1_27' title='bbox 1014 347 1097 368; x_wconf 84' lang='lat' dir='ltr'>nar-</span> 
     </span>
     <span class='ocr_line' id='line_1_6' title="bbox 117 387 768 424; baseline -0.006 0"><span class='ocrx_word' id='word_1_28' title='bbox 117 397 171 424; x_wconf 81' lang='lat' dir='ltr'>rat</span> <span class='ocrx_word' id='word_1_29' title='bbox 187 390 359 423; x_wconf 90' lang='lat' dir='ltr'>secundus</span> <span class='ocrx_word' id='word_1_30' title='bbox 379 389 468 421; x_wconf 87' lang='lat' dir='ltr'>liber</span> <span class='ocrx_word' id='word_1_31' title='bbox 483 387 768 423; x_wconf 83' lang='lat' dir='ltr'>Macabaeorum.</span> 
     </span>
    </p>
   </div>
   <div class='ocr_carea' id='block_1_3' title="bbox 111 443 1095 733">
    <p class='ocr_par' dir='ltr' id='par_1_3' title="bbox 111 443 1095 733">
     <span class='ocr_line' id='line_1_7' title="bbox 213 443 1095 489; baseline -0.007 -8"><span class='ocrx_word' id='word_1_32' title='bbox 213 446 303 481; x_wconf 88' lang='lat' dir='ltr'>Cum</span> <span class='ocrx_word' id='word_1_33' title='bbox 321 453 437 480; x_wconf 86' lang='lat' dir='ltr'>autem</span> <span class='ocrx_word' id='word_1_34' title='bbox 456 444 655 481; x_wconf 78' lang='lat' dir='ltr'>Antiochus</span> <span class='ocrx_word' id='word_1_35' title='bbox 673 443 876 489; x_wconf 81' lang='lat' dir='ltr'>Epiphanes</span> <span class='ocrx_word' id='word_1_36' title='bbox 895 444 1095 483; x_wconf 70' lang='lat' dir='ltr'>audivisset,</span> 
     </span>
     <span class='ocr_line' id='line_1_8' title="bbox 113 495 1094 544; baseline -0.007 -12"><span class='ocrx_word' id='word_1_37' title='bbox 113 505 247 544; x_wconf 87' lang='lat' dir='ltr'>patrem</span> <span class='ocrx_word' id='word_1_38' title='bbox 261 504 440 530; x_wconf 88' lang='lat' dir='ltr'>mortuum</span> <span class='ocrx_word' id='word_1_39' title='bbox 459 509 542 534; x_wconf 86' lang='lat' dir='ltr'>esse,</span> <span class='ocrx_word' id='word_1_40' title='bbox 569 497 657 529; x_wconf 81' lang='lat' dir='ltr'>clam</span> <span class='ocrx_word' id='word_1_41' title='bbox 676 508 712 528; x_wconf 85' lang='lat' dir='ltr'>ex</span> <span class='ocrx_word' id='word_1_42' title='bbox 730 497 816 529; x_wconf 90' lang='lat' dir='ltr'>urbe</span> <span class='ocrx_word' id='word_1_43' title='bbox 826 495 940 530; x_wconf 85' lang='lat' dir='ltr'>Roma</span> <span class='ocrx_word' id='word_1_44' title='bbox 958 495 1094 537; x_wconf 78' lang='lat' dir='ltr'>fugiens</span> 
     </span>
     <span class='ocr_line' id='line_1_9' title="bbox 113 545 1095 593; baseline -0.006 -12"><span class='ocrx_word' id='word_1_45' title='bbox 113 560 261 592; x_wconf 87' lang='lat' dir='ltr'>regnum</span> <span class='ocrx_word' id='word_1_46' title='bbox 293 547 416 593; x_wconf 76' lang='lat' dir='ltr'>Syriae</span> <span class='ocrx_word' id='word_1_47' title='bbox 449 547 652 591; x_wconf 83' lang='lat' dir='ltr'>occupavit,</span> <span class='ocrx_word' id='word_1_48' title='bbox 701 546 772 578; x_wconf 81' lang='lat' dir='ltr'>filio</span> <span class='ocrx_word' id='word_1_49' title='bbox 808 546 946 580; x_wconf 82' lang='lat' dir='ltr'>Seleuci</span> <span class='ocrx_word' id='word_1_50' title='bbox 983 545 1095 588; x_wconf 88' lang='lat' dir='ltr'>pulso.</span> 
     </span>
     <span class='ocr_line' id='line_1_10' title="bbox 112 595 1094 632; baseline -0.006 0"><span class='ocrx_word' id='word_1_51' title='bbox 112 597 231 632; x_wconf 85' lang='lat' dir='ltr'>Huius</span> <span class='ocrx_word' id='word_1_52' title='bbox 246 596 414 632; x_wconf 76' lang='lat' dir='ltr'>Antiochi</span> <span class='ocrx_word' id='word_1_53' title='bbox 433 595 615 630; x_wconf 80' lang='lat' dir='ltr'>historiam</span> <span class='ocrx_word' id='word_1_54' title='bbox 637 608 774 629; x_wconf 86' lang='lat' dir='ltr'>necesse</span> <span class='ocrx_word' id='word_1_55' title='bbox 798 604 847 630; x_wconf 84' lang='lat' dir='ltr'>est</span> <span class='ocrx_word' id='word_1_56' title='bbox 871 596 1094 629; x_wconf 86' lang='lat' dir='ltr'>considerare</span> 
     </span>
     <span class='ocr_line' id='line_1_11' title="bbox 113 644 1094 692; baseline -0.005 -10"><span class='ocrx_word' id='word_1_57' title='bbox 113 655 147 682; x_wconf 88' lang='lat' dir='ltr'>et</span> <span class='ocrx_word' id='word_1_58' title='bbox 165 655 307 692; x_wconf 90' lang='lat' dir='ltr'>propter</span> <span class='ocrx_word' id='word_1_59' title='bbox 322 646 526 688; x_wconf 87' lang='lat' dir='ltr'>Danielem,</span> <span class='ocrx_word' id='word_1_60' title='bbox 553 654 587 680; x_wconf 88' lang='lat' dir='ltr'>et</span> <span class='ocrx_word' id='word_1_61' title='bbox 609 654 752 690; x_wconf 87' lang='lat' dir='ltr'>propter</span> <span class='ocrx_word' id='word_1_62' title='bbox 771 647 926 690; x_wconf 79' lang='lat' dir='ltr'>exempla</span> <span class='ocrx_word' id='word_1_63' title='bbox 951 644 1094 679; x_wconf 88' lang='lat' dir='ltr'>calami-</span> 
     </span>
     <span class='ocr_line' id='line_1_12' title="bbox 111 696 981 733; baseline -0.005 0"><span class='ocrx_word' id='word_1_64' title='bbox 111 705 222 733; x_wconf 80' lang='lat' dir='ltr'>tatum</span> <span class='ocrx_word' id='word_1_65' title='bbox 240 705 273 732; x_wconf 80' lang='lat' dir='ltr'>et</span> <span class='ocrx_word' id='word_1_66' title='bbox 290 698 507 731; x_wconf 87' lang='lat' dir='ltr'>mirabilium</span> <span class='ocrx_word' id='word_1_67' title='bbox 525 697 776 731; x_wconf 67' lang='lat' dir='ltr'>liberationum</span> <span class='ocrx_word' id='word_1_68' title='bbox 794 696 981 730; x_wconf 77' lang='lat' dir='ltr'>Ecclesiae.</span> 
     </span>
    </p>
   </div>
   <div class='ocr_carea' id='block_1_4' title="bbox 108 755 1117 1200">
    <p class='ocr_par' dir='ltr' id='par_1_4' title="bbox 108 755 1094 1200">
     <span class='ocr_line' id='line_1_13' title="bbox 212 755 1094 802; baseline -0.006 -11"><span class='ocrx_word' id='word_1_69' title='bbox 212 756 341 791; x_wconf 80' lang='lat' dir='ltr'>Narrat</span> <span class='ocrx_word' id='word_1_70' title='bbox 358 763 472 790; x_wconf 86' lang='lat' dir='ltr'>autem</span> <span class='ocrx_word' id='word_1_71' title='bbox 492 755 681 802; x_wconf 86' lang='lat' dir='ltr'>Polybius,</span> <span class='ocrx_word' id='word_1_72' title='bbox 710 762 841 789; x_wconf 84' lang='lat' dir='ltr'>tantam</span> <span class='ocrx_word' id='word_1_73' title='bbox 863 755 968 788; x_wconf 84' lang='lat' dir='ltr'>fuisse</span> <span class='ocrx_word' id='word_1_74' title='bbox 993 760 1094 797; x_wconf 85' lang='lat' dir='ltr'>petu-</span> 
     </span>
     <span class='ocr_line' id='line_1_14' title="bbox 112 803 1093 850; baseline -0.005 -9"><span class='ocrx_word' id='word_1_75' title='bbox 112 808 257 842; x_wconf 78' lang='lat' dir='ltr'>lantiam</span> <span class='ocrx_word' id='word_1_76' title='bbox 275 807 312 839; x_wconf 89' lang='lat' dir='ltr'>in</span> <span class='ocrx_word' id='word_1_77' title='bbox 330 804 397 840; x_wconf 87' lang='lat' dir='ltr'>hoc</span> <span class='ocrx_word' id='word_1_78' title='bbox 414 804 592 841; x_wconf 83' lang='lat' dir='ltr'>Antiocho</span> <span class='ocrx_word' id='word_1_79' title='bbox 605 834 614 847; x_wconf 93' lang='lat'>,</span> <span class='ocrx_word' id='word_1_80' title='bbox 638 813 674 839; x_wconf 88' lang='lat' dir='ltr'>ut</span> <span class='ocrx_word' id='word_1_81' title='bbox 693 818 755 850; x_wconf 90' lang='lat' dir='ltr'>pro</span> <span class='ocrx_word' id='word_1_82' title='bbox 774 803 962 850; x_wconf 90' lang='lat' dir='ltr'>Epiphane</span> <span class='ocrx_word' id='word_1_83' title='bbox 979 805 1093 838; x_wconf 90' lang='lat' dir='ltr'>dictus</span> 
     </span>
     <span class='ocr_line' id='line_1_15' title="bbox 110 854 771 902; baseline -0.002 -10"><span class='ocrx_word' id='word_1_84' title='bbox 110 858 156 892; x_wconf 85' lang='lat' dir='ltr'>sit</span> <span class='ocrx_word' id='word_1_85' title='bbox 171 854 393 902; x_wconf 65' lang='grc' dir='ltr'>Ἔπιμανῇς,</span> <span class='ocrx_word' id='word_1_86' title='bbox 436 858 471 890; x_wconf 93' lang='lat' dir='ltr'>id</span> <span class='ocrx_word' id='word_1_87' title='bbox 497 865 566 898; x_wconf 87' lang='lat' dir='ltr'>est,</span> <span class='ocrx_word' id='word_1_88' title='bbox 607 857 771 891; x_wconf 82' lang='lat' dir='ltr'>furiosus.</span> 
     </span>
     <span class='ocr_line' id='line_1_16' title="bbox 110 904 1092 950; baseline -0.005 -9"><span class='ocrx_word' id='word_1_89' title='bbox 110 908 275 942; x_wconf 89' lang='lat' dir='ltr'>convivia</span> <span class='ocrx_word' id='word_1_90' title='bbox 292 914 442 950; x_wconf 82' lang='lat' dir='ltr'>gestatus</span> <span class='ocrx_word' id='word_1_91' title='bbox 458 914 508 941; x_wconf 91' lang='lat' dir='ltr'>est</span> <span class='ocrx_word' id='word_1_92' title='bbox 527 908 622 940; x_wconf 79' lang='lat' dir='ltr'>velut</span> <span class='ocrx_word' id='word_1_93' title='bbox 642 908 768 945; x_wconf 87' lang='lat' dir='ltr'>funus,</span> <span class='ocrx_word' id='word_1_94' title='bbox 803 913 836 939; x_wconf 89' lang='lat' dir='ltr'>et</span> <span class='ocrx_word' id='word_1_95' title='bbox 860 918 938 938; x_wconf 88' lang='lat' dir='ltr'>cum</span> <span class='ocrx_word' id='word_1_96' title='bbox 964 904 1092 937; x_wconf 86' lang='lat' dir='ltr'>scurris</span> 
     </span>
     <span class='ocr_line' id='line_1_17' title="bbox 111 953 1093 1000; baseline -0.006 -8"><span class='ocrx_word' id='word_1_97' title='bbox 111 965 146 992; x_wconf 86' lang='lat' dir='ltr'>et</span> <span class='ocrx_word' id='word_1_98' title='bbox 171 958 289 991; x_wconf 88' lang='lat' dir='ltr'>mimis</span> <span class='ocrx_word' id='word_1_99' title='bbox 307 959 462 991; x_wconf 83' lang='lat' dir='ltr'>certavit.</span> <span class='ocrx_word' id='word_1_100' title='bbox 515 956 614 989; x_wconf 88' lang='lat' dir='ltr'>Talis</span> <span class='ocrx_word' id='word_1_101' title='bbox 630 957 696 989; x_wconf 86' lang='lat' dir='ltr'>suit</span> <span class='ocrx_word' id='word_1_102' title='bbox 716 956 775 1000; x_wconf 90' lang='lat' dir='ltr'>qui</span> <span class='ocrx_word' id='word_1_103' title='bbox 792 953 874 987; x_wconf 71' lang='lat' dir='ltr'>I)eo</span> <span class='ocrx_word' id='word_1_104' title='bbox 888 956 1020 988; x_wconf 88' lang='lat' dir='ltr'>bellum</span> <span class='ocrx_word' id='word_1_105' title='bbox 1036 955 1093 986; x_wconf 89' lang='lat' dir='ltr'>in-</span> 
     </span>
     <span class='ocr_line' id='line_1_18' title="bbox 110 1005 876 1048; baseline -0.004 -6"><span class='ocrx_word' id='word_1_106' title='bbox 110 1009 209 1048; x_wconf 87' lang='lat' dir='ltr'>tulit,</span> <span class='ocrx_word' id='word_1_107' title='bbox 243 1014 277 1041; x_wconf 81' lang='lat' dir='ltr'>et</span> <span class='ocrx_word' id='word_1_108' title='bbox 300 1008 417 1041; x_wconf 89' lang='lat' dir='ltr'>delere</span> <span class='ocrx_word' id='word_1_109' title='bbox 432 1005 622 1040; x_wconf 83' lang='lat' dir='ltr'>Ecclesiam</span> <span class='ocrx_word' id='word_1_110' title='bbox 646 1012 793 1039; x_wconf 82' lang='lat' dir='ltr'>conatus</span> <span class='ocrx_word' id='word_1_111' title='bbox 814 1012 876 1039; x_wconf 85' lang='lat' dir='ltr'>est.</span> 
     </span>
     <span class='ocr_line' id='line_1_19' title="bbox 110 1055 1117 1116; baseline -0.004 -25"><span class='ocrx_word' id='word_1_112' title='bbox 110 1058 228 1116; x_wconf 75' lang='lat' dir='ltr'>coepit</span> <span class='ocrx_word' id='word_1_113' title='bbox 242 1064 321 1102; x_wconf 88' lang='lat' dir='ltr'>post</span> <span class='ocrx_word' id='word_1_114' title='bbox 343 1064 488 1090; x_wconf 88' lang='lat' dir='ltr'>mortem</span> <span class='ocrx_word' id='word_1_115' title='bbox 509 1056 702 1090; x_wconf 79' lang='lat' dir='ltr'>Alexandri</span> <span class='ocrx_word' id='word_1_116' title='bbox 727 1068 822 1088; x_wconf 83' lang='lat' dir='ltr'>anno</span> <span class='ocrx_word' id='word_1_117' title='bbox 847 1055 1035 1088; x_wconf 86' lang='lat' dir='ltr'>centesimo</span> <span class='ocrx_word' id='word_1_118' title='bbox 1060 1061 1117 1090; x_wconf 89' lang='lat' dir='ltr'>et</span> 
     </span>
     <span class='ocr_line' id='line_1_20' title="bbox 108 1106 1092 1151; baseline -0.004 -10"><span class='ocrx_word' id='word_1_119' title='bbox 108 1107 288 1151; x_wconf 86' lang='lat' dir='ltr'>trigesimo</span> <span class='ocrx_word' id='word_1_120' title='bbox 305 1107 465 1150; x_wconf 86' lang='lat' dir='ltr'>septimo.</span> <span class='ocrx_word' id='word_1_121' title='bbox 517 1106 564 1140; x_wconf 89' lang='lat' dir='ltr'>Et</span> <span class='ocrx_word' id='word_1_122' title='bbox 580 1119 657 1139; x_wconf 89' lang='lat' dir='ltr'>cum</span> <span class='ocrx_word' id='word_1_123' title='bbox 676 1113 808 1139; x_wconf 87' lang='lat' dir='ltr'>astutus</span> <span class='ocrx_word' id='word_1_124' title='bbox 826 1113 927 1145; x_wconf 87' lang='lat' dir='ltr'>esset,</span> <span class='ocrx_word' id='word_1_125' title='bbox 955 1118 993 1138; x_wconf 88' lang='lat' dir='ltr'>ac</span> <span class='ocrx_word' id='word_1_126' title='bbox 1010 1116 1092 1137; x_wconf 92' lang='lat' dir='ltr'>nos-</span> 
     </span>
     <span class='ocr_line' id='line_1_21' title="bbox 109 1155 1116 1200; baseline -0.006 -8"><span class='ocrx_word' id='word_1_127' title='bbox 109 1165 160 1193; x_wconf 87' lang='lat' dir='ltr'>set</span> <span class='ocrx_word' id='word_1_128' title='bbox 178 1157 422 1193; x_wconf 78' lang='lat' dir='ltr'>Romanorum</span> <span class='ocrx_word' id='word_1_129' title='bbox 448 1157 662 1200; x_wconf 86' lang='lat' dir='ltr'>potentiam,</span> <span class='ocrx_word' id='word_1_130' title='bbox 698 1155 789 1189; x_wconf 82' lang='lat' dir='ltr'>nihil</span> <span class='ocrx_word' id='word_1_131' title='bbox 816 1163 935 1188; x_wconf 86' lang='lat' dir='ltr'>contra</span> <span class='ocrx_word' id='word_1_132' title='bbox 958 1155 1116 1189; x_wconf 79' lang='lat' dir='ltr'>Roma-</span> 
     </span>
    </p>
   </div>
   <div class='ocr_carea' id='block_1_5' title="bbox 109 1206 1116 1251">
    <p class='ocr_par' dir='ltr' id='par_1_5' title="bbox 109 1206 1116 1251">
     <span class='ocr_line' id='line_1_22' title="bbox 109 1206 1116 1251; baseline -0.003 -10"><span class='ocrx_word' id='word_1_133' title='bbox 109 1220 174 1241; x_wconf 90' lang='lat' dir='ltr'>nos</span> <span class='ocrx_word' id='word_1_134' title='bbox 191 1208 320 1248; x_wconf 79' lang='lat' dir='ltr'>movit,</span> <span class='ocrx_word' id='word_1_135' title='bbox 346 1208 405 1240; x_wconf 88' lang='lat' dir='ltr'>sed</span> <span class='ocrx_word' id='word_1_136' title='bbox 424 1214 603 1251; x_wconf 84' lang='lat' dir='ltr'>praetextu</span> <span class='ocrx_word' id='word_1_137' title='bbox 631 1207 761 1240; x_wconf 80' lang='lat' dir='ltr'>tutelae</span> <span class='ocrx_word' id='word_1_138' title='bbox 787 1206 1016 1240; x_wconf 85' lang='lat' dir='ltr'>adolescentis</span> <span class='ocrx_word' id='word_1_139' title='bbox 1034 1218 1092 1238; x_wconf 92' lang='lat' dir='ltr'>re-</span> <span class='ocrx_word' id='word_1_140' title='bbox 1114 1218 1116 1250; x_wconf 41' lang='lat'>,¹</span> 
     </span>
    </p>
   </div>
   <div class='ocr_carea' id='block_1_6' title="bbox 106 1255 1092 2681">
    <p class='ocr_par' dir='ltr' id='par_1_6' title="bbox 109 1255 951 1303">
     <span class='ocr_line' id='line_1_23' title="bbox 109 1255 951 1303; baseline -0.001 -11"><span class='ocrx_word' id='word_1_141' title='bbox 109 1259 161 1302; x_wconf 84' lang='lat' dir='ltr'>gis</span> <span class='ocrx_word' id='word_1_142' title='bbox 180 1256 342 1303; x_wconf 81' lang='lat' dir='ltr'>Aegyptii</span> <span class='ocrx_word' id='word_1_143' title='bbox 363 1258 552 1291; x_wconf 79' lang='lat' dir='ltr'>exercitum</span> <span class='ocrx_word' id='word_1_144' title='bbox 572 1257 607 1289; x_wconf 89' lang='lat' dir='ltr'>in</span> <span class='ocrx_word' id='word_1_145' title='bbox 624 1255 822 1302; x_wconf 66' lang='lat' dir='ltr'>Aegyptum</span> <span class='ocrx_word' id='word_1_146' title='bbox 840 1257 951 1291; x_wconf 85' lang='lat' dir='ltr'>duxit.</span> 
     </span>
    </p>

    <p class='ocr_par' dir='ltr' id='par_1_7' title="bbox 106 1312 1092 1759">
     <span class='ocr_line' id='line_1_24' title="bbox 210 1312 1090 1359; baseline 0 -12"><span class='ocrx_word' id='word_1_147' title='bbox 210 1315 325 1359; x_wconf 79' lang='lat' dir='ltr'>Nupta</span> <span class='ocrx_word' id='word_1_148' title='bbox 351 1316 465 1348; x_wconf 87' lang='lat' dir='ltr'>suerat</span> <span class='ocrx_word' id='word_1_149' title='bbox 481 1315 680 1347; x_wconf 74' lang='lat' dir='ltr'>Ptolemaeo</span> <span class='ocrx_word' id='word_1_150' title='bbox 697 1312 877 1358; x_wconf 82' lang='lat' dir='ltr'>Epiphnni</span> <span class='ocrx_word' id='word_1_151' title='bbox 893 1314 1090 1358; x_wconf 79' lang='lat' dir='ltr'>Cleopatra,</span> 
     </span>
     <span class='ocr_line' id='line_1_25' title="bbox 109 1362 1092 1410; baseline -0.003 -10"><span class='ocrx_word' id='word_1_152' title='bbox 109 1378 210 1400; x_wconf 85' lang='lat' dir='ltr'>soror</span> <span class='ocrx_word' id='word_1_153' title='bbox 239 1362 409 1398; x_wconf 86' lang='lat' dir='ltr'>Antiochi</span> <span class='ocrx_word' id='word_1_154' title='bbox 441 1362 650 1410; x_wconf 75' lang='lat' dir='ltr'>Epiphanis.</span> <span class='ocrx_word' id='word_1_155' title='bbox 715 1363 769 1397; x_wconf 80' lang='lat' dir='ltr'>Ex</span> <span class='ocrx_word' id='word_1_156' title='bbox 800 1362 862 1397; x_wconf 89' lang='lat' dir='ltr'>hac</span> <span class='ocrx_word' id='word_1_157' title='bbox 894 1372 996 1397; x_wconf 85' lang='lat' dir='ltr'>uatus</span> <span class='ocrx_word' id='word_1_158' title='bbox 1025 1365 1092 1397; x_wconf 80' lang='lat' dir='ltr'>fuit</span> 
     </span>
     <span class='ocr_line' id='line_1_26' title="bbox 107 1412 1090 1455; baseline -0.004 -5"><span class='ocrx_word' id='word_1_159' title='bbox 107 1416 330 1450; x_wconf 82' lang='lat' dir='ltr'>Ptolemaeus</span> <span class='ocrx_word' id='word_1_160' title='bbox 346 1412 587 1455; x_wconf 83' lang='lat' dir='ltr'>Philometor,</span> <span class='ocrx_word' id='word_1_161' title='bbox 613 1414 712 1447; x_wconf 87' lang='lat' dir='ltr'>cuius</span> <span class='ocrx_word' id='word_1_162' title='bbox 732 1421 824 1447; x_wconf 87' lang='lat' dir='ltr'>aetas</span> <span class='ocrx_word' id='word_1_163' title='bbox 848 1427 926 1447; x_wconf 89' lang='lat' dir='ltr'>cum</span> <span class='ocrx_word' id='word_1_164' title='bbox 952 1421 1090 1447; x_wconf 90' lang='lat' dir='ltr'>mortuo</span> 
     </span>
     <span class='ocr_line' id='line_1_27' title="bbox 108 1465 1091 1511; baseline -0.002 -11"><span class='ocrx_word' id='word_1_165' title='bbox 108 1474 207 1511; x_wconf 83' lang='lat' dir='ltr'>patre</span> <span class='ocrx_word' id='word_1_166' title='bbox 224 1467 381 1499; x_wconf 89' lang='lat' dir='ltr'>nondum</span> <span class='ocrx_word' id='word_1_167' title='bbox 400 1472 534 1499; x_wconf 88' lang='lat' dir='ltr'>matura</span> <span class='ocrx_word' id='word_1_168' title='bbox 551 1471 637 1497; x_wconf 91' lang='lat' dir='ltr'>esset</span> <span class='ocrx_word' id='word_1_169' title='bbox 655 1465 919 1507; x_wconf 82' lang='lat' dir='ltr'>gubernationi,</span> <span class='ocrx_word' id='word_1_170' title='bbox 947 1465 1091 1498; x_wconf 76' lang='lat' dir='ltr'>simulat</span> 
     </span>
     <span class='ocr_line' id='line_1_28' title="bbox 108 1514 1089 1560; baseline -0.004 -10"><span class='ocrx_word' id='word_1_171' title='bbox 108 1514 330 1556; x_wconf 87' lang='lat' dir='ltr'>Antiochus,</span> <span class='ocrx_word' id='word_1_172' title='bbox 373 1527 425 1555; x_wconf 77' lang='lat' dir='ltr'>se,</span> <span class='ocrx_word' id='word_1_173' title='bbox 468 1516 549 1560; x_wconf 82' lang='lat' dir='ltr'>quia</span> <span class='ocrx_word' id='word_1_174' title='bbox 581 1516 777 1547; x_wconf 82' lang='lat' dir='ltr'>avunculus</span> <span class='ocrx_word' id='word_1_175' title='bbox 805 1522 896 1555; x_wconf 63' lang='lat' dir='ltr'>erat,</span> <span class='ocrx_word' id='word_1_176' title='bbox 938 1522 1089 1548; x_wconf 83' lang='lat' dir='ltr'>tutorem</span> 
     </span>
     <span class='ocr_line' id='line_1_29' title="bbox 107 1563 1090 1609; baseline -0.004 -9"><span class='ocrx_word' id='word_1_177' title='bbox 107 1568 182 1600; x_wconf 81' lang='lat' dir='ltr'>fore</span> <span class='ocrx_word' id='word_1_178' title='bbox 199 1566 445 1606; x_wconf 85' lang='lat' dir='ltr'>adolescentis,</span> <span class='ocrx_word' id='word_1_179' title='bbox 472 1572 504 1598; x_wconf 89' lang='lat' dir='ltr'>et</span> <span class='ocrx_word' id='word_1_180' title='bbox 524 1571 637 1609; x_wconf 84' lang='lat' dir='ltr'>sperat</span> <span class='ocrx_word' id='word_1_181' title='bbox 656 1563 721 1597; x_wconf 89' lang='lat' dir='ltr'>hoc</span> <span class='ocrx_word' id='word_1_182' title='bbox 738 1573 916 1608; x_wconf 79' lang='lat' dir='ltr'>praetextu</span> <span class='ocrx_word' id='word_1_183' title='bbox 940 1577 974 1597; x_wconf 89' lang='lat' dir='ltr'>se</span> <span class='ocrx_word' id='word_1_184' title='bbox 998 1565 1090 1608; x_wconf 84' lang='lat' dir='ltr'>poti—</span> 
     </span>
     <span class='ocr_line' id='line_1_30' title="bbox 108 1613 1089 1660; baseline -0.004 -10"><span class='ocrx_word' id='word_1_185' title='bbox 108 1624 226 1650; x_wconf 87' lang='lat' dir='ltr'>turum</span> <span class='ocrx_word' id='word_1_186' title='bbox 248 1628 320 1650; x_wconf 86' lang='lat' dir='ltr'>esse</span> <span class='ocrx_word' id='word_1_187' title='bbox 348 1627 454 1659; x_wconf 88' lang='lat' dir='ltr'>regno</span> <span class='ocrx_word' id='word_1_188' title='bbox 478 1613 641 1660; x_wconf 78' lang='lat' dir='ltr'>Aegypti.</span> <span class='ocrx_word' id='word_1_189' title='bbox 694 1613 853 1659; x_wconf 77' lang='lat' dir='ltr'>Cumque</span> <span class='ocrx_word' id='word_1_190' title='bbox 878 1616 1027 1648; x_wconf 77' lang='lat' dir='ltr'>venisset</span> <span class='ocrx_word' id='word_1_191' title='bbox 1053 1615 1089 1646; x_wconf 87' lang='lat' dir='ltr'>iu</span> 
     </span>
     <span class='ocr_line' id='line_1_31' title="bbox 106 1662 1089 1712; baseline -0.004 -12"><span class='ocrx_word' id='word_1_192' title='bbox 106 1668 323 1712; x_wconf 81' lang='lat' dir='ltr'>Aegyptum,</span> <span class='ocrx_word' id='word_1_193' title='bbox 352 1666 525 1708; x_wconf 85' lang='lat' dir='ltr'>praesidia</span> <span class='ocrx_word' id='word_1_194' title='bbox 544 1666 580 1697; x_wconf 92' lang='lat' dir='ltr'>iu</span> <span class='ocrx_word' id='word_1_195' title='bbox 598 1662 760 1708; x_wconf 82' lang='lat' dir='ltr'>Memphi</span> <span class='ocrx_word' id='word_1_196' title='bbox 785 1673 818 1698; x_wconf 91' lang='lat' dir='ltr'>et</span> <span class='ocrx_word' id='word_1_197' title='bbox 845 1666 880 1696; x_wconf 91' lang='lat' dir='ltr'>in</span> <span class='ocrx_word' id='word_1_198' title='bbox 906 1666 984 1697; x_wconf 91' lang='lat' dir='ltr'>aliis</span> <span class='ocrx_word' id='word_1_199' title='bbox 1009 1665 1089 1709; x_wconf 88' lang='lat' dir='ltr'>qui-</span> 
     </span>
     <span class='ocr_line' id='line_1_32' title="bbox 108 1715 954 1759; baseline -0.002 -9"><span class='ocrx_word' id='word_1_200' title='bbox 108 1718 257 1750; x_wconf 88' lang='lat' dir='ltr'>busdam</span> <span class='ocrx_word' id='word_1_201' title='bbox 276 1716 444 1756; x_wconf 81' lang='lat' dir='ltr'>urbibus,</span> <span class='ocrx_word' id='word_1_202' title='bbox 470 1722 636 1759; x_wconf 84' lang='lat' dir='ltr'>tanquam</span> <span class='ocrx_word' id='word_1_203' title='bbox 656 1721 768 1755; x_wconf 87' lang='lat' dir='ltr'>tutor,</span> <span class='ocrx_word' id='word_1_204' title='bbox 795 1715 954 1749; x_wconf 82' lang='lat' dir='ltr'>collocat.</span> 
     </span>
    </p>

    <p class='ocr_par' dir='ltr' id='par_1_8' title="bbox 107 1769 1091 2214">
     <span class='ocr_line' id='line_1_33' title="bbox 212 1769 1091 1810; baseline -0.003 -1"><span class='ocrx_word' id='word_1_205' title='bbox 212 1773 298 1809; x_wconf 86' lang='lat' dir='ltr'>Erat</span> <span class='ocrx_word' id='word_1_206' title='bbox 336 1781 421 1807; x_wconf 83' lang='lat' dir='ltr'>tunc</span> <span class='ocrx_word' id='word_1_207' title='bbox 455 1784 613 1806; x_wconf 88' lang='lat' dir='ltr'>summus</span> <span class='ocrx_word' id='word_1_208' title='bbox 646 1774 806 1806; x_wconf 82' lang='lat' dir='ltr'>sacerdos</span> <span class='ocrx_word' id='word_1_209' title='bbox 835 1769 984 1810; x_wconf 77' lang='lat' dir='ltr'>Onias,</span> <span class='ocrx_word' id='word_1_210' title='bbox 1035 1774 1091 1806; x_wconf 77' lang='lat' dir='ltr'>vir</span> 
     </span>
     <span class='ocr_line' id='line_1_34' title="bbox 109 1823 1088 1869; baseline -0.007 -8"><span class='ocrx_word' id='word_1_211' title='bbox 109 1833 267 1866; x_wconf 84' lang='lat' dir='ltr'>sanctuS,</span> <span class='ocrx_word' id='word_1_212' title='bbox 293 1825 353 1869; x_wconf 91' lang='lat' dir='ltr'>qui</span> <span class='ocrx_word' id='word_1_213' title='bbox 381 1830 524 1868; x_wconf 88' lang='lat' dir='ltr'>propter</span> <span class='ocrx_word' id='word_1_214' title='bbox 550 1823 758 1866; x_wconf 75' lang='lat' dir='ltr'>legationem</span> <span class='ocrx_word' id='word_1_215' title='bbox 786 1824 915 1858; x_wconf 83' lang='lat' dir='ltr'>aberat.</span> <span class='ocrx_word' id='word_1_216' title='bbox 970 1823 1088 1865; x_wconf 79' lang='lat' dir='ltr'>Quare</span> 
     </span>
     <span class='ocr_line' id='line_1_35' title="bbox 109 1870 1089 1918; baseline -0.006 -7"><span class='ocrx_word' id='word_1_217' title='bbox 109 1878 184 1911; x_wconf 89' lang='lat' dir='ltr'>eius</span> <span class='ocrx_word' id='word_1_218' title='bbox 207 1877 314 1910; x_wconf 79' lang='lat' dir='ltr'>frater</span> <span class='ocrx_word' id='word_1_219' title='bbox 338 1873 457 1907; x_wconf 75' lang='lat' dir='ltr'>Iason</span> <span class='ocrx_word' id='word_1_220' title='bbox 482 1874 668 1918; x_wconf 79' lang='lat' dir='ltr'>paciscitur</span> <span class='ocrx_word' id='word_1_221' title='bbox 691 1885 770 1906; x_wconf 92' lang='lat' dir='ltr'>cum</span> <span class='ocrx_word' id='word_1_222' title='bbox 795 1870 992 1911; x_wconf 82' lang='lat' dir='ltr'>Antiocho,</span> <span class='ocrx_word' id='word_1_223' title='bbox 1034 1886 1089 1906; x_wconf 84' lang='lat' dir='ltr'>re-</span> 
     </span>
     <span class='ocr_line' id='line_1_36' title="bbox 108 1923 1089 1970; baseline -0.006 -9"><span class='ocrx_word' id='word_1_224' title='bbox 108 1929 240 1961; x_wconf 78' lang='lat' dir='ltr'>deunte</span> <span class='ocrx_word' id='word_1_225' title='bbox 257 1939 296 1959; x_wconf 84' lang='lat' dir='ltr'>ex</span> <span class='ocrx_word' id='word_1_226' title='bbox 313 1925 492 1970; x_wconf 72' lang='lat' dir='ltr'>Aegypto,</span> <span class='ocrx_word' id='word_1_227' title='bbox 526 1932 557 1957; x_wconf 86' lang='lat' dir='ltr'>et</span> <span class='ocrx_word' id='word_1_228' title='bbox 583 1923 750 1968; x_wconf 84' lang='lat' dir='ltr'>promissa</span> <span class='ocrx_word' id='word_1_229' title='bbox 774 1923 906 1966; x_wconf 76' lang='lat' dir='ltr'>ingenti</span> <span class='ocrx_word' id='word_1_230' title='bbox 932 1924 1089 1966; x_wconf 87' lang='lat' dir='ltr'>pecunia,</span> 
     </span>
     <span class='ocr_line' id='line_1_37' title="bbox 109 1974 879 2022; baseline -0.009 -11"><span class='ocrx_word' id='word_1_231' title='bbox 109 1978 197 2022; x_wconf 88' lang='lat' dir='ltr'>petit</span> <span class='ocrx_word' id='word_1_232' title='bbox 219 1977 284 2010; x_wconf 90' lang='lat' dir='ltr'>sibi</span> <span class='ocrx_word' id='word_1_233' title='bbox 309 1976 399 2009; x_wconf 82' lang='lat' dir='ltr'>tradi</span> <span class='ocrx_word' id='word_1_234' title='bbox 426 1987 603 2008; x_wconf 88' lang='lat' dir='ltr'>summum</span> <span class='ocrx_word' id='word_1_235' title='bbox 634 1974 879 2009; x_wconf 68' lang='lat' dir='ltr'>sacerdotium,</span> 
     </span>
     <span class='ocr_line' id='line_1_38' title="bbox 108 2022 1088 2071; baseline -0.004 -10"><span class='ocrx_word' id='word_1_236' title='bbox 108 2040 190 2071; x_wconf 82' lang='lat' dir='ltr'>ergo</span> <span class='ocrx_word' id='word_1_237' title='bbox 209 2027 243 2060; x_wconf 89' lang='lat' dir='ltr'>in</span> <span class='ocrx_word' id='word_1_238' title='bbox 261 2027 348 2059; x_wconf 86' lang='lat' dir='ltr'>urhe</span> <span class='ocrx_word' id='word_1_239' title='bbox 369 2025 580 2070; x_wconf 75' lang='lat' dir='ltr'>ierosolyma</span> <span class='ocrx_word' id='word_1_240' title='bbox 601 2022 838 2060; x_wconf 75' lang='lat' dir='ltr'>Antiochum,</span> <span class='ocrx_word' id='word_1_241' title='bbox 875 2024 935 2068; x_wconf 84' lang='lat' dir='ltr'>qui</span> <span class='ocrx_word' id='word_1_242' title='bbox 955 2025 1088 2067; x_wconf 84' lang='lat' dir='ltr'>ingres-</span> 
     </span>
     <span class='ocr_line' id='line_1_39' title="bbox 108 2072 1089 2121; baseline -0.004 -9"><span class='ocrx_word' id='word_1_243' title='bbox 108 2090 166 2112; x_wconf 90' lang='lat' dir='ltr'>sus</span> <span class='ocrx_word' id='word_1_244' title='bbox 185 2078 376 2121; x_wconf 87' lang='lat' dir='ltr'>templum,</span> <span class='ocrx_word' id='word_1_245' title='bbox 404 2077 532 2109; x_wconf 89' lang='lat' dir='ltr'>multos</span> <span class='ocrx_word' id='word_1_246' title='bbox 549 2072 711 2108; x_wconf 87' lang='lat' dir='ltr'>homiues</span> <span class='ocrx_word' id='word_1_247' title='bbox 739 2075 928 2111; x_wconf 82' lang='lat' dir='ltr'>interfecit,</span> <span class='ocrx_word' id='word_1_248' title='bbox 958 2082 989 2107; x_wconf 87' lang='lat' dir='ltr'>et</span> <span class='ocrx_word' id='word_1_249' title='bbox 1008 2087 1089 2119; x_wconf 91' lang='lat' dir='ltr'>spo-</span> 
     </span>
     <span class='ocr_line' id='line_1_40' title="bbox 108 2123 1087 2171; baseline -0.004 -9"><span class='ocrx_word' id='word_1_250' title='bbox 108 2130 192 2162; x_wconf 87' lang='lat' dir='ltr'>liato</span> <span class='ocrx_word' id='word_1_251' title='bbox 223 2127 353 2171; x_wconf 85' lang='lat' dir='ltr'>templo</span> <span class='ocrx_word' id='word_1_252' title='bbox 389 2138 565 2160; x_wconf 90' lang='lat' dir='ltr'>summum</span> <span class='ocrx_word' id='word_1_253' title='bbox 600 2125 832 2158; x_wconf 76' lang='lat' dir='ltr'>sacerdotium</span> <span class='ocrx_word' id='word_1_254' title='bbox 871 2123 986 2158; x_wconf 85' lang='lat' dir='ltr'>Iasoni</span> <span class='ocrx_word' id='word_1_255' title='bbox 1016 2132 1087 2158; x_wconf 85' lang='lat' dir='ltr'>tra·</span> 
     </span>
     <span class='ocr_line' id='line_1_41' title="bbox 107 2179 210 2214; baseline -0.01 0"><span class='ocrx_word' id='word_1_256' title='bbox 107 2179 210 2214; x_wconf 86' lang='lat' dir='ltr'>didit.</span> 
     </span>
    </p>

    <p class='ocr_par' dir='ltr' id='par_1_9' title="bbox 108 2232 1088 2524">
     <span class='ocr_line' id='line_1_42' title="bbox 175 2232 1086 2281; baseline -0.002 -11"><span class='ocrx_word' id='word_1_257' title='bbox 175 2241 179 2246; x_wconf 86' lang='lat'>&#39;</span> <span class='ocrx_word' id='word_1_258' title='bbox 210 2236 279 2270; x_wconf 80' lang='lat' dir='ltr'>llic</span> <span class='ocrx_word' id='word_1_259' title='bbox 303 2237 439 2281; x_wconf 87' lang='lat' dir='ltr'>primus</span> <span class='ocrx_word' id='word_1_260' title='bbox 460 2235 632 2268; x_wconf 81' lang='lat' dir='ltr'>adventus</span> <span class='ocrx_word' id='word_1_261' title='bbox 649 2232 816 2267; x_wconf 78' lang='lat' dir='ltr'>Antiochi</span> <span class='ocrx_word' id='word_1_262' title='bbox 831 2232 1029 2278; x_wconf 82' lang='lat' dir='ltr'>Epiphanis</span> <span class='ocrx_word' id='word_1_263' title='bbox 1052 2236 1086 2268; x_wconf 86' lang='lat' dir='ltr'>in</span> 
     </span>
     <span class='ocr_line' id='line_1_43' title="bbox 108 2285 1086 2332; baseline -0.003 -11"><span class='ocrx_word' id='word_1_264' title='bbox 108 2289 230 2322; x_wconf 82' lang='lat' dir='ltr'>urbem</span> <span class='ocrx_word' id='word_1_265' title='bbox 243 2287 505 2332; x_wconf 70' lang='lat' dir='ltr'>lerosolymam,</span> <span class='ocrx_word' id='word_1_266' title='bbox 533 2285 593 2330; x_wconf 87' lang='lat' dir='ltr'>qui</span> <span class='ocrx_word' id='word_1_267' title='bbox 612 2286 733 2318; x_wconf 80' lang='lat' dir='ltr'>incidit</span> <span class='ocrx_word' id='word_1_268' title='bbox 752 2286 787 2317; x_wconf 91' lang='lat' dir='ltr'>iu</span> <span class='ocrx_word' id='word_1_269' title='bbox 804 2297 935 2318; x_wconf 90' lang='lat' dir='ltr'>annum</span> <span class='ocrx_word' id='word_1_270' title='bbox 953 2294 1086 2319; x_wconf 75' lang='lat' dir='ltr'>sextum</span> 
     </span>
     <span class='ocr_line' id='line_1_44' title="bbox 108 2333 1088 2382; baseline -0.004 -10"><span class='ocrx_word' id='word_1_271' title='bbox 108 2339 205 2382; x_wconf 82' lang='lat' dir='ltr'>regni</span> <span class='ocrx_word' id='word_1_272' title='bbox 224 2335 412 2377; x_wconf 84' lang='lat' dir='ltr'>Antiochi,</span> <span class='ocrx_word' id='word_1_273' title='bbox 445 2335 580 2370; x_wconf 86' lang='lat' dir='ltr'>etiamsi</span> <span class='ocrx_word' id='word_1_274' title='bbox 598 2336 745 2368; x_wconf 86' lang='lat' dir='ltr'>multum</span> <span class='ocrx_word' id='word_1_275' title='bbox 765 2333 887 2368; x_wconf 84' lang='lat' dir='ltr'>hahuit</span> <span class='ocrx_word' id='word_1_276' title='bbox 907 2337 1088 2377; x_wconf 66' lang='lat' dir='ltr'>sech-rum,</span> 
     </span>
     <span class='ocr_line' id='line_1_45' title="bbox 110 2387 1088 2430; baseline -0.005 -6"><span class='ocrx_word' id='word_1_277' title='bbox 110 2397 226 2424; x_wconf 83' lang='lat' dir='ltr'>tamen</span> <span class='ocrx_word' id='word_1_278' title='bbox 257 2389 430 2421; x_wconf 83' lang='lat' dir='ltr'>secundus</span> <span class='ocrx_word' id='word_1_279' title='bbox 463 2388 633 2419; x_wconf 79' lang='lat' dir='ltr'>adventus</span> <span class='ocrx_word' id='word_1_280' title='bbox 666 2393 741 2430; x_wconf 81' lang='lat' dir='ltr'>post</span> <span class='ocrx_word' id='word_1_281' title='bbox 775 2387 957 2419; x_wconf 72' lang='lat' dir='ltr'>biennium</span> <span class='ocrx_word' id='word_1_282' title='bbox 985 2388 1088 2429; x_wconf 76' lang='lat' dir='ltr'>louge</span> 
     </span>
     <span class='ocr_line' id='line_1_46' title="bbox 111 2437 1088 2477; baseline -0.003 -5"><span class='ocrx_word' id='word_1_283' title='bbox 111 2440 193 2473; x_wconf 89' lang='lat' dir='ltr'>vicit</span> <span class='ocrx_word' id='word_1_284' title='bbox 210 2438 414 2472; x_wconf 84' lang='lat' dir='ltr'>crudelitate</span> <span class='ocrx_word' id='word_1_285' title='bbox 432 2444 465 2471; x_wconf 87' lang='lat' dir='ltr'>et</span> <span class='ocrx_word' id='word_1_286' title='bbox 481 2437 646 2470; x_wconf 84' lang='lat' dir='ltr'>omnihus</span> <span class='ocrx_word' id='word_1_287' title='bbox 663 2437 869 2477; x_wconf 72' lang='lat' dir='ltr'>sceleribus,</span> <span class='ocrx_word' id='word_1_288' title='bbox 895 2444 925 2470; x_wconf 88' lang='lat' dir='ltr'>et</span> <span class='ocrx_word' id='word_1_289' title='bbox 947 2437 1088 2470; x_wconf 73' lang='lat' dir='ltr'>calami-</span> 
     </span>
     <span class='ocr_line' id='line_1_47' title="bbox 109 2488 479 2524; baseline -0.016 0"><span class='ocrx_word' id='word_1_290' title='bbox 109 2497 218 2524; x_wconf 77' lang='lat' dir='ltr'>tatum</span> <span class='ocrx_word' id='word_1_291' title='bbox 236 2488 479 2522; x_wconf 80' lang='lat' dir='ltr'>diuturnitate.</span> 
     </span>
    </p>

    <p class='ocr_par' dir='ltr' id='par_1_10' title="bbox 110 2545 784 2681">
     <span class='ocr_line' id='line_1_48' title="bbox 212 2545 658 2588; baseline -0.009 -9"><span class='ocrx_word' id='word_1_292' title='bbox 212 2545 328 2579; x_wconf 76' lang='lat' dir='ltr'>lason</span> <span class='ocrx_word' id='word_1_293' title='bbox 354 2546 484 2577; x_wconf 67' lang='lat' dir='ltr'>{misus</span> <span class='ocrx_word' id='word_1_294' title='bbox 510 2545 658 2588; x_wconf 71' lang='lat' dir='ltr'>populo,</span> 
     </span>
     <span class='ocr_line' id='line_1_49' title="bbox 110 2594 741 2639; baseline -0.008 -8"><span class='ocrx_word' id='word_1_295' title='bbox 110 2597 242 2632; x_wconf 76' lang='lat' dir='ltr'>Arabia</span> <span class='ocrx_word' id='word_1_296' title='bbox 271 2596 350 2628; x_wconf 77' lang='lat' dir='ltr'>exul</span> <span class='ocrx_word' id='word_1_297' title='bbox 382 2596 495 2639; x_wconf 76' lang='lat' dir='ltr'>periit.</span> <span class='ocrx_word' id='word_1_298' title='bbox 573 2594 741 2628; x_wconf 76' lang='lat' dir='ltr'>Successit</span> 
     </span>
     <span class='ocr_line' id='line_1_50' title="bbox 111 2645 784 2681; baseline -0.006 0"><span class='ocrx_word' id='word_1_299' title='bbox 111 2647 245 2681; x_wconf 84' lang='lat' dir='ltr'>Ouiam</span> <span class='ocrx_word' id='word_1_300' title='bbox 266 2648 443 2680; x_wconf 79' lang='lat' dir='ltr'>absentem</span> <span class='ocrx_word' id='word_1_301' title='bbox 468 2645 614 2678; x_wconf 78' lang='lat' dir='ltr'>interfici</span> <span class='ocrx_word' id='word_1_302' title='bbox 638 2646 784 2678; x_wconf 66' lang='lat' dir='ltr'>curavit.</span> 
     </span>
    </p>
   </div>
   <div class='ocr_carea' id='block_1_7' title="bbox 781 2595 1085 2638">
    <p class='ocr_par' dir='ltr' id='par_1_11' title="bbox 781 2595 1085 2638">
     <span class='ocr_line' id='line_1_51' title="bbox 781 2595 1085 2638; baseline 0 -12"><span class='ocrx_word' id='word_1_303' title='bbox 781 2595 961 2627; x_wconf 63' lang='lat' dir='ltr'>Menelaus</span> <span class='ocrx_word' id='word_1_304' title='bbox 973 2622 980 2631; x_wconf 76' lang='grc'>,</span> <span class='ocrx_word' id='word_1_305' title='bbox 1026 2595 1085 2638; x_wconf 80' lang='lat' dir='ltr'>qui</span> 
     </span>
    </p>
   </div>
   <div class='ocr_carea' id='block_1_8' title="bbox 839 2644 1085 2678">
    <p class='ocr_par' dir='ltr' id='par_1_12' title="bbox 839 2644 1085 2678">
     <span class='ocr_line' id='line_1_52' title="bbox 839 2644 1085 2678; baseline -0.008 -1"><span class='ocrx_word' id='word_1_306' title='bbox 839 2644 941 2677; x_wconf 66' lang='lat' dir='ltr'>lluntt</span> <span class='ocrx_word' id='word_1_307' title='bbox 962 2645 1085 2678; x_wconf 43' lang='lat' dir='ltr'>illene-</span> 
     </span>
    </p>
   </div>
   <div class='ocr_carea' id='block_1_9' title="bbox 810 97 1444 137">
    <p class='ocr_par' dir='ltr' id='par_1_13' title="bbox 810 97 1444 137">
     <span class='ocr_line' id='line_1_53' title="bbox 810 97 1444 137; baseline 0 -1"><span class='ocrx_word' id='word_1_308' title='bbox 810 101 836 137; x_wconf 93' lang='grc' dir='ltr'>Ι.</span> <span class='ocrx_word' id='word_1_309' title='bbox 877 97 1167 137; x_wconf 73' lang='lat' dir='ltr'>CHROMCON</span> <span class='ocrx_word' id='word_1_310' title='bbox 1199 97 1444 136; x_wconf 75' lang='lat' dir='ltr'>CARIONIS.</span> 
     </span>
    </p>
   </div>
   <div class='ocr_carea' id='block_1_10' title="bbox 842 854 1117 895">
    <p class='ocr_par' dir='ltr' id='par_1_14' title="bbox 842 854 1117 895">
     <span class='ocr_line' id='line_1_54' title="bbox 842 854 1117 895; baseline -0.011 -7"><span class='ocrx_word' id='word_1_311' title='bbox 842 855 1022 888; x_wconf 88' lang='lat' dir='ltr'>Interdum</span> <span class='ocrx_word' id='word_1_312' title='bbox 1054 854 1091 885; x_wconf 90' lang='lat' dir='ltr'>in</span> <span class='ocrx_word' id='word_1_313' title='bbox 1116 873 1117 895; x_wconf 62' lang='lat'>;</span> 
     </span>
    </p>
   </div>
   <div class='ocr_carea' id='block_1_11' title="bbox 928 1004 1117 1048">
    <p class='ocr_par' dir='ltr' id='par_1_15' title="bbox 928 1004 1117 1048">
     <span class='ocr_line' id='line_1_55' title="bbox 928 1004 1117 1048; baseline -0.016 -9"><span class='ocrx_word' id='word_1_314' title='bbox 928 1004 1092 1048; x_wconf 73' lang='lat' dir='ltr'>Regnare</span> <span class='ocrx_word' id='word_1_315' title='bbox 1115 1027 1117 1032; x_wconf 37' lang='grc' dir='ltr'><strong><em>ι</em></strong></span> 
     </span>
    </p>
   </div>
   <div class='ocr_carea' id='block_1_12' title="bbox 948 1972 1112 2026">
    <p class='ocr_par' dir='ltr' id='par_1_16' title="bbox 948 1972 1112 2026">
     <span class='ocr_line' id='line_1_56' title="bbox 948 1972 1112 2026; baseline 0.006 -20"><span class='ocrx_word' id='word_1_316' title='bbox 948 1972 1088 2018; x_wconf 75' lang='lat' dir='ltr'>Excipit</span> <span class='ocrx_word' id='word_1_317' title='bbox 1110 1995 1112 2026; x_wconf 64' lang='lat'>³.</span> 
     </span>
    </p>
   </div>
   <div class='ocr_carea' id='block_1_13' title="bbox 700 2492 1684 2587">
    <p class='ocr_par' dir='ltr' id='par_1_17' title="bbox 700 2492 1684 2587">
     <span class='ocr_line' id='line_1_57' title="bbox 1110 2492 1684 2537; baseline 0 -13"><span class='ocrx_word' id='word_1_318' title='bbox 1110 2492 1353 2537; x_wconf 55' lang='lat' dir='ltr'>{xastauu‘mn</span> <span class='ocrx_word' id='word_1_319' title='bbox 1395 2505 1467 2525; x_wconf 76' lang='lat' dir='ltr'>esse</span> <span class='ocrx_word' id='word_1_320' title='bbox 1507 2492 1684 2530; x_wconf 74' lang='lat' dir='ltr'>ludaeam,</span> 
     </span>
     <span class='ocr_line' id='line_1_58' title="bbox 700 2539 1111 2587; baseline 0 -12"><span class='ocrx_word' id='word_1_321' title='bbox 700 2544 828 2576; x_wconf 64' lang='lat' dir='ltr'>dein-le.</span> <span class='ocrx_word' id='word_1_322' title='bbox 860 2545 1022 2587; x_wconf 81' lang='lat' dir='ltr'>expulsus</span> <span class='ocrx_word' id='word_1_323' title='bbox 1050 2544 1087 2576; x_wconf 84' lang='lat' dir='ltr'>in</span> <span class='ocrx_word' id='word_1_324' title='bbox 1110 2539 1111 2542; x_wconf 14' lang='grc' dir='ltr'><strong>Ἴ</strong></span> 
     </span>
    </p>
   </div>
   <div class='ocr_carea' id='block_1_14' title="bbox 2060 102 2134 136">
    <p class='ocr_par' dir='ltr' id='par_1_18' title="bbox 2060 102 2134 136">
     <span class='ocr_line' id='line_1_59' title="bbox 2060 102 2134 136; baseline 0.014 -1"><span class='ocrx_word' id='word_1_325' title='bbox 2060 102 2134 136; x_wconf 82' lang='grc'>850</span> 
     </span>
    </p>
   </div>
   <div class='ocr_carea' id='block_1_15' title="bbox 1114 183 2126 2689">
    <p class='ocr_par' dir='ltr' id='par_1_19' title="bbox 1147 183 2126 277">
     <span class='ocr_line' id='line_1_60' title="bbox 1147 183 2126 225; baseline 0.001 -9"><span class='ocrx_word' id='word_1_326' title='bbox 1147 183 1260 224; x_wconf 90' lang='lat' dir='ltr'>laum,</span> <span class='ocrx_word' id='word_1_327' title='bbox 1313 196 1391 217; x_wconf 88' lang='lat' dir='ltr'>cum</span> <span class='ocrx_word' id='word_1_328' title='bbox 1433 184 1624 218; x_wconf 72' lang='lat' dir='ltr'>adiuvisset</span> <span class='ocrx_word' id='word_1_329' title='bbox 1667 185 1908 219; x_wconf 80' lang='lat' dir='ltr'>crudelitatem</span> <span class='ocrx_word' id='word_1_330' title='bbox 1944 183 2126 225; x_wconf 81' lang='lat' dir='ltr'>Antiochi,</span> 
     </span>
     <span class='ocr_line' id='line_1_61' title="bbox 1147 232 1784 277; baseline 0.005 -11"><span class='ocrx_word' id='word_1_331' title='bbox 1147 240 1264 277; x_wconf 78' lang='lat' dir='ltr'>postea</span> <span class='ocrx_word' id='word_1_332' title='bbox 1290 234 1381 267; x_wconf 78' lang='lat' dir='ltr'>filius</span> <span class='ocrx_word' id='word_1_333' title='bbox 1405 232 1571 267; x_wconf 81' lang='lat' dir='ltr'>Antiochi</span> <span class='ocrx_word' id='word_1_334' title='bbox 1598 236 1784 270; x_wconf 87' lang='lat' dir='ltr'>interfecit.</span> 
     </span>
    </p>

    <p class='ocr_par' dir='ltr' id='par_1_20' title="bbox 1143 283 2126 678">
     <span class='ocr_line' id='line_1_62' title="bbox 1248 283 2123 324; baseline 0.002 -9"><span class='ocrx_word' id='word_1_335' title='bbox 1248 283 1352 316; x_wconf 80' lang='lat' dir='ltr'>Tales</span> <span class='ocrx_word' id='word_1_336' title='bbox 1370 296 1444 317; x_wconf 87' lang='lat' dir='ltr'>cum</span> <span class='ocrx_word' id='word_1_337' title='bbox 1463 286 1594 318; x_wconf 82' lang='lat' dir='ltr'>fuerint</span> <span class='ocrx_word' id='word_1_338' title='bbox 1615 286 1741 318; x_wconf 87' lang='lat' dir='ltr'>summi</span> <span class='ocrx_word' id='word_1_339' title='bbox 1766 286 1976 324; x_wconf 82' lang='lat' dir='ltr'>sacerdotes,</span> <span class='ocrx_word' id='word_1_340' title='bbox 2004 285 2123 318; x_wconf 86' lang='lat' dir='ltr'>Parri-</span> 
     </span>
     <span class='ocr_line' id='line_1_63' title="bbox 1146 332 2123 380; baseline 0.001 -14"><span class='ocrx_word' id='word_1_341' title='bbox 1146 333 1242 366; x_wconf 84' lang='lat' dir='ltr'>cidae</span> <span class='ocrx_word' id='word_1_342' title='bbox 1262 341 1293 367; x_wconf 77' lang='lat' dir='ltr'>ct</span> <span class='ocrx_word' id='word_1_343' title='bbox 1309 332 1543 367; x_wconf 85' lang='lat' dir='ltr'>Ethnicorum</span> <span class='ocrx_word' id='word_1_344' title='bbox 1568 336 1651 368; x_wconf 90' lang='lat' dir='ltr'>socii</span> <span class='ocrx_word' id='word_1_345' title='bbox 1679 337 1714 368; x_wconf 89' lang='lat' dir='ltr'>in</span> <span class='ocrx_word' id='word_1_346' title='bbox 1742 337 1896 379; x_wconf 80' lang='lat' dir='ltr'>cogendo</span> <span class='ocrx_word' id='word_1_347' title='bbox 1921 336 2052 380; x_wconf 90' lang='lat' dir='ltr'>populo</span> <span class='ocrx_word' id='word_1_348' title='bbox 2079 336 2123 367; x_wconf 85' lang='lat' dir='ltr'>ad</span> 
     </span>
     <span class='ocr_line' id='line_1_64' title="bbox 1145 384 2126 429; baseline 0.003 -14"><span class='ocrx_word' id='word_1_349' title='bbox 1145 384 1277 416; x_wconf 90' lang='lat' dir='ltr'>cultum</span> <span class='ocrx_word' id='word_1_350' title='bbox 1305 385 1499 425; x_wconf 89' lang='lat' dir='ltr'>idolorum,</span> <span class='ocrx_word' id='word_1_351' title='bbox 1533 398 1603 418; x_wconf 90' lang='lat' dir='ltr'>uon</span> <span class='ocrx_word' id='word_1_352' title='bbox 1622 386 1768 418; x_wconf 83' lang='lat' dir='ltr'>dubium</span> <span class='ocrx_word' id='word_1_353' title='bbox 1790 394 1837 420; x_wconf 88' lang='lat' dir='ltr'>est</span> <span class='ocrx_word' id='word_1_354' title='bbox 1856 387 1891 418; x_wconf 89' lang='lat' dir='ltr'>in</span> <span class='ocrx_word' id='word_1_355' title='bbox 1911 387 2013 429; x_wconf 78' lang='lat' dir='ltr'>vulgo</span> <span class='ocrx_word' id='word_1_356' title='bbox 2031 386 2126 418; x_wconf 89' lang='lat' dir='ltr'>mul-</span> 
     </span>
     <span class='ocr_line' id='line_1_65' title="bbox 1145 434 2121 479; baseline 0.003 -13"><span class='ocrx_word' id='word_1_357' title='bbox 1145 440 1197 466; x_wconf 85' lang='lat' dir='ltr'>tos</span> <span class='ocrx_word' id='word_1_358' title='bbox 1217 434 1322 467; x_wconf 76' lang='lat' dir='ltr'>luisse</span> <span class='ocrx_word' id='word_1_359' title='bbox 1345 435 1475 467; x_wconf 77' lang='lat' dir='ltr'>similes</span> <span class='ocrx_word' id='word_1_360' title='bbox 1494 436 1647 479; x_wconf 89' lang='lat' dir='ltr'>ipsorum</span> <span class='ocrx_word' id='word_1_361' title='bbox 1662 460 1670 473; x_wconf 87' lang='lat'>,</span> <span class='ocrx_word' id='word_1_362' title='bbox 1699 444 1737 469; x_wconf 92' lang='lat' dir='ltr'>ut</span> <span class='ocrx_word' id='word_1_363' title='bbox 1759 437 1828 469; x_wconf 88' lang='lat' dir='ltr'>dici</span> <span class='ocrx_word' id='word_1_364' title='bbox 1851 437 1951 469; x_wconf 88' lang='lat' dir='ltr'>solet:</span> <span class='ocrx_word' id='word_1_365' title='bbox 1981 436 2121 469; x_wconf 80' lang='lat' dir='ltr'>Scilicet</span> 
     </span>
     <span class='ocr_line' id='line_1_66' title="bbox 1144 484 2121 530; baseline 0.003 -15"><span class='ocrx_word' id='word_1_366' title='bbox 1144 484 1181 515; x_wconf 91' lang='lat' dir='ltr'>in</span> <span class='ocrx_word' id='word_1_367' title='bbox 1210 485 1334 527; x_wconf 74' lang='lat' dir='ltr'>vulgus</span> <span class='ocrx_word' id='word_1_368' title='bbox 1367 493 1510 518; x_wconf 85' lang='lat' dir='ltr'>manant</span> <span class='ocrx_word' id='word_1_369' title='bbox 1544 486 1699 529; x_wconf 80' lang='lat' dir='ltr'>exempla</span> <span class='ocrx_word' id='word_1_370' title='bbox 1733 493 1928 527; x_wconf 82' lang='lat' dir='ltr'>regentum.</span> <span class='ocrx_word' id='word_1_371' title='bbox 2001 485 2121 530; x_wconf 84' lang='lat' dir='ltr'>ltaque</span> 
     </span>
     <span class='ocr_line' id='line_1_67' title="bbox 1144 535 2121 579; baseline 0.002 -13"><span class='ocrx_word' id='word_1_372' title='bbox 1144 546 1221 566; x_wconf 91' lang='lat' dir='ltr'>cum</span> <span class='ocrx_word' id='word_1_373' title='bbox 1257 535 1325 568; x_wconf 82' lang='lat' dir='ltr'>late</span> <span class='ocrx_word' id='word_1_374' title='bbox 1354 543 1562 577; x_wconf 80' lang='lat' dir='ltr'>vagarentur</span> <span class='ocrx_word' id='word_1_375' title='bbox 1588 536 1746 578; x_wconf 87' lang='lat' dir='ltr'>contagia</span> <span class='ocrx_word' id='word_1_376' title='bbox 1774 536 1961 579; x_wconf 85' lang='lat' dir='ltr'>impietatis</span> <span class='ocrx_word' id='word_1_377' title='bbox 1985 543 2018 569; x_wconf 88' lang='lat' dir='ltr'>et</span> <span class='ocrx_word' id='word_1_378' title='bbox 2042 548 2121 568; x_wconf 86' lang='lat' dir='ltr'>cru-</span> 
     </span>
     <span class='ocr_line' id='line_1_68' title="bbox 1143 585 2122 630; baseline 0.002 -14"><span class='ocrx_word' id='word_1_379' title='bbox 1143 585 1294 618; x_wconf 82' lang='lat' dir='ltr'>delitatis</span> <span class='ocrx_word' id='word_1_380' title='bbox 1312 586 1347 617; x_wconf 88' lang='lat' dir='ltr'>in</span> <span class='ocrx_word' id='word_1_381' title='bbox 1364 586 1494 629; x_wconf 91' lang='lat' dir='ltr'>populo</span> <span class='ocrx_word' id='word_1_382' title='bbox 1506 586 1597 626; x_wconf 84' lang='lat' dir='ltr'>Dei,</span> <span class='ocrx_word' id='word_1_383' title='bbox 1623 592 1788 630; x_wconf 85' lang='lat' dir='ltr'>sequutae</span> <span class='ocrx_word' id='word_1_384' title='bbox 1804 593 1886 619; x_wconf 86' lang='lat' dir='ltr'>sunt</span> <span class='ocrx_word' id='word_1_385' title='bbox 1904 586 2122 620; x_wconf 79' lang='lat' dir='ltr'>tristissimae</span> 
     </span>
     <span class='ocr_line' id='line_1_69' title="bbox 1143 647 1286 678; baseline 0 -11"><span class='ocrx_word' id='word_1_386' title='bbox 1143 647 1286 678; x_wconf 65' lang='lat' dir='ltr'>poenae.</span> 
     </span>
    </p>

    <p class='ocr_par' dir='ltr' id='par_1_21' title="bbox 1114 684 2121 1981">
     <span class='ocr_line' id='line_1_70' title="bbox 1244 684 2121 730; baseline 0.001 -13"><span class='ocrx_word' id='word_1_387' title='bbox 1244 685 1326 719; x_wconf 87' lang='lat' dir='ltr'>Post</span> <span class='ocrx_word' id='word_1_388' title='bbox 1348 686 1532 719; x_wconf 85' lang='lat' dir='ltr'>biennium</span> <span class='ocrx_word' id='word_1_389' title='bbox 1555 698 1632 719; x_wconf 85' lang='lat' dir='ltr'>cum</span> <span class='ocrx_word' id='word_1_390' title='bbox 1652 684 1850 718; x_wconf 76' lang='lat' dir='ltr'>Antiochus</span> <span class='ocrx_word' id='word_1_391' title='bbox 1867 687 1904 718; x_wconf 88' lang='lat' dir='ltr'>in</span> <span class='ocrx_word' id='word_1_392' title='bbox 1923 684 2121 730; x_wconf 71' lang='lat' dir='ltr'>Aegyptum</span> 
     </span>
     <span class='ocr_line' id='line_1_71' title="bbox 1142 735 2117 779; baseline 0.002 -13"><span class='ocrx_word' id='word_1_393' title='bbox 1142 735 1318 768; x_wconf 83' lang='lat' dir='ltr'>rediturus</span> <span class='ocrx_word' id='word_1_394' title='bbox 1335 744 1440 777; x_wconf 86' lang='lat' dir='ltr'>esset,</span> <span class='ocrx_word' id='word_1_395' title='bbox 1470 738 1565 769; x_wconf 81' lang='lat' dir='ltr'>adest</span> <span class='ocrx_word' id='word_1_396' title='bbox 1583 737 1632 769; x_wconf 90' lang='lat' dir='ltr'>ibi</span> <span class='ocrx_word' id='word_1_397' title='bbox 1650 736 1782 779; x_wconf 79' lang='lat' dir='ltr'>legatus</span> <span class='ocrx_word' id='word_1_398' title='bbox 1800 737 1948 769; x_wconf 79' lang='lat' dir='ltr'>Senatus</span> <span class='ocrx_word' id='word_1_399' title='bbox 1963 735 2117 770; x_wconf 78' lang='lat' dir='ltr'>Romani</span> 
     </span>
     <span class='ocr_line' id='line_1_72' title="bbox 1141 782 2119 830; baseline 0.003 -14"><span class='ocrx_word' id='word_1_400' title='bbox 1141 782 1194 817; x_wconf 83' lang='lat' dir='ltr'>Po</span> <span class='ocrx_word' id='word_1_401' title='bbox 1176 784 1330 830; x_wconf 66' lang='lat' dir='ltr'>opilius,</span> <span class='ocrx_word' id='word_1_402' title='bbox 1372 794 1404 819; x_wconf 89' lang='lat' dir='ltr'>et</span> <span class='ocrx_word' id='word_1_403' title='bbox 1434 787 1601 830; x_wconf 79' lang='lat' dir='ltr'>praecipit</span> <span class='ocrx_word' id='word_1_404' title='bbox 1634 787 1778 819; x_wconf 86' lang='lat' dir='ltr'>nomine</span> <span class='ocrx_word' id='word_1_405' title='bbox 1801 786 1967 827; x_wconf 87' lang='lat' dir='ltr'>Senatus,</span> <span class='ocrx_word' id='word_1_406' title='bbox 2008 793 2047 820; x_wconf 91' lang='lat' dir='ltr'>ut</span> <span class='ocrx_word' id='word_1_407' title='bbox 2075 787 2119 819; x_wconf 85' lang='lat' dir='ltr'>ab</span> 
     </span>
     <span class='ocr_line' id='line_1_73' title="bbox 1141 834 2121 882; baseline 0.003 -16.022"><span class='ocrx_word' id='word_1_408' title='bbox 1141 834 1301 880; x_wconf 55' lang='lat' dir='ltr'>Aegypto</span> <span class='ocrx_word' id='word_1_409' title='bbox 1327 837 1495 870; x_wconf 77' lang='lat' dir='ltr'>abstineat</span> <span class='ocrx_word' id='word_1_410' title='bbox 1512 864 1520 877; x_wconf 96' lang='lat'>,</span> <span class='ocrx_word' id='word_1_411' title='bbox 1555 844 1588 870; x_wconf 91' lang='lat' dir='ltr'>et</span> <span class='ocrx_word' id='word_1_412' title='bbox 1614 849 1653 870; x_wconf 78' lang='lat' dir='ltr'>cx</span> <span class='ocrx_word' id='word_1_413' title='bbox 1678 837 1836 882; x_wconf 65' lang='lat' dir='ltr'>Aegypto</span> <span class='ocrx_word' id='word_1_414' title='bbox 1860 837 2031 880; x_wconf 85' lang='lat' dir='ltr'>praesidia</span> <span class='ocrx_word' id='word_1_415' title='bbox 2057 838 2121 869; x_wconf 88' lang='lat' dir='ltr'>ah-</span> 
     </span>
     <span class='ocr_line' id='line_1_74' title="bbox 1115 886 2120 930; baseline 0.005 -13"><span class='ocrx_word' id='word_1_416' title='bbox 1115 887 1261 926; x_wconf 44' lang='lat' dir='ltr'>tducat,</span> <span class='ocrx_word' id='word_1_417' title='bbox 1311 887 1391 930; x_wconf 80' lang='lat' dir='ltr'>quia</span> <span class='ocrx_word' id='word_1_418' title='bbox 1425 886 1574 920; x_wconf 84' lang='lat' dir='ltr'>Senatus</span> <span class='ocrx_word' id='word_1_419' title='bbox 1613 887 1786 930; x_wconf 90' lang='lat' dir='ltr'>pupillum</span> <span class='ocrx_word' id='word_1_420' title='bbox 1823 888 2030 921; x_wconf 83' lang='lat' dir='ltr'>defensurus</span> <span class='ocrx_word' id='word_1_421' title='bbox 2065 888 2120 922; x_wconf 89' lang='lat' dir='ltr'>sit.</span> 
     </span>
     <span class='ocr_line' id='line_1_75' title="bbox 1115 925 2120 984; baseline 0.003 -17"><span class='ocrx_word' id='word_1_422' title='bbox 1115 925 1118 984; x_wconf 67' lang='grc' dir='ltr'>Ι</span> <span class='ocrx_word' id='word_1_423' title='bbox 1140 933 1340 969; x_wconf 88' lang='lat' dir='ltr'>Antiochus</span> <span class='ocrx_word' id='word_1_424' title='bbox 1364 943 1403 969; x_wconf 89' lang='lat' dir='ltr'>ut</span> <span class='ocrx_word' id='word_1_425' title='bbox 1428 937 1583 969; x_wconf 81' lang='lat' dir='ltr'>eluderet</span> <span class='ocrx_word' id='word_1_426' title='bbox 1606 936 1767 970; x_wconf 74' lang='lat' dir='ltr'>Romana</span> <span class='ocrx_word' id='word_1_427' title='bbox 1794 939 1972 977; x_wconf 82' lang='lat' dir='ltr'>mandata,</span> <span class='ocrx_word' id='word_1_428' title='bbox 2015 938 2120 980; x_wconf 81' lang='lat' dir='ltr'>tergi-</span> 
     </span>
     <span class='ocr_line' id='line_1_76' title="bbox 1140 987 2120 1030; baseline 0.002 -12"><span class='ocrx_word' id='word_1_429' title='bbox 1140 993 1315 1026; x_wconf 68' lang='lat' dir='ltr'>v:‚ers2tur</span> <span class='ocrx_word' id='word_1_430' title='bbox 1362 993 1394 1018; x_wconf 89' lang='lat' dir='ltr'>et</span> <span class='ocrx_word' id='word_1_431' title='bbox 1432 987 1594 1029; x_wconf 84' lang='lat' dir='ltr'>ambigue</span> <span class='ocrx_word' id='word_1_432' title='bbox 1634 988 1832 1030; x_wconf 85' lang='lat' dir='ltr'>respondet.</span> <span class='ocrx_word' id='word_1_433' title='bbox 1903 987 1956 1020; x_wconf 91' lang='lat' dir='ltr'>lbi</span> <span class='ocrx_word' id='word_1_434' title='bbox 1989 989 2120 1030; x_wconf 74' lang='lat' dir='ltr'>hgsttus</span> 
     </span>
     <span class='ocr_line' id='line_1_77' title="bbox 1115 1013 2120 1080; baseline 0.001 -12.024"><span class='ocrx_word' id='word_1_435' title='bbox 1115 1036 1264 1068; x_wconf 88' lang='lat' dir='ltr'>baculo</span> <span class='ocrx_word' id='word_1_436' title='bbox 1298 1037 1334 1068; x_wconf 86' lang='lat' dir='ltr'>in</span> <span class='ocrx_word' id='word_1_437' title='bbox 1367 1036 1511 1079; x_wconf 88' lang='lat' dir='ltr'>pulvere</span> <span class='ocrx_word' id='word_1_438' title='bbox 1530 1013 1712 1069; x_wconf 69' lang='lat' dir='ltr'>t&gt;circulum</span> <span class='ocrx_word' id='word_1_439' title='bbox 1740 1038 1852 1080; x_wconf 80' lang='lat' dir='ltr'>pingit</span> <span class='ocrx_word' id='word_1_440' title='bbox 1877 1038 1966 1069; x_wconf 90' lang='lat' dir='ltr'>circa</span> <span class='ocrx_word' id='word_1_441' title='bbox 1991 1037 2120 1069; x_wconf 83' lang='lat' dir='ltr'>Antio-</span> 
     </span>
     <span class='ocr_line' id='line_1_78' title="bbox 1114 1084 2119 1144; baseline 0.001 -26"><span class='ocrx_word' id='word_1_442' title='bbox 1114 1101 1117 1124; x_wconf 69' lang='lat' dir='ltr'>i</span> <span class='ocrx_word' id='word_1_443' title='bbox 1140 1084 1257 1126; x_wconf 88' lang='lat' dir='ltr'>chum,</span> <span class='ocrx_word' id='word_1_444' title='bbox 1283 1093 1317 1119; x_wconf 89' lang='lat' dir='ltr'>et</span> <span class='ocrx_word' id='word_1_445' title='bbox 1335 1086 1431 1120; x_wconf 80' lang='lat' dir='ltr'>iubet</span> <span class='ocrx_word' id='word_1_446' title='bbox 1447 1099 1526 1119; x_wconf 91' lang='lat' dir='ltr'>eum</span> <span class='ocrx_word' id='word_1_447' title='bbox 1546 1087 1648 1130; x_wconf 87' lang='lat' dir='ltr'>plane</span> <span class='ocrx_word' id='word_1_448' title='bbox 1667 1089 1889 1144; x_wconf 68' lang='lat' dir='ltr'>respondere,</span> <span class='ocrx_word' id='word_1_449' title='bbox 1915 1087 2119 1132; x_wconf 78' lang='lat' dir='ltr'>priusquam</span> 
     </span>
     <span class='ocr_line' id='line_1_79' title="bbox 1115 1130 2119 1181; baseline 0.001 -13"><span class='ocrx_word' id='word_1_450' title='bbox 1115 1130 1117 1177; x_wconf 50' lang='grc' dir='ltr'>ῥ’</span> <span class='ocrx_word' id='word_1_451' title='bbox 1140 1148 1179 1168; x_wconf 83' lang='lat' dir='ltr'>ex</span> <span class='ocrx_word' id='word_1_452' title='bbox 1199 1148 1239 1168; x_wconf 89' lang='lat' dir='ltr'>eo</span> <span class='ocrx_word' id='word_1_453' title='bbox 1257 1136 1387 1169; x_wconf 91' lang='lat' dir='ltr'>circulo</span> <span class='ocrx_word' id='word_1_454' title='bbox 1407 1137 1616 1179; x_wconf 83' lang='lat' dir='ltr'>egrediatur.</span> <span class='ocrx_word' id='word_1_455' title='bbox 1660 1136 1698 1169; x_wconf 90' lang='lat' dir='ltr'>ld</span> <span class='ocrx_word' id='word_1_456' title='bbox 1716 1138 1783 1170; x_wconf 87' lang='lat' dir='ltr'>uisi</span> <span class='ocrx_word' id='word_1_457' title='bbox 1799 1138 1922 1177; x_wconf 83' lang='lat' dir='ltr'>faciat,</span> <span class='ocrx_word' id='word_1_458' title='bbox 1951 1138 2119 1181; x_wconf 77' lang='lat' dir='ltr'>populum</span> 
     </span>
     <span class='ocr_line' id='line_1_80' title="bbox 1114 1186 2121 1222; baseline -0.001 -1.975"><span class='ocrx_word' id='word_1_459' title='bbox 1114 1186 1343 1220; x_wconf 81' lang='lat' dir='ltr'>Romanum</span> <span class='ocrx_word' id='word_1_460' title='bbox 1373 1187 1403 1219; x_wconf 85' lang='lat' dir='ltr'>ei</span> <span class='ocrx_word' id='word_1_461' title='bbox 1434 1187 1565 1220; x_wconf 83' lang='lat' dir='ltr'>bellum</span> <span class='ocrx_word' id='word_1_462' title='bbox 1601 1187 1765 1220; x_wconf 82' lang='lat' dir='ltr'>indicere.</span> <span class='ocrx_word' id='word_1_463' title='bbox 1824 1186 2022 1222; x_wconf 85' lang='lat' dir='ltr'>Antiochus</span> <span class='ocrx_word' id='word_1_464' title='bbox 2047 1200 2121 1220; x_wconf 86' lang='lat' dir='ltr'>me-</span> 
     </span>
     <span class='ocr_line' id='line_1_81' title="bbox 1139 1236 2119 1282; baseline 0 -12"><span class='ocrx_word' id='word_1_465' title='bbox 1139 1244 1240 1270; x_wconf 83' lang='lat' dir='ltr'>tuens</span> <span class='ocrx_word' id='word_1_466' title='bbox 1258 1236 1459 1277; x_wconf 77' lang='lat' dir='ltr'>Romanos,</span> <span class='ocrx_word' id='word_1_467' title='bbox 1495 1237 1666 1280; x_wconf 87' lang='lat' dir='ltr'>promittit</span> <span class='ocrx_word' id='word_1_468' title='bbox 1693 1249 1727 1270; x_wconf 89' lang='lat' dir='ltr'>se</span> <span class='ocrx_word' id='word_1_469' title='bbox 1751 1238 1918 1282; x_wconf 86' lang='lat' dir='ltr'>imperata</span> <span class='ocrx_word' id='word_1_470' title='bbox 1945 1239 2119 1271; x_wconf 74' lang='lat' dir='ltr'>facturum</span> 
     </span>
     <span class='ocr_line' id='line_1_82' title="bbox 1139 1287 2119 1333; baseline 0 -14"><span class='ocrx_word' id='word_1_471' title='bbox 1139 1298 1222 1322; x_wconf 81' lang='lat' dir='ltr'>esse.</span> <span class='ocrx_word' id='word_1_472' title='bbox 1288 1287 1443 1321; x_wconf 80' lang='lat' dir='ltr'>Rediens</span> <span class='ocrx_word' id='word_1_473' title='bbox 1470 1288 1575 1330; x_wconf 85' lang='lat' dir='ltr'>igitur</span> <span class='ocrx_word' id='word_1_474' title='bbox 1599 1287 1870 1333; x_wconf 66' lang='lat' dir='ltr'>lerosolymam,</span> <span class='ocrx_word' id='word_1_475' title='bbox 1905 1301 1997 1321; x_wconf 88' lang='lat' dir='ltr'>anuo</span> <span class='ocrx_word' id='word_1_476' title='bbox 2022 1289 2119 1331; x_wconf 77' lang='lat' dir='ltr'>regui</span> 
     </span>
     <span class='ocr_line' id='line_1_83' title="bbox 1139 1338 2119 1381; baseline -0.001 -11"><span class='ocrx_word' id='word_1_477' title='bbox 1139 1338 1192 1370; x_wconf 90' lang='lat' dir='ltr'>sui</span> <span class='ocrx_word' id='word_1_478' title='bbox 1209 1344 1353 1378; x_wconf 66' lang='lat' dir='ltr'>octavo,</span> <span class='ocrx_word' id='word_1_479' title='bbox 1380 1338 1503 1377; x_wconf 84' lang='lat' dir='ltr'>iratus,</span> <span class='ocrx_word' id='word_1_480' title='bbox 1531 1339 1682 1370; x_wconf 78' lang='lat' dir='ltr'>fremens</span> <span class='ocrx_word' id='word_1_481' title='bbox 1704 1345 1735 1370; x_wconf 88' lang='lat' dir='ltr'>et</span> <span class='ocrx_word' id='word_1_482' title='bbox 1753 1350 1855 1380; x_wconf 75' lang='lat' dir='ltr'>egens</span> <span class='ocrx_word' id='word_1_483' title='bbox 1879 1339 1982 1381; x_wconf 85' lang='lat' dir='ltr'>longe</span> <span class='ocrx_word' id='word_1_484' title='bbox 2008 1339 2119 1370; x_wconf 86' lang='lat' dir='ltr'>maio-</span> 
     </span>
     <span class='ocr_line' id='line_1_84' title="bbox 1139 1388 2119 1433; baseline 0.004 -14"><span class='ocrx_word' id='word_1_485' title='bbox 1139 1400 1211 1420; x_wconf 87' lang='lat' dir='ltr'>rem</span> <span class='ocrx_word' id='word_1_486' title='bbox 1235 1388 1477 1420; x_wconf 84' lang='lat' dir='ltr'>crudelitatem</span> <span class='ocrx_word' id='word_1_487' title='bbox 1504 1400 1661 1420; x_wconf 76' lang='lat' dir='ltr'>exercere</span> <span class='ocrx_word' id='word_1_488' title='bbox 1685 1388 1826 1433; x_wconf 82' lang='lat' dir='ltr'>incipit,</span> <span class='ocrx_word' id='word_1_489' title='bbox 1871 1401 1974 1432; x_wconf 85' lang='lat' dir='ltr'>quam</span> <span class='ocrx_word' id='word_1_490' title='bbox 2007 1396 2119 1423; x_wconf 83' lang='lat' dir='ltr'>autea.</span> 
     </span>
     <span class='ocr_line' id='line_1_85' title="bbox 1138 1437 2117 1481; baseline 0.001 -11"><span class='ocrx_word' id='word_1_491' title='bbox 1138 1437 1310 1480; x_wconf 85' lang='lat' dir='ltr'>Proponit</span> <span class='ocrx_word' id='word_1_492' title='bbox 1333 1438 1507 1477; x_wconf 83' lang='lat' dir='ltr'>edictum,</span> <span class='ocrx_word' id='word_1_493' title='bbox 1539 1444 1575 1470; x_wconf 87' lang='lat' dir='ltr'>ut</span> <span class='ocrx_word' id='word_1_494' title='bbox 1603 1438 1720 1470; x_wconf 83' lang='lat' dir='ltr'>relicta</span> <span class='ocrx_word' id='word_1_495' title='bbox 1746 1439 1817 1481; x_wconf 83' lang='lat' dir='ltr'>lege</span> <span class='ocrx_word' id='word_1_496' title='bbox 1836 1438 1944 1471; x_wconf 74' lang='lat' dir='ltr'>Moisi</span> <span class='ocrx_word' id='word_1_497' title='bbox 1970 1440 2117 1472; x_wconf 88' lang='lat' dir='ltr'>adorent</span> 
     </span>
     <span class='ocr_line' id='line_1_86' title="bbox 1138 1486 2120 1533; baseline 0 -12"><span class='ocrx_word' id='word_1_498' title='bbox 1138 1499 1258 1521; x_wconf 86' lang='lat' dir='ltr'>omnes</span> <span class='ocrx_word' id='word_1_499' title='bbox 1286 1488 1419 1520; x_wconf 87' lang='lat' dir='ltr'>idolum</span> <span class='ocrx_word' id='word_1_500' title='bbox 1439 1487 1531 1520; x_wconf 66' lang='lat' dir='ltr'>Iovis</span> <span class='ocrx_word' id='word_1_501' title='bbox 1550 1486 1729 1532; x_wconf 64' lang='lat' dir='ltr'>Olympii,</span> <span class='ocrx_word' id='word_1_502' title='bbox 1758 1490 1850 1533; x_wconf 89' lang='lat' dir='ltr'>quod</span> <span class='ocrx_word' id='word_1_503' title='bbox 1872 1489 1943 1532; x_wconf 89' lang='lat' dir='ltr'>ipse</span> <span class='ocrx_word' id='word_1_504' title='bbox 1969 1489 2005 1520; x_wconf 89' lang='lat' dir='ltr'>in</span> <span class='ocrx_word' id='word_1_505' title='bbox 2031 1496 2120 1522; x_wconf 90' lang='lat' dir='ltr'>tem-</span> 
     </span>
     <span class='ocr_line' id='line_1_87' title="bbox 1137 1536 2121 1582; baseline 0.003 -13"><span class='ocrx_word' id='word_1_506' title='bbox 1137 1539 1235 1582; x_wconf 87' lang='lat' dir='ltr'>plum</span> <span class='ocrx_word' id='word_1_507' title='bbox 1263 1536 1494 1582; x_wconf 69' lang='lat' dir='ltr'>lerosolymae</span> <span class='ocrx_word' id='word_1_508' title='bbox 1528 1538 1724 1573; x_wconf 59' lang='lat' dir='ltr'>collocaxit.</span> <span class='ocrx_word' id='word_1_509' title='bbox 1790 1538 1918 1572; x_wconf 74' lang='lat' dir='ltr'>Libros</span> <span class='ocrx_word' id='word_1_510' title='bbox 1946 1538 2052 1571; x_wconf 74' lang='lat' dir='ltr'>Moisi</span> <span class='ocrx_word' id='word_1_511' title='bbox 2086 1547 2121 1572; x_wconf 81' lang='lat' dir='ltr'>et</span> 
     </span>
     <span class='ocr_line' id='line_1_88' title="bbox 1138 1586 2120 1633; baseline 0.004 -14"><span class='ocrx_word' id='word_1_512' title='bbox 1138 1586 1392 1631; x_wconf 82' lang='lat' dir='ltr'>Prophetarum</span> <span class='ocrx_word' id='word_1_513' title='bbox 1407 1589 1564 1633; x_wconf 87' lang='lat' dir='ltr'>undique</span> <span class='ocrx_word' id='word_1_514' title='bbox 1580 1589 1794 1633; x_wconf 86' lang='lat' dir='ltr'>conquisitos</span> <span class='ocrx_word' id='word_1_515' title='bbox 1807 1590 1879 1631; x_wconf 81' lang='lat' dir='ltr'>igni</span> <span class='ocrx_word' id='word_1_516' title='bbox 1893 1591 2120 1633; x_wconf 82' lang='lat' dir='ltr'>consumpsit.</span> 
     </span>
     <span class='ocr_line' id='line_1_89' title="bbox 1137 1638 2116 1681; baseline 0.002 -11"><span class='ocrx_word' id='word_1_517' title='bbox 1137 1638 1258 1671; x_wconf 72' lang='lat' dir='ltr'>]Iuttit</span> <span class='ocrx_word' id='word_1_518' title='bbox 1282 1639 1416 1670; x_wconf 85' lang='lat' dir='ltr'>idolum</span> <span class='ocrx_word' id='word_1_519' title='bbox 1441 1639 1621 1681; x_wconf 62' lang='lat' dir='ltr'>praesidiis</span> <span class='ocrx_word' id='word_1_520' title='bbox 1646 1640 1993 1672; x_wconf 83' lang='lat' dir='ltr'>sceleratissimorum</span> <span class='ocrx_word' id='word_1_521' title='bbox 2022 1641 2116 1672; x_wconf 87' lang='lat' dir='ltr'>mili-</span> 
     </span>
     <span class='ocr_line' id='line_1_90' title="bbox 1137 1686 2118 1723; baseline 0.003 -3"><span class='ocrx_word' id='word_1_522' title='bbox 1137 1694 1224 1720; x_wconf 90' lang='lat' dir='ltr'>tum.</span> <span class='ocrx_word' id='word_1_523' title='bbox 1277 1688 1376 1721; x_wconf 86' lang='lat' dir='ltr'>lubet</span> <span class='ocrx_word' id='word_1_524' title='bbox 1398 1686 1628 1720; x_wconf 68' lang='lat' dir='ltr'>Bacchanalia</span> <span class='ocrx_word' id='word_1_525' title='bbox 1657 1689 1824 1721; x_wconf 72' lang='lat' dir='ltr'>celebrari</span> <span class='ocrx_word' id='word_1_526' title='bbox 1852 1690 1886 1721; x_wconf 94' lang='lat' dir='ltr'>in</span> <span class='ocrx_word' id='word_1_527' title='bbox 1912 1691 1998 1722; x_wconf 89' lang='lat' dir='ltr'>urbe</span> <span class='ocrx_word' id='word_1_528' title='bbox 2024 1689 2118 1723; x_wconf 86' lang='lat' dir='ltr'>Iero-</span> 
     </span>
     <span class='ocr_line' id='line_1_91' title="bbox 1137 1736 2118 1783; baseline 0.004 -13"><span class='ocrx_word' id='word_1_529' title='bbox 1137 1738 1282 1782; x_wconf 66' lang='lat' dir='ltr'>solyma.</span> <span class='ocrx_word' id='word_1_530' title='bbox 1358 1737 1527 1770; x_wconf 85' lang='lat' dir='ltr'>lutetlicit</span> <span class='ocrx_word' id='word_1_531' title='bbox 1561 1736 1748 1772; x_wconf 81' lang='lat' dir='ltr'>horrendis</span> <span class='ocrx_word' id='word_1_532' title='bbox 1778 1740 1960 1783; x_wconf 85' lang='lat' dir='ltr'>suppliciis</span> <span class='ocrx_word' id='word_1_533' title='bbox 1990 1742 2118 1774; x_wconf 86' lang='lat' dir='ltr'>multos</span> 
     </span>
     <span class='ocr_line' id='line_1_92' title="bbox 1136 1788 2119 1831; baseline 0.004 -11"><span class='ocrx_word' id='word_1_534' title='bbox 1136 1799 1254 1828; x_wconf 87' lang='lat' dir='ltr'>senes,</span> <span class='ocrx_word' id='word_1_535' title='bbox 1293 1795 1490 1825; x_wconf 80' lang='lat' dir='ltr'>matronas,</span> <span class='ocrx_word' id='word_1_536' title='bbox 1533 1788 1705 1831; x_wconf 71' lang='lat' dir='ltr'>xit-gines,</span> <span class='ocrx_word' id='word_1_537' title='bbox 1740 1790 1899 1823; x_wconf 82' lang='lat' dir='ltr'>nolentes</span> <span class='ocrx_word' id='word_1_538' title='bbox 1925 1789 2071 1823; x_wconf 80' lang='lat' dir='ltr'>deficere</span> <span class='ocrx_word' id='word_1_539' title='bbox 2099 1803 2119 1824; x_wconf 83' lang='lat' dir='ltr'>a</span> 
     </span>
     <span class='ocr_line' id='line_1_93' title="bbox 1137 1838 2120 1884; baseline 0.004 -15"><span class='ocrx_word' id='word_1_540' title='bbox 1137 1838 1209 1880; x_wconf 72' lang='lat' dir='ltr'>lege</span> <span class='ocrx_word' id='word_1_541' title='bbox 1243 1838 1361 1874; x_wconf 86' lang='lat' dir='ltr'>Moisi.</span> <span class='ocrx_word' id='word_1_542' title='bbox 1423 1839 1573 1883; x_wconf 70' lang='lat' dir='ltr'>fuitque</span> <span class='ocrx_word' id='word_1_543' title='bbox 1605 1846 1699 1872; x_wconf 73' lang='lat' dir='ltr'>tanta</span> <span class='ocrx_word' id='word_1_544' title='bbox 1723 1840 1901 1873; x_wconf 84' lang='lat' dir='ltr'>calamitas</span> <span class='ocrx_word' id='word_1_545' title='bbox 1926 1838 2031 1873; x_wconf 90' lang='lat' dir='ltr'>huius</span> <span class='ocrx_word' id='word_1_546' title='bbox 2054 1854 2120 1884; x_wconf 89' lang='lat' dir='ltr'>po-</span> 
     </span>
     <span class='ocr_line' id='line_1_94' title="bbox 1138 1888 2119 1932; baseline 0.004 -13"><span class='ocrx_word' id='word_1_547' title='bbox 1138 1888 1232 1930; x_wconf 85' lang='lat' dir='ltr'>puli,</span> <span class='ocrx_word' id='word_1_548' title='bbox 1261 1895 1388 1932; x_wconf 84' lang='lat' dir='ltr'>quanta</span> <span class='ocrx_word' id='word_1_549' title='bbox 1408 1890 1504 1921; x_wconf 83' lang='lat' dir='ltr'>nulla</span> <span class='ocrx_word' id='word_1_550' title='bbox 1523 1890 1587 1921; x_wconf 86' lang='lat' dir='ltr'>suit</span> <span class='ocrx_word' id='word_1_551' title='bbox 1606 1899 1723 1930; x_wconf 78' lang='lat' dir='ltr'>autea,</span> <span class='ocrx_word' id='word_1_552' title='bbox 1758 1898 1794 1924; x_wconf 91' lang='lat' dir='ltr'>ut</span> <span class='ocrx_word' id='word_1_553' title='bbox 1814 1897 1846 1923; x_wconf 81' lang='lat' dir='ltr'>et</span> <span class='ocrx_word' id='word_1_554' title='bbox 1867 1892 1969 1923; x_wconf 72' lang='lat' dir='ltr'>xerba</span> <span class='ocrx_word' id='word_1_555' title='bbox 1986 1890 2119 1924; x_wconf 73' lang='lat' dir='ltr'>Danie-</span> 
     </span>
     <span class='ocr_line' id='line_1_95' title="bbox 1137 1939 1418 1981; baseline 0.007 -11"><span class='ocrx_word' id='word_1_556' title='bbox 1137 1939 1180 1971; x_wconf 89' lang='lat' dir='ltr'>lis</span> <span class='ocrx_word' id='word_1_557' title='bbox 1200 1939 1418 1981; x_wconf 74' lang='lat' dir='ltr'>praedicunt.</span> 
     </span>
    </p>

    <p class='ocr_par' dir='ltr' id='par_1_22' title="bbox 1135 1988 2120 2689">
     <span class='ocr_line' id='line_1_96' title="bbox 1236 1988 2120 2024; baseline 0.003 -3"><span class='ocrx_word' id='word_1_558' title='bbox 1236 1989 1325 2021; x_wconf 75' lang='lat' dir='ltr'>Cum</span> <span class='ocrx_word' id='word_1_559' title='bbox 1345 1996 1462 2022; x_wconf 85' lang='lat' dir='ltr'>autem</span> <span class='ocrx_word' id='word_1_560' title='bbox 1479 1990 1586 2022; x_wconf 79' lang='lat' dir='ltr'>multa</span> <span class='ocrx_word' id='word_1_561' title='bbox 1607 1990 1760 2023; x_wconf 86' lang='lat' dir='ltr'>iudicent</span> <span class='ocrx_word' id='word_1_562' title='bbox 1777 1988 1934 2023; x_wconf 78' lang='lat' dir='ltr'>homiues</span> <span class='ocrx_word' id='word_1_563' title='bbox 1952 2004 1989 2024; x_wconf 73' lang='lat' dir='ltr'>ex</span> <span class='ocrx_word' id='word_1_564' title='bbox 2014 1992 2120 2024; x_wconf 83' lang='lat' dir='ltr'>rebus</span> 
     </span>
     <span class='ocr_line' id='line_1_97' title="bbox 1137 2038 2117 2085; baseline 0.003 -14"><span class='ocrx_word' id='word_1_565' title='bbox 1137 2040 1298 2071; x_wconf 81' lang='lat' dir='ltr'>secundis</span> <span class='ocrx_word' id='word_1_566' title='bbox 1323 2046 1354 2072; x_wconf 90' lang='lat' dir='ltr'>et</span> <span class='ocrx_word' id='word_1_567' title='bbox 1381 2041 1552 2077; x_wconf 70' lang='lat' dir='ltr'>adversis,</span> <span class='ocrx_word' id='word_1_568' title='bbox 1583 2041 1709 2073; x_wconf 88' lang='lat' dir='ltr'>multos</span> <span class='ocrx_word' id='word_1_569' title='bbox 1735 2038 1817 2073; x_wconf 81' lang='lat' dir='ltr'>haec</span> <span class='ocrx_word' id='word_1_570' title='bbox 1843 2042 1953 2075; x_wconf 81' lang='lat' dir='ltr'>tristia</span> <span class='ocrx_word' id='word_1_571' title='bbox 1984 2050 2117 2085; x_wconf 79' lang='lat' dir='ltr'>specta-</span> 
     </span>
     <span class='ocr_line' id='line_1_98' title="bbox 1138 2089 2117 2130; baseline 0.004 -9"><span class='ocrx_word' id='word_1_572' title='bbox 1138 2090 1213 2122; x_wconf 82' lang='lat' dir='ltr'>cula</span> <span class='ocrx_word' id='word_1_573' title='bbox 1234 2097 1437 2129; x_wconf 72' lang='lat' dir='ltr'>mmet-unt,</span> <span class='ocrx_word' id='word_1_574' title='bbox 1465 2097 1502 2122; x_wconf 90' lang='lat' dir='ltr'>ut</span> <span class='ocrx_word' id='word_1_575' title='bbox 1521 2104 1537 2123; x_wconf 83' lang='lat' dir='ltr'>a</span> <span class='ocrx_word' id='word_1_576' title='bbox 1555 2089 1628 2122; x_wconf 87' lang='lat' dir='ltr'>Deo</span> <span class='ocrx_word' id='word_1_577' title='bbox 1646 2091 1831 2125; x_wconf 84' lang='lat' dir='ltr'>deficerent</span> <span class='ocrx_word' id='word_1_578' title='bbox 1846 2118 1854 2130; x_wconf 70' lang='lat'>,</span> <span class='ocrx_word' id='word_1_579' title='bbox 1882 2093 2117 2125; x_wconf 70' lang='lat' dir='ltr'>existimantes</span> 
     </span>
     <span class='ocr_line' id='line_1_99' title="bbox 1138 2137 2117 2184; baseline 0.003 -13"><span class='ocrx_word' id='word_1_580' title='bbox 1138 2137 1250 2172; x_wconf 87' lang='lat' dir='ltr'>nihilo</span> <span class='ocrx_word' id='word_1_581' title='bbox 1274 2141 1383 2183; x_wconf 87' lang='lat' dir='ltr'>magis</span> <span class='ocrx_word' id='word_1_582' title='bbox 1409 2138 1502 2173; x_wconf 91' lang='lat' dir='ltr'>huuc</span> <span class='ocrx_word' id='word_1_583' title='bbox 1528 2141 1697 2184; x_wconf 80' lang='lat' dir='ltr'>populum</span> <span class='ocrx_word' id='word_1_584' title='bbox 1725 2153 1796 2174; x_wconf 79' lang='lat' dir='ltr'>esse</span> <span class='ocrx_word' id='word_1_585' title='bbox 1822 2140 2012 2175; x_wconf 77' lang='lat' dir='ltr'>Ecclesiam</span> <span class='ocrx_word' id='word_1_586' title='bbox 2041 2141 2117 2181; x_wconf 67' lang='lat' dir='ltr'>Dei,</span> 
     </span>
     <span class='ocr_line' id='line_1_100' title="bbox 1137 2190 2116 2235; baseline 0.003 -13"><span class='ocrx_word' id='word_1_587' title='bbox 1137 2203 1241 2234; x_wconf 84' lang='lat' dir='ltr'>quam</span> <span class='ocrx_word' id='word_1_588' title='bbox 1258 2190 1340 2223; x_wconf 80' lang='lat' dir='ltr'>alias</span> <span class='ocrx_word' id='word_1_589' title='bbox 1359 2198 1486 2233; x_wconf 82' lang='lat' dir='ltr'>gentes.</span> <span class='ocrx_word' id='word_1_590' title='bbox 1541 2190 1585 2224; x_wconf 78' lang='lat' dir='ltr'>Ut</span> <span class='ocrx_word' id='word_1_591' title='bbox 1610 2191 1715 2233; x_wconf 69' lang='lat' dir='ltr'>igitur</span> <span class='ocrx_word' id='word_1_592' title='bbox 1739 2192 1788 2235; x_wconf 79' lang='lat' dir='ltr'>pii</span> <span class='ocrx_word' id='word_1_593' title='bbox 1813 2193 2116 2231; x_wconf 76' lang='lat' dir='ltr'>confirmarentur,</span> 
     </span>
     <span class='ocr_line' id='line_1_101' title="bbox 1137 2239 2116 2287; baseline 0.004 -15"><span class='ocrx_word' id='word_1_594' title='bbox 1137 2248 1168 2272; x_wconf 82' lang='lat' dir='ltr'>ct</span> <span class='ocrx_word' id='word_1_595' title='bbox 1189 2241 1314 2275; x_wconf 76' lang='lat' dir='ltr'>scit-eut</span> <span class='ocrx_word' id='word_1_596' title='bbox 1335 2239 1425 2273; x_wconf 75' lang='lat' dir='ltr'>hanc</span> <span class='ocrx_word' id='word_1_597' title='bbox 1445 2253 1591 2285; x_wconf 84' lang='lat' dir='ltr'>poenam</span> <span class='ocrx_word' id='word_1_598' title='bbox 1611 2242 1686 2273; x_wconf 73' lang='lat' dir='ltr'>hrex</span> <span class='ocrx_word' id='word_1_599' title='bbox 1697 2254 1749 2273; x_wconf 78' lang='lat' dir='ltr'>em</span> <span class='ocrx_word' id='word_1_600' title='bbox 1769 2243 1857 2279; x_wconf 76' lang='lat' dir='ltr'>sore,</span> <span class='ocrx_word' id='word_1_601' title='bbox 1892 2255 1929 2275; x_wconf 87' lang='lat' dir='ltr'>ae</span> <span class='ocrx_word' id='word_1_602' title='bbox 1947 2250 2116 2287; x_wconf 72' lang='lat' dir='ltr'>sequutu-</span> 
     </span>
     <span class='ocr_line' id='line_1_102' title="bbox 1139 2291 2116 2330; baseline 0.005 -8"><span class='ocrx_word' id='word_1_603' title='bbox 1139 2303 1193 2323; x_wconf 87' lang='lat' dir='ltr'>ros</span> <span class='ocrx_word' id='word_1_604' title='bbox 1214 2292 1320 2324; x_wconf 69' lang='lat' dir='ltr'>laetos</span> <span class='ocrx_word' id='word_1_605' title='bbox 1345 2293 1473 2330; x_wconf 62' lang='lat' dir='ltr'>exitus,</span> <span class='ocrx_word' id='word_1_606' title='bbox 1501 2299 1533 2325; x_wconf 81' lang='lat' dir='ltr'>et</span> <span class='ocrx_word' id='word_1_607' title='bbox 1553 2291 1663 2323; x_wconf 87' lang='lat' dir='ltr'>Deum</span> <span class='ocrx_word' id='word_1_608' title='bbox 1687 2303 1805 2324; x_wconf 87' lang='lat' dir='ltr'>rursus</span> <span class='ocrx_word' id='word_1_609' title='bbox 1830 2293 2021 2326; x_wconf 82' lang='lat' dir='ltr'>eiecturum</span> <span class='ocrx_word' id='word_1_610' title='bbox 2045 2305 2116 2327; x_wconf 83' lang='lat' dir='ltr'>esse</span> 
     </span>
     <span class='ocr_line' id='line_1_103' title="bbox 1138 2341 2114 2386; baseline 0.003 -13"><span class='ocrx_word' id='word_1_611' title='bbox 1138 2342 1271 2374; x_wconf 80' lang='lat' dir='ltr'>idolum</span> <span class='ocrx_word' id='word_1_612' title='bbox 1297 2355 1335 2374; x_wconf 69' lang='lat' dir='ltr'>ex</span> <span class='ocrx_word' id='word_1_613' title='bbox 1360 2343 1510 2386; x_wconf 71' lang='lat' dir='ltr'>templo,</span> <span class='ocrx_word' id='word_1_614' title='bbox 1539 2342 1708 2384; x_wconf 72' lang='lat' dir='ltr'>praedixit</span> <span class='ocrx_word' id='word_1_615' title='bbox 1734 2341 1828 2375; x_wconf 70' lang='lat' dir='ltr'>Deus</span> <span class='ocrx_word' id='word_1_616' title='bbox 1852 2341 1942 2376; x_wconf 77' lang='lat' dir='ltr'>hanc</span> <span class='ocrx_word' id='word_1_617' title='bbox 1971 2345 2114 2376; x_wconf 80' lang='lat' dir='ltr'>calami-</span> 
     </span>
     <span class='ocr_line' id='line_1_104' title="bbox 1137 2390 2116 2438; baseline 0.002 -13"><span class='ocrx_word' id='word_1_618' title='bbox 1137 2399 1239 2425; x_wconf 84' lang='lat' dir='ltr'>tatem</span> <span class='ocrx_word' id='word_1_619' title='bbox 1258 2400 1286 2425; x_wconf 79' lang='lat' dir='ltr'>et</span> <span class='ocrx_word' id='word_1_620' title='bbox 1305 2393 1434 2426; x_wconf 74' lang='lat' dir='ltr'>exitum</span> <span class='ocrx_word' id='word_1_621' title='bbox 1453 2392 1582 2435; x_wconf 78' lang='lat' dir='ltr'>scripto</span> <span class='ocrx_word' id='word_1_622' title='bbox 1599 2390 1795 2431; x_wconf 74' lang='lat' dir='ltr'>Danielis,</span> <span class='ocrx_word' id='word_1_623' title='bbox 1823 2400 1855 2427; x_wconf 81' lang='lat' dir='ltr'>et</span> <span class='ocrx_word' id='word_1_624' title='bbox 1880 2395 2021 2438; x_wconf 79' lang='lat' dir='ltr'>quidem</span> <span class='ocrx_word' id='word_1_625' title='bbox 2041 2396 2116 2427; x_wconf 82' lang='lat' dir='ltr'>die-</span> 
     </span>
     <span class='ocr_line' id='line_1_105' title="bbox 1138 2442 2111 2490; baseline 0.003 -16"><span class='ocrx_word' id='word_1_626' title='bbox 1138 2455 1214 2475; x_wconf 82' lang='lat' dir='ltr'>rutu</span> <span class='ocrx_word' id='word_1_627' title='bbox 1244 2456 1428 2475; x_wconf 79' lang='lat' dir='ltr'>numerum</span> <span class='ocrx_word' id='word_1_628' title='bbox 1458 2443 1634 2484; x_wconf 64' lang='lat' dir='ltr'>expressit.</span> <span class='ocrx_word' id='word_1_629' title='bbox 1700 2442 1758 2476; x_wconf 74' lang='lat' dir='ltr'>Ait</span> <span class='ocrx_word' id='word_1_630' title='bbox 1798 2442 1891 2477; x_wconf 84' lang='lat' dir='ltr'>huuc</span> <span class='ocrx_word' id='word_1_631' title='bbox 1924 2452 2111 2490; x_wconf 61' lang='lat' dir='ltr'>tyntunutu</span> 
     </span>
     <span class='ocr_line' id='line_1_106' title="bbox 1735 2493 2112 2537; baseline 0.008 -13"><span class='ocrx_word' id='word_1_632' title='bbox 1735 2501 1765 2527; x_wconf 78' lang='lat' dir='ltr'>et</span> <span class='ocrx_word' id='word_1_633' title='bbox 1808 2493 2112 2537; x_wconf 76' lang='lat' dir='ltr'>prophanamrum</span> 
     </span>
     <span class='ocr_line' id='line_1_107' title="bbox 1139 2543 2115 2586; baseline 0.003 -12"><span class='ocrx_word' id='word_1_634' title='bbox 1139 2545 1306 2586; x_wconf 74' lang='lat' dir='ltr'>templum</span> <span class='ocrx_word' id='word_1_635' title='bbox 1342 2544 1480 2575; x_wconf 84' lang='lat' dir='ltr'>‹luohus</span> <span class='ocrx_word' id='word_1_636' title='bbox 1515 2543 1672 2575; x_wconf 82' lang='lat' dir='ltr'>millibus</span> <span class='ocrx_word' id='word_1_637' title='bbox 1706 2544 1841 2577; x_wconf 80' lang='lat' dir='ltr'>dierum</span> <span class='ocrx_word' id='word_1_638' title='bbox 1878 2553 1907 2579; x_wconf 76' lang='lat' dir='ltr'>et</span> <span class='ocrx_word' id='word_1_639' title='bbox 1941 2547 2115 2583; x_wconf 76' lang='lat' dir='ltr'>trecentis,</span> 
     </span>
     <span class='ocr_line' id='line_1_108' title="bbox 1139 2594 2109 2640; baseline 0.004 -16"><span class='ocrx_word' id='word_1_640' title='bbox 1139 2594 1170 2625; x_wconf 66' lang='lat' dir='ltr'>inl</span> <span class='ocrx_word' id='word_1_641' title='bbox 1193 2601 1261 2631; x_wconf 80' lang='lat' dir='ltr'>cst,</span> <span class='ocrx_word' id='word_1_642' title='bbox 1296 2605 1352 2626; x_wconf 69' lang='lat' dir='ltr'>sex‘</span> <span class='ocrx_word' id='word_1_643' title='bbox 1373 2594 1474 2626; x_wconf 69' lang='lat' dir='ltr'>:unitis</span> <span class='ocrx_word' id='word_1_644' title='bbox 1498 2601 1528 2626; x_wconf 75' lang='lat' dir='ltr'>et</span> <span class='ocrx_word' id='word_1_645' title='bbox 1554 2605 1609 2625; x_wconf 75' lang='lat' dir='ltr'>sex</span> <span class='ocrx_word' id='word_1_646' title='bbox 1637 2595 1824 2629; x_wconf 79' lang='lat' dir='ltr'>mensibus.</span> <span class='ocrx_word' id='word_1_647' title='bbox 1879 2596 2037 2640; x_wconf 75' lang='lat' dir='ltr'>Suntque</span> <span class='ocrx_word' id='word_1_648' title='bbox 2063 2603 2109 2628; x_wconf 62' lang='lat' dir='ltr'>tot</span> 
     </span>
     <span class='ocr_line' id='line_1_109' title="bbox 1135 2641 2108 2689; baseline 0.002 -14"><span class='ocrx_word' id='word_1_649' title='bbox 1135 2644 1217 2676; x_wconf 79' lang='lat' dir='ltr'>auiti</span> <span class='ocrx_word' id='word_1_650' title='bbox 1237 2657 1254 2676; x_wconf 83' lang='lat' dir='ltr'>a</span> <span class='ocrx_word' id='word_1_651' title='bbox 1273 2645 1373 2678; x_wconf 77' lang='lat' dir='ltr'>tortio</span> <span class='ocrx_word' id='word_1_652' title='bbox 1390 2657 1483 2677; x_wconf 74' lang='lat' dir='ltr'>auito</span> <span class='ocrx_word' id='word_1_653' title='bbox 1496 2641 1661 2676; x_wconf 85' lang='lat' dir='ltr'>Antiochi</span> <span class='ocrx_word' id='word_1_654' title='bbox 1680 2647 1847 2689; x_wconf 80' lang='lat' dir='ltr'>usquead</span> <span class='ocrx_word' id='word_1_655' title='bbox 1863 2645 2108 2679; x_wconf 66' lang='lat' dir='ltr'>octaxumAn-</span> 
     </span>
    </p>
   </div>
   <div class='ocr_carea' id='block_1_16' title="bbox 1119 187 1124 324">
    <p class='ocr_par' dir='ltr' id='par_1_23' title="bbox 1119 187 1124 324">
     <span class='ocr_line' id='line_1_110' title="bbox 1119 187 1124 324; baseline 0 2631"><span class='ocrx_word' id='word_1_656' title='bbox 1119 187 1124 324; x_wconf 95' lang='lat' dir='ltr'> </span> 
     </span>
    </p>
   </div>
   <div class='ocr_carea' id='block_1_17' title="bbox 1117 325 1122 415">
    <p class='ocr_par' dir='ltr' id='par_1_24' title="bbox 1117 325 1122 415">
     <span class='ocr_line' id='line_1_111' title="bbox 1117 325 1122 415; baseline 0 2540"><span class='ocrx_word' id='word_1_657' title='bbox 1117 325 1122 415; x_wconf 95' lang='lat' dir='ltr'> </span> 
     </span>
    </p>
   </div>
   <div class='ocr_carea' id='block_1_18' title="bbox 1117 417 1121 519">
    <p class='ocr_par' dir='ltr' id='par_1_25' title="bbox 1117 417 1121 519">
     <span class='ocr_line' id='line_1_112' title="bbox 1117 417 1121 519; baseline 0 2436"><span class='ocrx_word' id='word_1_658' title='bbox 1117 417 1121 519; x_wconf 95' lang='lat' dir='ltr'> </span> 
     </span>
    </p>
   </div>
  </div>
 </body>
</html>
