2324 2955
208 130 303 167 1047

260 214 364 249 Anno
375 209 496 245 mundi
508 214 628 252 quater
641 204 824 238 millesimo
835 200 1180 247 quadringentesimo

413 258 645 300 octuagesimo
665 255 778 288 tertio.

260 313 366 347 Anno
384 308 519 344 Romae
545 306 732 339 millesimo
749 301 988 337 ducentesimo
1005 306 1185 344 septuage-

411 359 498 392 simo
519 357 646 401 primo.

263 412 369 445 Anno
386 406 518 443 Christi
535 404 815 451 quingentesimo
832 401 996 435 vicesimo
1010 398 1136 444 primo.

583 507 813 541 lustinus.

316 591 485 627 Iustinus
512 591 621 625 factus
648 596 697 623 est
722 588 927 632 imperator,
953 581 1111 627 regnavit
1127 592 1190 614 an-

216 656 280 679 nos
302 650 401 684 octo,
428 650 460 676 et
482 652 616 675 menses
645 640 799 684 aliquot,
825 642 928 669 natus
946 635 1093 668 obscuro
1113 632 1188 664 loco

215 697 253 728 in
279 692 430 727 Thracia
468 698 564 736 patre
597 687 828 728 armentario,
861 686 921 719 sed
953 683 1052 717 miles
1082 683 1191 715 factus

217 746 346 778 virtute
370 743 488 776 crevit.
541 740 699 784 Cumque
723 742 891 782 praeesset
915 733 1068 768 excubiis
1095 730 1192 764 Ana-

223 794 317 829 stasii
345 800 377 826 et
406 791 590 826 autoritate
619 790 711 832 apud
729 787 856 820 milites
874 786 1020 821 valeret,
1048 782 1144 815 (ledit
1161 780 1191 813 ei

219 845 394 887 ingentem
420 842 603 886 pecuniam
632 837 816 872 Anastasio
841 842 979 868 mortuo
998 829 1193 865 Eunuchus

219 893 424 930 Amantius,
461 899 499 925 ut
523 890 674 923 militum
700 886 862 929 suffragia
895 889 1024 918 emeret
1055 882 1192 915 cuidam

219 941 490 981 Theocritium),
507 935 811 985 quemEunuchus
824 937 1068 979 imperatorem
1085 930 1194 965 creari

220 994 369 1027 volebat.
422 991 617 1024 Prudenter
635 995 749 1021 autem
768 986 921 1019 lustinus
935 987 1071 1024 accepta
1089 991 1195 1024 pecu-

221 1045 277 1076 nia
312 1042 378 1075 sibi
409 1041 563 1073 militum
591 1036 756 1078 suffragia
781 1035 885 1070 emit,
918 1039 950 1065 et
975 1030 1055 1074 quia
1085 1029 1196 1061 virtus

222 1093 295 1126 eius
312 1090 456 1125 Senatui
476 1088 700 1132 probabatur,
727 1084 876 1118 Senatus
894 1088 926 1114 et
944 1080 1095 1113 militum
1111 1089 1196 1110 con-

222 1153 324 1176 sensu
352 1139 506 1173 Iustinus
529 1138 639 1170 factus
663 1141 712 1168 est
735 1134 933 1176 imperator.
986 1128 1146 1162 Primum
1165 1126 1195 1159 ei

224 1191 418 1236 periculum
438 1189 480 1221 ab
500 1185 666 1220 Amantio
685 1191 717 1218 et
736 1180 988 1216 Theocritiano
1002 1178 1081 1217 fuit,
1108 1189 1197 1221 quo—

224 1254 302 1275 rum
320 1251 398 1273 cum
416 1234 705 1280 deprehendisset
718 1232 873 1271 insidias,
899 1230 994 1263 iubet
1012 1239 1069 1260 eos
1088 1227 1198 1260 inter-

222 1291 289 1324 fici.
342 1288 425 1322 Fuit
448 1287 544 1321 utilis
568 1284 720 1318 Orienti.
769 1282 857 1316 Nam
879 1287 911 1314 et
930 1277 1197 1313 Chalcedonen-

224 1353 293 1374 sem
318 1338 499 1384 Synodum
536 1348 617 1368 mox
656 1334 757 1367 initio
793 1330 931 1374 imperii
967 1341 1002 1362 se
1035 1326 1197 1370 amplecti

224 1390 392 1429 ostendit,
427 1394 459 1420 et
485 1392 685 1420 constanter
698 1384 735 1416 in
754 1394 791 1416 ea
807 1380 976 1415 sententia
995 1376 1198 1423 permansit,

225 1448 257 1474 et
273 1439 466 1483 Episcopos
490 1437 552 1482 qui
577 1446 711 1468 errores
729 1440 848 1467 contra
866 1436 1019 1474 receptas
1037 1427 1199 1473 Synodos

228 1489 481 1527 defendebant,
509 1493 661 1519 remotos
677 1485 720 1517 ab
739 1482 862 1516 officiis
879 1480 1011 1524 expulit
1029 1479 1066 1511 in
1083 1476 1197 1510 exilia.

226 1539 353 1574 Severo
387 1535 610 1571 Antiocheno
645 1533 819 1578 Episcopo
858 1531 1015 1574 linguam
1046 1527 1199 1572 praecidi

227 1590 348 1629 iussit,
386 1594 424 1621 ut
456 1583 752 1630 blasphemiarum
783 1592 912 1627 poenas
943 1581 1052 1614 daret.
1105 1576 1201 1610 Ilaec

227 1640 390 1674 severitas
406 1636 572 1671 Ecclesiis
588 1633 748 1669 Orientis
772 1633 917 1677 profuit.

326 1695 487 1738 Cumque
515 1699 549 1726 et
573 1694 722 1724 Arianos
747 1692 911 1732 pelleret,
938 1687 1033 1717 misit
1051 1686 1094 1716 nd
1121 1697 1200 1714 curn

231 1748 358 1789 legatos
376 1743 617 1777 Theodericus
637 1738 848 1772 Veronensis
872 1736 1004 1769 bellum
1024 1731 1202 1771 minitans,

231 1796 297 1829 nisi
321 1795 511 1827 desisteret.
563 1790 630 1823 Hic
655 1796 686 1822 et
700 1788 899 1823 Romanum
916 1783 1129 1828 Episcopum
1146 1781 1203 1814 Io-

231 1845 382 1879 hannem
401 1842 543 1875 inclusit
559 1840 699 1879 carceri,
716 1845 870 1880 utsupra
891 1836 1021 1868 dictum
1046 1839 1106 1872 est,
1121 1844 1203 1876 pro-

231 1902 346 1940 pterea
367 1894 458 1938 quod
477 1888 783 1932 Constantinopoli
804 1886 974 1920 lustinum
993 1888 1202 1916 coronasset.

232 1946 283 1979 Ac
298 1945 450 1989 primum
470 1940 562 1975 hune
588 1953 605 1973 a
624 1939 786 1973 Romano
803 1935 977 1980 Episcopo
995 1939 1202 1966 coronatum

233 2007 304 2028 esse
323 1995 565 2036 imperatorem
583 1990 741 2032 legimus.
794 1986 861 2020 Sed
876 1983 1138 2023 Theodericus,
1163 1988 1205 2015 ut

233 2056 336 2089 supra
359 2043 529 2081 diximus,
564 2047 640 2084 post
667 2038 835 2084 quaedam
860 2034 1028 2069 saeviciae
1050 2032 1205 2076 exempla

234 2102 393 2129 mortuus
410 2099 470 2126 est.
524 2091 594 2124 Pax
611 2090 713 2124 etiam
738 2099 815 2121 cum
832 2086 946 2119 Persis
963 2096 980 2117 a
1002 2083 1134 2116 Iustino
1154 2083 1206 2115 fa-

234 2153 285 2179 cta
302 2152 368 2185 est,
396 2153 500 2188 quam
518 2148 634 2175 tamen
659 2139 726 2172 cito
744 2138 868 2170 Persae
884 2136 1073 2169 violarunt.
1128 2132 1207 2165 Me-

236 2196 345 2228 moria
361 2193 506 2236 dignum
525 2198 557 2225 et
573 2189 638 2223 hoc
655 2196 713 2229 est,
731 2185 960 2221 Manichaeos
977 2192 1059 2219 tunc
1077 2183 1113 2216 in
1122 2183 1207 2216 Per-

237 2246 285 2277 sia
310 2245 439 2277 deletos
465 2253 552 2282 esse,
579 2241 672 2286 quod
689 2239 799 2272 filium
819 2237 908 2280 regis
933 2237 976 2269 ad
1000 2246 1061 2268 sua
1078 2234 1207 2267 delira-

236 2301 350 2328 menta
369 2298 617 2337 pertraxerant,

338 2352 429 2394 Quia
451 2358 563 2384 autem
588 2348 740 2383 Iustinus
766 2358 868 2380 senex
893 2351 983 2385 erat,
1010 2350 1042 2377 et
1067 2343 1207 2376 tandem

238 2402 353 2434 morbi
381 2403 423 2434 ad
463 2407 632 2434 senectam
666 2399 897 2436 accedebant,
928 2395 1051 2427 vivens
1083 2398 1206 2438 quarto

239 2462 357 2484 mense
381 2457 460 2483 ante
491 2457 638 2483 mortem
669 2460 767 2482 suam
799 2448 1044 2491 imperatorem
1079 2442 1209 2476 creavit

241 2501 473 2535 Iustinianum
495 2500 624 2533 sororis
640 2511 721 2533 suae
737 2498 847 2531 filium
865 2495 1104 2541 praesentibus
1121 2491 1208 2536 Epi-

241 2551 370 2595 phanio
382 2548 580 2583 patriarcba
596 2556 628 2583 et
645 2548 838 2592 praecipuis
849 2546 1088 2581 Senatoribus.
1121 2541 1209 2586 Epi-

241 2600 391 2646 phanius
409 2596 609 2633 patriarcha
624 2597 1037 2641 Constantinopolitanus
1054 2601 1085 2627 et
1103 2593 1209 2627 lusti-

243 2652 388 2685 nianum
407 2657 439 2684 et
456 2647 677 2683 Theodoram
693 2649 873 2691 coniugem
891 2647 965 2680 eius
982 2644 1173 2679 coronavit.
1191 2636 1194 2637 ⁷

481 119 686 161 SCRIPTA
713 119 789 156 PH.
811 115 927 153 MEL.
953 115 1020 152 AD
1046 115 1174 154 HIST.
1198 114 1341 153 PROF.
1366 112 1432 150 ET
1459 112 1648 150 PHILOS.
1671 112 1984 152 SPECTANTIA.

2115 117 2211 153 1048

1289 199 1396 235 Anno
1423 199 1547 256 mnndi
1577 205 1698 243 quater
1728 199 1914 233 millesimo
1941 200 2212 245 quadringente-

1440 261 1526 282 simo
1553 250 1786 291 nonagesimo.

1288 297 1395 333 Anno
1411 298 1546 356 Romae
1571 299 1756 332 millesimo
1779 298 2016 333 ducentesimo
2034 306 2211 343 septuage-

1441 361 1528 381 simo
1546 355 1679 382 octavo.

1289 397 1396 432 Anno
1411 396 1544 432 Christi
1561 397 1842 443 quingentesimo
1859 399 2023 432 vicesimo
2043 404 2177 432 octavo.

1574 498 1894 531 lastinianus.

1340 574 1579 611 lastinianus
1621 589 1767 619 regnare
1803 578 1893 622 cepit
1927 577 2058 621 collega
2091 576 2216 611 Iustini

1244 634 1394 674 quatuor
1409 628 1597 661 mensibus.
1650 627 1825 671 Regnavit
1844 639 1954 661 annos
1971 628 2112 671 triginta
2129 635 2218 663 octo·

1244 679 1354 713 Natus
1378 690 1417 710 ex
1441 688 1559 710 sorore
1576 677 1714 711 Iustini.
1766 677 1886 711 Valuit
1910 678 2076 718 consilio,
2103 684 2136 711 et
2151 677 2219 710 suit

1246 742 1285 762 co
1301 728 1417 768 foelix,
1445 729 1539 772 quod
1557 728 1750 761 industrios
1769 734 1801 761 et
1816 728 1955 761 foelices
1971 729 2074 761 duces
2087 725 2222 766 habuit,

1246 791 1307 824 per
1332 789 1419 823 quos
1443 779 1479 810 in
1506 778 1640 821 magnis
1657 778 1759 810 bellis
1777 778 1812 810 in
1832 777 1914 811 Asia
1933 778 2087 811 defendit
2106 778 2219 820 impe-

1245 830 1358 869 rium,
1385 828 1469 861 alibi
1495 828 1711 871 recuperavit
1737 828 1937 871 provincias
1959 828 2093 872 aliquas
2109 827 2219 860 amis—

1247 891 1310 913 sas.
1363 877 1591 921 Vituperatur
1608 878 1681 910 eius
1696 878 1843 910 avaricia
1855 902 1863 916 ‚
1889 879 1982 922 quod
2000 889 2119 910 omnes
2135 888 2219 919 gen-

1247 936 1296 962 tes
1313 928 1466 961 onerarit
1482 927 1615 969 magnis
1632 927 1791 968 tributis,
1816 930 1909 972 quod
1927 928 2055 960 multos
2071 927 2220 960 circum—

1247 984 1369 1009 ventos
1384 978 1568 1009 calumniis
1585 978 1771 1010 excusserit
1792 989 1832 1010 ex
1859 978 2099 1016 facultatibus,
2127 977 2221 1020 quod

1251 1026 1454 1059 doctoribus
1470 1026 1643 1068 stipendia
1661 1028 1839 1061 ademerit.
1893 1027 1961 1060 Sed
1978 1026 2132 1060 fortassis
2150 1037 2224 1058 ma-

1249 1076 1396 1119 gnitudo
1413 1074 1588 1107 bellorum
1606 1081 1639 1108 et
1657 1076 1936 1109 aedificationum
1957 1088 2035 1109 eum
2051 1082 2197 1108 excusat.

1352 1131 1457 1166 Initio
1483 1131 1607 1165 Persae
1633 1133 1781 1176 repressi
1811 1140 1892 1166 sunt
1919 1145 1980 1176 per
2002 1132 2223 1172 Belisarium,

1250 1196 1327 1217 cum
1340 1183 1466 1227 quibus
1481 1194 1559 1214 cum
1577 1194 1641 1225 pax
1656 1183 1742 1216 facta
1759 1190 1856 1222 esset,
1874 1182 2064 1215 Belisarius
2080 1183 2116 1214 in
2127 1183 2225 1216 Afri-

1251 1245 1323 1266 cam
1350 1232 1474 1264 missus
1497 1238 1564 1269 est,
1592 1232 1654 1264 ubi
1688 1239 1822 1275 recepta
1849 1230 2076 1275 Carthagine,
2110 1239 2142 1265 et
2168 1244 2223 1264 ca-

1251 1290 1309 1327 pto
1327 1282 1499 1315 Gilimero
1525 1293 1603 1324 rege
1621 1281 1827 1321 Vandalico,
1854 1283 1914 1326 qui
1940 1282 2088 1315 interfici
2111 1293 2225 1324 regem

1251 1332 1471 1366 Hildericum
1508 1332 1671 1369 iusserat,
1715 1339 1917 1375 recuperata
1943 1339 1992 1365 est
2018 1330 2157 1372 Africa,
2192 1338 2225 1365 et

1251 1383 1330 1416 finis
1362 1382 1412 1415 ibi
1442 1381 1509 1415 fuit
1538 1381 1635 1424 regni
1658 1381 1855 1415 Vandalici.
1926 1381 2116 1415 Belisarius
2147 1393 2225 1415 cnm

1252 1444 1376 1476 magna
1394 1431 1504 1474 gloria
1521 1432 1665 1465 domum
1683 1431 2017 1475 Constantinopolin
2033 1432 2148 1471 rediit,
2176 1431 2226 1464 ibi

1253 1495 1331 1518 cum
1352 1481 1504 1516 Gilimer
1521 1482 1557 1514 in
1575 1479 1755 1525 triumpho
1773 1483 1813 1515 ad
1832 1482 2064 1516 Iustinianum
2083 1482 2227 1525 supplex

1253 1536 1456 1573 duceretur,
1484 1532 1610 1565 dixisse
1628 1531 1804 1566 Barbarus
1822 1533 1985 1566 scribitur
2001 1531 2086 1565 haec
2102 1532 2226 1565 verba:

1254 1583 1402 1617 Vanitas
1426 1582 1620 1616 vanitatum
1638 1588 1670 1615 et
1686 1583 1803 1615 omnia
1820 1583 1972 1620 vanitas,
2000 1581 2154 1615 fortassis
2169 1593 2229 1614 co-

1255 1634 1366 1678 gitans
1381 1633 1650 1665 inconstantiam
1668 1644 1784 1665 rerum
1801 1630 2046 1672 humanarum,
2070 1638 2102 1664 et
2119 1631 2228 1674 impe-

1255 1683 1363 1713 tatori
1380 1683 1596 1722 significans,
1622 1693 1665 1713 ne
1683 1682 1806 1714 durior
1828 1688 1913 1714 esset
1939 1681 1976 1713 in
1991 1681 2149 1715 victoria.

1355 1735 1445 1769 Cum
1470 1742 1584 1768 autem
1607 1737 1644 1767 in
1668 1738 1931 1779 recuperatione
1955 1738 2094 1772 Africae
2118 1738 2230 1772 virtu-

1258 1794 1327 1822 tem
1343 1793 1375 1819 et
1392 1786 1614 1818 foelicitatem
1632 1784 1796 1818 Belisarii
1818 1788 2049 1831 conspexisset
2065 1787 2231 1822 Iustinia-

1256 1848 1341 1876 nus,
1364 1835 1470 1869 mittit
1489 1847 1568 1868 eum
1586 1835 1622 1867 in
1643 1834 1778 1868 ltaliam
1795 1837 1960 1871 adversus
1979 1836 2125 1878 Gottos,
2151 1849 2232 1872 cum

1257 1898 1352 1920 nono
1369 1897 1461 1919 anno
1478 1893 1647 1928 regnaret.
1701 1885 1861 1931 Suntque
1878 1898 1932 1920 res
1955 1899 2101 1931 magnae
2117 1895 2230 1931 gestae

1258 1938 1295 1970 in
1321 1936 1434 1980 prima
1460 1936 1680 1979 expeditione
1695 1935 1858 1970 Belisarii
1876 1936 1995 1971 Italica
2012 1939 2104 1971 intra
2119 1949 2230 1972 annos

1258 1987 1425 2033 quinque.
1478 1985 1637 2019 Primum
1659 1993 1795 2030 recepta
1821 1987 1985 2032 Neapolis
2015 1994 2048 2022 et
2076 1995 2231 2022 caeterae

1259 2038 1362 2072 urbes
1380 2037 1415 2069 in
1433 2035 1623 2080 Campania
1642 2043 1674 2071 et
1691 2035 1832 2081 Apulia.
1885 2037 2018 2072 Interea
2037 2037 2136 2072 Gotti
2152 2050 2231 2082 rege

1261 2086 1466 2125 Theodato,
1502 2087 1562 2131 qui
1588 2085 1878 2121 Amalasuntham
1902 2088 2139 2129 interfecerat,
2170 2090 2230 2122 de-

1259 2145 1350 2172 serto
1376 2143 1519 2181 propter
1541 2137 1728 2170 avariciam
1751 2144 1784 2171 et
1807 2138 1980 2181 ignaviam
2006 2149 2119 2182 regem
2138 2138 2230 2172 Viti-

1261 2200 1336 2233 gem
1353 2194 1533 2227 crearunt,
1561 2187 1621 2232 qui
1638 2185 1860 2221 Theodatum
1885 2189 2069 2223 interfecit.
2121 2187 2229 2222 Cum-

1260 2251 1327 2284 que
1348 2239 1471 2272 urbem
1491 2237 1641 2271 Romam
1674 2234 1817 2271 Ludere
1846 2239 1927 2271 duci
1951 2238 2090 2272 Gottico
2114 2245 2230 2272 custo-

1232 2291 1233 2294 ’
1262 2289 1427 2324 diendam
1461 2288 1678 2326 tradidisset,
1720 2289 1792 2331 ipse
1820 2287 2025 2323 Ravennam
2057 2288 2162 2329 adiit,
2193 2296 2231 2323 ut

1261 2340 1412 2373 exercitu
1437 2339 1580 2371 collecto
1612 2349 1689 2370 cum
1714 2337 1882 2372 Belisario
1911 2338 2076 2371 dimicare
2107 2345 2231 2382 posset.

1261 2390 1349 2425 Cum
1367 2396 1481 2423 autem
1498 2387 1686 2421 Belisarius
1704 2390 1746 2421 ad
1762 2389 1882 2421 urbem
1902 2387 2053 2422 Romam
2069 2390 2229 2422 accessis—

1261 2447 1330 2480 set,
1358 2447 1390 2474 et
1406 2439 1642 2473 defensionem
1661 2440 1856 2482 desperaret
1872 2437 2048 2479 Luderus,
2075 2439 2134 2483 qui
2153 2446 2230 2472 tan·

1260 2499 1335 2526 tum
1360 2497 1511 2536 quatuor
1534 2489 1643 2522 millia
1660 2487 1848 2521 Gottorum
1876 2499 1989 2521 secum
2009 2486 2175 2530 habebat,
2199 2497 2231 2523 et

1261 2541 1390 2575 civium
1426 2540 1536 2574 animi
1568 2540 1611 2572 ad
1635 2537 1842 2571 Belisarium
1878 2539 2104 2579 inclinarent,
2146 2539 2231 2572 urbs

1260 2591 1374 2626 Roma
1391 2590 1466 2623 sine
1481 2590 1611 2633 praelio
1628 2588 1794 2631 patefacta
1811 2595 1859 2622 est
1874 2587 2054 2624 Belisario,
2095 2588 2230 2622 Milites

1264 2641 1395 2675 Gottici
1413 2641 1535 2674 eodem
1553 2639 1608 2672 die
1626 2638 1751 2680 egressi
1769 2645 1850 2672 sunt
1867 2639 1934 2673 alia
1952 2646 2060 2683 porta.
2113 2638 2227 2672 Lude-
