2324 2955
125 100 201 137 857
806 100 833 135 1·

124 188 310 225 Iudaeam,
353 197 458 232 quem
489 197 569 220 cum
599 186 706 219 armis
733 185 966 230 reprimerent
989 185 1111 219 Maca-

123 238 220 279 baei,
266 243 385 282 postea
425 237 661 281 principatum
703 234 741 269 hi
776 243 984 278 tenuerunt,
1031 248 1110 269 cum

121 295 236 323 essent
252 288 327 321 nati
346 300 386 321 ex
402 288 498 321 tribu
515 286 683 322 Levitica.

223 338 307 372 Post
323 337 531 371 Macabaeos
548 336 712 370 Iudaeam
729 338 917 381 regendam
936 337 1032 371 dedit
1048 335 1108 370 Iu-

122 390 191 423 lius
210 387 398 432 Antipatro
418 387 605 428 ldumaeo,
632 388 731 422 cuius
755 388 921 423 virtutem
947 395 980 422 et
1003 387 1107 420 fidem

122 440 160 474 in
191 439 284 472 bello
309 436 552 471 Alexandrino
582 446 742 482 expertus
773 447 856 473 erat.
910 438 978 471 Hic
1002 437 1108 471 Anti-

121 496 219 534 pater
240 494 338 532 pater
362 489 427 522 fuit
449 488 603 522 Herodis
627 489 743 533 primi.
814 489 865 523 Ita
888 488 1104 534 praedictum

119 541 233 573 fuerat
255 539 292 572 in
316 539 483 572 vaticinio
506 537 787 578 hebdomadum,
822 547 1010 573 venturum
1033 549 1104 571 esse

119 589 287 623 Messiam
313 589 349 621 in
373 590 440 622 fine
457 590 599 633 politiae
615 590 794 631 Iudaicae,
821 602 900 624 cum
920 591 988 622 iam
1006 600 1104 632 pere-

119 640 213 683 grini
235 640 272 672 in
291 639 415 672 ludaea
439 651 535 682 reges
558 646 682 673 essent.
734 639 781 675 Et
804 647 920 673 tamen
939 651 982 672 ne
1000 639 1104 682 stirps

118 690 234 724 David
255 690 373 732 ignota
399 697 504 730 esset,
529 691 686 734 oportuit
711 703 782 724 non
806 692 950 733 longum
968 697 1104 732 tempus

119 751 194 774 esse
218 752 237 773 a
259 746 436 784 postremo
460 741 547 773 duce
571 753 610 773 ex
634 741 741 784 stirpe
762 740 878 774 David
902 741 946 773 ad
970 737 1102 772 Christi

117 790 281 824 natalem.
348 790 439 824 Sunt
476 798 592 824 autem
628 792 713 824 anni
743 799 882 825 eentum
915 789 1101 832 sexaginta.

115 839 203 874 Erat
226 841 333 884 igitur
359 852 479 874 recens
505 842 673 875 memoria
697 842 864 886 postremi
886 841 985 874 ducis
1001 846 1033 873 et
1050 840 1102 872 fa-

115 891 234 924 miliae
253 892 339 927 eius.

217 939 323 975 Extat
354 941 476 974 iisdem
507 942 804 985 appellationibus
836 942 965 974 ducum
997 940 1101 973 series

117 992 209 1035 apud
232 991 364 1025 Lucam
390 998 422 1024 et
445 989 652 1031 Philonem,
681 1003 790 1035 nsque
815 992 857 1023 ad
883 998 1099 1035 postremum

117 1043 241 1075 ducem
270 1041 378 1074 [anna
402 1040 615 1080 Ilii-canum,
643 1041 753 1074 filium
776 1039 912 1085 loseph.
963 1039 1101 1073 Deinde

115 1091 227 1125 Lucas
247 1091 366 1124 attexit
382 1097 533 1135 quatuor
550 1098 681 1134 patres,
709 1092 767 1135 qui
786 1104 859 1123 non
875 1092 1019 1124 fuerunt
1035 1092 1101 1123 du-

116 1152 181 1176 ces,
248 1141 317 1175 Sed
350 1141 452 1174 multi
480 1141 649 1174 familiam
683 1153 784 1174 nosse
813 1148 987 1184 poterant.
1054 1140 1102 1174 [Jt

116 1198 232 1225 autem
253 1191 358 1225 series
378 1191 415 1223 in
435 1198 620 1235 conspectu
635 1191 678 1224 sit
690 1216 698 1230 ‚
728 1192 880 1225 recitabo
898 1189 954 1225 hic
970 1197 1002 1224 et
1020 1190 1101 1224 Ma-

116 1242 270 1276 cabaeos.

116 1361 278 1394 Series
315 1359 584 1402 principum
623 1360 668 1390 et
708 1368 888 1402 reglum,
931 1359 1007 1401 qui
1046 1367 1101 1390 ex·

329 1407 607 1442 Macabaez‘s
637 1410 731 1441 orti
764 1411 887 1441 stent.

218 1491 355 1525 Nomen
372 1487 574 1523 llffucabaei
598 1494 773 1530 sumptum
795 1494 845 1521 est
861 1500 901 1520 ex
918 1488 1028 1521 literis
1046 1488 1102 1532 pi-

116 1544 180 1578 ctis
200 1543 237 1575 in
253 1542 400 1581 vexillo,
426 1552 515 1584 quae
530 1539 787 1581 significabant:
816 1537 905 1579 Quis
923 1539 1009 1571 sicut
1026 1538 1101 1571 Do-

116 1594 233 1627 minus
256 1592 293 1624 in
312 1590 442 1624 lsrael?
492 1587 597 1622 Extat
620 1595 735 1621 autem
760 1588 865 1620 series
887 1589 1040 1621 familiae
1064 1589 1099 1621 in

114 1645 229 1688 primo
248 1643 340 1675 libro
358 1639 525 1673 historiae
542 1638 822 1672 Macabaeorum.

217 1689 411 1725 Matathias
435 1697 555 1722 contra
582 1686 748 1721 Antiochi
774 1685 972 1731 Epiphanis
997 1689 1101 1721 duces

116 1744 251 1789 primus
267 1753 362 1774 :trina
378 1739 502 1783 coepit,
531 1745 562 1770 et
580 1738 658 1769 filiis
674 1736 832 1770 hortator
847 1738 924 1776 fuit,
951 1745 987 1770 ut
1006 1751 1102 1770 exer-

118 1796 207 1828 citus
232 1792 457 1833 colligerent,
484 1795 516 1821 et
542 1788 770 1820 defenderent
792 1788 957 1831 reliquias
980 1786 1102 1820 Eccle-

119 1845 206 1882 siae,
233 1850 267 1876 et
284 1851 405 1874 rursus
423 1838 635 1883 expellerent
653 1834 822 1870 Antiochi
838 1838 1025 1875 mercium,
1054 1839 1101 1870 si-

117 1893 313 1929 cutDaniel
330 1892 486 1925 futurum
506 1888 736 1932 praedixerat:
766 1886 987 1920 luvabuntur
1003 1889 1102 1921 auxi-

117 1946 166 1979 lio
185 1943 343 1990 parvulo.

221 1993 410 2028 Sciendum
436 1996 485 2023 est
507 1995 642 2027 autern,
675 1988 748 2020 eius
772 1988 938 2031 temporis
961 1990 1103 2022 calami-

119 2052 245 2085 tatem,
287 2042 533 2086 dissipationes
565 2046 597 2072 et
630 2039 871 2078 liberationes,
911 2039 1102 2081 imaginem

119 2108 191 2131 esse
208 2092 376 2139 postremi
394 2091 561 2134 temporis
579 2090 613 2122 in
633 2087 798 2124 Ecclesia.

222 2141 342 2178 Iudas
367 2142 577 2176 Macabaeus
606 2140 696 2172 filius
720 2137 912 2173 Matathiae
942 2140 1006 2173 suit
1033 2141 1102 2174 dux

119 2208 231 2232 annos
256 2195 424 2240 quinque.
476 2192 565 2225 Cum
587 2187 785 2223 Antiochus
810 2198 887 2234 post
911 2192 1102 2224 secundum

121 2241 271 2282 reditum
297 2258 335 2277 ex
356 2243 514 2288 Aegypto
538 2242 738 2274 collocasset
756 2241 889 2274 idolum
909 2242 944 2274 in
963 2243 1103 2285 templo,

121 2310 215 2332 anno
234 2294 312 2330 145.
332 2305 449 2328 mense
467 2293 605 2331 Kisleu,
632 2291 693 2335 qui
710 2292 812 2324 nobis
827 2299 876 2324 est
892 2292 1103 2332 November,

124 2348 283 2393 sequenti
304 2357 396 2379 anno
420 2343 524 2376 ludas
546 2341 758 2375 Macabaeus
783 2342 928 2375 collecto
950 2343 1103 2376 exercitu

121 2398 308 2434 defendere
331 2395 452 2439 populi
478 2394 643 2438 reliquias
662 2393 792 2436 coepit,
819 2399 851 2425 et
868 2400 1018 2437 quatuor
1037 2394 1103 2426 du-

123 2461 177 2485 ces
192 2447 317 2483 ordine
331 2445 464 2487 magnis
481 2444 621 2489 praeliis
638 2443 736 2482 Vicit,
765 2441 993 2485 Apollonium
1005 2469 1014 2481 ,
1039 2444 1103 2477 Se-

122 2511 266 2537 ronem,
295 2496 463 2538 Gorgiam
487 2502 520 2528 et
536 2495 688 2540 Lysiam.
741 2492 805 2526 llis
831 2494 1023 2536 profligatis
1048 2506 1103 2527 re-

123 2548 305 2594 cuperavit
348 2553 380 2579 et
413 2546 572 2589 purgavit
608 2544 774 2586 templum
809 2550 959 2576 cremato
996 2544 1103 2579 idolo.

123 2597 255 2644 Estque
278 2600 365 2631 facta
390 2596 511 2639 templi
536 2594 735 2638 repurgatio
756 2594 792 2626 in
812 2594 878 2626 fine
897 2594 989 2626 tertii
1006 2596 1104 2635 anni,

126 2661 243 2684 mense
268 2648 409 2686 Kisleu‚
443 2646 564 2678 eodem
596 2646 652 2677 die
679 2657 748 2689 quo
773 2645 906 2677 idolum
930 2651 1009 2677 ante
1035 2653 1104 2679 tres

178 2703 353 2734 Marmara.
381 2700 482 2731 Orsa.
510 2698 590 2728 Vot.
609 2696 683 2728 ΧΠ.

888 96 1180 136 CHRONICON
1217 97 1463 137 CARIONIS.

2083 120 2153 155 858

1166 195 1277 217 annos
1307 186 1343 218 in
1376 188 1546 231 templum
1575 190 1783 225 collocatum
1806 194 1929 232 fuerat.
1991 198 2090 236 Circa
2116 205 2151 238 id

1165 241 1301 291 tempus
1325 243 1358 270 et
1374 235 1572 272 Antiochus
1587 238 1791 285 Epiphanes
1810 254 1971 282 mortuus
1990 259 2051 285 est.
2103 253 2147 289 Et

1163 297 1232 317 iam
1260 297 1335 329 spes
1359 295 1433 321 erat
1450 290 1563 332 pacis,
1590 293 1649 324 sed
1665 304 1786 327 rursus
1804 298 1930 331 scelere
1947 304 2076 336 summi
2093 317 2149 338 sa-

1162 336 1311 369 cerdotis
1337 335 1468 371 Alcimi
1497 342 1634 374 attracti
1661 350 1743 377 sunt
1767 342 1881 380 hostes
1903 361 1943 382 ex
1967 350 2067 386 Svria
2092 367 2147 388 re-

1159 393 1288 427 gnante
1307 386 1498 423 Demetrio.
1551 391 1703 438 Fuitque
1719 394 1896 431 difficilius
1913 400 2043 435 bellum
2062 417 2145 448 pro-

1160 442 1237 479 pter
1261 436 1391 470 Alcimi
1417 441 1618 482 perfidiam,
1648 444 1706 487 qui
1731 444 1822 479 intra
1846 451 1984 484 moenia
2008 452 2144 490 leroso-

1158 486 1270 530 lymae
1289 488 1523 523 insidiabatur
1539 491 1747 528 Macabaeis.

1259 545 1341 580 Fuit
1361 554 1475 581 autem
1500 556 1595 582 tanta
1620 552 1783 593 superbia
1808 555 1906 588 ducis
1928 557 2061 603 Syriaci
2079 564 2143 598 Ni-

1158 596 1313 636 canoris,
1341 603 1376 629 ut
1396 605 1536 631 extenso
1556 598 1700 632 brachio
1720 610 1839 637 contra
1857 609 2025 651 templum
2046 613 2142 648 iura-

1157 646 1264 685 verit,
1291 658 1326 678 se
1350 644 1415 679 hoc
1440 650 1609 692 templum
1626 651 1699 693 igni
1718 653 1915 688 deleturum
1935 670 2018 695 esse.
2072 666 2140 698 Sed

1156 692 1238 728 huic
1265 696 1431 729 Nicanori
1466 699 1503 730 in
1535 700 1606 731 acie
1640 701 1821 736 interfecto
1852 709 2005 749 praecidi
2031 713 2141 748 victor

1157 745 1261 778 ludas
1283 754 1387 790 caput
1410 755 1442 781 et
1466 746 1607 782 brachia
1632 750 1749 792 iussit,
1776 760 1808 787 et
1824 759 1989 799 suspendi
2007 773 2044 794 ea
2062 772 2141 798 ante

1155 797 1337 879 tegnplurlp,
1358 804 1397 830 ut
1413 799 1673 843 conspiceretur
1690 805 1886 848 exemplum
1904 819 2034 851 poenae
2049 814 2141 848 blas-

1154 858 1176 889 p
1206 858 1274 879 emi
1322 859 1461 884 omnus.

1256 904 1322 937 His
1348 907 1455 939 tantis
1482 908 1587 941 rebus
1611 910 1782 946 divinitus
1801 921 1833 949 et
1851 917 2020 954 foeliciter
2039 926 2140 959 oesiis

1154 966 1215 998 per
1239 966 1350 988 annos
1378 963 1546 999 quatuor,
1574 959 1701 992 deinde
1725 963 1847 997 foedus
1871 968 1951 1002 fecit
1970 949 2139 1009 curtillo-

1154 1005 1276 1038 manis.
1330 1004 1412 1038 Post
1429 1006 1462 1038 id
1478 1007 1601 1040 foedus
1618 1008 1828 1046 infoeliciter
1843 1027 2000 1059 pugnans
2015 1022 2051 1054 in
2069 1026 2140 1058 acie

1154 1055 1290 1090 cecidit.
1344 1055 1437 1098 Quia
1462 1054 1559 1090 Deus
1584 1059 1697 1093 voluit
1720 1065 1920 1105 ostendere,
1948 1066 2139 1108 Ecclesiam

1154 1117 1225 1137 non
1252 1106 1378 1138 debere
1401 1107 1577 1140 confidere
1600 1112 1866 1152 peregrinorum
1892 1129 2011 1160 regum
2035 1135 2138 1165 prae-

1154 1156 1253 1188 sidiis
1270 1162 1301 1189 et
1316 1156 1527 1195 foederibus,
1556 1160 1614 1191 sed
1632 1160 1676 1192 ab
1692 1161 1768 1205 ipso
1782 1172 1898 1207 patere
1914 1175 1945 1201 et
1962 1181 2138 1215 expectare

1153 1206 1411 1247 defensionem,
1438 1207 1532 1240 iuxta
1558 1209 1706 1243 dictum:
1736 1212 1946 1250 Maledictus
1970 1222 2029 1264 qui
2054 1205 2140 1258 con-

1153 1256 1229 1288 fidit
1254 1256 1291 1288 in
1316 1254 1471 1290 homine.
1530 1257 1620 1291 Nam
1645 1267 1677 1294 et
1704 1260 1874 1299 Ionathae
1897 1269 1995 1303 fratri
2019 1282 2138 1316 postca

1153 1306 1256 1339 exitio
1272 1307 1338 1340 fuit
1355 1308 1539 1350 perfidiosa
1556 1320 1675 1352 regum
1694 1313 1857 1350 amicitia.

1255 1362 1444 1398 Ionallzas
1461 1367 1567 1399 frater
1580 1366 1686 1402 Iudae
1703 1372 1771 1404 dux
1791 1374 1857 1408 suit
1875 1387 1985 1412 annos
2004 1393 2140 1418 noven-

1154 1415 1277 1449 decim.
1331 1414 1413 1449 Fuit
1433 1416 1566 1450 amicus
1590 1430 1708 1461 regum
1725 1420 1865 1467 Syriae,
1892 1414 2090 1466 Alexandri
2109 1444 2141 1470 et

1155 1462 1380 1509 TryphoniS,
1415 1466 1457 1498 de
1488 1468 1617 1511 quibus
1648 1481 1751 1514 supra
1778 1473 1813 1506 in
1840 1478 1994 1521 catalogo
2019 1495 2140 1518 renum

1154 1515 1288 1560 Syriae.
1342 1514 1419 1549 Etsi
1446 1523 1561 1549 autern
1586 1530 1707 1552 rursus
1730 1528 1812 1555 tune
1829 1528 2014 1564 mediocris
2031 1508 2139 1570 sfinus

1154 1565 1221 1598 fuit
1246 1564 1413 1604 Iudaeae,
1450 1573 1567 1600 tamen
1598 1580 1675 1603 cum
1707 1571 1775 1605 iam
1810 1576 1903 1610 velut
1928 1583 2141 1618 conducticii

1153 1616 1347 1649 militarent
1371 1617 1463 1659 apud
1479 1617 1639 1662 Syriacos
1657 1632 1752 1662 reges
1771 1623 1862 1658 inter
1879 1639 1951 1661 sese
1967 1632 2141 1667 dimican-

1155 1671 1224 1704 tes,
1251 1666 1429 1706 doctriua,
1457 1667 1643 1711 disciplina
1666 1677 1697 1702 et
1723 1684 1837 1706 mores
1863 1677 1898 1708 iu
1921 1677 2044 1715 iudaea
2066 1697 2141 1719 rna-

1154 1714 1205 1757 gis
1229 1715 1558 1759 corrumpebantur.
1609 1716 1655 1752 Et
1673 1719 1838 1757 Ionathas
1857 1725 2061 1772 Tryphonis
2083 1736 2140 1768 in-

1155 1765 1253 1797 sidiis
1274 1765 1476 1798 interfectus
1494 1774 1555 1800 est.
1611 1766 1661 1802 Ita
1680 1772 1848 1814 paulatim
1867 1766 1975 1813 status
1994 1781 2141 1820 Iudaeae

1155 1816 1227 1848 ruit
1244 1816 1279 1847 in
1295 1817 1459 1851 deterius.

1258 1872 1387 1906 Simon
1409 1875 1516 1907 frater
1535 1874 1642 1910 Iudae
1659 1877 1840 1916 Macahaei
1859 1885 1926 1920 suit
1942 1889 2011 1922 dux
2029 1903 2141 1928 annos

1156 1930 1244 1956 octo.
1297 1924 1443 1967 Repulit
1475 1924 1705 1970 Tryphonem
1737 1939 1770 1965 et
1803 1933 2020 1972 Antiochum
2047 1942 2099 1976 Gr
2117 1958 2142 1972 ’-

1156 1972 1278 2018 phum.
1330 1972 1476 2017 Expulit
1497 1987 1537 2007 ex
1555 1988 1631 2010 arce
1649 1978 1736 2013 Sion
1755 1989 1787 2016 et
1806 1996 1845 2016 ex
1863 1987 1940 2021 aliis
1958 1990 2041 2024 locis
2060 1958 2142 2027 refi-

1155 2024 1255 2069 quias
1289 2025 1545 2067 praesidiorum
1577 2026 1821 2072 Syriacorum,
1863 2036 1908 2070 ita
1938 2046 1977 2072 ut
2008 2044 2072 2075 sub
2102 2057 2141 2079 eo

1156 2086 1298 2119 prorsus
1313 2075 1445 2108 fuerint
1462 2088 1500 2108 ex
1511 2074 1639 2111 Iudaea
1654 2083 1858 2125 peregrinae
1871 2096 1988 2129 gentes
2003 2093 2141 2131 eiectae.

1256 2132 1417 2190 Cumque
1443 2134 1511 2167 iam
1533 2147 1605 2168 non
1631 2138 1744 2172 solum
1762 2154 1825 2185 pax
1844 2144 1878 2177 iu
1902 2146 2025 2182 Iudaea
2043 2162 2140 2191 esset,

1155 2184 1214 2216 sed
1240 2190 1397 2217 restituta
1422 2185 1526 2218 etiam
1551 2193 1638 2220 esset
1657 2196 1754 2223 vetus
1769 2193 1878 2227 forma
1901 2195 2127 2242 tleiput›1ic;w

1155 2235 1277 2278 templi
1302 2235 1453 2277 dignitas
1479 2242 1509 2268 et
1535 2237 1653 2271 usitati
1676 2240 1807 2282 cultus,
1835 2244 1957 2279 Simon
1975 2262 1992 2282 a
2013 2234 2140 2292 generd

1154 2297 1217 2318 suo
1235 2284 1457 2325 Ptolemaeo,
1485 2286 1541 2318 cui
1558 2288 1700 2322 dederat
1720 2294 1972 2334 praefecturam
1991 2299 2126 2337 Iericho

1157 2335 1358 2368 interfectus
1384 2343 1443 2368 est.
1496 2335 1546 2369 Ita
1571 2345 1743 2380 postrema
1761 2350 1852 2376 aetas
1872 2346 1906 2379 in
1929 2349 1987 2382 illo
2006 2334 2138 2396 populo·

1155 2386 1256 2418 valde
1276 2386 1430 2430 inquieta
1450 2387 1527 2421 fuit.
1579 2386 1627 2421 Et
1646 2395 1762 2425 tamen
1778 2393 1870 2428 inter
1887 2395 1949 2431 has
1970 2405 2138 2439 tumultus

1155 2436 1364 2469 mirabiliter
1380 2435 1475 2469 Deus
1492 2435 1668 2471 Ecclesiae
1687 2442 1852 2487 reliquias
1868 2452 2027 2485 servavit.

1257 2494 1351 2528 Patri
1377 2496 1515 2527 Simoni
1540 2499 1702 2532 successit
1727 2500 1818 2534 fitius
1842 2501 2030 2543 Iohannes
2055 2513 2134 2547 Ilir-

1156 2556 1284 2583 canus,
1312 2545 1371 2589 qui
1399 2546 1461 2578 fuit
1485 2547 1554 2579 dux
1579 2560 1690 2582 annos
1710 2552 1851 2593 triginta
1871 2568 1998 2599 unum,
2026 2566 2137 2596 excul-

1158 2596 1232 2628 leus
1262 2595 1391 2628 virtute
1421 2603 1454 2629 et
1486 2597 1682 2633 foelicitate.
1746 2601 1890 2647 Repulit
1922 2607 2136 2647 Antiochum

1160 2643 1366 2689 (lryphum,
1401 2646 1461 2690 qui
1485 2647 1668 2683 obsederat
1692 2649 1949 2700 lerosolymam.
2002 2661 2136 2697 Deiml(=

1581 2697 1629 2734 55
