<?xml version="1.0" encoding="UTF-8"?>
<!DOCTYPE html PUBLIC "-//W3C//DTD XHTML 1.0 Transitional//EN"
    "http://www.w3.org/TR/xhtml1/DTD/xhtml1-transitional.dtd">
<html xmlns="http://www.w3.org/1999/xhtml" xml:lang="en" lang="en">
 <head>
  <title>
</title>
<meta http-equiv="Content-Type" content="text/html;charset=utf-8" />
  <meta name='ocr-system' content='tesseract 3.04.00' />
  <meta name='ocr-capabilities' content='ocr_page ocr_carea ocr_par ocr_line ocrx_word'/>
</head>
<body>
  <div class='ocr_page' id='page_1' title='image "./operaquaesupersu12melauoft/operaquaesupersu12melauoft_0035.png"; bbox 0 0 2324 2955; ppageno 0'>
   <div class='ocr_carea' id='block_1_1' title="bbox 91 113 140 148">
    <p class='ocr_par' dir='ltr' id='par_1_1' title="bbox 91 113 140 148">
     <span class='ocr_line' id='line_1_1' title="bbox 91 113 140 148; baseline 0 0"><span class='ocrx_word' id='word_1_1' title='bbox 91 113 140 148; x_wconf 79' lang='lat'>55</span> 
     </span>
    </p>
   </div>
   <div class='ocr_carea' id='block_1_2' title="bbox 78 193 1070 1030">
    <p class='ocr_par' dir='ltr' id='par_1_2' title="bbox 78 193 1070 1030">
     <span class='ocr_line' id='line_1_2' title="bbox 88 193 1070 240; baseline -0.002 -10"><span class='ocrx_word' id='word_1_2' title='bbox 88 195 220 230; x_wconf 89' lang='lat' dir='ltr'>mentio</span> <span class='ocrx_word' id='word_1_3' title='bbox 241 198 284 230; x_wconf 93' lang='lat' dir='ltr'>de</span> <span class='ocrx_word' id='word_1_4' title='bbox 307 203 461 230; x_wconf 89' lang='lat' dir='ltr'>veterum</span> <span class='ocrx_word' id='word_1_5' title='bbox 483 195 682 240; x_wconf 74' lang='lat' dir='ltr'>principum</span> <span class='ocrx_word' id='word_1_6' title='bbox 707 195 811 229; x_wconf 89' lang='lat' dir='ltr'>rebus</span> <span class='ocrx_word' id='word_1_7' title='bbox 831 196 933 239; x_wconf 88' lang='lat' dir='ltr'>gestis</span> <span class='ocrx_word' id='word_1_8' title='bbox 951 195 988 228; x_wconf 89' lang='lat' dir='ltr'>in</span> <span class='ocrx_word' id='word_1_9' title='bbox 1006 193 1070 228; x_wconf 88' lang='lat' dir='ltr'>hac</span> 
     </span>
     <span class='ocr_line' id='line_1_3' title="bbox 87 245 1069 289; baseline -0.001 -10"><span class='ocrx_word' id='word_1_10' title='bbox 87 247 246 289; x_wconf 78' lang='lat' dir='ltr'>regione,</span> <span class='ocrx_word' id='word_1_11' title='bbox 272 245 452 280; x_wconf 77' lang='lat' dir='ltr'>historiam</span> <span class='ocrx_word' id='word_1_12' title='bbox 471 246 614 279; x_wconf 82' lang='lat' dir='ltr'>recitare</span> <span class='ocrx_word' id='word_1_13' title='bbox 630 247 765 279; x_wconf 82' lang='lat' dir='ltr'><strong>decrevi</strong></span> <span class='ocrx_word' id='word_1_14' title='bbox 783 246 862 279; x_wconf 91' lang='lat' dir='ltr'>iusti</span> <span class='ocrx_word' id='word_1_15' title='bbox 880 253 911 279; x_wconf 89' lang='lat' dir='ltr'>et</span> <span class='ocrx_word' id='word_1_16' title='bbox 925 257 1069 288; x_wconf 84' lang='lat' dir='ltr'>magna-</span> 
     </span>
     <span class='ocr_line' id='line_1_4' title="bbox 87 296 1068 341; baseline -0.001 -12"><span class='ocrx_word' id='word_1_17' title='bbox 87 297 175 329; x_wconf 87' lang='lat' dir='ltr'>mini</span> <span class='ocrx_word' id='word_1_18' title='bbox 205 297 374 341; x_wconf 88' lang='lat' dir='ltr'>principis</span> <span class='ocrx_word' id='word_1_19' title='bbox 401 296 590 336; x_wconf 86' lang='lat' dir='ltr'>Friderici,</span> <span class='ocrx_word' id='word_1_20' title='bbox 619 296 717 329; x_wconf 90' lang='lat' dir='ltr'>cuius</span> <span class='ocrx_word' id='word_1_21' title='bbox 741 296 808 329; x_wconf 87' lang='lat' dir='ltr'>fuit</span> <span class='ocrx_word' id='word_1_22' title='bbox 831 308 849 329; x_wconf 89' lang='lat' dir='ltr'>a</span> <span class='ocrx_word' id='word_1_23' title='bbox 874 302 982 329; x_wconf 85' lang='lat' dir='ltr'>matre</span> <span class='ocrx_word' id='word_1_24' title='bbox 1006 296 1068 328; x_wconf 87' lang='lat' dir='ltr'>ad·</span> 
     </span>
     <span class='ocr_line' id='line_1_5' title="bbox 86 346 1067 391; baseline 0.001 -13"><span class='ocrx_word' id='word_1_25' title='bbox 86 358 201 380; x_wconf 89' lang='lat' dir='ltr'>morsa</span> <span class='ocrx_word' id='word_1_26' title='bbox 223 359 329 389; x_wconf 88' lang='lat' dir='ltr'>gena,</span> <span class='ocrx_word' id='word_1_27' title='bbox 362 346 422 391; x_wconf 84' lang='lat' dir='ltr'>qui</span> <span class='ocrx_word' id='word_1_28' title='bbox 447 346 533 378; x_wconf 78' lang='lat' dir='ltr'>vixit</span> <span class='ocrx_word' id='word_1_29' title='bbox 554 353 631 379; x_wconf 85' lang='lat' dir='ltr'>ante</span> <span class='ocrx_word' id='word_1_30' title='bbox 656 358 767 379; x_wconf 91' lang='lat' dir='ltr'>annos</span> <span class='ocrx_word' id='word_1_31' title='bbox 792 347 862 378; x_wconf 81' lang='lat' dir='ltr'>fere</span> <span class='ocrx_word' id='word_1_32' title='bbox 886 352 1067 386; x_wconf 86' lang='lat' dir='ltr'>trecentos,</span> 
     </span>
     <span class='ocr_line' id='line_1_6' title="bbox 86 396 1066 440; baseline -0.003 -10"><span class='ocrx_word' id='word_1_33' title='bbox 86 402 118 430; x_wconf 88' lang='lat' dir='ltr'>et</span> <span class='ocrx_word' id='word_1_34' title='bbox 142 398 253 430; x_wconf 86' lang='lat' dir='ltr'>tenuit</span> <span class='ocrx_word' id='word_1_35' title='bbox 279 397 431 440; x_wconf 88' lang='lat' dir='ltr'>primum</span> <span class='ocrx_word' id='word_1_36' title='bbox 459 408 536 428; x_wconf 90' lang='lat' dir='ltr'>cum</span> <span class='ocrx_word' id='word_1_37' title='bbox 563 396 667 429; x_wconf 88' lang='lat' dir='ltr'>fratre</span> <span class='ocrx_word' id='word_1_38' title='bbox 687 396 868 440; x_wconf 72' lang='lat' dir='ltr'>Mysorum</span> <span class='ocrx_word' id='word_1_39' title='bbox 890 396 1066 439; x_wconf 86' lang='lat' dir='ltr'>regionem</span> 
     </span>
     <span class='ocr_line' id='line_1_7' title="bbox 85 445 1065 488; baseline -0.002 -9"><span class='ocrx_word' id='word_1_40' title='bbox 85 452 117 479; x_wconf 85' lang='lat' dir='ltr'>et</span> <span class='ocrx_word' id='word_1_41' title='bbox 141 445 318 480; x_wconf 84' lang='lat' dir='ltr'>Lusatiam</span> <span class='ocrx_word' id='word_1_42' title='bbox 346 446 562 487; x_wconf 89' lang='lat' dir='ltr'>inferiorem,</span> <span class='ocrx_word' id='word_1_43' title='bbox 589 447 717 478; x_wconf 90' lang='lat' dir='ltr'>deinde</span> <span class='ocrx_word' id='word_1_44' title='bbox 741 447 834 478; x_wconf 81' lang='lat' dir='ltr'>solus</span> <span class='ocrx_word' id='word_1_45' title='bbox 858 446 1065 488; x_wconf 69' lang='lat' dir='ltr'>&#39;l‘uringiam</span> 
     </span>
     <span class='ocr_line' id='line_1_8' title="bbox 84 495 1065 541; baseline 0 -12"><span class='ocrx_word' id='word_1_46' title='bbox 84 502 117 529; x_wconf 86' lang='lat' dir='ltr'>et</span> <span class='ocrx_word' id='word_1_47' title='bbox 133 495 316 541; x_wconf 68' lang='lat' dir='ltr'>Mysorum</span> <span class='ocrx_word' id='word_1_48' title='bbox 343 497 529 539; x_wconf 77' lang='lat' dir='ltr'><strong>regionem.</strong></span> <span class='ocrx_word' id='word_1_49' title='bbox 582 496 711 537; x_wconf 83' lang='lat' dir='ltr'>Magna</span> <span class='ocrx_word' id='word_1_50' title='bbox 737 496 829 527; x_wconf 90' lang='lat' dir='ltr'>enim</span> <span class='ocrx_word' id='word_1_51' title='bbox 853 497 999 530; x_wconf 86' lang='lat' dir='ltr'>varietas</span> <span class='ocrx_word' id='word_1_52' title='bbox 1016 503 1065 529; x_wconf 77' lang='lat' dir='ltr'>est</span> 
     </span>
     <span class='ocr_line' id='line_1_9' title="bbox 83 543 1063 583; baseline -0.001 -5"><span class='ocrx_word' id='word_1_53' title='bbox 83 557 264 579; x_wconf 82' lang='lat' dir='ltr'>causarum</span> <span class='ocrx_word' id='word_1_54' title='bbox 291 553 322 579; x_wconf 88' lang='lat' dir='ltr'>et</span> <span class='ocrx_word' id='word_1_55' title='bbox 348 554 533 579; x_wconf 75' lang='lat' dir='ltr'>eventuum</span> <span class='ocrx_word' id='word_1_56' title='bbox 558 546 594 577; x_wconf 92' lang='lat' dir='ltr'>in</span> <span class='ocrx_word' id='word_1_57' title='bbox 620 543 682 577; x_wconf 90' lang='lat' dir='ltr'>hac</span> <span class='ocrx_word' id='word_1_58' title='bbox 707 543 872 583; x_wconf 72' lang='lat' dir='ltr'>historia,</span> <span class='ocrx_word' id='word_1_59' title='bbox 899 554 933 579; x_wconf 85' lang='lat' dir='ltr'>et</span> <span class='ocrx_word' id='word_1_60' title='bbox 956 547 1063 579; x_wconf 89' lang='lat' dir='ltr'>multa</span> 
     </span>
     <span class='ocr_line' id='line_1_10' title="bbox 83 595 1063 639; baseline 0.001 -12"><span class='ocrx_word' id='word_1_61' title='bbox 83 595 233 629; x_wconf 80' lang='lat' dir='ltr'>illustria</span> <span class='ocrx_word' id='word_1_62' title='bbox 257 597 454 630; x_wconf 87' lang='lat' dir='ltr'>testimonia</span> <span class='ocrx_word' id='word_1_63' title='bbox 478 602 559 629; x_wconf 87' lang='lat' dir='ltr'>sunt</span> <span class='ocrx_word' id='word_1_64' title='bbox 584 595 824 638; x_wconf 90' lang='lat' dir='ltr'>providentiae</span> <span class='ocrx_word' id='word_1_65' title='bbox 840 597 981 628; x_wconf 76' lang='lat' dir='ltr'>(livinae</span> <span class='ocrx_word' id='word_1_66' title='bbox 999 609 1063 639; x_wconf 88' lang='lat' dir='ltr'>pu—</span> 
     </span>
     <span class='ocr_line' id='line_1_11' title="bbox 82 645 1064 690; baseline 0.002 -13"><span class='ocrx_word' id='word_1_67' title='bbox 82 646 212 679; x_wconf 87' lang='lat' dir='ltr'>nientis</span> <span class='ocrx_word' id='word_1_68' title='bbox 228 646 393 679; x_wconf 77' lang='lat' dir='ltr'>libidines</span> <span class='ocrx_word' id='word_1_69' title='bbox 408 652 439 678; x_wconf 92' lang='lat' dir='ltr'>et</span> <span class='ocrx_word' id='word_1_70' title='bbox 455 645 521 678; x_wconf 84' lang='lat' dir='ltr'>alia</span> <span class='ocrx_word' id='word_1_71' title='bbox 539 647 684 685; x_wconf 90' lang='lat' dir='ltr'>scelera,</span> <span class='ocrx_word' id='word_1_72' title='bbox 711 653 743 679; x_wconf 88' lang='lat' dir='ltr'>et</span> <span class='ocrx_word' id='word_1_73' title='bbox 759 647 968 678; x_wconf 87' lang='lat' dir='ltr'>mirabiliter</span> <span class='ocrx_word' id='word_1_74' title='bbox 983 659 1064 690; x_wconf 86' lang='lat' dir='ltr'>pro—</span> 
     </span>
     <span class='ocr_line' id='line_1_12' title="bbox 82 696 1064 739; baseline 0 -10"><span class='ocrx_word' id='word_1_75' title='bbox 82 697 228 737; x_wconf 81' lang='lat' dir='ltr'>tegentis</span> <span class='ocrx_word' id='word_1_76' title='bbox 249 697 497 737; x_wconf 71' lang='lat' dir='ltr'>gubernatores</span> <span class='ocrx_word' id='word_1_77' title='bbox 521 696 691 729; x_wconf 84' lang='lat' dir='ltr'>iusticiam</span> <span class='ocrx_word' id='word_1_78' title='bbox 713 703 743 728; x_wconf 82' lang='lat' dir='ltr'>et</span> <span class='ocrx_word' id='word_1_79' title='bbox 763 708 879 739; x_wconf 88' lang='lat' dir='ltr'>pacem</span> <span class='ocrx_word' id='word_1_80' title='bbox 900 705 1064 736; x_wconf 85' lang='lat' dir='ltr'>amantes,</span> 
     </span>
     <span class='ocr_line' id='line_1_13' title="bbox 84 744 1062 789; baseline 0.002 -12"><span class='ocrx_word' id='word_1_81' title='bbox 84 746 171 778; x_wconf 85' lang='lat' dir='ltr'>sicut</span> <span class='ocrx_word' id='word_1_82' title='bbox 188 747 355 789; x_wconf 88' lang='lat' dir='ltr'>scriptum</span> <span class='ocrx_word' id='word_1_83' title='bbox 374 752 439 778; x_wconf 92' lang='lat' dir='ltr'>est:</span> <span class='ocrx_word' id='word_1_84' title='bbox 469 744 606 778; x_wconf 86' lang='lat' dir='ltr'>lusticia</span> <span class='ocrx_word' id='word_1_85' title='bbox 624 746 755 779; x_wconf 85' lang='lat' dir='ltr'>stabilit</span> <span class='ocrx_word' id='word_1_86' title='bbox 773 744 951 779; x_wconf 89' lang='lat' dir='ltr'>thronum.</span> <span class='ocrx_word' id='word_1_87' title='bbox 986 745 1062 779; x_wconf 87' lang='lat' dir='ltr'>Etsi</span> 
     </span>
     <span class='ocr_line' id='line_1_14' title="bbox 80 793 1063 840; baseline 0.002 -13"><span class='ocrx_word' id='word_1_88' title='bbox 80 802 195 828; x_wconf 83' lang='lat' dir='ltr'>autem</span> <span class='ocrx_word' id='word_1_89' title='bbox 218 807 338 828; x_wconf 83' lang='lat' dir='ltr'>omnes</span> <span class='ocrx_word' id='word_1_90' title='bbox 363 793 526 829; x_wconf 82' lang='lat' dir='ltr'>historiae</span> <span class='ocrx_word' id='word_1_91' title='bbox 546 797 664 828; x_wconf 88' lang='lat' dir='ltr'>talium</span> <span class='ocrx_word' id='word_1_92' title='bbox 687 797 922 839; x_wconf 87' lang='lat' dir='ltr'>exemplorum</span> <span class='ocrx_word' id='word_1_93' title='bbox 941 797 1063 840; x_wconf 78' lang='lat' dir='ltr'><strong>plenae</strong></span> 
     </span>
     <span class='ocr_line' id='line_1_15' title="bbox 81 846 1062 888; baseline 0.002 -11"><span class='ocrx_word' id='word_1_94' title='bbox 81 852 181 884; x_wconf 89' lang='lat' dir='ltr'>sunt,</span> <span class='ocrx_word' id='word_1_95' title='bbox 209 852 241 878; x_wconf 91' lang='lat' dir='ltr'>et</span> <span class='ocrx_word' id='word_1_96' title='bbox 264 858 364 878; x_wconf 85' lang='lat' dir='ltr'>nosse</span> <span class='ocrx_word' id='word_1_97' title='bbox 389 846 558 888; x_wconf 90' lang='lat' dir='ltr'>plurimas</span> <span class='ocrx_word' id='word_1_98' title='bbox 582 848 623 878; x_wconf 83' lang='lat' dir='ltr'>ad</span> <span class='ocrx_word' id='word_1_99' title='bbox 645 847 919 878; x_wconf 80' lang='lat' dir='ltr'>confirmandam</span> <span class='ocrx_word' id='word_1_100' title='bbox 938 848 1062 879; x_wconf 83' lang='lat' dir='ltr'>adsen-</span> 
     </span>
     <span class='ocr_line' id='line_1_16' title="bbox 79 894 1062 939; baseline 0.001 -12"><span class='ocrx_word' id='word_1_101' title='bbox 79 894 214 927; x_wconf 81' lang='lat' dir='ltr'>sionem</span> <span class='ocrx_word' id='word_1_102' title='bbox 235 897 277 928; x_wconf 90' lang='lat' dir='ltr'>de</span> <span class='ocrx_word' id='word_1_103' title='bbox 300 896 518 939; x_wconf 77' lang='lat' dir='ltr'>providentia</span> <span class='ocrx_word' id='word_1_104' title='bbox 543 897 628 928; x_wconf 88' lang='lat' dir='ltr'>utile</span> <span class='ocrx_word' id='word_1_105' title='bbox 651 902 721 934; x_wconf 89' lang='lat' dir='ltr'>est,</span> <span class='ocrx_word' id='word_1_106' title='bbox 749 902 864 928; x_wconf 83' lang='lat' dir='ltr'>tamen</span> <span class='ocrx_word' id='word_1_107' title='bbox 881 897 1062 938; x_wconf 69' lang='lat' dir='ltr'>diligentia</span> 
     </span>
     <span class='ocr_line' id='line_1_17' title="bbox 78 945 1063 990; baseline 0.003 -14"><span class='ocrx_word' id='word_1_108' title='bbox 78 945 264 988; x_wconf 82' lang='lat' dir='ltr'>praecipue</span> <span class='ocrx_word' id='word_1_109' title='bbox 286 946 390 988; x_wconf 81' lang='lat' dir='ltr'>digna</span> <span class='ocrx_word' id='word_1_110' title='bbox 417 952 466 979; x_wconf 86' lang='lat' dir='ltr'>est</span> <span class='ocrx_word' id='word_1_111' title='bbox 489 946 670 986; x_wconf 77' lang='lat' dir='ltr'>studiosis,</span> <span class='ocrx_word' id='word_1_112' title='bbox 698 957 798 978; x_wconf 89' lang='lat' dir='ltr'>nosse</span> <span class='ocrx_word' id='word_1_113' title='bbox 817 958 870 978; x_wconf 85' lang='lat' dir='ltr'>res</span> <span class='ocrx_word' id='word_1_114' title='bbox 887 947 1014 990; x_wconf 86' lang='lat' dir='ltr'>patrias</span> <span class='ocrx_word' id='word_1_115' title='bbox 1031 954 1063 980; x_wconf 86' lang='lat' dir='ltr'>et</span> 
     </span>
     <span class='ocr_line' id='line_1_18' title="bbox 78 995 292 1030; baseline 0.009 -3"><span class='ocrx_word' id='word_1_116' title='bbox 78 995 292 1030; x_wconf 81' lang='lat' dir='ltr'>domesticas.</span> 
     </span>
    </p>
   </div>
   <div class='ocr_carea' id='block_1_3' title="bbox 74 1060 1061 1499">
    <p class='ocr_par' dir='ltr' id='par_1_3' title="bbox 74 1060 1061 1499">
     <span class='ocr_line' id='line_1_19' title="bbox 181 1060 1060 1097; baseline 0.002 -2"><span class='ocrx_word' id='word_1_117' title='bbox 181 1060 286 1095; x_wconf 82' lang='lat' dir='ltr'>Extat</span> <span class='ocrx_word' id='word_1_118' title='bbox 310 1068 424 1094; x_wconf 85' lang='lat' dir='ltr'>autem</span> <span class='ocrx_word' id='word_1_119' title='bbox 449 1062 514 1094; x_wconf 85' lang='lat' dir='ltr'>alia</span> <span class='ocrx_word' id='word_1_120' title='bbox 539 1062 650 1094; x_wconf 87' lang='lat' dir='ltr'>oratio</span> <span class='ocrx_word' id='word_1_121' title='bbox 675 1063 742 1095; x_wconf 59' lang='lat' dir='ltr'>viri</span> <span class='ocrx_word' id='word_1_122' title='bbox 767 1063 960 1095; x_wconf 74' lang='lat' dir='ltr'>doctissimi</span> <span class='ocrx_word' id='word_1_123' title='bbox 986 1063 1060 1097; x_wconf 86' lang='lat' dir='ltr'>Ho-</span> 
     </span>
     <span class='ocr_line' id='line_1_20' title="bbox 78 1112 1060 1156; baseline 0.002 -12"><span class='ocrx_word' id='word_1_124' title='bbox 78 1112 167 1144; x_wconf 80' lang='lat' dir='ltr'>milii</span> <span class='ocrx_word' id='word_1_125' title='bbox 193 1112 294 1144; x_wconf 90' lang='lat' dir='ltr'>amici</span> <span class='ocrx_word' id='word_1_126' title='bbox 312 1112 397 1150; x_wconf 87' lang='lat' dir='ltr'>mei,</span> <span class='ocrx_word' id='word_1_127' title='bbox 427 1113 462 1144; x_wconf 89' lang='lat' dir='ltr'>in</span> <span class='ocrx_word' id='word_1_128' title='bbox 481 1124 547 1156; x_wconf 83' lang='lat' dir='ltr'>qua</span> <span class='ocrx_word' id='word_1_129' title='bbox 567 1112 729 1155; x_wconf 77' lang='lat' dir='ltr'>descripti</span> <span class='ocrx_word' id='word_1_130' title='bbox 749 1120 829 1146; x_wconf 84' lang='lat' dir='ltr'>sunt</span> <span class='ocrx_word' id='word_1_131' title='bbox 847 1113 929 1146; x_wconf 78' lang='lat' dir='ltr'>fines</span> <span class='ocrx_word' id='word_1_132' title='bbox 948 1115 1060 1156; x_wconf 85' lang='lat' dir='ltr'>regio-</span> 
     </span>
     <span class='ocr_line' id='line_1_21' title="bbox 79 1161 1060 1207; baseline 0.002 -13"><span class='ocrx_word' id='word_1_133' title='bbox 79 1162 134 1194; x_wconf 87' lang='lat' dir='ltr'>nis</span> <span class='ocrx_word' id='word_1_134' title='bbox 157 1161 340 1207; x_wconf 77' lang='lat' dir='ltr'>Mysorum</span> <span class='ocrx_word' id='word_1_135' title='bbox 370 1162 494 1194; x_wconf 90' lang='lat' dir='ltr'>inclusi</span> <span class='ocrx_word' id='word_1_136' title='bbox 527 1162 721 1204; x_wconf 83' lang='lat' dir='ltr'>triangulo,</span> <span class='ocrx_word' id='word_1_137' title='bbox 755 1170 788 1196; x_wconf 88' lang='lat' dir='ltr'>et</span> <span class='ocrx_word' id='word_1_138' title='bbox 810 1175 897 1206; x_wconf 89' lang='lat' dir='ltr'>pene</span> <span class='ocrx_word' id='word_1_139' title='bbox 923 1163 1060 1197; x_wconf 88' lang='lat' dir='ltr'>Scaleni</span> 
     </span>
     <span class='ocr_line' id='line_1_22' title="bbox 77 1210 1061 1257; baseline 0.002 -13"><span class='ocrx_word' id='word_1_140' title='bbox 77 1212 205 1254; x_wconf 83' lang='lat' dir='ltr'>figurae</span> <span class='ocrx_word' id='word_1_141' title='bbox 231 1212 322 1245; x_wconf 86' lang='lat' dir='ltr'>inter</span> <span class='ocrx_word' id='word_1_142' title='bbox 339 1210 460 1245; x_wconf 84' lang='lat' dir='ltr'>Albim</span> <span class='ocrx_word' id='word_1_143' title='bbox 478 1219 511 1246; x_wconf 87' lang='lat' dir='ltr'>et</span> <span class='ocrx_word' id='word_1_144' title='bbox 528 1213 658 1244; x_wconf 85' lang='lat' dir='ltr'>flumen</span> <span class='ocrx_word' id='word_1_145' title='bbox 679 1212 794 1245; x_wconf 69' lang='lat' dir='ltr'>Pie-am</span> <span class='ocrx_word' id='word_1_146' title='bbox 807 1240 815 1252; x_wconf 95' lang='lat'>,</span> <span class='ocrx_word' id='word_1_147' title='bbox 842 1226 992 1257; x_wconf 85' lang='lat' dir='ltr'>quornm</span> <span class='ocrx_word' id='word_1_148' title='bbox 1010 1215 1061 1246; x_wconf 84' lang='lat' dir='ltr'>la-</span> 
     </span>
     <span class='ocr_line' id='line_1_23' title="bbox 76 1262 1059 1304; baseline 0.002 -9"><span class='ocrx_word' id='word_1_149' title='bbox 76 1269 188 1295; x_wconf 86' lang='lat' dir='ltr'>terum</span> <span class='ocrx_word' id='word_1_150' title='bbox 214 1263 305 1295; x_wconf 88' lang='lat' dir='ltr'>basis</span> <span class='ocrx_word' id='word_1_151' title='bbox 328 1269 378 1295; x_wconf 81' lang='lat' dir='ltr'>est</span> <span class='ocrx_word' id='word_1_152' title='bbox 408 1263 486 1304; x_wconf 78' lang='lat' dir='ltr'>iuga</span> <span class='ocrx_word' id='word_1_153' title='bbox 510 1262 684 1295; x_wconf 87' lang='lat' dir='ltr'>montium</span> <span class='ocrx_word' id='word_1_154' title='bbox 711 1262 896 1297; x_wconf 89' lang='lat' dir='ltr'>Sndetnm.</span> <span class='ocrx_word' id='word_1_155' title='bbox 959 1263 999 1296; x_wconf 90' lang='lat' dir='ltr'>In</span> <span class='ocrx_word' id='word_1_156' title='bbox 1022 1277 1059 1297; x_wconf 86' lang='lat' dir='ltr'>ea</span> 
     </span>
     <span class='ocr_line' id='line_1_24' title="bbox 76 1312 1060 1356; baseline 0.002 -12"><span class='ocrx_word' id='word_1_157' title='bbox 76 1312 217 1354; x_wconf 84' lang='lat' dir='ltr'>regione</span> <span class='ocrx_word' id='word_1_158' title='bbox 235 1312 414 1354; x_wconf 84' lang='lat' dir='ltr'>Principes</span> <span class='ocrx_word' id='word_1_159' title='bbox 436 1319 516 1344; x_wconf 91' lang='lat' dir='ltr'>sunt</span> <span class='ocrx_word' id='word_1_160' title='bbox 533 1312 600 1344; x_wconf 87' lang='lat' dir='ltr'>iam</span> <span class='ocrx_word' id='word_1_161' title='bbox 624 1313 693 1344; x_wconf 80' lang='lat' dir='ltr'>fere</span> <span class='ocrx_word' id='word_1_162' title='bbox 720 1313 929 1356; x_wconf 72' lang='lat' dir='ltr'>quingentos</span> <span class='ocrx_word' id='word_1_163' title='bbox 948 1326 1060 1346; x_wconf 64' lang='lat' dir='ltr'>zinnos</span> 
     </span>
     <span class='ocr_line' id='line_1_25' title="bbox 76 1358 1059 1401; baseline -0.002 -9"><span class='ocrx_word' id='word_1_164' title='bbox 76 1360 178 1393; x_wconf 91' lang='lat' dir='ltr'>titulo</span> <span class='ocrx_word' id='word_1_165' title='bbox 210 1359 458 1391; x_wconf 78' lang='lat' dir='ltr'>Marchionum</span> <span class='ocrx_word' id='word_1_166' title='bbox 492 1358 643 1401; x_wconf 78' lang='lat' dir='ltr'>Mysiae,</span> <span class='ocrx_word' id='word_1_167' title='bbox 678 1362 744 1393; x_wconf 87' lang='lat' dir='ltr'>orti</span> <span class='ocrx_word' id='word_1_168' title='bbox 773 1374 790 1394; x_wconf 92' lang='lat' dir='ltr'>a</span> <span class='ocrx_word' id='word_1_169' title='bbox 819 1361 1059 1399; x_wconf 61' lang='lat' dir='ltr'>Nvidekimlo,</span> 
     </span>
     <span class='ocr_line' id='line_1_26' title="bbox 75 1405 1058 1453; baseline 0 -12"><span class='ocrx_word' id='word_1_170' title='bbox 75 1409 136 1453; x_wconf 88' lang='lat' dir='ltr'>qui</span> <span class='ocrx_word' id='word_1_171' title='bbox 153 1408 236 1441; x_wconf 86' lang='lat' dir='ltr'>belli</span> <span class='ocrx_word' id='word_1_172' title='bbox 252 1407 415 1440; x_wconf 88' lang='lat' dir='ltr'>Saxonici</span> <span class='ocrx_word' id='word_1_173' title='bbox 430 1407 595 1438; x_wconf 87' lang='lat' dir='ltr'>adversus</span> <span class='ocrx_word' id='word_1_174' title='bbox 611 1405 777 1439; x_wconf 87' lang='lat' dir='ltr'>Carolum</span> <span class='ocrx_word' id='word_1_175' title='bbox 795 1410 967 1440; x_wconf 63' lang='lat' dir='ltr'>francum</span> <span class='ocrx_word' id='word_1_176' title='bbox 979 1408 1058 1441; x_wconf 86' lang='lat' dir='ltr'>Dux</span> 
     </span>
     <span class='ocr_line' id='line_1_27' title="bbox 74 1454 1056 1499; baseline -0.001 -8"><span class='ocrx_word' id='word_1_177' title='bbox 74 1458 159 1497; x_wconf 84' lang='lat' dir='ltr'>fuit,</span> <span class='ocrx_word' id='word_1_178' title='bbox 186 1463 219 1490; x_wconf 89' lang='lat' dir='ltr'>et</span> <span class='ocrx_word' id='word_1_179' title='bbox 241 1456 358 1499; x_wconf 85' lang='lat' dir='ltr'>agnati</span> <span class='ocrx_word' id='word_1_180' title='bbox 382 1455 655 1488; x_wconf 89' lang='lat' dir='ltr'>clarissimorum</span> <span class='ocrx_word' id='word_1_181' title='bbox 680 1454 934 1499; x_wconf 71' lang='lat' dir='ltr'>Imperatorum</span> <span class='ocrx_word' id='word_1_182' title='bbox 958 1457 1056 1490; x_wconf 85' lang='lat' dir='ltr'>Hen-</span> 
     </span>
    </p>
   </div>
   <div class='ocr_carea' id='block_1_4' title="bbox 74 1503 688 1550">
    <p class='ocr_par' dir='ltr' id='par_1_4' title="bbox 74 1503 688 1550">
     <span class='ocr_line' id='line_1_28' title="bbox 74 1503 688 1550; baseline -0.003 -9"><span class='ocrx_word' id='word_1_183' title='bbox 74 1508 137 1541; x_wconf 88' lang='lat' dir='ltr'>rici</span> <span class='ocrx_word' id='word_1_184' title='bbox 154 1504 310 1550; x_wconf 83' lang='lat' dir='ltr'>Aucupis</span> <span class='ocrx_word' id='word_1_185' title='bbox 328 1512 360 1539; x_wconf 88' lang='lat' dir='ltr'>et</span> <span class='ocrx_word' id='word_1_186' title='bbox 377 1506 482 1539; x_wconf 88' lang='lat' dir='ltr'>trium</span> <span class='ocrx_word' id='word_1_187' title='bbox 500 1503 688 1539; x_wconf 82' lang='lat' dir='ltr'>Ottonum.</span> 
     </span>
    </p>
   </div>
   <div class='ocr_carea' id='block_1_5' title="bbox 67 1571 1056 2519">
    <p class='ocr_par' dir='ltr' id='par_1_5' title="bbox 67 1571 1056 2519">
     <span class='ocr_line' id='line_1_29' title="bbox 172 1571 1056 1616; baseline 0 -10"><span class='ocrx_word' id='word_1_188' title='bbox 172 1571 227 1606; x_wconf 84' lang='lat' dir='ltr'>Ex</span> <span class='ocrx_word' id='word_1_189' title='bbox 252 1584 290 1605; x_wconf 86' lang='lat' dir='ltr'>ea</span> <span class='ocrx_word' id='word_1_190' title='bbox 315 1572 420 1616; x_wconf 89' lang='lat' dir='ltr'>stirpe</span> <span class='ocrx_word' id='word_1_191' title='bbox 446 1577 548 1604; x_wconf 87' lang='lat' dir='ltr'>natus</span> <span class='ocrx_word' id='word_1_192' title='bbox 573 1577 623 1603; x_wconf 86' lang='lat' dir='ltr'>est</span> <span class='ocrx_word' id='word_1_193' title='bbox 647 1577 727 1603; x_wconf 85' lang='lat' dir='ltr'>ante</span> <span class='ocrx_word' id='word_1_194' title='bbox 750 1582 861 1603; x_wconf 84' lang='lat' dir='ltr'>annos</span> <span class='ocrx_word' id='word_1_195' title='bbox 884 1578 1056 1606; x_wconf 88' lang='lat' dir='ltr'>trecentos</span> 
     </span>
     <span class='ocr_line' id='line_1_30' title="bbox 72 1620 1055 1668; baseline -0.001 -11"><span class='ocrx_word' id='word_1_196' title='bbox 72 1623 266 1663; x_wconf 85' lang='lat' dir='ltr'>Henricus,</span> <span class='ocrx_word' id='word_1_197' title='bbox 301 1622 411 1656; x_wconf 89' lang='lat' dir='ltr'>iustus</span> <span class='ocrx_word' id='word_1_198' title='bbox 433 1628 463 1655; x_wconf 91' lang='lat' dir='ltr'>et</span> <span class='ocrx_word' id='word_1_199' title='bbox 489 1627 612 1665; x_wconf 90' lang='lat' dir='ltr'>potens</span> <span class='ocrx_word' id='word_1_200' title='bbox 628 1620 815 1664; x_wconf 80' lang='lat' dir='ltr'>Princeps,</span> <span class='ocrx_word' id='word_1_201' title='bbox 848 1622 908 1666; x_wconf 86' lang='lat' dir='ltr'>qui</span> <span class='ocrx_word' id='word_1_202' title='bbox 932 1622 1055 1668; x_wconf 76' lang='lat' dir='ltr'>Myso-</span> 
     </span>
     <span class='ocr_line' id='line_1_31' title="bbox 72 1671 1055 1715; baseline -0.001 -8"><span class='ocrx_word' id='word_1_203' title='bbox 72 1686 152 1708; x_wconf 88' lang='lat' dir='ltr'>rum</span> <span class='ocrx_word' id='word_1_204' title='bbox 184 1674 380 1715; x_wconf 81' lang='lat' dir='ltr'>regionem,</span> <span class='ocrx_word' id='word_1_205' title='bbox 414 1671 592 1705; x_wconf 86' lang='lat' dir='ltr'>Lusatiam</span> <span class='ocrx_word' id='word_1_206' title='bbox 628 1671 829 1704; x_wconf 84' lang='lat' dir='ltr'>inferiorem</span> <span class='ocrx_word' id='word_1_207' title='bbox 863 1678 896 1705; x_wconf 83' lang='lat' dir='ltr'>et</span> <span class='ocrx_word' id='word_1_208' title='bbox 922 1672 1055 1706; x_wconf 85' lang='lat' dir='ltr'>Turin-</span> 
     </span>
     <span class='ocr_line' id='line_1_32' title="bbox 71 1720 1054 1768; baseline 0 -12"><span class='ocrx_word' id='word_1_209' title='bbox 71 1724 163 1768; x_wconf 84' lang='lat' dir='ltr'>giam</span> <span class='ocrx_word' id='word_1_210' title='bbox 185 1723 308 1758; x_wconf 88' lang='lat' dir='ltr'>tenuit.</span> <span class='ocrx_word' id='word_1_211' title='bbox 360 1721 465 1755; x_wconf 91' lang='lat' dir='ltr'>Hunc</span> <span class='ocrx_word' id='word_1_212' title='bbox 481 1722 568 1754; x_wconf 86' lang='lat' dir='ltr'>tanti</span> <span class='ocrx_word' id='word_1_213' title='bbox 592 1721 668 1755; x_wconf 86' lang='lat' dir='ltr'>fecit</span> <span class='ocrx_word' id='word_1_214' title='bbox 689 1720 882 1765; x_wconf 83' lang='lat' dir='ltr'>Imperator</span> <span class='ocrx_word' id='word_1_215' title='bbox 898 1721 1054 1756; x_wconf 84' lang='lat' dir='ltr'>Frideri-</span> 
     </span>
     <span class='ocr_line' id='line_1_33' title="bbox 72 1770 1053 1815; baseline -0.001 -7"><span class='ocrx_word' id='word_1_216' title='bbox 72 1785 133 1808; x_wconf 90' lang='lat' dir='ltr'>cus</span> <span class='ocrx_word' id='word_1_217' title='bbox 163 1772 362 1813; x_wconf 89' lang='lat' dir='ltr'>Secundus,</span> <span class='ocrx_word' id='word_1_218' title='bbox 393 1779 432 1806; x_wconf 86' lang='lat' dir='ltr'>ut</span> <span class='ocrx_word' id='word_1_219' title='bbox 464 1772 535 1804; x_wconf 91' lang='lat' dir='ltr'>eius</span> <span class='ocrx_word' id='word_1_220' title='bbox 566 1771 637 1804; x_wconf 82' lang='lat' dir='ltr'>filio</span> <span class='ocrx_word' id='word_1_221' title='bbox 663 1770 809 1805; x_wconf 86' lang='lat' dir='ltr'>Alberto</span> <span class='ocrx_word' id='word_1_222' title='bbox 832 1772 1053 1815; x_wconf 87' lang='lat' dir='ltr'>Landgravio</span> 
     </span>
     <span class='ocr_line' id='line_1_34' title="bbox 70 1821 1054 1867; baseline 0 -9"><span class='ocrx_word' id='word_1_223' title='bbox 70 1823 264 1867; x_wconf 85' lang='lat' dir='ltr'>Turingiae</span> <span class='ocrx_word' id='word_1_224' title='bbox 281 1823 416 1856; x_wconf 82' lang='lat' dir='ltr'>dederit</span> <span class='ocrx_word' id='word_1_225' title='bbox 432 1823 537 1854; x_wconf 86' lang='lat' dir='ltr'>filiam</span> <span class='ocrx_word' id='word_1_226' title='bbox 555 1821 794 1864; x_wconf 79' lang='lat' dir='ltr'>Margaritam.</span> <span class='ocrx_word' id='word_1_227' title='bbox 845 1823 912 1856; x_wconf 75' lang='lat' dir='ltr'>Sed</span> <span class='ocrx_word' id='word_1_228' title='bbox 926 1823 1054 1858; x_wconf 85' lang='lat' dir='ltr'>Alber-</span> 
     </span>
     <span class='ocr_line' id='line_1_35' title="bbox 69 1873 1053 1915; baseline -0.002 -6"><span class='ocrx_word' id='word_1_229' title='bbox 69 1881 126 1909; x_wconf 81' lang='lat' dir='ltr'>tus</span> <span class='ocrx_word' id='word_1_230' title='bbox 150 1886 222 1907; x_wconf 90' lang='lat' dir='ltr'>non</span> <span class='ocrx_word' id='word_1_231' title='bbox 244 1881 294 1908; x_wconf 82' lang='lat' dir='ltr'>est</span> <span class='ocrx_word' id='word_1_232' title='bbox 315 1873 471 1906; x_wconf 86' lang='lat' dir='ltr'>imitatus</span> <span class='ocrx_word' id='word_1_233' title='bbox 495 1879 673 1915; x_wconf 79' lang='lat' dir='ltr'>paternam</span> <span class='ocrx_word' id='word_1_234' title='bbox 698 1873 874 1906; x_wconf 87' lang='lat' dir='ltr'>virtutem.</span> <span class='ocrx_word' id='word_1_235' title='bbox 929 1874 1053 1915; x_wconf 79' lang='lat' dir='ltr'>Quan-</span> 
     </span>
     <span class='ocr_line' id='line_1_36' title="bbox 70 1921 1052 1970; baseline 0.001 -13"><span class='ocrx_word' id='word_1_236' title='bbox 70 1936 175 1970; x_wconf 83' lang='lat' dir='ltr'>quam</span> <span class='ocrx_word' id='word_1_237' title='bbox 206 1924 298 1957; x_wconf 86' lang='lat' dir='ltr'>enim</span> <span class='ocrx_word' id='word_1_238' title='bbox 323 1921 470 1956; x_wconf 86' lang='lat' dir='ltr'>Alberto</span> <span class='ocrx_word' id='word_1_239' title='bbox 502 1934 541 1954; x_wconf 81' lang='lat' dir='ltr'>ex</span> <span class='ocrx_word' id='word_1_240' title='bbox 571 1923 789 1955; x_wconf 84' lang='lat' dir='ltr'>nobilissima</span> <span class='ocrx_word' id='word_1_241' title='bbox 812 1923 958 1966; x_wconf 81' lang='lat' dir='ltr'>coniuge</span> <span class='ocrx_word' id='word_1_242' title='bbox 982 1926 1052 1958; x_wconf 91' lang='lat' dir='ltr'>duo</span> 
     </span>
     <span class='ocr_line' id='line_1_37' title="bbox 69 1972 1051 2014; baseline 0 -6"><span class='ocrx_word' id='word_1_243' title='bbox 69 1975 134 2009; x_wconf 82' lang='lat' dir='ltr'>filii</span> <span class='ocrx_word' id='word_1_244' title='bbox 156 1975 229 2008; x_wconf 86' lang='lat' dir='ltr'>nati</span> <span class='ocrx_word' id='word_1_245' title='bbox 251 1980 366 2014; x_wconf 86' lang='lat' dir='ltr'>erant,</span> <span class='ocrx_word' id='word_1_246' title='bbox 392 1972 594 2006; x_wconf 83' lang='lat' dir='ltr'>Fridericus</span> <span class='ocrx_word' id='word_1_247' title='bbox 611 1979 645 2006; x_wconf 82' lang='lat' dir='ltr'>et</span> <span class='ocrx_word' id='word_1_248' title='bbox 659 1972 909 2014; x_wconf 82' lang='lat' dir='ltr'>Dietmannus,</span> <span class='ocrx_word' id='word_1_249' title='bbox 937 1981 1051 2008; x_wconf 86' lang='lat' dir='ltr'>tamen</span> 
     </span>
     <span class='ocr_line' id='line_1_38' title="bbox 69 2022 1050 2069; baseline 0 -11"><span class='ocrx_word' id='word_1_250' title='bbox 69 2031 183 2069; x_wconf 86' lang='lat' dir='ltr'>spreta</span> <span class='ocrx_word' id='word_1_251' title='bbox 214 2024 360 2066; x_wconf 86' lang='lat' dir='ltr'>coniuge</span> <span class='ocrx_word' id='word_1_252' title='bbox 392 2024 516 2067; x_wconf 87' lang='lat' dir='ltr'>pudica</span> <span class='ocrx_word' id='word_1_253' title='bbox 549 2029 581 2055; x_wconf 88' lang='lat' dir='ltr'>et</span> <span class='ocrx_word' id='word_1_254' title='bbox 603 2030 710 2056; x_wconf 86' lang='lat' dir='ltr'>matre</span> <span class='ocrx_word' id='word_1_255' title='bbox 734 2022 1050 2067; x_wconf 86' lang='lat' dir='ltr'>pulcherrimorum</span> 
     </span>
     <span class='ocr_line' id='line_1_39' title="bbox 69 2074 1050 2117; baseline 0.001 -9"><span class='ocrx_word' id='word_1_256' title='bbox 69 2075 244 2115; x_wconf 82' lang='lat' dir='ltr'>filiorum,</span> <span class='ocrx_word' id='word_1_257' title='bbox 277 2074 404 2106; x_wconf 76' lang='lat' dir='ltr'>exarsit</span> <span class='ocrx_word' id='word_1_258' title='bbox 435 2085 552 2105; x_wconf 87' lang='lat' dir='ltr'>amore</span> <span class='ocrx_word' id='word_1_259' title='bbox 580 2079 674 2106; x_wconf 86' lang='lat' dir='ltr'>tanto</span> <span class='ocrx_word' id='word_1_260' title='bbox 699 2074 850 2117; x_wconf 88' lang='lat' dir='ltr'>pellicis,</span> <span class='ocrx_word' id='word_1_261' title='bbox 883 2082 923 2108; x_wconf 86' lang='lat' dir='ltr'>ut</span> <span class='ocrx_word' id='word_1_262' title='bbox 948 2076 1050 2109; x_wconf 88' lang='lat' dir='ltr'>etiam</span> 
     </span>
     <span class='ocr_line' id='line_1_40' title="bbox 70 2124 1051 2165; baseline 0.001 -6"><span class='ocrx_word' id='word_1_263' title='bbox 70 2125 198 2158; x_wconf 88' lang='lat' dir='ltr'>odisset</span> <span class='ocrx_word' id='word_1_264' title='bbox 220 2124 423 2165; x_wconf 78' lang='lat' dir='ltr'>coniugem,</span> <span class='ocrx_word' id='word_1_265' title='bbox 457 2130 489 2156; x_wconf 80' lang='lat' dir='ltr'>et</span> <span class='ocrx_word' id='word_1_266' title='bbox 512 2124 585 2155; x_wconf 83' lang='lat' dir='ltr'>cius</span> <span class='ocrx_word' id='word_1_267' title='bbox 609 2124 698 2156; x_wconf 88' lang='lat' dir='ltr'>vitae</span> <span class='ocrx_word' id='word_1_268' title='bbox 723 2125 869 2157; x_wconf 87' lang='lat' dir='ltr'>insidias</span> <span class='ocrx_word' id='word_1_269' title='bbox 893 2132 1051 2162; x_wconf 81' lang='lat' dir='ltr'>strueret.</span> 
     </span>
     <span class='ocr_line' id='line_1_41' title="bbox 69 2172 1051 2219; baseline 0 -9"><span class='ocrx_word' id='word_1_270' title='bbox 69 2175 122 2210; x_wconf 91' lang='lat' dir='ltr'>Ac</span> <span class='ocrx_word' id='word_1_271' title='bbox 145 2176 284 2208; x_wconf 85' lang='lat' dir='ltr'>tandem</span> <span class='ocrx_word' id='word_1_272' title='bbox 305 2175 447 2207; x_wconf 82' lang='lat' dir='ltr'>adortus</span> <span class='ocrx_word' id='word_1_273' title='bbox 465 2172 660 2206; x_wconf 88' lang='lat' dir='ltr'>Mulionem</span> <span class='ocrx_word' id='word_1_274' title='bbox 675 2200 684 2214; x_wconf 91' lang='lat'>‚</span> <span class='ocrx_word' id='word_1_275' title='bbox 711 2174 770 2219; x_wconf 88' lang='lat' dir='ltr'>qui</span> <span class='ocrx_word' id='word_1_276' title='bbox 797 2176 971 2209; x_wconf 85' lang='lat' dir='ltr'>mularum</span> <span class='ocrx_word' id='word_1_277' title='bbox 991 2190 1051 2210; x_wconf 89' lang='lat' dir='ltr'>cu-</span> 
     </span>
     <span class='ocr_line' id='line_1_42' title="bbox 69 2222 1051 2268; baseline 0 -8"><span class='ocrx_word' id='word_1_278' title='bbox 69 2226 139 2260; x_wconf 82' lang='lat' dir='ltr'>sto&#39;s</span> <span class='ocrx_word' id='word_1_279' title='bbox 169 2232 242 2259; x_wconf 89' lang='lat' dir='ltr'>erat</span> <span class='ocrx_word' id='word_1_280' title='bbox 264 2222 467 2257; x_wconf 85' lang='lat' dir='ltr'>vehentium</span> <span class='ocrx_word' id='word_1_281' title='bbox 493 2235 616 2268; x_wconf 87' lang='lat' dir='ltr'>aquam</span> <span class='ocrx_word' id='word_1_282' title='bbox 642 2224 678 2256; x_wconf 93' lang='lat' dir='ltr'>in</span> <span class='ocrx_word' id='word_1_283' title='bbox 702 2237 815 2258; x_wconf 84' lang='lat' dir='ltr'>arcem</span> <span class='ocrx_word' id='word_1_284' title='bbox 842 2226 1051 2260; x_wconf 84' lang='lat' dir='ltr'>lsennacen-</span> 
     </span>
     <span class='ocr_line' id='line_1_43' title="bbox 68 2274 1051 2320; baseline 0 -10"><span class='ocrx_word' id='word_1_285' title='bbox 68 2288 138 2310; x_wconf 78' lang='lat' dir='ltr'>sem</span> <span class='ocrx_word' id='word_1_286' title='bbox 151 2303 160 2317; x_wconf 94' lang='lat'>,</span> <span class='ocrx_word' id='word_1_287' title='bbox 186 2275 274 2320; x_wconf 85' lang='lat' dir='ltr'>petit</span> <span class='ocrx_word' id='word_1_288' title='bbox 288 2276 332 2307; x_wconf 89' lang='lat' dir='ltr'>ab</span> <span class='ocrx_word' id='word_1_289' title='bbox 348 2287 388 2308; x_wconf 89' lang='lat' dir='ltr'>eo</span> <span class='ocrx_word' id='word_1_290' title='bbox 403 2281 441 2307; x_wconf 85' lang='lat' dir='ltr'>ut</span> <span class='ocrx_word' id='word_1_291' title='bbox 459 2274 642 2307; x_wconf 81' lang='lat' dir='ltr'>interficiat</span> <span class='ocrx_word' id='word_1_292' title='bbox 658 2275 837 2317; x_wconf 81' lang='lat' dir='ltr'>coniugem</span> <span class='ocrx_word' id='word_1_293' title='bbox 856 2277 961 2309; x_wconf 79' lang='lat' dir='ltr'>tiliam</span> <span class='ocrx_word' id='word_1_294' title='bbox 979 2277 1051 2310; x_wconf 89' lang='lat' dir='ltr'>Im—</span> 
     </span>
     <span class='ocr_line' id='line_1_44' title="bbox 67 2324 1051 2370; baseline 0.002 -11"><span class='ocrx_word' id='word_1_295' title='bbox 67 2326 248 2370; x_wconf 80' lang='lat' dir='ltr'>peratoriS.</span> <span class='ocrx_word' id='word_1_296' title='bbox 300 2324 466 2358; x_wconf 83' lang='lat' dir='ltr'>Nondum</span> <span class='ocrx_word' id='word_1_297' title='bbox 486 2325 579 2357; x_wconf 86' lang='lat' dir='ltr'>enim</span> <span class='ocrx_word' id='word_1_298' title='bbox 599 2324 783 2359; x_wconf 86' lang='lat' dir='ltr'>Germanis</span> <span class='ocrx_word' id='word_1_299' title='bbox 801 2339 934 2360; x_wconf 82' lang='lat' dir='ltr'>venena</span> <span class='ocrx_word' id='word_1_300' title='bbox 953 2335 1051 2362; x_wconf 87' lang='lat' dir='ltr'>eraut</span> 
     </span>
     <span class='ocr_line' id='line_1_45' title="bbox 68 2375 1050 2417; baseline 0.002 -8"><span class='ocrx_word' id='word_1_301' title='bbox 68 2383 165 2411; x_wconf 81' lang='lat' dir='ltr'>nota.</span> <span class='ocrx_word' id='word_1_302' title='bbox 217 2375 331 2409; x_wconf 89' lang='lat' dir='ltr'>Mulio</span> <span class='ocrx_word' id='word_1_303' title='bbox 355 2382 514 2408; x_wconf 86' lang='lat' dir='ltr'>metuens</span> <span class='ocrx_word' id='word_1_304' title='bbox 536 2387 580 2407; x_wconf 82' lang='lat' dir='ltr'>ue</span> <span class='ocrx_word' id='word_1_305' title='bbox 603 2375 630 2407; x_wconf 89' lang='lat' dir='ltr'>si</span> <span class='ocrx_word' id='word_1_306' title='bbox 654 2384 846 2417; x_wconf 81' lang='lat' dir='ltr'>recusaret,</span> <span class='ocrx_word' id='word_1_307' title='bbox 877 2377 1050 2411; x_wconf 80' lang='lat' dir='ltr'>interfice-</span> 
     </span>
     <span class='ocr_line' id='line_1_46' title="bbox 67 2423 1050 2470; baseline 0.001 -10"><span class='ocrx_word' id='word_1_308' title='bbox 67 2433 166 2460; x_wconf 84' lang='lat' dir='ltr'>retur</span> <span class='ocrx_word' id='word_1_309' title='bbox 189 2426 280 2470; x_wconf 88' lang='lat' dir='ltr'>ipse,</span> <span class='ocrx_word' id='word_1_310' title='bbox 307 2438 349 2458; x_wconf 84' lang='lat' dir='ltr'>ne</span> <span class='ocrx_word' id='word_1_311' title='bbox 371 2423 476 2458; x_wconf 86' lang='lat' dir='ltr'>huius</span> <span class='ocrx_word' id='word_1_312' title='bbox 494 2425 631 2458; x_wconf 88' lang='lat' dir='ltr'>consilii</span> <span class='ocrx_word' id='word_1_313' title='bbox 651 2425 739 2458; x_wconf 83' lang='lat' dir='ltr'>sama</span> <span class='ocrx_word' id='word_1_314' title='bbox 759 2435 995 2470; x_wconf 77' lang='lat' dir='ltr'>spargeretur,</span> <span class='ocrx_word' id='word_1_315' title='bbox 1021 2429 1050 2461; x_wconf 89' lang='lat' dir='ltr'>si</span> 
     </span>
     <span class='ocr_line' id='line_1_47' title="bbox 68 2475 838 2519; baseline 0.001 -10"><span class='ocrx_word' id='word_1_316' title='bbox 68 2477 180 2510; x_wconf 82' lang='lat' dir='ltr'>mulat</span> <span class='ocrx_word' id='word_1_317' title='bbox 196 2488 230 2509; x_wconf 91' lang='lat' dir='ltr'>se</span> <span class='ocrx_word' id='word_1_318' title='bbox 246 2475 402 2519; x_wconf 89' lang='lat' dir='ltr'>Principi</span> <span class='ocrx_word' id='word_1_319' title='bbox 420 2476 740 2519; x_wconf 72' lang='lat' dir='ltr'>obtemperaturum</span> <span class='ocrx_word' id='word_1_320' title='bbox 756 2488 838 2512; x_wconf 85' lang='lat' dir='ltr'>esse.</span> 
     </span>
    </p>
   </div>
   <div class='ocr_carea' id='block_1_6' title="bbox 69 2542 1051 2689">
    <p class='ocr_par' dir='ltr' id='par_1_6' title="bbox 69 2542 1051 2689">
     <span class='ocr_line' id='line_1_48' title="bbox 169 2542 1051 2586; baseline 0 -8"><span class='ocrx_word' id='word_1_321' title='bbox 169 2543 306 2578; x_wconf 88' lang='lat' dir='ltr'>Deinde</span> <span class='ocrx_word' id='word_1_322' title='bbox 329 2555 365 2575; x_wconf 91' lang='lat' dir='ltr'>re</span> <span class='ocrx_word' id='word_1_323' title='bbox 385 2543 558 2586; x_wconf 81' lang='lat' dir='ltr'>sapienter</span> <span class='ocrx_word' id='word_1_324' title='bbox 579 2542 727 2584; x_wconf 80' lang='lat' dir='ltr'>cogitata</span> <span class='ocrx_word' id='word_1_325' title='bbox 750 2544 844 2577; x_wconf 84' lang='lat' dir='ltr'>venit</span> <span class='ocrx_word' id='word_1_326' title='bbox 864 2544 905 2577; x_wconf 88' lang='lat' dir='ltr'>ad</span> <span class='ocrx_word' id='word_1_327' title='bbox 926 2543 1051 2578; x_wconf 89' lang='lat' dir='ltr'>Domi-</span> 
     </span>
     <span class='ocr_line' id='line_1_49' title="bbox 69 2592 1051 2638; baseline 0.001 -11"><span class='ocrx_word' id='word_1_328' title='bbox 69 2605 170 2635; x_wconf 88' lang='lat' dir='ltr'>nam,</span> <span class='ocrx_word' id='word_1_329' title='bbox 195 2606 233 2626; x_wconf 86' lang='lat' dir='ltr'>ac</span> <span class='ocrx_word' id='word_1_330' title='bbox 254 2593 377 2636; x_wconf 88' lang='lat' dir='ltr'>petivit</span> <span class='ocrx_word' id='word_1_331' title='bbox 400 2593 428 2625; x_wconf 90' lang='lat' dir='ltr'>si</span> <span class='ocrx_word' id='word_1_332' title='bbox 451 2592 567 2625; x_wconf 86' lang='lat' dir='ltr'>audiri</span> <span class='ocrx_word' id='word_1_333' title='bbox 585 2593 628 2625; x_wconf 86' lang='lat' dir='ltr'>ab</span> <span class='ocrx_word' id='word_1_334' title='bbox 646 2592 738 2636; x_wconf 90' lang='lat' dir='ltr'>ipsa,</span> <span class='ocrx_word' id='word_1_335' title='bbox 764 2600 797 2626; x_wconf 87' lang='lat' dir='ltr'>et</span> <span class='ocrx_word' id='word_1_336' title='bbox 815 2594 933 2637; x_wconf 84' lang='lat' dir='ltr'>paucis</span> <span class='ocrx_word' id='word_1_337' title='bbox 951 2607 1051 2638; x_wconf 87' lang='lat' dir='ltr'>prae-</span> 
     </span>
     <span class='ocr_line' id='line_1_50' title="bbox 70 2642 1051 2689; baseline 0.001 -11"><span class='ocrx_word' id='word_1_338' title='bbox 70 2644 171 2689; x_wconf 86' lang='lat' dir='ltr'>cipue</span> <span class='ocrx_word' id='word_1_339' title='bbox 206 2643 402 2678; x_wconf 79' lang='lat' dir='ltr'>nobilitatis</span> <span class='ocrx_word' id='word_1_340' title='bbox 436 2642 540 2685; x_wconf 86' lang='lat' dir='ltr'>viris,</span> <span class='ocrx_word' id='word_1_341' title='bbox 578 2654 730 2688; x_wconf 87' lang='lat' dir='ltr'>quorum</span> <span class='ocrx_word' id='word_1_342' title='bbox 761 2644 845 2678; x_wconf 78' lang='lat' dir='ltr'>fides</span> <span class='ocrx_word' id='word_1_343' title='bbox 877 2642 1051 2683; x_wconf 86' lang='lat' dir='ltr'>Dominae</span> 
     </span>
    </p>
   </div>
   <div class='ocr_carea' id='block_1_7' title="bbox 531 108 1662 156">
    <p class='ocr_par' dir='ltr' id='par_1_7' title="bbox 531 108 1662 156">
     <span class='ocr_line' id='line_1_51' title="bbox 531 108 1662 156; baseline 0.009 -11"><span class='ocrx_word' id='word_1_344' title='bbox 531 109 693 146; x_wconf 89' lang='lat' dir='ltr'><strong>DECL.</strong></span> <span class='ocrx_word' id='word_1_345' title='bbox 734 108 806 145; x_wconf 90' lang='lat' dir='ltr'>DE</span> <span class='ocrx_word' id='word_1_346' title='bbox 842 108 1171 146; x_wconf 86' lang='lat' dir='ltr'>FRIDERICO</span> <span class='ocrx_word' id='word_1_347' title='bbox 1206 111 1459 152; x_wconf 85' lang='lat' dir='ltr'><strong>LANDGR.</strong></span> <span class='ocrx_word' id='word_1_348' title='bbox 1492 116 1662 156; x_wconf 86' lang='lat' dir='ltr'><strong>THUR.</strong></span> 
     </span>
    </p>
   </div>
   <div class='ocr_carea' id='block_1_8' title="bbox 1093 194 1099 217">
    <p class='ocr_par' dir='ltr' id='par_1_8' title="bbox 1093 194 1099 217">
     <span class='ocr_line' id='line_1_52' title="bbox 1093 194 1099 217; baseline 0 0"><span class='ocrx_word' id='word_1_349' title='bbox 1093 194 1099 217; x_wconf 80' lang='lat' dir='ltr'>l</span> 
     </span>
    </p>
   </div>
   <div class='ocr_carea' id='block_1_9' title="bbox 1089 217 1097 935">
    <p class='ocr_par' dir='ltr' id='par_1_9' title="bbox 1089 217 1097 935">
     <span class='ocr_line' id='line_1_53' title="bbox 1089 217 1097 935; baseline 0 0"><span class='ocrx_word' id='word_1_350' title='bbox 1089 217 1097 935; x_wconf 95' lang='lat' dir='ltr'> </span> 
     </span>
    </p>
   </div>
   <div class='ocr_carea' id='block_1_10' title="bbox 2058 127 2106 163">
    <p class='ocr_par' dir='ltr' id='par_1_10' title="bbox 2058 127 2106 163">
     <span class='ocr_line' id='line_1_54' title="bbox 2058 127 2106 163; baseline 0.021 -1"><span class='ocrx_word' id='word_1_351' title='bbox 2058 127 2106 163; x_wconf 81' lang='lat'>54</span> 
     </span>
    </p>
   </div>
   <div class='ocr_carea' id='block_1_11' title="bbox 1119 197 2106 596">
    <p class='ocr_par' dir='ltr' id='par_1_11' title="bbox 1119 197 2106 596">
     <span class='ocr_line' id='line_1_55' title="bbox 1123 197 2106 250; baseline 0.016 -21"><span class='ocrx_word' id='word_1_352' title='bbox 1123 197 1341 240; x_wconf 83' lang='lat' dir='ltr'>probaretur.</span> <span class='ocrx_word' id='word_1_353' title='bbox 1392 198 1546 244; x_wconf 77' lang='lat' dir='ltr'>Exponit</span> <span class='ocrx_word' id='word_1_354' title='bbox 1561 210 1657 247; x_wconf 83' lang='lat' dir='ltr'>pacta</span> <span class='ocrx_word' id='word_1_355' title='bbox 1675 217 1753 238; x_wconf 89' lang='lat' dir='ltr'>cum</span> <span class='ocrx_word' id='word_1_356' title='bbox 1771 205 1943 250; x_wconf 87' lang='lat' dir='ltr'>Domino,</span> <span class='ocrx_word' id='word_1_357' title='bbox 1969 221 2007 243; x_wconf 86' lang='lat' dir='ltr'>ac</span> <span class='ocrx_word' id='word_1_358' title='bbox 2023 223 2106 245; x_wconf 86' lang='lat' dir='ltr'>nar-</span> 
     </span>
     <span class='ocr_line' id='line_1_56' title="bbox 1123 251 2105 300; baseline 0.017 -22"><span class='ocrx_word' id='word_1_359' title='bbox 1123 254 1175 280; x_wconf 88' lang='lat' dir='ltr'>rat</span> <span class='ocrx_word' id='word_1_360' title='bbox 1199 258 1233 279; x_wconf 89' lang='lat' dir='ltr'>se</span> <span class='ocrx_word' id='word_1_361' title='bbox 1253 260 1291 280; x_wconf 92' lang='lat' dir='ltr'>eo</span> <span class='ocrx_word' id='word_1_362' title='bbox 1312 251 1509 291; x_wconf 82' lang='lat' dir='ltr'>promisisse</span> <span class='ocrx_word' id='word_1_363' title='bbox 1533 254 1704 287; x_wconf 88' lang='lat' dir='ltr'>facturum</span> <span class='ocrx_word' id='word_1_364' title='bbox 1723 253 1814 290; x_wconf 86' lang='lat' dir='ltr'>hanc</span> <span class='ocrx_word' id='word_1_365' title='bbox 1830 260 1968 292; x_wconf 87' lang='lat' dir='ltr'>caedem</span> <span class='ocrx_word' id='word_1_366' title='bbox 1982 287 1989 300; x_wconf 86' lang='lat'><em>‚</em></span> <span class='ocrx_word' id='word_1_367' title='bbox 2017 269 2054 295; x_wconf 93' lang='lat' dir='ltr'>ut</span> <span class='ocrx_word' id='word_1_368' title='bbox 2073 269 2105 296; x_wconf 87' lang='lat' dir='ltr'>et</span> 
     </span>
     <span class='ocr_line' id='line_1_57' title="bbox 1122 295 2103 353; baseline 0.017 -25"><span class='ocrx_word' id='word_1_369' title='bbox 1122 295 1294 330; x_wconf 85' lang='lat' dir='ltr'>Dominae</span> <span class='ocrx_word' id='word_1_370' title='bbox 1320 305 1351 331; x_wconf 85' lang='lat' dir='ltr'>et</span> <span class='ocrx_word' id='word_1_371' title='bbox 1380 310 1459 333; x_wconf 83' lang='lat' dir='ltr'>suae</span> <span class='ocrx_word' id='word_1_372' title='bbox 1482 302 1571 335; x_wconf 72' lang='lat' dir='ltr'>vitae</span> <span class='ocrx_word' id='word_1_373' title='bbox 1594 306 1807 347; x_wconf 86' lang='lat' dir='ltr'>consuleret,</span> <span class='ocrx_word' id='word_1_374' title='bbox 1844 310 1923 353; x_wconf 84' lang='lat' dir='ltr'>quia</span> <span class='ocrx_word' id='word_1_375' title='bbox 1951 310 1978 342; x_wconf 87' lang='lat' dir='ltr'>si</span> <span class='ocrx_word' id='word_1_376' title='bbox 2003 323 2103 345; x_wconf 85' lang='lat' dir='ltr'>recu-</span> 
     </span>
     <span class='ocr_line' id='line_1_58' title="bbox 1122 349 2103 401; baseline 0.017 -23"><span class='ocrx_word' id='word_1_377' title='bbox 1122 354 1244 388; x_wconf 87' lang='lat' dir='ltr'>sasset,</span> <span class='ocrx_word' id='word_1_378' title='bbox 1271 349 1446 392; x_wconf 85' lang='lat' dir='ltr'>quaesitus</span> <span class='ocrx_word' id='word_1_379' title='bbox 1464 359 1548 384; x_wconf 85' lang='lat' dir='ltr'>esset</span> <span class='ocrx_word' id='word_1_380' title='bbox 1567 354 1654 387; x_wconf 86' lang='lat' dir='ltr'>alius</span> <span class='ocrx_word' id='word_1_381' title='bbox 1672 357 1849 398; x_wconf 84' lang='lat' dir='ltr'>parricidii</span> <span class='ocrx_word' id='word_1_382' title='bbox 1869 360 2043 401; x_wconf 85' lang='lat' dir='ltr'>minister,</span> <span class='ocrx_word' id='word_1_383' title='bbox 2071 369 2103 396; x_wconf 84' lang='lat' dir='ltr'>et</span> 
     </span>
     <span class='ocr_line' id='line_1_59' title="bbox 1121 397 2103 451; baseline 0.017 -23"><span class='ocrx_word' id='word_1_384' title='bbox 1121 397 1193 441; x_wconf 87' lang='lat' dir='ltr'>ipse</span> <span class='ocrx_word' id='word_1_385' title='bbox 1213 405 1353 431; x_wconf 89' lang='lat' dir='ltr'>necatus</span> <span class='ocrx_word' id='word_1_386' title='bbox 1373 407 1466 436; x_wconf 83' lang='lat' dir='ltr'>esset.</span> <span class='ocrx_word' id='word_1_387' title='bbox 1518 401 1642 436; x_wconf 79' lang='lat' dir='ltr'>Narrat</span> <span class='ocrx_word' id='word_1_388' title='bbox 1664 412 1697 438; x_wconf 90' lang='lat' dir='ltr'>et</span> <span class='ocrx_word' id='word_1_389' title='bbox 1714 407 1779 439; x_wconf 87' lang='lat' dir='ltr'>alia</span> <span class='ocrx_word' id='word_1_390' title='bbox 1799 419 1885 451; x_wconf 83' lang='lat' dir='ltr'>quae</span> <span class='ocrx_word' id='word_1_391' title='bbox 1904 410 2006 443; x_wconf 87' lang='lat' dir='ltr'>fidem</span> <span class='ocrx_word' id='word_1_392' title='bbox 2023 424 2103 444; x_wconf 81' lang='lat' dir='ltr'>ora-</span> 
     </span>
     <span class='ocr_line' id='line_1_60' title="bbox 1120 447 2100 494; baseline 0.015 -14"><span class='ocrx_word' id='word_1_393' title='bbox 1120 447 1208 480; x_wconf 86' lang='lat' dir='ltr'>tioni</span> <span class='ocrx_word' id='word_1_394' title='bbox 1235 448 1385 485; x_wconf 81' lang='lat' dir='ltr'>faciunt,</span> <span class='ocrx_word' id='word_1_395' title='bbox 1414 462 1450 482; x_wconf 87' lang='lat' dir='ltr'>ac</span> <span class='ocrx_word' id='word_1_396' title='bbox 1476 451 1569 485; x_wconf 87' lang='lat' dir='ltr'>iubet</span> <span class='ocrx_word' id='word_1_397' title='bbox 1596 455 1788 489; x_wconf 82' lang='lat' dir='ltr'>deliberare</span> <span class='ocrx_word' id='word_1_398' title='bbox 1812 457 1998 493; x_wconf 80' lang='lat' dir='ltr'>Dominam</span> <span class='ocrx_word' id='word_1_399' title='bbox 2023 474 2100 494; x_wconf 87' lang='lat' dir='ltr'>cum</span> 
     </span>
     <span class='ocr_line' id='line_1_61' title="bbox 1119 499 2101 551; baseline 0.018 -23"><span class='ocrx_word' id='word_1_400' title='bbox 1119 499 1210 538; x_wconf 88' lang='lat' dir='ltr'>suis,</span> <span class='ocrx_word' id='word_1_401' title='bbox 1247 500 1424 543; x_wconf 82' lang='lat' dir='ltr'>quomodo</span> <span class='ocrx_word' id='word_1_402' title='bbox 1455 513 1536 533; x_wconf 80' lang='lat' dir='ltr'>suae</span> <span class='ocrx_word' id='word_1_403' title='bbox 1567 503 1657 535; x_wconf 73' lang='lat' dir='ltr'>vitae</span> <span class='ocrx_word' id='word_1_404' title='bbox 1690 507 1942 542; x_wconf 80' lang='lat' dir='ltr'>consulendum</span> <span class='ocrx_word' id='word_1_405' title='bbox 1972 512 2031 551; x_wconf 91' lang='lat' dir='ltr'>sit,</span> <span class='ocrx_word' id='word_1_406' title='bbox 2065 524 2101 545; x_wconf 86' lang='lat' dir='ltr'>se</span> 
     </span>
     <span class='ocr_line' id='line_1_62' title="bbox 1120 547 1915 596; baseline 0.014 -17"><span class='ocrx_word' id='word_1_407' title='bbox 1120 547 1186 580; x_wconf 86' lang='lat' dir='ltr'>iam</span> <span class='ocrx_word' id='word_1_408' title='bbox 1204 549 1283 591; x_wconf 83' lang='lat' dir='ltr'>fuga</span> <span class='ocrx_word' id='word_1_409' title='bbox 1303 549 1402 582; x_wconf 87' lang='lat' dir='ltr'>facile</span> <span class='ocrx_word' id='word_1_410' title='bbox 1420 563 1602 584; x_wconf 64' lang='lat' dir='ltr'>evasurum</span> <span class='ocrx_word' id='word_1_411' title='bbox 1620 564 1691 585; x_wconf 86' lang='lat' dir='ltr'>esse</span> <span class='ocrx_word' id='word_1_412' title='bbox 1709 556 1915 596; x_wconf 84' lang='lat' dir='ltr'>periculum.</span> 
     </span>
    </p>
   </div>
   <div class='ocr_carea' id='block_1_12' title="bbox 1110 622 2101 1611">
    <p class='ocr_par' dir='ltr' id='par_1_12' title="bbox 1110 622 2101 1611">
     <span class='ocr_line' id='line_1_63' title="bbox 1219 622 2101 680; baseline 0.016 -27"><span class='ocrx_word' id='word_1_413' title='bbox 1219 622 1273 656; x_wconf 83' lang='lat' dir='ltr'>Re</span> <span class='ocrx_word' id='word_1_414' title='bbox 1294 624 1484 658; x_wconf 82' lang='lat' dir='ltr'>deliberata</span> <span class='ocrx_word' id='word_1_415' title='bbox 1504 626 1693 668; x_wconf 85' lang='lat' dir='ltr'>prudentes</span> <span class='ocrx_word' id='word_1_416' title='bbox 1711 634 1743 660; x_wconf 88' lang='lat' dir='ltr'>et</span> <span class='ocrx_word' id='word_1_417' title='bbox 1760 629 1876 662; x_wconf 86' lang='lat' dir='ltr'>fideles</span> <span class='ocrx_word' id='word_1_418' title='bbox 1896 633 2016 674; x_wconf 90' lang='lat' dir='ltr'>amici,</span> <span class='ocrx_word' id='word_1_419' title='bbox 2040 637 2101 680; x_wconf 82' lang='lat' dir='ltr'>qui</span> 
     </span>
     <span class='ocr_line' id='line_1_64' title="bbox 1118 671 2101 721; baseline 0.014 -17"><span class='ocrx_word' id='word_1_420' title='bbox 1118 671 1317 716; x_wconf 83' lang='lat' dir='ltr'>Principem</span> <span class='ocrx_word' id='word_1_421' title='bbox 1335 675 1449 707; x_wconf 82' lang='lat' dir='ltr'>furere</span> <span class='ocrx_word' id='word_1_422' title='bbox 1465 677 1545 708; x_wconf 90' lang='lat' dir='ltr'>odio</span> <span class='ocrx_word' id='word_1_423' title='bbox 1562 683 1593 709; x_wconf 85' lang='lat' dir='ltr'>et</span> <span class='ocrx_word' id='word_1_424' title='bbox 1608 677 1735 710; x_wconf 83' lang='lat' dir='ltr'>scelere</span> <span class='ocrx_word' id='word_1_425' title='bbox 1751 679 1927 721; x_wconf 71' lang='lat' dir='ltr'>videbant,</span> <span class='ocrx_word' id='word_1_426' title='bbox 1953 686 2101 719; x_wconf 86' lang='lat' dir='ltr'>suadent</span> 
     </span>
     <span class='ocr_line' id='line_1_65' title="bbox 1117 722 2101 771; baseline 0.013 -16"><span class='ocrx_word' id='word_1_427' title='bbox 1117 730 1154 756; x_wconf 84' lang='lat' dir='ltr'>ut</span> <span class='ocrx_word' id='word_1_428' title='bbox 1178 722 1330 756; x_wconf 82' lang='lat' dir='ltr'>Domina</span> <span class='ocrx_word' id='word_1_429' title='bbox 1363 725 1489 767; x_wconf 85' lang='lat' dir='ltr'>fugiat,</span> <span class='ocrx_word' id='word_1_430' title='bbox 1523 727 1698 759; x_wconf 82' lang='lat' dir='ltr'>adiunctis</span> <span class='ocrx_word' id='word_1_431' title='bbox 1728 730 1843 771; x_wconf 77' lang='lat' dir='ltr'>paucis</span> <span class='ocrx_word' id='word_1_432' title='bbox 1875 735 2043 766; x_wconf 84' lang='lat' dir='ltr'>matronis</span> <span class='ocrx_word' id='word_1_433' title='bbox 2069 743 2101 768; x_wconf 87' lang='lat' dir='ltr'>et</span> 
     </span>
     <span class='ocr_line' id='line_1_66' title="bbox 1117 773 2101 828; baseline 0.013 -24"><span class='ocrx_word' id='word_1_434' title='bbox 1117 773 1265 807; x_wconf 79' lang='lat' dir='ltr'>ancillis.</span> <span class='ocrx_word' id='word_1_435' title='bbox 1319 773 1395 807; x_wconf 72' lang='lat' dir='ltr'>Etsi</span> <span class='ocrx_word' id='word_1_436' title='bbox 1418 775 1479 807; x_wconf 88' lang='lat' dir='ltr'>diu</span> <span class='ocrx_word' id='word_1_437' title='bbox 1504 776 1741 818; x_wconf 72' lang='lat' dir='ltr'>refragabatur</span> <span class='ocrx_word' id='word_1_438' title='bbox 1757 777 1928 821; x_wconf 86' lang='lat' dir='ltr'>Domina,</span> <span class='ocrx_word' id='word_1_439' title='bbox 1956 797 2043 828; x_wconf 90' lang='lat' dir='ltr'>quae</span> <span class='ocrx_word' id='word_1_440' title='bbox 2065 785 2101 818; x_wconf 88' lang='lat' dir='ltr'>in</span> 
     </span>
     <span class='ocr_line' id='line_1_67' title="bbox 1118 824 2101 874; baseline 0.012 -19"><span class='ocrx_word' id='word_1_441' title='bbox 1118 824 1299 867; x_wconf 85' lang='lat' dir='ltr'>complexu</span> <span class='ocrx_word' id='word_1_442' title='bbox 1330 825 1481 857; x_wconf 87' lang='lat' dir='ltr'>filiorum</span> <span class='ocrx_word' id='word_1_443' title='bbox 1509 827 1598 858; x_wconf 69' lang='lat' dir='ltr'>mori</span> <span class='ocrx_word' id='word_1_444' title='bbox 1623 828 1792 868; x_wconf 86' lang='lat' dir='ltr'>malebat,</span> <span class='ocrx_word' id='word_1_445' title='bbox 1827 843 1930 874; x_wconf 86' lang='lat' dir='ltr'>quam</span> <span class='ocrx_word' id='word_1_446' title='bbox 1957 835 2101 867; x_wconf 85' lang='lat' dir='ltr'>desertis</span> 
     </span>
     <span class='ocr_line' id='line_1_68' title="bbox 1118 873 2101 917; baseline 0.014 -13"><span class='ocrx_word' id='word_1_447' title='bbox 1118 873 1200 916; x_wconf 83' lang='lat' dir='ltr'>ipsis</span> <span class='ocrx_word' id='word_1_448' title='bbox 1225 874 1357 907; x_wconf 80' lang='lat' dir='ltr'>(liutius</span> <span class='ocrx_word' id='word_1_449' title='bbox 1382 886 1453 906; x_wconf 85' lang='lat' dir='ltr'>esse</span> <span class='ocrx_word' id='word_1_450' title='bbox 1478 883 1667 917; x_wconf 84' lang='lat' dir='ltr'>superstes,</span> <span class='ocrx_word' id='word_1_451' title='bbox 1695 885 1811 911; x_wconf 83' lang='lat' dir='ltr'>tamen</span> <span class='ocrx_word' id='word_1_452' title='bbox 1837 881 1997 916; x_wconf 79' lang='lat' dir='ltr'>fidelibus</span> <span class='ocrx_word' id='word_1_453' title='bbox 2017 897 2101 917; x_wconf 86' lang='lat' dir='ltr'>con-</span> 
     </span>
     <span class='ocr_line' id='line_1_69' title="bbox 1117 924 2101 968; baseline 0.014 -14"><span class='ocrx_word' id='word_1_454' title='bbox 1117 924 1203 954; x_wconf 86' lang='lat' dir='ltr'>siliis</span> <span class='ocrx_word' id='word_1_455' title='bbox 1228 925 1368 956; x_wconf 86' lang='lat' dir='ltr'>tandem</span> <span class='ocrx_word' id='word_1_456' title='bbox 1391 925 1620 968; x_wconf 74' lang='lat' dir='ltr'>obtemperat.</span> <span class='ocrx_word' id='word_1_457' title='bbox 1673 926 1785 960; x_wconf 83' lang='lat' dir='ltr'>Locus</span> <span class='ocrx_word' id='word_1_458' title='bbox 1806 928 1921 964; x_wconf 89' lang='lat' dir='ltr'>adhuc</span> <span class='ocrx_word' id='word_1_459' title='bbox 1944 935 2101 967; x_wconf 83' lang='lat' dir='ltr'>ostendi—</span> 
     </span>
     <span class='ocr_line' id='line_1_70' title="bbox 1116 973 2099 1025; baseline 0.012 -19"><span class='ocrx_word' id='word_1_460' title='bbox 1116 979 1174 1006; x_wconf 85' lang='lat' dir='ltr'>tur</span> <span class='ocrx_word' id='word_1_461' title='bbox 1194 973 1230 1005; x_wconf 90' lang='lat' dir='ltr'>in</span> <span class='ocrx_word' id='word_1_462' title='bbox 1256 985 1333 1006; x_wconf 85' lang='lat' dir='ltr'>arce</span> <span class='ocrx_word' id='word_1_463' title='bbox 1352 973 1593 1016; x_wconf 66' lang='lat' dir='ltr'>lsennaoensi,</span> <span class='ocrx_word' id='word_1_464' title='bbox 1621 977 1681 1009; x_wconf 86' lang='lat' dir='ltr'>ubi</span> <span class='ocrx_word' id='word_1_465' title='bbox 1704 990 1775 1010; x_wconf 93' lang='lat' dir='ltr'>non</span> <span class='ocrx_word' id='word_1_466' title='bbox 1800 988 1848 1014; x_wconf 80' lang='lat' dir='ltr'>est</span> <span class='ocrx_word' id='word_1_467' title='bbox 1873 994 1996 1025; x_wconf 84' lang='lat' dir='ltr'>magua</span> <span class='ocrx_word' id='word_1_468' title='bbox 2019 986 2099 1018; x_wconf 88' lang='lat' dir='ltr'>alti-</span> 
     </span>
     <span class='ocr_line' id='line_1_71' title="bbox 1116 1024 2099 1079; baseline 0.013 -24"><span class='ocrx_word' id='word_1_469' title='bbox 1116 1024 1200 1056; x_wconf 92' lang='lat' dir='ltr'>tudo</span> <span class='ocrx_word' id='word_1_470' title='bbox 1225 1036 1243 1056; x_wconf 94' lang='lat' dir='ltr'>a</span> <span class='ocrx_word' id='word_1_471' title='bbox 1267 1024 1410 1067; x_wconf 89' lang='lat' dir='ltr'>scopulo</span> <span class='ocrx_word' id='word_1_472' title='bbox 1433 1032 1526 1057; x_wconf 79' lang='lat' dir='ltr'>extra</span> <span class='ocrx_word' id='word_1_473' title='bbox 1550 1038 1663 1059; x_wconf 88' lang='lat' dir='ltr'>arcem</span> <span class='ocrx_word' id='word_1_474' title='bbox 1683 1029 1725 1060; x_wconf 89' lang='lat' dir='ltr'>ad</span> <span class='ocrx_word' id='word_1_475' title='bbox 1744 1029 1947 1072; x_wconf 76' lang='lat' dir='ltr'>fenestram,</span> <span class='ocrx_word' id='word_1_476' title='bbox 1974 1046 2012 1066; x_wconf 80' lang='lat' dir='ltr'>ex</span> <span class='ocrx_word' id='word_1_477' title='bbox 2031 1048 2099 1079; x_wconf 82' lang='lat' dir='ltr'>qua</span> 
     </span>
     <span class='ocr_line' id='line_1_72' title="bbox 1116 1073 2099 1122; baseline 0.013 -17"><span class='ocrx_word' id='word_1_478' title='bbox 1116 1074 1258 1105; x_wconf 90' lang='lat' dir='ltr'>funibus</span> <span class='ocrx_word' id='word_1_479' title='bbox 1278 1073 1430 1106; x_wconf 81' lang='lat' dir='ltr'>Domina</span> <span class='ocrx_word' id='word_1_480' title='bbox 1455 1087 1533 1107; x_wconf 91' lang='lat' dir='ltr'>cum</span> <span class='ocrx_word' id='word_1_481' title='bbox 1560 1076 1716 1122; x_wconf 86' lang='lat' dir='ltr'>quinque</span> <span class='ocrx_word' id='word_1_482' title='bbox 1740 1080 1926 1113; x_wconf 86' lang='lat' dir='ltr'>comitibus</span> <span class='ocrx_word' id='word_1_483' title='bbox 1950 1084 2099 1118; x_wconf 78' lang='lat' dir='ltr'>demissa</span> 
     </span>
     <span class='ocr_line' id='line_1_73' title="bbox 1115 1123 2100 1177; baseline 0.014 -24"><span class='ocrx_word' id='word_1_484' title='bbox 1115 1131 1174 1158; x_wconf 81' lang='lat' dir='ltr'>est.</span> <span class='ocrx_word' id='word_1_485' title='bbox 1224 1123 1332 1156; x_wconf 70' lang='lat' dir='ltr'>Nocte</span> <span class='ocrx_word' id='word_1_486' title='bbox 1348 1132 1462 1157; x_wconf 87' lang='lat' dir='ltr'>antem</span> <span class='ocrx_word' id='word_1_487' title='bbox 1480 1137 1557 1157; x_wconf 92' lang='lat' dir='ltr'>cum</span> <span class='ocrx_word' id='word_1_488' title='bbox 1573 1127 1640 1159; x_wconf 87' lang='lat' dir='ltr'>iam</span> <span class='ocrx_word' id='word_1_489' title='bbox 1657 1128 1846 1171; x_wconf 88' lang='lat' dir='ltr'>migratura</span> <span class='ocrx_word' id='word_1_490' title='bbox 1862 1139 1958 1170; x_wconf 80' lang='lat' dir='ltr'>esset,</span> <span class='ocrx_word' id='word_1_491' title='bbox 1985 1135 2100 1177; x_wconf 86' lang='lat' dir='ltr'>prius-</span> 
     </span>
     <span class='ocr_line' id='line_1_74' title="bbox 1115 1175 2099 1218; baseline 0.012 -13"><span class='ocrx_word' id='word_1_492' title='bbox 1115 1186 1217 1218; x_wconf 83' lang='lat' dir='ltr'>quam</span> <span class='ocrx_word' id='word_1_493' title='bbox 1234 1187 1251 1206; x_wconf 82' lang='lat' dir='ltr'>a</span> <span class='ocrx_word' id='word_1_494' title='bbox 1271 1175 1351 1207; x_wconf 81' lang='lat' dir='ltr'>filiis</span> <span class='ocrx_word' id='word_1_495' title='bbox 1368 1175 1576 1216; x_wconf 79' lang='lat' dir='ltr'>discederet,</span> <span class='ocrx_word' id='word_1_496' title='bbox 1603 1178 1766 1211; x_wconf 87' lang='lat' dir='ltr'>adsidens</span> <span class='ocrx_word' id='word_1_497' title='bbox 1783 1181 1825 1212; x_wconf 88' lang='lat' dir='ltr'>ad</span> <span class='ocrx_word' id='word_1_498' title='bbox 1845 1181 1988 1216; x_wconf 90' lang='lat' dir='ltr'>lectulos</span> <span class='ocrx_word' id='word_1_499' title='bbox 2008 1185 2099 1217; x_wconf 80' lang='lat' dir='ltr'>filio-</span> 
     </span>
     <span class='ocr_line' id='line_1_75' title="bbox 1115 1225 2100 1272; baseline 0.012 -17"><span class='ocrx_word' id='word_1_500' title='bbox 1115 1236 1211 1263; x_wconf 87' lang='lat' dir='ltr'>rum,</span> <span class='ocrx_word' id='word_1_501' title='bbox 1239 1231 1270 1257; x_wconf 87' lang='lat' dir='ltr'>et</span> <span class='ocrx_word' id='word_1_502' title='bbox 1297 1225 1526 1258; x_wconf 86' lang='lat' dir='ltr'>calamitatem</span> <span class='ocrx_word' id='word_1_503' title='bbox 1551 1238 1648 1259; x_wconf 87' lang='lat' dir='ltr'>suam</span> <span class='ocrx_word' id='word_1_504' title='bbox 1673 1230 1879 1272; x_wconf 85' lang='lat' dir='ltr'>deplorans,</span> <span class='ocrx_word' id='word_1_505' title='bbox 1905 1245 1983 1265; x_wconf 89' lang='lat' dir='ltr'>cnm</span> <span class='ocrx_word' id='word_1_506' title='bbox 2003 1234 2100 1267; x_wconf 88' lang='lat' dir='ltr'>Con-</span> 
     </span>
     <span class='ocr_line' id='line_1_76' title="bbox 1113 1274 2098 1323; baseline 0.012 -18"><span class='ocrx_word' id='word_1_507' title='bbox 1113 1274 1265 1306; x_wconf 85' lang='lat' dir='ltr'>siliarius</span> <span class='ocrx_word' id='word_1_508' title='bbox 1285 1286 1388 1307; x_wconf 80' lang='lat' dir='ltr'>senex</span> <span class='ocrx_word' id='word_1_509' title='bbox 1406 1282 1438 1308; x_wconf 91' lang='lat' dir='ltr'>et</span> <span class='ocrx_word' id='word_1_510' title='bbox 1454 1283 1632 1310; x_wconf 89' lang='lat' dir='ltr'>matronae</span> <span class='ocrx_word' id='word_1_511' title='bbox 1647 1280 1873 1313; x_wconf 86' lang='lat' dir='ltr'>comitaturae</span> <span class='ocrx_word' id='word_1_512' title='bbox 1892 1294 1985 1323; x_wconf 88' lang='lat' dir='ltr'>eam,</span> <span class='ocrx_word' id='word_1_513' title='bbox 2014 1282 2098 1317; x_wconf 90' lang='lat' dir='ltr'>hor-</span> 
     </span>
     <span class='ocr_line' id='line_1_77' title="bbox 1114 1329 2098 1374; baseline 0.013 -20"><span class='ocrx_word' id='word_1_514' title='bbox 1114 1330 1291 1363; x_wconf 82' lang='lat' dir='ltr'>tarentur,</span> <span class='ocrx_word' id='word_1_515' title='bbox 1319 1331 1357 1357; x_wconf 89' lang='lat' dir='ltr'>ut</span> <span class='ocrx_word' id='word_1_516' title='bbox 1374 1334 1591 1368; x_wconf 88' lang='lat' dir='ltr'>properaret,</span> <span class='ocrx_word' id='word_1_517' title='bbox 1619 1329 1760 1361; x_wconf 84' lang='lat' dir='ltr'>tandem</span> <span class='ocrx_word' id='word_1_518' title='bbox 1778 1331 1988 1365; x_wconf 78' lang='lat' dir='ltr'>valedictura</span> <span class='ocrx_word' id='word_1_519' title='bbox 2007 1334 2098 1374; x_wconf 82' lang='lat' dir='ltr'>filiis,</span> 
     </span>
     <span class='ocr_line' id='line_1_78' title="bbox 1114 1370 2097 1424; baseline 0.018 -25"><span class='ocrx_word' id='word_1_520' title='bbox 1114 1370 1330 1401; x_wconf 65' lang='lat' dir='ltr'>fridericum</span> <span class='ocrx_word' id='word_1_521' title='bbox 1358 1377 1441 1403; x_wconf 85' lang='lat' dir='ltr'>natu</span> <span class='ocrx_word' id='word_1_522' title='bbox 1466 1376 1652 1410; x_wconf 86' lang='lat' dir='ltr'>maiorem,</span> <span class='ocrx_word' id='word_1_523' title='bbox 1682 1376 1869 1422; x_wconf 72' lang='lat' dir='ltr'>lachrymis</span> <span class='ocrx_word' id='word_1_524' title='bbox 1894 1387 1925 1413; x_wconf 87' lang='lat' dir='ltr'>et</span> <span class='ocrx_word' id='word_1_525' title='bbox 1952 1383 2097 1424; x_wconf 85' lang='lat' dir='ltr'>eiulatu,</span> 
     </span>
     <span class='ocr_line' id='line_1_79' title="bbox 1113 1419 2097 1471; baseline 0.017 -22"><span class='ocrx_word' id='word_1_526' title='bbox 1113 1419 1260 1451; x_wconf 88' lang='lat' dir='ltr'>materni</span> <span class='ocrx_word' id='word_1_527' title='bbox 1292 1420 1424 1452; x_wconf 89' lang='lat' dir='ltr'>doloris</span> <span class='ocrx_word' id='word_1_528' title='bbox 1454 1424 1732 1463; x_wconf 85' lang='lat' dir='ltr'>magnitudinem</span> <span class='ocrx_word' id='word_1_529' title='bbox 1763 1431 1966 1471; x_wconf 86' lang='lat' dir='ltr'>ostendens,</span> <span class='ocrx_word' id='word_1_530' title='bbox 2000 1445 2097 1466; x_wconf 83' lang='lat' dir='ltr'>com-</span> 
     </span>
     <span class='ocr_line' id='line_1_80' title="bbox 1112 1468 2096 1524; baseline 0.018 -26"><span class='ocrx_word' id='word_1_531' title='bbox 1112 1468 1291 1509; x_wconf 91' lang='lat' dir='ltr'>plectitur,</span> <span class='ocrx_word' id='word_1_532' title='bbox 1319 1481 1420 1512; x_wconf 86' lang='lat' dir='ltr'>saepe</span> <span class='ocrx_word' id='word_1_533' title='bbox 1436 1470 1542 1513; x_wconf 81' lang='lat' dir='ltr'>figens</span> <span class='ocrx_word' id='word_1_534' title='bbox 1558 1474 1674 1506; x_wconf 89' lang='lat' dir='ltr'>oscula</span> <span class='ocrx_word' id='word_1_535' title='bbox 1692 1475 1727 1506; x_wconf 91' lang='lat' dir='ltr'>in</span> <span class='ocrx_word' id='word_1_536' title='bbox 1745 1478 1842 1517; x_wconf 81' lang='lat' dir='ltr'>genis</span> <span class='ocrx_word' id='word_1_537' title='bbox 1856 1480 1940 1512; x_wconf 90' lang='lat' dir='ltr'>etin</span> <span class='ocrx_word' id='word_1_538' title='bbox 1958 1489 2096 1524; x_wconf 90' lang='lat' dir='ltr'>pectore</span> 
     </span>
     <span class='ocr_line' id='line_1_81' title="bbox 1111 1517 2096 1566; baseline 0.019 -18"><span class='ocrx_word' id='word_1_539' title='bbox 1111 1517 1185 1551; x_wconf 84' lang='lat' dir='ltr'>tilii.</span> <span class='ocrx_word' id='word_1_540' title='bbox 1255 1517 1436 1551; x_wconf 87' lang='lat' dir='ltr'>Postremo</span> <span class='ocrx_word' id='word_1_541' title='bbox 1474 1521 1628 1554; x_wconf 70' lang='lat' dir='ltr'>rnimbili</span> <span class='ocrx_word' id='word_1_542' title='bbox 1661 1524 1770 1557; x_wconf 88' lang='lat' dir='ltr'>animi</span> <span class='ocrx_word' id='word_1_543' title='bbox 1803 1535 1900 1562; x_wconf 89' lang='lat' dir='ltr'>motu</span> <span class='ocrx_word' id='word_1_544' title='bbox 1932 1530 2096 1566; x_wconf 80' lang='lat' dir='ltr'>dentibus</span> 
     </span>
     <span class='ocr_line' id='line_1_82' title="bbox 1110 1568 1477 1611; baseline 0.005 -12"><span class='ocrx_word' id='word_1_545' title='bbox 1110 1568 1247 1600; x_wconf 88' lang='lat' dir='ltr'>mordet</span> <span class='ocrx_word' id='word_1_546' title='bbox 1264 1579 1386 1611; x_wconf 84' lang='lat' dir='ltr'>genam</span> <span class='ocrx_word' id='word_1_547' title='bbox 1402 1569 1477 1605; x_wconf 86' lang='lat' dir='ltr'>filii.</span> 
     </span>
    </p>
   </div>
   <div class='ocr_carea' id='block_1_13' title="bbox 1102 1642 2095 2688">
    <p class='ocr_par' dir='ltr' id='par_1_13' title="bbox 1102 1642 2095 2688">
     <span class='ocr_line' id='line_1_83' title="bbox 1211 1642 2095 1695; baseline 0.012 -21"><span class='ocrx_word' id='word_1_548' title='bbox 1211 1642 1304 1675; x_wconf 90' lang='lat' dir='ltr'>Puer</span> <span class='ocrx_word' id='word_1_549' title='bbox 1327 1644 1472 1677; x_wconf 82' lang='lat' dir='ltr'>vulnere</span> <span class='ocrx_word' id='word_1_550' title='bbox 1495 1646 1584 1679; x_wconf 88' lang='lat' dir='ltr'>sacto</span> <span class='ocrx_word' id='word_1_551' title='bbox 1610 1648 1740 1681; x_wconf 86' lang='lat' dir='ltr'>eiulare</span> <span class='ocrx_word' id='word_1_552' title='bbox 1765 1650 1898 1695; x_wconf 89' lang='lat' dir='ltr'>incipit.</span> <span class='ocrx_word' id='word_1_553' title='bbox 1961 1653 2095 1690; x_wconf 76' lang='lat' dir='ltr'>Accur-</span> 
     </span>
     <span class='ocr_line' id='line_1_84' title="bbox 1110 1693 2095 1741; baseline 0.015 -16"><span class='ocrx_word' id='word_1_554' title='bbox 1110 1700 1192 1726; x_wconf 90' lang='lat' dir='ltr'>runt</span> <span class='ocrx_word' id='word_1_555' title='bbox 1215 1693 1322 1735; x_wconf 85' lang='lat' dir='ltr'>igitur</span> <span class='ocrx_word' id='word_1_556' title='bbox 1346 1701 1542 1736; x_wconf 87' lang='lat' dir='ltr'>matronae,</span> <span class='ocrx_word' id='word_1_557' title='bbox 1571 1703 1603 1729; x_wconf 87' lang='lat' dir='ltr'>et</span> <span class='ocrx_word' id='word_1_558' title='bbox 1626 1710 1773 1741; x_wconf 90' lang='lat' dir='ltr'>puerum</span> <span class='ocrx_word' id='word_1_559' title='bbox 1800 1703 1902 1735; x_wconf 85' lang='lat' dir='ltr'>matri</span> <span class='ocrx_word' id='word_1_560' title='bbox 1924 1716 1962 1737; x_wconf 83' lang='lat' dir='ltr'>ex</span> <span class='ocrx_word' id='word_1_561' title='bbox 1980 1708 2095 1740; x_wconf 85' lang='lat' dir='ltr'>mani-</span> 
     </span>
     <span class='ocr_line' id='line_1_85' title="bbox 1109 1744 2094 1799; baseline 0.015 -24"><span class='ocrx_word' id='word_1_562' title='bbox 1109 1744 1174 1776; x_wconf 91' lang='lat' dir='ltr'>bus</span> <span class='ocrx_word' id='word_1_563' title='bbox 1206 1744 1378 1786; x_wconf 85' lang='lat' dir='ltr'>eripiunt,</span> <span class='ocrx_word' id='word_1_564' title='bbox 1413 1753 1604 1780; x_wconf 88' lang='lat' dir='ltr'>metuentes</span> <span class='ocrx_word' id='word_1_565' title='bbox 1635 1760 1679 1780; x_wconf 84' lang='lat' dir='ltr'>ne</span> <span class='ocrx_word' id='word_1_566' title='bbox 1706 1750 1809 1783; x_wconf 86' lang='lat' dir='ltr'>dolor</span> <span class='ocrx_word' id='word_1_567' title='bbox 1835 1764 1909 1785; x_wconf 86' lang='lat' dir='ltr'>eam</span> <span class='ocrx_word' id='word_1_568' title='bbox 1936 1755 2094 1799; x_wconf 85' lang='lat' dir='ltr'>impellat</span> 
     </span>
     <span class='ocr_line' id='line_1_86' title="bbox 1108 1794 2094 1850; baseline 0.015 -25"><span class='ocrx_word' id='word_1_569' title='bbox 1108 1795 1151 1826; x_wconf 86' lang='lat' dir='ltr'>ad</span> <span class='ocrx_word' id='word_1_570' title='bbox 1176 1794 1331 1827; x_wconf 88' lang='lat' dir='ltr'>sobolem</span> <span class='ocrx_word' id='word_1_571' title='bbox 1356 1795 1650 1836; x_wconf 86' lang='lat' dir='ltr'>interficiendam,</span> <span class='ocrx_word' id='word_1_572' title='bbox 1677 1806 1709 1832; x_wconf 92' lang='lat' dir='ltr'>et</span> <span class='ocrx_word' id='word_1_573' title='bbox 1730 1813 1871 1845; x_wconf 86' lang='lat' dir='ltr'>quoquo</span> <span class='ocrx_word' id='word_1_574' title='bbox 1891 1806 1995 1838; x_wconf 88' lang='lat' dir='ltr'>modo</span> <span class='ocrx_word' id='word_1_575' title='bbox 2014 1819 2094 1850; x_wconf 91' lang='lat' dir='ltr'>pos-</span> 
     </span>
     <span class='ocr_line' id='line_1_87' title="bbox 1108 1845 2092 1898; baseline 0.014 -22"><span class='ocrx_word' id='word_1_576' title='bbox 1108 1851 1208 1883; x_wconf 88' lang='lat' dir='ltr'>sunt,</span> <span class='ocrx_word' id='word_1_577' title='bbox 1235 1858 1252 1876; x_wconf 87' lang='lat' dir='ltr'>e</span> <span class='ocrx_word' id='word_1_578' title='bbox 1277 1845 1438 1878; x_wconf 86' lang='lat' dir='ltr'>cubiculo</span> <span class='ocrx_word' id='word_1_579' title='bbox 1459 1858 1533 1878; x_wconf 87' lang='lat' dir='ltr'>eam</span> <span class='ocrx_word' id='word_1_580' title='bbox 1553 1848 1743 1883; x_wconf 85' lang='lat' dir='ltr'>abducunt.</span> <span class='ocrx_word' id='word_1_581' title='bbox 1800 1850 1860 1885; x_wconf 88' lang='lat' dir='ltr'>llla</span> <span class='ocrx_word' id='word_1_582' title='bbox 1882 1865 1953 1886; x_wconf 91' lang='lat' dir='ltr'>non</span> <span class='ocrx_word' id='word_1_583' title='bbox 1972 1856 2092 1898; x_wconf 84' lang='lat' dir='ltr'>ignara</span> 
     </span>
     <span class='ocr_line' id='line_1_88' title="bbox 1107 1895 2092 1949; baseline 0.016 -24"><span class='ocrx_word' id='word_1_584' title='bbox 1107 1895 1190 1939; x_wconf 76' lang='lat' dir='ltr'>quid</span> <span class='ocrx_word' id='word_1_585' title='bbox 1210 1895 1361 1934; x_wconf 76' lang='lat' dir='ltr'>fecisset,</span> <span class='ocrx_word' id='word_1_586' title='bbox 1388 1896 1518 1940; x_wconf 83' lang='lat' dir='ltr'>iuquit:</span> <span class='ocrx_word' id='word_1_587' title='bbox 1547 1896 1608 1929; x_wconf 84' lang='lat' dir='ltr'>Me</span> <span class='ocrx_word' id='word_1_588' title='bbox 1628 1910 1669 1931; x_wconf 92' lang='lat' dir='ltr'>ne</span> <span class='ocrx_word' id='word_1_589' title='bbox 1688 1900 1773 1932; x_wconf 92' lang='lat' dir='ltr'>adeo</span> <span class='ocrx_word' id='word_1_590' title='bbox 1791 1902 1935 1936; x_wconf 86' lang='lat' dir='ltr'>ferream</span> <span class='ocrx_word' id='word_1_591' title='bbox 1954 1908 2092 1949; x_wconf 88' lang='lat' dir='ltr'>putatis,</span> 
     </span>
     <span class='ocr_line' id='line_1_89' title="bbox 1106 1943 2090 1999; baseline 0.012 -21"><span class='ocrx_word' id='word_1_592' title='bbox 1106 1952 1146 1978; x_wconf 85' lang='lat' dir='ltr'>ut</span> <span class='ocrx_word' id='word_1_593' title='bbox 1168 1957 1185 1977; x_wconf 88' lang='lat' dir='ltr'>a</span> <span class='ocrx_word' id='word_1_594' title='bbox 1213 1943 1459 1988; x_wconf 79' lang='lat' dir='ltr'>pulcherrimis</span> <span class='ocrx_word' id='word_1_595' title='bbox 1484 1953 1515 1980; x_wconf 86' lang='lat' dir='ltr'>et</span> <span class='ocrx_word' id='word_1_596' title='bbox 1539 1948 1727 1982; x_wconf 85' lang='lat' dir='ltr'>carissimis</span> <span class='ocrx_word' id='word_1_597' title='bbox 1753 1951 1831 1984; x_wconf 85' lang='lat' dir='ltr'>filiis</span> <span class='ocrx_word' id='word_1_598' title='bbox 1856 1954 1932 1986; x_wconf 90' lang='lat' dir='ltr'>sine</span> <span class='ocrx_word' id='word_1_599' title='bbox 1957 1955 2090 1999; x_wconf 82' lang='lat' dir='ltr'>ingenti</span> 
     </span>
     <span class='ocr_line' id='line_1_90' title="bbox 1106 1996 2091 2042; baseline 0.013 -16"><span class='ocrx_word' id='word_1_600' title='bbox 1106 1996 1228 2028; x_wconf 91' lang='lat' dir='ltr'>dolore</span> <span class='ocrx_word' id='word_1_601' title='bbox 1260 1996 1295 2027; x_wconf 95' lang='lat' dir='ltr'>in</span> <span class='ocrx_word' id='word_1_602' title='bbox 1325 1996 1468 2028; x_wconf 84' lang='lat' dir='ltr'>exilium</span> <span class='ocrx_word' id='word_1_603' title='bbox 1500 1998 1596 2030; x_wconf 85' lang='lat' dir='ltr'>abire</span> <span class='ocrx_word' id='word_1_604' title='bbox 1629 1999 1769 2042; x_wconf 81' lang='lat' dir='ltr'>possim.</span> <span class='ocrx_word' id='word_1_605' title='bbox 1820 2001 1966 2036; x_wconf 71' lang='lat' dir='ltr'>Nullum</span> <span class='ocrx_word' id='word_1_606' title='bbox 2000 2008 2091 2039; x_wconf 73' lang='lat' dir='ltr'>vitae</span> 
     </span>
     <span class='ocr_line' id='line_1_91' title="bbox 1107 2046 2088 2100; baseline 0.013 -24"><span class='ocrx_word' id='word_1_607' title='bbox 1107 2046 1301 2089; x_wconf 88' lang='lat' dir='ltr'>periculum</span> <span class='ocrx_word' id='word_1_608' title='bbox 1327 2052 1375 2078; x_wconf 83' lang='lat' dir='ltr'>est</span> <span class='ocrx_word' id='word_1_609' title='bbox 1399 2058 1476 2078; x_wconf 87' lang='lat' dir='ltr'>meo</span> <span class='ocrx_word' id='word_1_610' title='bbox 1501 2047 1571 2079; x_wconf 83' lang='lat' dir='ltr'>filio</span> <span class='ocrx_word' id='word_1_611' title='bbox 1597 2060 1636 2080; x_wconf 88' lang='lat' dir='ltr'>ex</span> <span class='ocrx_word' id='word_1_612' title='bbox 1662 2046 1727 2082; x_wconf 89' lang='lat' dir='ltr'>hoc</span> <span class='ocrx_word' id='word_1_613' title='bbox 1750 2051 1913 2091; x_wconf 81' lang='lat' dir='ltr'>vnlnere,</span> <span class='ocrx_word' id='word_1_614' title='bbox 1941 2056 1998 2087; x_wconf 89' lang='lat' dir='ltr'>sed</span> <span class='ocrx_word' id='word_1_615' title='bbox 2025 2057 2088 2100; x_wconf 90' lang='lat' dir='ltr'>ipsi</span> 
     </span>
     <span class='ocr_line' id='line_1_92' title="bbox 1106 2095 2089 2147; baseline 0.012 -21"><span class='ocrx_word' id='word_1_616' title='bbox 1106 2103 1224 2129; x_wconf 85' lang='lat' dir='ltr'>notam</span> <span class='ocrx_word' id='word_1_617' title='bbox 1255 2095 1321 2127; x_wconf 76' lang='lat' dir='ltr'>mei</span> <span class='ocrx_word' id='word_1_618' title='bbox 1353 2097 1479 2128; x_wconf 87' lang='lat' dir='ltr'>summi</span> <span class='ocrx_word' id='word_1_619' title='bbox 1503 2098 1635 2130; x_wconf 85' lang='lat' dir='ltr'>doloris</span> <span class='ocrx_word' id='word_1_620' title='bbox 1661 2098 1836 2143; x_wconf 80' lang='lat' dir='ltr'>impressi,</span> <span class='ocrx_word' id='word_1_621' title='bbox 1872 2110 1908 2135; x_wconf 89' lang='lat' dir='ltr'>ut</span> <span class='ocrx_word' id='word_1_622' title='bbox 1932 2104 1976 2147; x_wconf 47' lang='lat' dir='ltr'>in·</span> <span class='ocrx_word' id='word_1_623' title='bbox 1992 2107 2089 2139; x_wconf 89' lang='grc' dir='ltr'><strong>01111ιί</strong></span> 
     </span>
     <span class='ocr_line' id='line_1_93' title="bbox 1105 2146 2089 2192; baseline 0.011 -14"><span class='ocrx_word' id='word_1_624' title='bbox 1105 2147 1175 2178; x_wconf 90' lang='lat' dir='ltr'>vita</span> <span class='ocrx_word' id='word_1_625' title='bbox 1196 2158 1331 2178; x_wconf 89' lang='lat' dir='ltr'>memor</span> <span class='ocrx_word' id='word_1_626' title='bbox 1346 2146 1390 2179; x_wconf 82' lang='lat' dir='ltr'>sit</span> <span class='ocrx_word' id='word_1_627' title='bbox 1410 2153 1442 2179; x_wconf 88' lang='lat' dir='ltr'>et</span> <span class='ocrx_word' id='word_1_628' title='bbox 1458 2147 1526 2179; x_wconf 88' lang='lat' dir='ltr'>mei</span> <span class='ocrx_word' id='word_1_629' title='bbox 1543 2159 1621 2190; x_wconf 79' lang='lat' dir='ltr'>erga</span> <span class='ocrx_word' id='word_1_630' title='bbox 1642 2148 1755 2192; x_wconf 92' lang='lat' dir='ltr'>ipsum</span> <span class='ocrx_word' id='word_1_631' title='bbox 1772 2152 1900 2185; x_wconf 85' lang='lat' dir='ltr'>amoris</span> <span class='ocrx_word' id='word_1_632' title='bbox 1912 2179 1919 2192; x_wconf 89' lang='lat'>,</span> <span class='ocrx_word' id='word_1_633' title='bbox 1946 2150 1980 2188; x_wconf 78' lang='lat' dir='ltr'>et</span> <span class='ocrx_word' id='word_1_634' title='bbox 1996 2157 2089 2188; x_wconf 88' lang='lat' dir='ltr'>cala-</span> 
     </span>
     <span class='ocr_line' id='line_1_94' title="bbox 1106 2194 2087 2243; baseline 0.011 -15"><span class='ocrx_word' id='word_1_635' title='bbox 1106 2196 1236 2229; x_wconf 87' lang='lat' dir='ltr'>mitatis</span> <span class='ocrx_word' id='word_1_636' title='bbox 1258 2208 1364 2230; x_wconf 84' lang='lat' dir='ltr'>meae.</span> <span class='ocrx_word' id='word_1_637' title='bbox 1417 2194 1609 2230; x_wconf 88' lang='lat' dir='ltr'>Discedens</span> <span class='ocrx_word' id='word_1_638' title='bbox 1631 2206 1746 2231; x_wconf 77' lang='lat' dir='ltr'>autem</span> <span class='ocrx_word' id='word_1_639' title='bbox 1771 2212 1893 2243; x_wconf 88' lang='lat' dir='ltr'>precor</span> <span class='ocrx_word' id='word_1_640' title='bbox 1913 2200 2025 2237; x_wconf 84' lang='lat' dir='ltr'>Deum</span> <span class='ocrx_word' id='word_1_641' title='bbox 2051 2207 2087 2239; x_wconf 95' lang='lat' dir='ltr'>in</span> 
     </span>
     <span class='ocr_line' id='line_1_95' title="bbox 1106 2244 2087 2297; baseline 0.01 -19"><span class='ocrx_word' id='word_1_642' title='bbox 1106 2244 1171 2278; x_wconf 90' lang='lat' dir='ltr'>hoc</span> <span class='ocrx_word' id='word_1_643' title='bbox 1194 2258 1330 2279; x_wconf 90' lang='lat' dir='ltr'>summo</span> <span class='ocrx_word' id='word_1_644' title='bbox 1355 2246 1495 2287; x_wconf 90' lang='lat' dir='ltr'>dolore,</span> <span class='ocrx_word' id='word_1_645' title='bbox 1523 2248 1581 2292; x_wconf 87' lang='lat' dir='ltr'>qui</span> <span class='ocrx_word' id='word_1_646' title='bbox 1611 2254 1643 2280; x_wconf 81' lang='lat' dir='ltr'>et</span> <span class='ocrx_word' id='word_1_647' title='bbox 1664 2246 1724 2281; x_wconf 89' lang='lat' dir='ltr'>has</span> <span class='ocrx_word' id='word_1_648' title='bbox 1750 2249 1908 2297; x_wconf 61' lang='grc' dir='ltr'>στοργάς</span> <span class='ocrx_word' id='word_1_649' title='bbox 1933 2250 2087 2289; x_wconf 74' lang='lat' dir='ltr'>honestis</span> 
     </span>
     <span class='ocr_line' id='line_1_96' title="bbox 1105 2296 2086 2342; baseline 0.011 -14"><span class='ocrx_word' id='word_1_650' title='bbox 1105 2297 1308 2340; x_wconf 86' lang='lat' dir='ltr'>parentibus</span> <span class='ocrx_word' id='word_1_651' title='bbox 1335 2296 1483 2337; x_wconf 87' lang='lat' dir='ltr'>indidit,</span> <span class='ocrx_word' id='word_1_652' title='bbox 1508 2304 1540 2330; x_wconf 88' lang='lat' dir='ltr'>et</span> <span class='ocrx_word' id='word_1_653' title='bbox 1566 2298 1724 2332; x_wconf 86' lang='lat' dir='ltr'>adfirmat</span> <span class='ocrx_word' id='word_1_654' title='bbox 1748 2310 1783 2332; x_wconf 89' lang='lat' dir='ltr'>se</span> <span class='ocrx_word' id='word_1_655' title='bbox 1805 2302 1953 2342; x_wconf 83' lang='lat' dir='ltr'>gemitus</span> <span class='ocrx_word' id='word_1_656' title='bbox 1976 2312 2009 2338; x_wconf 91' lang='lat' dir='ltr'>et</span> <span class='ocrx_word' id='word_1_657' title='bbox 2035 2306 2086 2340; x_wconf 88' lang='lat' dir='ltr'>la-</span> 
     </span>
     <span class='ocr_line' id='line_1_97' title="bbox 1104 2344 2087 2399; baseline 0.01 -20"><span class='ocrx_word' id='word_1_658' title='bbox 1104 2344 1265 2392; x_wconf 86' lang='lat' dir='ltr'>chrymas</span> <span class='ocrx_word' id='word_1_659' title='bbox 1290 2347 1461 2379; x_wconf 86' lang='lat' dir='ltr'>iustorum</span> <span class='ocrx_word' id='word_1_660' title='bbox 1488 2348 1669 2385; x_wconf 82' lang='lat' dir='ltr'>exaudire,</span> <span class='ocrx_word' id='word_1_661' title='bbox 1696 2355 1729 2381; x_wconf 90' lang='lat' dir='ltr'>et</span> <span class='ocrx_word' id='word_1_662' title='bbox 1748 2357 1862 2383; x_wconf 89' lang='lat' dir='ltr'>custos</span> <span class='ocrx_word' id='word_1_663' title='bbox 1885 2359 1932 2386; x_wconf 75' lang='lat' dir='ltr'>est</span> <span class='ocrx_word' id='word_1_664' title='bbox 1957 2354 2087 2399; x_wconf 81' lang='lat' dir='ltr'>orpha-</span> 
     </span>
     <span class='ocr_line' id='line_1_98' title="bbox 1104 2395 2087 2446; baseline 0.01 -17"><span class='ocrx_word' id='word_1_665' title='bbox 1104 2409 1250 2435; x_wconf 86' lang='lat' dir='ltr'>norum,</span> <span class='ocrx_word' id='word_1_666' title='bbox 1276 2403 1314 2430; x_wconf 89' lang='lat' dir='ltr'>ut</span> <span class='ocrx_word' id='word_1_667' title='bbox 1338 2395 1401 2429; x_wconf 87' lang='lat' dir='ltr'>hos</span> <span class='ocrx_word' id='word_1_668' title='bbox 1426 2408 1519 2428; x_wconf 83' lang='lat' dir='ltr'>meos</span> <span class='ocrx_word' id='word_1_669' title='bbox 1544 2395 1723 2440; x_wconf 82' lang='lat' dir='ltr'>orphanos</span> <span class='ocrx_word' id='word_1_670' title='bbox 1747 2408 1860 2434; x_wconf 88' lang='lat' dir='ltr'>servet</span> <span class='ocrx_word' id='word_1_671' title='bbox 1886 2402 2087 2446; x_wconf 82' lang='lat' dir='ltr'>incolumes,</span> 
     </span>
     <span class='ocr_line' id='line_1_99' title="bbox 1103 2447 2087 2493; baseline 0.009 -13"><span class='ocrx_word' id='word_1_672' title='bbox 1103 2454 1136 2481; x_wconf 87' lang='lat' dir='ltr'>et</span> <span class='ocrx_word' id='word_1_673' title='bbox 1161 2448 1350 2490; x_wconf 88' lang='lat' dir='ltr'>gubernet,</span> <span class='ocrx_word' id='word_1_674' title='bbox 1376 2458 1527 2490; x_wconf 89' lang='lat' dir='ltr'>quorum</span> <span class='ocrx_word' id='word_1_675' title='bbox 1550 2447 1703 2490; x_wconf 85' lang='lat' dir='ltr'>pericula</span> <span class='ocrx_word' id='word_1_676' title='bbox 1722 2451 1834 2493; x_wconf 75' lang='lat' dir='ltr'>cogito</span> <span class='ocrx_word' id='word_1_677' title='bbox 1853 2463 1924 2484; x_wconf 91' lang='lat' dir='ltr'>nou</span> <span class='ocrx_word' id='word_1_678' title='bbox 1945 2455 2017 2488; x_wconf 81' lang='lat' dir='ltr'>fore</span> <span class='ocrx_word' id='word_1_679' title='bbox 2036 2457 2087 2489; x_wconf 88' lang='lat' dir='ltr'>le-</span> 
     </span>
     <span class='ocr_line' id='line_1_100' title="bbox 1102 2495 2087 2543; baseline 0.01 -14"><span class='ocrx_word' id='word_1_680' title='bbox 1102 2498 1200 2530; x_wconf 86' lang='lat' dir='ltr'>viora</span> <span class='ocrx_word' id='word_1_681' title='bbox 1237 2498 1332 2531; x_wconf 86' lang='lat' dir='ltr'>meis.</span> <span class='ocrx_word' id='word_1_682' title='bbox 1402 2495 1597 2529; x_wconf 85' lang='lat' dir='ltr'>Malueram</span> <span class='ocrx_word' id='word_1_683' title='bbox 1629 2498 1745 2543; x_wconf 87' lang='lat' dir='ltr'>itaque</span> <span class='ocrx_word' id='word_1_684' title='bbox 1776 2498 1833 2533; x_wconf 90' lang='lat' dir='ltr'>hic</span> <span class='ocrx_word' id='word_1_685' title='bbox 1864 2503 1906 2535; x_wconf 90' lang='lat' dir='ltr'>ad</span> <span class='ocrx_word' id='word_1_686' title='bbox 1941 2504 2087 2539; x_wconf 75' lang='lat' dir='ltr'>lectulos</span> 
     </span>
     <span class='ocr_line' id='line_1_101' title="bbox 1102 2546 2085 2592; baseline 0.009 -12"><span class='ocrx_word' id='word_1_687' title='bbox 1102 2560 1223 2580; x_wconf 88' lang='lat' dir='ltr'>eorum</span> <span class='ocrx_word' id='word_1_688' title='bbox 1260 2546 1446 2586; x_wconf 84' lang='lat' dir='ltr'>trucidari,</span> <span class='ocrx_word' id='word_1_689' title='bbox 1489 2559 1593 2592; x_wconf 87' lang='lat' dir='ltr'>quam</span> <span class='ocrx_word' id='word_1_690' title='bbox 1631 2548 1676 2580; x_wconf 88' lang='lat' dir='ltr'>ab</span> <span class='ocrx_word' id='word_1_691' title='bbox 1707 2549 1756 2581; x_wconf 91' lang='lat' dir='ltr'>eis</span> <span class='ocrx_word' id='word_1_692' title='bbox 1784 2551 1864 2584; x_wconf 72' lang='lat' dir='ltr'>viva</span> <span class='ocrx_word' id='word_1_693' title='bbox 1895 2553 2085 2589; x_wconf 63' lang='lat' dir='ltr'>discedere.</span> 
     </span>
     <span class='ocr_line' id='line_1_102' title="bbox 1103 2596 2085 2638; baseline 0.006 -8"><span class='ocrx_word' id='word_1_694' title='bbox 1103 2597 1198 2630; x_wconf 89' lang='lat' dir='ltr'>Ilaec</span> <span class='ocrx_word' id='word_1_695' title='bbox 1227 2597 1490 2636; x_wconf 83' lang='lat' dir='ltr'>vociferantem,</span> <span class='ocrx_word' id='word_1_696' title='bbox 1529 2598 1564 2629; x_wconf 89' lang='lat' dir='ltr'>vi</span> <span class='ocrx_word' id='word_1_697' title='bbox 1589 2596 1797 2634; x_wconf 86' lang='lat' dir='ltr'>abstrahunt</span> <span class='ocrx_word' id='word_1_698' title='bbox 1824 2609 2002 2638; x_wconf 87' lang='lat' dir='ltr'>matronae</span> <span class='ocrx_word' id='word_1_699' title='bbox 2027 2618 2085 2638; x_wconf 75' lang='lat' dir='ltr'>co-</span> 
     </span>
     <span class='ocr_line' id='line_1_103' title="bbox 1104 2646 1725 2688; baseline 0.003 -7"><span class='ocrx_word' id='word_1_700' title='bbox 1104 2648 1226 2688; x_wconf 89' lang='lat' dir='ltr'>mites,</span> <span class='ocrx_word' id='word_1_701' title='bbox 1252 2653 1285 2681; x_wconf 88' lang='lat' dir='ltr'>et</span> <span class='ocrx_word' id='word_1_702' title='bbox 1301 2658 1341 2680; x_wconf 84' lang='lat' dir='ltr'>ex</span> <span class='ocrx_word' id='word_1_703' title='bbox 1358 2646 1507 2681; x_wconf 83' lang='lat' dir='ltr'>fenestra</span> <span class='ocrx_word' id='word_1_704' title='bbox 1524 2647 1725 2683; x_wconf 89' lang='lat' dir='ltr'>demittunt.</span> 
     </span>
    </p>
   </div>
   <div class='ocr_carea' id='block_1_14' title="bbox 1510 2696 1560 2731">
    <p class='ocr_par' dir='ltr' id='par_1_14' title="bbox 1510 2696 1560 2731">
     <span class='ocr_line' id='line_1_104' title="bbox 1510 2696 1560 2731; baseline 0 -11"><span class='ocrx_word' id='word_1_705' title='bbox 1510 2696 1560 2731; x_wconf 73' lang='grc'>4*</span> 
     </span>
    </p>
   </div>
  </div>
 </body>
</html>
