2324 2955
157 90 230 129 765
855 89 882 124 1.

154 184 193 211 ut
213 174 335 210 scribit
356 173 549 221 Dionysius
572 173 912 215 Halicarnassensis‚
948 181 981 208 et
1006 173 1144 206 moenia

150 226 266 271 primo
283 223 447 259 inchoata
464 232 546 259 sunt
563 225 620 258 die
640 225 802 258 vicesima
824 226 935 270 prima
955 224 1100 268 Aprilis.

252 281 490 318 Ezechias
524 283 684 325 regnavit
707 283 742 316 in
768 282 854 317 Iuda
881 295 994 316 annos
1018 282 1143 325 viginti

151 347 301 374 novem,
336 335 414 378 pins
439 341 471 367 et
495 334 619 373 foelix,
655 346 776 367 rursus
801 335 937 378 aperuit
961 334 1143 377 templum,
1170 327 1171 331 ¹

149 386 278 419 delevit
301 385 394 418 idola
411 381 545 424 Achas,
575 392 607 417 et
631 385 783 418 restituit
808 397 908 418 veros
927 383 993 416 Dei
1017 384 1142 424 cultus,

149 443 182 470 et
214 435 388 479 praecepit
419 435 495 467 dari
530 435 770 468 sacerdotibus
805 446 863 473 ea,
900 447 988 480 quae
1012 434 1067 467 lex
1091 434 1140 467 eis

147 486 323 520 attribuit.

249 543 331 589 Ipso
355 551 523 587 regnante
546 555 600 577 res
622 543 842 577 tristissimae
865 544 902 576 in
918 542 1027 577 Israe'l
1046 543 1138 577 acci-

145 596 295 636 derunt,
331 602 364 629 et
388 593 484 628 Deus
513 595 626 638 ipsum
662 594 754 628 inter
785 601 898 629 tantas
924 594 1136 628 calamitates

146 646 386 688 singularibus
411 645 590 678 miraculis
615 646 814 679 consolatus
837 651 899 681 est.
953 643 1004 679 Ita
1027 645 1135 678 mira-

144 744 294 780 humani
312 752 426 779 servat
440 744 646 780 Ecclesiam.
698 745 788 779 Nam
803 758 897 779 anno
913 746 1023 789 ipsius
1036 752 1131 780 sexto

142 797 385 830 Salmanassar
415 797 549 830 delevit
571 808 718 840 regnum
745 798 863 830 decem
887 797 1066 838 tribuum,
1098 803 1131 830 et

140 847 329 880 maximam
351 848 474 891 populi
494 853 627 891 partem
648 847 815 887 abduxit,
841 854 874 880 et
893 847 930 879 in
948 845 1129 892 AssyrIam

141 905 175 931 et
198 897 390 931 BIedorum
418 898 598 941 regionem
624 898 826 937 collocavit,
860 898 959 930 cuius
986 898 1130 930 calami-

141 948 222 982 tatis
244 948 451 991 magnitudo
476 960 549 980 non
568 948 651 980 satis
667 947 813 989 cogitari
832 954 956 990 potest.
1011 947 1128 990 Quam

140 999 308 1032 miserum
340 1005 411 1040 est,
446 996 638 1031 Ecclesiam
670 1003 704 1029 et
726 996 878 1028 familias
902 994 1064 1030 honestas
1089 1010 1128 1031 ex

139 1049 244 1082 certis
267 1047 457 1080 domiciliis
479 1053 512 1080 et
536 1046 657 1079 fundis
680 1047 812 1087 excuti,
847 1053 880 1079 et
906 1047 992 1080 alibi
1017 1048 1128 1080 collo-

139 1097 228 1138 cari,
253 1098 317 1131 ubi
333 1098 445 1131 autin
461 1097 628 1130 servitute
645 1096 782 1135 vivant,
809 1103 869 1130 aut
885 1109 958 1130 non
974 1094 1127 1131 habeant

140 1154 234 1181 certa
257 1145 424 1191 hospitia.
484 1145 530 1180 Et
553 1153 670 1179 tamen
696 1147 850 1179 tristiora
874 1159 969 1180 nunc
994 1148 1079 1181 finnt
1107 1160 1125 1180 a

140 1198 279 1233 Turcis.
332 1197 496 1230 Vetustas
516 1208 596 1229 raro
620 1194 834 1230 distrahebat
852 1197 1007 1239 singulas
1023 1198 1126 1232 sanii-

139 1249 223 1288 lias,
252 1248 311 1282 sed
336 1248 493 1281 colonias
514 1247 728 1286 deducebat,
754 1254 787 1280 et
810 1248 952 1280 familiis
968 1248 1053 1282 alias
1071 1261 1124 1282 se—

138 1300 200 1332 des
226 1298 477 1338 distribuebat,
501 1304 540 1331 ut
563 1297 667 1330 simul
684 1297 842 1331 viverent
860 1305 1037 1341 parentes,
1061 1299 1123 1332 filii

138 1356 172 1382 et
195 1349 296 1382 filiae.
351 1348 419 1383 Sed
438 1347 547 1381 Turci
567 1345 768 1381 dis-trahunt
784 1348 949 1391 coniuges
962 1376 971 1389 ,
998 1361 1126 1393 paren-

137 1407 205 1440 tes,
231 1399 323 1433 filios
338 1406 372 1434 et
387 1399 492 1439 filias,
519 1405 552 1432 et
568 1399 752 1432 distractos
770 1399 930 1433 vendunt
944 1400 1000 1433 vel
1014 1400 1124 1433 inter-

135 1449 271 1485 ficiunt.

238 1506 412 1552 Deplorat
440 1513 557 1541 autem
585 1504 708 1540 Esaias
741 1505 830 1539 hanc
861 1506 1125 1552 dissipationem

135 1559 254 1592 decem
291 1557 468 1598 tribuum,
513 1557 695 1602 inquiens:
744 1555 955 1602 Iniquitates
984 1565 1125 1592 nostrae

137 1608 227 1642 sicut
245 1609 341 1642 venti
360 1608 619 1652 dissipaverunt
636 1619 710 1641 nos,
763 1605 853 1640 Cum
871 1616 988 1642 autem
1005 1609 1124 1642 videa-

136 1669 215 1692 mus
233 1659 445 1692 vastationes
467 1659 598 1691 similes
611 1685 619 1698 ,
645 1665 804 1702 petamus
821 1665 859 1691 ut
875 1657 971 1692 Deus
987 1660 1123 1701 mitiget

136 1720 286 1755 poenas,
312 1715 345 1742 et
360 1715 473 1741 servet
488 1706 665 1741 Ecclesiae
681 1708 860 1751 reliquias.

238 1766 363 1800 Postea
388 1776 482 1797 anno
507 1764 770 1809 quartodecimo
794 1762 964 1799 Ezechiae
987 1765 1122 1800 Senna-

136 1815 278 1858 cherib,
311 1815 469 1860 exemplo
500 1815 609 1859 patris
639 1821 787 1848 conatur
817 1816 932 1849 delere
956 1817 1124 1862 reliquias

136 1868 259 1913 populi
281 1866 366 1907 Dei,
393 1872 426 1899 et
450 1872 561 1899 vastat
583 1872 710 1898 terram
736 1864 841 1904 Iuda,
869 1874 901 1900 et
925 1867 1034 1909 cingit
1060 1868 1124 1901 ob·
1150 1889 1151 1901 ἢ

136 1919 274 1952 sidione
300 1917 562 1962 lerosolymam.
621 1914 689 1949 Sed
712 1913 815 1949 Esaia
840 1923 872 1948 et
896 1915 1044 1951 Ezechia
1067 1918 1123 1951 in—

135 2020 323 2053 exercitum
338 2018 534 2064 Assyrium.

239 2077 409 2122 Sequenti
430 2089 524 2110 anno
548 2076 742 2118 aegrotanti
759 2074 930 2110 Ezechiae
948 2078 1124 2121 promittit

136 2127 232 2162 Deus
261 2128 498 2167 sanationem,
533 2134 567 2161 et
591 2127 729 2170 signum
755 2127 916 2169 additur,
950 2127 1043 2162 Solis
1069 2140 1124 2162 re-

136 2192 283 2222 gressus.
345 2177 410 2211 llis
445 2177 625 2211 miraculis
653 2176 747 2211 Deus
777 2185 812 2212 et
841 2179 1041 2212 consolatus
1073 2186 1124 2213 est

136 2229 350 2270 E'cctesimn,
384 2241 473 2273 quae
498 2229 634 2262 viderat
658 2235 757 2262 antea
783 2229 1022 2263 tristissimum
1045 2241 1123 2274 spe-

138 2281 324 2320 ctaculum,
354 2280 603 2313 abductionem
620 2280 739 2312 decem
758 2279 928 2319 tribuum,
956 2288 990 2314 et
1004 2287 1123 2314 osten-

139 2332 191 2364 dit
214 2330 444 2375 praesentiam
468 2342 566 2363 suam
594 2329 631 2362 in
656 2327 823 2364 Ecclesia.
884 2330 985 2365 Vidit
1007 2339 1123 2366 autem

138 2379 307 2416 Ezechias
344 2381 523 2415 interitum
560 2380 659 2424 regni
691 2378 866 2425 Assyriaci
894 2389 970 2427 post
1005 2394 1123 2416 necem

140 2429 400 2472 Sennacherib,
424 2439 458 2466 et
475 2432 539 2465 filii
557 2432 630 2465 eius
641 2430 913 2473 Asarlladdon‚
940 2434 1001 2478 qui
1017 2432 1124 2466 aMe-

141 2480 272 2517 rodach
305 2482 508 2517 interfectus
538 2490 607 2524 est,
643 2482 705 2527 qui
727 2483 842 2518 deleta
866 2483 995 2518 Ninive
1016 2482 1124 2530 Assy-

142 2534 227 2567 riam
248 2544 369 2567 rursus
385 2533 532 2567 subiecit
546 2532 734 2580 Babyloni.

144 2644 223 2687 pius
246 2650 277 2676 et
307 2643 462 2677 infoelix.

934 84 1228 125 CHRONlCON
1255 86 1499 145 CARIONIS.

1159 790 1160 795 ¹
1184 784 1371 821 sequutum
1388 785 1449 817 est,
1477 787 1667 814 numerant
1685 788 1823 824 peccata
1834 782 2029 823 Manassae.

2124 101 2198 139 766

1172 178 1175 223 J
1200 171 1377 206 sacrificiis
1393 174 1430 206 in
1447 174 1539 208 valle
1556 173 1717 218 Rimmon,
1739 181 1835 213 unde
1853 188 1969 224 postea
1987 194 2118 218 nomen
2136 188 2188 221 fa-

1171 228 1174 285 ,
1199 228 1292 255 ctum
1309 230 1359 256 est
1388 221 1606 258 Gelzenna
1619 237 1652 267 e,
1681 227 1717 261 id
1735 236 1817 269 est,>
1831 231 1932 265 vallis
1949 236 2185 276 praedationis

1197 272 1264 315 (ein
1282 272 1540 321 fflisstbetgrube)
1560 276 1771 320 prophetam
1787 279 1927 315 Esaiam
1952 295 2068 317 senem
2089 299 2183 322 serra

1197 323 1373 361 dissecuit.
1424 326 1585 371 Cumque
1609 326 1776 362 Chaldaei
1802 339 1978 367 vastarent
2004 334 2183 379 Iudaeam,

1195 373 1269 416 ipse
1287 374 1468 409 Manasses
1494 384 1631 421 captim,
1658 386 1690 411 et
1715 380 1752 412 in
1770 380 1989 427 Babylonem
2011 387 2182 422 abductus

1194 430 1263 464 est,
1290 426 1351 458 ubi
1370 438 1481 459 annos
1499 428 1616 460 decem
1633 435 1788 463 retentus
1805 439 1863 464 est.
1918 433 1987 467 Sed
2005 448 2083 470 cum
2100 451 2181 472 rur-

1164 481 1167 529 5'
1191 485 1250 531 sus
1276 476 1319 532 ad
1339 474 1452 509 Deum
1479 489 1666 510 conversus
1690 487 1795 520 esset,
1822 489 1854 515 et
1877 490 2008 526 peteret
2031 488 2098 521 sibi
2123 501 2179 523 re-

1164 532 1166 549 ?
1191 532 1283 558 mitti
1310 534 1468 569 peccata,
1504 535 1537 561 et
1561 526 1715 571 mitigari
1739 542 1886 573 poenas,
1914 546 2034 569 rursus
2059 539 2096 570 in
2121 552 2177 573 re-

1190 586 1296 617 gnum
1329 577 1493 610 remissus
1523 585 1585 613 est.
1657 577 1710 612 Ac
1738 581 1877 615 rediens
1909 584 2039 620 delevit
2069 590 2176 629 idola,

1160 634 1164 661 J
1189 637 1277 670 quae
1295 627 1461 661 coluerat.
1516 627 1574 661 Fit
1593 623 1700 671 igitur
1715 629 1852 673 insigne
1868 635 2065 678 exemplum
2081 640 2175 673 salu-

144 696 268 730 hiliter
291 696 390 730 Deus
424 696 517 728 inter
549 695 709 738 ingentes
739 696 964 729 confusiones
996 696 1134 738 generis
1159 696 1162 737 j
1188 683 1272 710 ²³⁸⁵
1289 684 1535 720 poenuemme·
1581 676 1627 712 Et
1644 679 1967 726 tamenProphetae
1982 685 2076 720 inter
2091 701 2175 722 cau-

1185 737 1239 759 sas
1261 728 1387 761 excidii
1412 727 1665 774 lerosolymae,
1692 732 1787 775 quod
1811 733 1877 765 sub
1892 732 2174 779 Nabogdonosor

2079 788 2172 832 Quia

1184 835 1459 884 consentaneum
1493 836 1562 870 est,
1594 832 1751 876 exempla
1783 832 1858 867 eius
1886 836 2016 870 multos
2040 846 2072 872 et
2095 840 2171 884 ipso

1184 890 1266 910 Vivo
1292 885 1325 912 et
1350 887 1468 922 postea
1493 881 1648 914 imitatos
1671 893 1755 915 esse.
1816 882 1869 917 Ac
1890 897 2022 929 poenae
2045 902 2172 934 corpo-

1181 928 1272 960 rales
1296 930 1458 969 veniunt,
1483 943 1687 976 quanquam
1711 932 1932 977 mitigantur,
1961 938 2065 972 etiam
2091 954 2168 975 cum

1182 978 1284 1022 culpa
1302 979 1445 1011 remissa
1464 987 1523 1013 est.

1283 1026 1424 1061 Amon
1458 1031 1616 1073 regnavit
1647 1032 1684 1064 in
1709 1031 1797 1066 luda
1828 1045 1940 1069 annos
1963 1039 2071 1079 duos,
2103 1041 2169 1075 fuit

1171 1078 1310 1121 .impius
1326 1085 1359 1112 et
1376 1079 1519 1112 infoelix
1532 1107 1541 1121 ,
1568 1088 1601 1114 et
1618 1082 1725 1116 coluit
1740 1083 1834 1116 idola
1846 1109 1855 1123 ‚
1881 1098 1944 1119 nec
1961 1090 2067 1131 patris
2086 1103 2169 1134 poe-

1180 1129 1366 1162 nitentiam
1393 1130 1549 1163 imitatus
1575 1138 1638 1164 est.

1178 1180 1250 1212 suis
1267 1179 1387 1214 servis.

1281 1227 1440 1263 Iosias
1484 1232 1644 1273 regnavit
1678 1232 1715 1265 in
1749 1232 1836 1268 Iuda
1876 1247 1988 1272 annos
2024 1242 2165 1282 triginta

1178 1292 1309 1320 unum,
1343 1280 1422 1324 pius
1449 1287 1484 1315 et
1505 1282 1629 1322 foelix,
1662 1283 1792 1318 delevit
1814 1286 1926 1328 idola,
1961 1297 1993 1323 et
2015 1293 2166 1327 restituit

1178 1342 1280 1363 veros
1295 1328 1363 1363 Dei
1386 1331 1518 1370 cultus,
1546 1339 1579 1366 et
1601 1334 1821 1368 sacerdotum
1844 1339 1972 1378 gradus
1993 1348 2025 1374 et
2042 1343 2165 1377 officia.

1705 1131 1913 1169 Interfectus
1935 1145 1986 1173 est
2010 1148 2125 1174 autem
2150 1155 2168 1176 a

1151 1381 1153 1410 Ξ
1180 1379 1393 1414 Ιηῡῐευπθνίῑ
1420 1382 1606 1425 templum,
1641 1390 1674 1416 et
1705 1386 1835 1429 reperit
1857 1387 1990 1423 librum
2012 1390 2103 1426 Mosi
2128 1394 2165 1427 in

1152 1451 1153 1455 =
1179 1431 1310 1476 templo
1321 1458 1330 1471 ‚
1357 1438 1390 1465 et
1405 1443 1526 1465 rursus
1546 1434 1696 1476 proferri
1712 1446 1751 1468 ac
1767 1436 1834 1479 legi
1850 1437 1961 1473 iussit.

1281 1481 1389 1514 Anno
1407 1482 1481 1516 eius
1499 1483 1740 1518 tertiodecimo
1766 1484 1910 1520 Ierem
1922 1489 1995 1524 ias
2022 1494 2164 1528 concio-

1151 1554 1152 1568 2
1178 1530 1255 1564 nari
1280 1532 1411 1575 coepit,
1438 1532 1500 1577 qui
1522 1545 1634 1567 annos
1659 1536 1891 1579 quadraginta
1914 1540 1981 1574 fuit
2004 1542 2040 1575 in
2058 1545 2164 1578 mini-

1150 1604 1152 1611 Α
1177 1582 1283 1615 sterio
1298 1579 1520 1627 prophetico,
1545 1596 1656 1630 usque
1672 1586 1713 1618 ad
1728 1588 1902 1622 excidium
1917 1589 2163 1632 Ierosolwnae.

1150 1664 1151 1672 ἵ
1176 1630 1224 1665 Et
1249 1633 1431 1677 aliquanto
1456 1634 1590 1668 diutius
1616 1643 1734 1679 postea
1758 1637 1797 1671 in
1820 1636 2002 1686 Aegypto,
2037 1634 2099 1679 tibi
2120 1648 2164 1680 ab

1177 1682 1298 1727 Aprye
1316 1694 1396 1724 rege
1412 1684 1614 1717 interfectus
1631 1693 1690 1718 est.

1278 1731 1463 1775 Regnante
1485 1733 1575 1767 Iosia
1601 1747 1665 1778 pax
1689 1736 1755 1770 suit
1779 1737 1816 1771 in
1841 1738 1938 1776 Iuda.
1999 1744 2066 1778 Sed
2091 1746 2162 1790 ipse

1178 1794 1251 1815 non
1275 1784 1507 1816 necessarium
1531 1785 1664 1818 bellum
1687 1788 1798 1822 movit
1814 1790 1981 1827 adversus
2008 1792 2164 1830 Necao

1177 1844 1292 1875 regem
1321 1832 1490 1879 Aegypti,
1539 1836 1599 1880 qui
1632 1834 1787 1882 Assyriis
1818 1841 1952 1876 bellum
1983 1845 2162 1883 intulerat.

1176 1881 1267 1916 Cum
1291 1882 1399 1926 igitur
1422 1884 1459 1917 in
1484 1897 1607 1930 campo
1627 1886 1803 1930 Mageddo
1819 1891 1950 1926 vulnus
1965 1898 2163 1941 accepisset,

1149 1957 1151 1970 ,·
1177 1933 1359 1977 aliquanto
1389 1941 1466 1977 post
1499 1943 1658 1969 mortuus
1691 1944 1750 1973 est.
1802 1937 1938 1986 Estque
1963 1948 2162 1990 exemplum

137 1969 345 2002 vocantibus
366 1966 500 2007 Deum,
527 1966 643 1999 subito
667 1966 837 2000 miraculo
855 1966 951 2000 Dens
973 1968 1124 2003 trucidat
1149 1975 1151 2007 ξ
1177 1984 1286 2017 105535
1303 1984 1352 2028 pii
1370 1983 1564 2029 principis,
1590 1987 1806 2023 restituentis
1821 2003 1937 2026 veram
1954 1995 2162 2033 doctrinam·

1148 2067 1150 2072 ,
1177 2034 1328 2068 Talium
1343 2041 1574 2078 protectorem
1599 2048 1635 2069 se
1660 2049 1732 2072 esse
1745 2037 1842 2074 Deus
1865 2042 2081 2088 in'ipsorum
2106 2046 2162 2082 hi-

1175 2085 1293 2118 storiis
1307 2086 1471 2125 ostendit,
1494 2086 1582 2120 sicut
1600 2087 1732 2133 iuquit:
1757 2090 2002 2130 Glorificantes
2017 2109 2072 2131 me
2086 2100 2162 2142 glo..

1177 2136 1320 2169 rificabo
1334 2143 1397 2170 etc.
1451 2136 1520 2170 Sed
1539 2144 1653 2171 tamen
1673 2137 1709 2172 hi
1729 2153 1868 2187 quoque
1886 2152 1923 2178 ut
1940 2153 1989 2180 est
2006 2145 2161 2184 humana

1178 2186 1378 2228 infirmitas,
1405 2198 1465 2220 sua
1485 2195 1597 2222 errata
1619 2186 1836 2233 habueruut,
1863 2203 2006 2240 propter
2021 2211 2110 2244 quae
2129 2208 2161 2235 et

1176 2238 1243 2282 ipsi
1266 2238 1481 2282 puniuntur,
1508 2240 1568 2272 sed
1592 2237 1686 2273 Deus
1711 2242 1759 2274 eis
1787 2243 1922 2287 mitigat
1948 2260 2097 2291 poenas,
2123 2259 2163 2285 ut

1176 2289 1368 2322 ostendunt
1397 2286 1565 2322 historiae
1595 2289 1721 2332 Assae,
1761 2291 1942 2339 losaphat‚
1986 2298 2163 2344 Amaziae,

1178 2338 1301 2374 Osiae.
1330 2337 1500 2373 Ezechiae
1518 2346 1550 2373 et
1566 2339 1687 2377 Iosiae.

1280 2386 1484 2423 Inachus
1525 2392 1685 2433 regnavit
1721 2392 1758 2426 in
1784 2392 1872 2430 luda
1905 2405 1975 2434 tres
2010 2414 2158 2437 menses,

1177 2441 1367 2486 Postquam
1387 2441 1481 2473 enim
1500 2439 1625 2474 losiam
1643 2444 1775 2487 praelio
1794 2446 1878 2481 vicit
1891 2461 1950 2483 rex
1967 2449 2162 2498 Aegvptius

1178 2491 1313 2532 Necao,
1340 2498 1471 2525 vastata
1498 2490 1624 2525 Iudaea
1648 2506 1882 2532 successorem
1900 2498 2012 2536 losiae
2035 2494 2072 2537 iu
2091 2504 2162 2538 Ae-

884 2574 885 2578 ,
1178 2549 1323 2588 gyptuin
1343 2542 1507 2583 abduxit,
1531 2549 1562 2576 et
1582 2543 1766 2580 interfecit.

243 2589 322 2626 Ma
335 2603 496 2626 nasses
523 2593 681 2635 regnavit
703 2593 740 2626 in
758 2591 844 2626 luda
868 2604 979 2626 annos
993 2589 1041 2628 55
1060 2592 1124 2626 ini-

518 2643 635 2678 Coluit
658 2644 751 2678 idola
764 2672 772 2686 ,
800 2643 966 2679 cremavit
984 2643 1073 2677 filios
1090 2643 1126 2677 in
1152 2673 1154 2683 ἱ

1282 2590 1482 2630 lankim,
1519 2594 1572 2627 vel
1599 2592 1809 2637 lehoiakim,
1837 2604 1992 2644 regnavit
2020 2605 2054 2637 in
2079 2604 2162 2639 luda

1180 2655 1291 2678 annos
1323 2644 1507 2682 undecim,
1537 2645 1730 2688 praefectus
1762 2661 1868 2693 regno
1891 2665 1909 2686 a
1935 2653 2064 2695 Nec-ao,
2099 2657 2162 2689 fuit

1479 2693 1557 2728 49⁵
