2324 2955
81 109 129 146 85

80 205 252 230 consensu
269 193 468 227 statuissent
485 203 519 225 sc
534 190 705 225 electuros
726 203 796 226 esse
815 193 989 233 eundum,
1015 203 1060 225 ne

79 244 270 279 Germania
305 241 558 277 distraheretur
591 240 794 275 Electorum
832 242 1060 278 dissensione.

75 295 149 329 Nec
177 294 353 339 peregrini
380 293 493 337 Reges
521 293 679 326 accersiti
712 300 814 330 sunt,
836 293 917 332 ¹nisi
943 293 1060 333 semel,

76 358 157 379 cum
175 346 236 378 alii
254 344 440 378 Alsonsum
457 343 674 388 Hispanum,
700 343 761 377 alii
776 342 970 378 Ricardum
982 341 1059 376 An—

77 397 173 439 glum
193 400 421 429 attraxerunt.

176 444 229 478 De
246 443 394 478 Alfonso
412 457 484 478 non
508 444 654 478 dubium
682 449 731 477 est
759 444 962 478 accersitum
985 455 1057 477 esse

74 501 218 540 propter
243 495 467 528 excellentem
491 494 697 538 sapientiam
722 500 753 527 et
776 494 961 533 virtutem,
995 494 1056 539 qui

73 552 190 579 tamen
207 556 285 578 cum
307 552 394 578 esset
413 542 668 587 Philosophus,
692 550 725 576 et
743 544 911 578 dimicare
927 546 970 577 (le
987 544 1055 577 im-

73 595 170 640 perio
195 607 266 627 non
288 596 408 635 vellet,
440 606 639 639 quanquam
663 592 835 626 Basileam
860 595 974 635 venit,
1001 601 1055 628 ta-

73 657 154 678 men
175 646 296 678 volens
313 645 413 678 cessit
434 645 555 678 relicto
578 642 643 677 hoc
661 645 862 679 certamine.
917 644 1054 688 Anglus

73 697 142 729 cito
157 702 315 728 mortuus
331 701 390 728 est.

175 744 357 778 Interdum
394 745 497 778 etiam
531 744 642 777 suriae
677 745 876 789 pontificiae
909 745 1053 777 suerunt

73 806 194 829 causae
213 795 439 828 dissidiorum
459 793 747 829 interElectores.
787 794 833 829 Et
850 807 922 827 non
940 795 1051 827 multo

72 852 151 878 ante
164 844 326 878 Pontifex
345 844 528 879 Romanus
551 852 694 878 conatus
711 853 761 879 est
783 843 878 878 hunc
903 856 1050 877 nervum

72 895 230 938 imperii,
264 896 427 928 videlicet
457 896 510 928 ius
543 895 739 935 electionis,
772 895 900 938 insigni
926 895 1052 927 astutia

72 945 224 978 abolere.
276 945 364 978 Nam
381 943 594 988 Episcopum
611 945 862 988 Moguntinum
878 944 1051 979 Comitem

73 994 313 1038 lsenbergium
340 995 495 1039 obligare
519 995 631 1028 voluit
658 995 793 1028 Aeneas
819 996 979 1040 Sylvius,
1008 1007 1052 1028 ne

71 1056 227 1090 unquam
253 1045 321 1077 nisi
352 1045 565 1078 adsentiente
588 1044 751 1079 Romano
774 1045 943 1078 Pontifice
971 1044 1053 1078 Mo-

71 1095 242 1138 guntinus
264 1094 442 1128 Electores
467 1103 686 1129 convocaret.
747 1095 825 1138 Qua
850 1096 887 1128 in
912 1108 948 1128 re
973 1107 1051 1128 cum

71 1157 145 1178 non
161 1146 385 1179 assentiretur
403 1145 653 1188 Mogunfinus,
680 1147 787 1179 sensit
804 1146 937 1179 fulmen
963 1157 1053 1190 pon-

70 1195 235 1236 tificium,
262 1197 320 1229 sed
338 1207 356 1228 a
372 1195 551 1229 Friderico
570 1195 729 1229 Palatino
748 1197 886 1230 fortiter
903 1203 936 1229 et
952 1196 1053 1229 foeli-

72 1245 159 1278 citer
191 1246 354 1279 defensus
387 1253 448 1280 est.
508 1245 689 1280 Postremo
725 1247 878 1280 ostendit
913 1246 1052 1279 duratio

73 1294 244 1328 divinitus
267 1294 357 1328 hane
383 1296 523 1339 imperii
548 1297 696 1328 sormam
729 1304 762 1329 et
793 1297 989 1330 institutam
1020 1302 1055 1329 et

72 1351 312 1377 conservatam
338 1354 426 1381 esse,
458 1343 539 1387 quia
565 1355 677 1376 annos
705 1345 856 1389 amplius
881 1346 1055 1388 quingen-

73 1400 127 1427 tos
142 1393 269 1425 mansit
288 1390 370 1424 haec
386 1392 516 1432 forma,
543 1399 645 1436 atque
664 1395 798 1425 utinam
821 1394 954 1425 diutius
979 1405 1053 1424 eam

74 1444 174 1477 Deus
187 1448 380 1475 conservet.
421 1441 489 1474 Sed
508 1442 741 1484 plurimorum
760 1453 947 1483 regnorum
967 1442 1056 1474 sata-

74 1494 124 1526 les
155 1491 292 1536 periodi
318 1491 462 1524 suerunt
493 1492 578 1523 anni
610 1491 804 1535 quingenti.
871 1490 928 1524 Ab
960 1491 1055 1524 exitu

74 1542 312 1576 Israelitarum
327 1553 367 1574 ex
384 1539 541 1586 Aegypto
557 1548 639 1574 sunt
657 1542 699 1574 ad
719 1541 945 1574 Salomonem
970 1541 1055 1573 anni

74 1592 212 1626 circiter
229 1591 421 1636 quingenti.
475 1591 561 1624 Inde
577 1592 620 1624 ad
640 1592 782 1624 exilium
798 1591 1056 1637 Babylonicum

74 1653 195 1677 rursus
227 1641 424 1686 quingenti.
492 1640 524 1674 A
551 1642 665 1675 reditu
693 1642 876 1686 quingenti
903 1642 945 1674 ad
970 1642 1056 1675 ulti-

74 1705 172 1727 mum
193 1692 377 1726 excidium.
440 1690 492 1725 Ac
514 1692 729 1735 significatur
752 1690 808 1725 hic
829 1704 998 1725 numerus
1020 1692 1057 1724 in

74 1742 221 1777 Daniele
237 1754 315 1775 cum
330 1743 368 1776 fit
383 1743 515 1775 mentio
535 1743 753 1786 septuaginta
780 1741 1057 1785 hebdomadum,

75 1805 164 1838 quae
186 1799 268 1826 sunt
292 1793 375 1825 anni
402 1793 649 1837 quadringenti
684 1801 716 1828 et
741 1794 944 1836 nonaginta.
1005 1791 1058 1826 Ac

75 1855 172 1877 nunc
187 1850 361 1887 postrema
380 1844 502 1875 mundi
522 1851 679 1878 senectus
697 1851 759 1877 est.
814 1843 933 1886 Quare
959 1844 1059 1876 valde

75 1895 263 1928 metuenda
288 1901 336 1928 est
364 1891 469 1926 huius
495 1894 626 1927 formae
653 1894 820 1935 mutatio,
853 1894 1058 1938 praesertim

77 1957 156 1978 cum
183 1944 286 1978 etiam
303 1943 440 1977 Turcos
467 1955 708 1987 progressuros
735 1956 807 1977 esse
832 1945 935 1978 multi
958 1956 1060 1989 prae-

76 1995 242 2029 dixerint.
296 1993 342 2027 Et
370 1992 543 2027 lohannes
570 1993 690 2028 llilten
714 1996 967 2029 Franciscanus
991 1995 1061 2028 lse-

78 2045 237 2078 nacensis
274 2044 411 2088 scripsit
452 2057 545 2077 anno
585 2046 770 2079 millesimo
812 2046 1059 2079 sexcentesimo

79 2094 216 2128 Turcos
241 2095 276 2127 in
304 2094 497 2128 Germania
529 2102 561 2128 et
588 2094 686 2129 ltalia
710 2097 954 2130 dominaturos
978 2107 1061 2130 esse.

77 2144 241 2180 Narravit
274 2145 377 2178 etiam
412 2146 566 2189 optimus
600 2145 766 2191 Princeps
789 2147 868 2180 Dux
890 2147 1061 2181 Saxoniae

78 2194 221 2235 Elector
243 2193 439 2236 lohannes,
467 2197 608 2229 fratrem
632 2204 663 2230 et
688 2209 722 2230 se
745 2198 982 2231 adolescentes
1003 2210 1062 2230 co-

79 2247 220 2280 mitatos
251 2257 322 2279 esse
356 2253 488 2290 patrem
517 2248 558 2279 ad
586 2246 822 2281 Maximiliani
845 2249 1062 2287 electionem,

81 2297 200 2342 ibique
236 2296 403 2330 Iudaeum
447 2297 676 2330 vaticinatum
720 2310 810 2339 esse,
858 2306 941 2332 tnnc
982 2299 1062 2340 eligi

82 2355 296 2391 postremum
332 2346 583 2380 Germanicum
622 2347 882 2391 Imperatorem.
948 2349 1064 2382 Tanta

82 2410 161 2431 cum
180 2398 364 2431 autoritate
383 2395 465 2430 haec
480 2399 671 2442 praedictio
695 2410 810 2443 sparsa
834 2406 904 2440 est,
927 2406 965 2433 ut
981 2398 1065 2432 Ete-

82 2455 193 2481 ctores
217 2455 328 2480 vatem
355 2449 454 2481 illum
481 2450 523 2481 ad
551 2460 585 2481 se
609 2457 838 2490 accerserent,
871 2457 904 2483 et
928 2451 1065 2493 longio-

83 2511 156 2531 rem
195 2498 462 2542 explicationem
496 2500 704 2541 ssagitarent.
782 2499 850 2533 llic
885 2502 1067 2544 respondit

83 2549 193 2582 alium
215 2555 391 2593 potentem
411 2548 659 2594 Imperatorem
686 2557 762 2594 post
780 2550 1066 2584 Maximilianum

85 2606 286 2632 secuturum
305 2610 387 2639 csse,
412 2601 472 2644 qui
491 2612 594 2643 regna
612 2608 751 2634 externa
770 2601 873 2634 etiam
891 2613 1067 2645 possessu-

86 2661 145 2683 rus
163 2656 269 2691 essct,
297 2651 354 2683 sed
378 2657 494 2683 ortum
518 2663 537 2685 a
556 2650 818 2690 Maximiliano‚
847 2652 908 2697 qui
930 2653 1068 2687 futurus

648 104 809 142 DECL.
850 103 923 142 DE
962 100 1203 142 HIERON.
1243 104 1522 143 SCHURFF.

2043 113 2091 147 86

1113 196 1201 224 esset
1221 197 1324 224 autor
1345 204 1456 225 novae
1478 193 1612 225 formae
1634 191 1785 236 imperii.
1838 194 1906 228 Sed
1925 196 2093 242 quicquid

1112 241 1196 278 erit,
1245 253 1385 274 oremus
1419 242 1530 275 Deum
1566 249 1746 277 aeternum
1779 252 1911 288 patrem
1945 244 2092 280 Domini

1110 290 1221 325 nostri
1239 290 1316 324 Iesu
1329 289 1480 332 Christi,
1506 293 1565 337 qui
1585 294 1745 328 condidit
1762 306 1870 338 genus
1886 293 2093 339 humanum,

1109 348 1142 375 et
1169 349 1313 385 propter
1340 340 1532 375 Ecclesiam
1560 351 1673 377 servat
1699 345 1834 390 aliquas
1861 346 2020 389 politias,
2053 355 2092 382 ut

1108 392 1298 425 clementer
1332 393 1467 435 mitiget
1506 393 1749 437 impendentes
1786 396 2015 438 mutationes,
2058 406 2092 432 et

1107 449 1265 486 protegat
1300 443 1336 475 in
1369 440 1423 475 his
1458 444 1661 486 regionibus
1696 443 1869 479 Ecclesias
1904 454 1936 480 et
1970 460 2090 481 earum

1107 490 1270 536 hospitia.
1324 492 1372 526 Et
1393 494 1525 527 diutius
1548 500 1659 526 servet
1677 494 1713 526 in
1735 494 1922 529 Germania
1942 498 2091 540 legitimi

1106 543 1246 586 imperii
1278 544 1399 583 decus,
1446 550 1543 587 regat
1576 544 1680 576 ctiam
1710 543 1914 589 Principum
1943 548 2091 589 animos,

1107 605 1151 625 ne
1173 600 1233 626 aut
1256 594 1347 627 odiis
1371 601 1429 627 aut
1451 594 1645 627 ambitione
1666 594 1801 629 incensi
1825 597 1974 638 patriam
2000 599 2090 631 dita-

1106 650 1238 676 cerent:
1289 646 1348 677 sed
1374 652 1411 679 ut
1437 652 1519 678 sunt
1544 644 1700 686 cognati,
1742 645 1788 678 ita
1819 646 1887 678 sint
1911 647 2004 679 inter
2031 659 2089 680 se—

1104 706 1185 726 vere
1204 693 1394 733 Germani,
1423 707 1494 728 non
1516 695 1630 727 fucata
1654 695 1899 728 benevolentia
1923 708 1995 729 sese
2011 709 2090 729 mu—

1104 751 1164 777 tuo
1192 746 1478 788 complectentes,
1503 751 1535 778 et
1554 745 1657 777 saluti
1679 747 1858 779 communi
1878 745 2090 780 Germaniae

1105 802 1138 828 et
1157 795 1352 828 vicinarum
1371 796 1528 839 gentium
1546 796 1742 829 consulant.
1795 795 1888 830 Dixi.

1104 978 1168 1013 No.
1191 978 1273 1014 142.
1927 995 1975 1015 an.
1995 984 2090 1016 1554.

1338 1080 1414 1121 De
1444 1080 1630 1121 Hieron.
1662 1077 1857 1135 ›Sc-hurff.

1173 1157 1203 1183 ln
1218 1157 1310 1184 select.
1323 1158 1447 1184 Declam.
1461 1157 1492 1183 Τ.
1509 1157 1554 1184 lll.
1579 1167 1604 1190 p.
1620 1158 1667 1182 341
1682 1167 1739 1191 sqq.
1750 1176 1758 1189 ‚
1784 1158 1912 1186 Richard.
1932 1160 1963 1186 11.
1984 1169 2009 1194 p.
2025 1160 2093 1189 616„

1208 1192 1325 1218 Servest.
1339 1191 1370 1219 T.
1386 1192 1430 1217 ΙΙΙ.
1446 1201 1470 1225 p.
1485 1191 1544 1218 324.
1575 1192 1663 1217 Etiam
1678 1192 1821 1226 separatim
1835 1194 1912 1219 edita.
1945 1193 1988 1220 Cf.
2000 1195 2092 1221 ὅποι).

1208 1226 1275 1252 bibl.
1291 1226 1359 1252 Mel.
1379 1226 1430 1251 No.
1444 1226 1505 1252 414.
1706 1231 1708 1233 '

1106 1314 1234 1346 Oratio
1283 1313 1328 1346 de
1368 1315 1448 1346 vita
1491 1315 1770 1358 Hieronymi
1818 1313 2092 1360 Schurff'ii‚

1107 1362 1206 1394 luris
1234 1363 1428 1404 utriusque
1452 1363 1643 1402 Dor-toris,
1684 1366 1848 1396 recitata
1881 1375 1903 1397 α
1934 1367 1982 1399 D.
2005 1367 2093 1399 Mi—

1386 1409 1552 1443 chaale
1587 1411 1808 1446 Teubero.

1107 1482 1251 1524 Mirum
1275 1498 1343 1529 est,
1370 1504 1448 1524 cum
1473 1492 1588 1533 legum
1615 1499 1647 1524 et
1671 1493 1778 1526 totius
1800 1496 1936 1528 ordinis
1958 1498 2093 1540 politici

1107 1542 1293 1575 manifesta
1309 1542 1353 1575 sit
1369 1541 1553 1583 utilitasket
1568 1540 1797 1585 pulchritudo
1809 1568 1818 1582 ‚
1842 1552 1959 1578 tamen
1976 1549 2093 1580 omni-

1108 1593 1175 1626 bus
1197 1592 1416 1635 temporibus
1438 1591 1545 1624 fuisse
1570 1592 1719 1630 multos,
1763 1595 1824 1638 qui
1855 1607 1927 1628 non
1956 1603 2094 1631 tantum

1109 1642 1269 1676 licentiae
1302 1642 1493 1685 cupiditate
1527 1642 1677 1675 oderunt
1707 1644 1914 1687 disciplinae
1943 1648 2095 1689 vincula,

1110 1694 1167 1726 sed
1192 1692 1295 1725 etiam
1321 1692 1430 1732 alios,
1469 1704 1620 1736 quorum
1645 1695 1810 1727 nonnulli
1836 1703 2015 1738 praetextu
2039 1709 2095 1731 sa-

1110 1743 1274 1788 pientiae,
1295 1743 1398 1776 multi
1415 1750 1592 1785 praetextu
1608 1743 1788 1786 religionis
1806 1747 1986 1780 vociferati
2002 1756 2095 1789 sunt,

1110 1801 1222 1828 totum
1245 1791 1340 1826 hunc
1355 1793 1516 1826 ordinem
1535 1790 1702 1827 honestae
1728 1802 1760 1829 et
1785 1796 1898 1829 civilis
1922 1798 2013 1830 vitae
2039 1799 2095 1831 in-

1112 1846 1238 1878 iustam
1256 1844 1478 1889 tyrannidem
1498 1855 1587 1885 esse,
1608 1844 1697 1878 sicut
1713 1847 1805 1889 apud
1817 1845 1999 1880 Platonem
2016 1849 2096 1893 qui-

1111 1897 1191 1929 dam
1216 1895 1327 1936 legem
1353 1894 1513 1927 nominat
1536 1902 1738 1940 tyrannum.
1798 1895 1845 1930 Et
1868 1899 1963 1942 quod
1988 1900 2096 1942 magis

1110 1946 1242 1978 mirum
1266 1952 1333 1985 est,
1367 1957 1444 1978 cum
1471 1957 1537 1977 vox
1561 1946 1680 1978 diviua
1709 1946 1744 1978 in
1763 1944 1920 1980 Ecclesia
1945 1949 2096 1982 maxime

1112 2002 1214 2029 ornet
1229 1996 1320 2038 leges
1337 2002 1369 2028 et
1387 1996 1554 2038 imperia,
1583 2002 1697 2028 tamen
1723 1997 1794 2029 sere
1817 1998 1984 2031 omnibus
2002 2007 2095 2033 aeta-

1112 2048 1205 2081 tibus
1222 2046 1337 2088 vagati
1355 2052 1436 2078 sunt
1454 2045 1595 2078 fanatici
1615 2046 1774 2088 spiritus,
1801 2048 1861 2091 qui
1878 2059 1998 2080 omnes
2015 2061 2096 2082 ner-

1113 2108 1174 2130 vos
1206 2093 1371 2129 honestae
1404 2095 1579 2128 societatis
1610 2095 1830 2137 inciderunt,
1878 2099 2095 2133 sustulerunt

1114 2149 1191 2181 iura
1230 2147 1409 2189 coniugii,
1463 2152 1495 2179 et
1535 2145 1796 2179 distinctionem
1833 2147 2094 2190 Dominiorum,

1114 2200 1372 2232 damnaverunt
1396 2196 1641 2239 Magistratus,
1669 2196 1795 2238 Leges,
1824 2196 1969 2233 Iudicia.

1218 2248 1322 2280 Tales
1358 2248 1494 2280 surores
1534 2247 1827 2280 circumtulerunt
1866 2249 1982 2281 statim
2018 2256 2097 2293 post

1117 2298 1305 2343 Apostolos
1323 2305 1388 2332 tem
1396 2309 1476 2341 pore
1489 2294 1637 2329 Adriani
1651 2296 1874 2340 Imperatoris
1885 2323 1893 2336 ‚
1919 2297 2097 2332 Haeretici

1117 2352 1153 2383 in
1181 2350 1303 2384 multis
1337 2347 1441 2382 Asiae
1473 2354 1505 2380 et
1533 2346 1671 2380 Africae
1701 2347 1804 2387 locis,
1856 2347 2098 2392 Carpocrates,

1118 2400 1276 2434 Martion
1312 2406 1344 2432 et
1370 2398 1496 2431 deinde
1520 2396 1664 2437 Manes,
1707 2398 1788 2442 qui,
1828 2400 1909 2443 quia
1937 2397 2096 2433 homines

1118 2451 1218 2483 sacile
1244 2450 1430 2493 capiuntur
1454 2447 1621 2490 opinione
1644 2455 1677 2481 et
1701 2459 1760 2491 spe
1782 2448 1895 2481 divini
1919 2451 2099 2490 consortii,

1119 2501 1333 2534 simulabant
1364 2500 1399 2531 in
1425 2498 1496 2530 suis
1518 2499 1761 2540 congressibus
1785 2500 1917 2533 subitas
1942 2508 2099 2534 conster-

1119 2552 1298 2590 nationes‚
1349 2549 1517 2593 suspiria,
1566 2547 1761 2594 lachrymas
1802 2557 1835 2583 et
1865 2551 1953 2583 alios
1985 2558 2098 2594 gestus

1120 2609 1192 2635 arte
1220 2602 1334 2638 fictos,
1378 2606 1415 2632 ut
1446 2601 1697 2642 persuaderent
1719 2600 1817 2639 aliis,
1861 2612 1895 2633 se
1920 2613 1997 2634 cum
2025 2600 2099 2634 Deo

1121 2652 1296 2696 colloqui,
1330 2657 1362 2684 et
1385 2650 1575 2683 invitarent
1598 2650 1740 2689 stultos,
1775 2657 1812 2684 ut
1835 2658 2033 2695 sperarent,
2065 2661 2100 2682 se

1455 2698 1513 2733 6*
