2324 2955
198 100 268 135 731

301 184 447 218 Enam
460 185 515 217 im
538 184 742 228 simpliciter
757 190 807 217 est
822 183 901 217 fons
916 195 1101 228 aquarum.
1128 182 1176 217 Et
1199 194 1206 237 f

199 236 409 270 concinnum
431 243 496 274 est,
523 237 616 279 quod
637 235 719 268 inde
737 234 859 268 dicunt
872 246 1001 268 nomen
1019 246 1090 268 esse
1106 234 1175 280 Cy-

198 298 298 323 rene,
326 286 417 329 quod
443 285 614 327 significat
636 285 760 318 urbem
784 285 901 318 fontis.
952 283 1042 318 Cum
1060 293 1175 319 autem

199 335 427 367 certissimum
458 336 518 376 sit,
552 333 750 380 Aegyptum
780 336 849 368 cito
879 342 1081 379 occupatam
1105 347 1176 369 esse
1200 360 1203 405 1

197 382 266 428 (est
282 384 374 416 enim
392 385 482 418 inter
498 385 611 428 prima
627 397 731 427 regna
748 386 873 418 mundi
890 384 1086 431 Aegyptus)
1103 398 1176 419 cre-

196 433 305 466 dibile
339 441 404 474 est,
438 435 507 468 cito
538 442 571 468 et
594 435 796 479 inquisitam
819 443 852 469 et
879 443 1080 480 occupatam
1104 448 1176 468 esse

195 483 408 516 uberrimam
424 486 600 527 regionem
612 511 621 528 ‚
647 497 736 529 quae
752 486 955 519 nominatur
970 485 1175 531 Cyrenaica:

195 545 258 565 nec
273 534 405 577 primos
420 546 491 567 esse
506 547 700 579 possesores
715 543 870 579 posteros
882 534 1177 577 Argonautarum,

196 595 345 627 quorum
362 585 494 619 mentio
510 586 546 619 fit
562 587 654 630 apud
670 585 864 619 Pindarum
881 593 914 619 et
928 585 1159 620 Herodotum.
1202 592 1203 609 ³

298 657 415 701 Magis
440 659 543 693 etiam
566 659 738 693 celebrata
766 667 816 693 est
845 672 882 693 ea
911 661 1006 703 regio
1032 669 1177 705 propter

197 707 403 741 miraculum
427 710 555 750 fontis,
598 710 658 754 qui
686 710 723 742 in
754 709 906 743 Meridie
930 712 1177 754 frigidissimus

198 765 267 799 est,
318 766 419 793 nocte
453 761 557 800 calet,
606 760 666 804 qui
698 760 905 794 nominatur
932 758 1037 795 Fons
1065 761 1178 795 Solis.

199 806 287 840 Inde
311 820 440 841 nomen
469 811 608 843 videtur
633 822 704 842 esse
729 811 887 855 Cyrene,
921 814 1015 856 quod
1041 812 1177 856 simpli-

198 857 352 899 cissime,
385 865 423 892 ut
447 867 566 900 sonat,
600 860 771 902 significat
796 862 918 894 urbem
941 862 1059 896 fontis.
1126 862 1177 895 Ac

198 914 340 952 propter
357 910 510 942 nominis
528 911 809 944 convenientiam
827 912 956 945 dicitur
971 925 1045 945 eam
1064 914 1177 955 regio·
1203 905 1205 955 J

199 969 278 989 nem
298 959 451 1002 primum
467 972 651 1003 occupasse
670 958 726 993 hic
748 961 802 993 vir
819 959 1001 1001 Enamim,
1029 963 1090 1007 qui
1111 964 1178 996 fuit

198 1019 308 1051 nepos
334 1006 458 1044 Cham.
518 1010 589 1043 Nec
613 1011 736 1054 procul
758 1023 776 1043 a
799 1011 894 1045 fonte
917 1012 981 1045 isto
1003 1013 1069 1046 fuit
1091 1019 1177 1044 tem-

200 1059 297 1100 plum
333 1057 579 1099 Ilamonz's,
627 1072 731 1105 quam
766 1062 1036 1103 appellationem
1072 1062 1177 1094 fuisse

199 1108 363 1149 eandem,
389 1121 477 1154 quae
494 1117 543 1144 est
561 1108 689 1151 Cham,
717 1117 989 1144 consentaneum
1006 1117 1067 1145 est.

299 1175 362 1214 Ch
372 1193 546 1220 anezan,
570 1182 605 1215 id
623 1188 691 1221 est,
711 1181 898 1218 Mercator.
926 1183 1065 1217 Sidonii
1084 1184 1177 1217 enim
1203 1191 1206 1209 ¹

200 1236 233 1263 et
254 1229 357 1276 Tyrii
380 1239 503 1265 nautae
528 1239 559 1266 et
584 1239 792 1266 mercatores
822 1234 1000 1277 praecipui
1024 1236 1180 1274 fuerunt,

199 1289 342 1324 propter
358 1282 463 1315 maris
489 1283 737 1316 mediterranei
753 1284 1064 1326 opportunitatem.
1092 1285 1179 1317 Filii

199 1328 367 1364 Chanaan
392 1333 582 1366 recitantur
606 1333 643 1365 in
661 1332 813 1374 Genesi,
842 1334 903 1378 qui
929 1335 1057 1377 partim
1080 1336 1179 1369 littus
1204 1338 1205 1344 ¹

200 1379 333 1425 Syriaci
350 1389 586 1427 occuparunt,
610 1383 738 1427 partim
754 1382 891 1417 Libano
911 1384 1038 1420 vicina.

299 1453 464 1498 Sidon,
490 1457 525 1490 id
543 1464 609 1499 est,
636 1457 803 1499 Venator,
830 1459 988 1493 condidit
1007 1459 1178 1493 Sidonem

200 1506 417 1539 notissimam
435 1508 577 1548 urbem,
604 1520 643 1540 ex
661 1520 728 1552 qua
750 1515 868 1551 postea
886 1510 1027 1542 deducti
1052 1510 1180 1550 coloni,

199 1562 342 1599 propter
359 1557 612 1591 dissensionem
633 1558 780 1599 civium,
808 1559 1044 1593 condiderunt
1061 1560 1098 1592 in
1124 1559 1178 1592 vi·
1203 1544 1206 1580 l

199 1606 291 1639 cinia
308 1606 456 1651 Tyrum.

300 1678 421 1713 Heth
444 1682 604 1716 condidit
621 1681 788 1723 Hebron,
814 1683 875 1715 ubi
893 1682 1100 1726 aliquandiu
1115 1680 1179 1715 ha-

201 1729 325 1764 bitavit
342 1729 542 1773 Abraham,
570 1739 602 1765 et
623 1733 673 1765 ibi
690 1733 804 1765 locum
823 1732 1022 1775 sepulturae
1037 1732 1179 1776 coniugi
1204 1760 1206 1770 ‚

203 1780 303 1821 emit,
331 1780 368 1813 in
387 1793 456 1826 quo
475 1788 508 1815 et
524 1782 597 1826 ipse
615 1789 732 1826 postea
750 1783 907 1825 sepultus
925 1789 986 1816 est.

439 98 646 138 SCRIPTA
671 99 746 134 PII.
772 98 889 135 MEL.
913 96 980 132 AD
1007 96 1132 134 HIST.
1160 94 1305 132 PROF.
1331 93 1396 130 ΕΤ
1423 92 1613 133 PHILOS.
1638 95 1959 136 SPECTANTIA.

1231 1109 1316 1139 siam
1333 1106 1410 1140 Dei.

302 1853 524 1889 Iehuseus
543 1857 695 1901 possedit
712 1856 833 1890 Gabaa
850 1864 883 1890 et
902 1856 1100 1891 Ierusalem.
1128 1856 1180 1891 Ac

203 1916 359 1949 expresse
378 1907 415 1938 in
436 1906 565 1939 Genesi
583 1908 747 1951 descripti
765 1914 846 1941 sunt
867 1907 995 1941 limites
1018 1908 1181 1951 regionis,
1204 1899 1207 1925 ¹

203 1967 305 1998 quam
322 1957 433 1989 tenuit
456 1957 638 2000 posteritas
654 1955 841 1996 Chanaan,
869 1970 956 2002 quae
979 1964 1096 2000 postea
1120 1960 1181 1992 de-
1205 1954 1207 1982 ἶ

203 2005 269 2038 leta
285 2012 334 2039 est
351 2014 492 2050 propter
509 2008 600 2040 idola
613 2034 622 2047 ‚
646 2007 814 2040 libidines
830 2015 860 2041 et
880 2008 947 2041 alia
964 2016 1119 2051 peccata,
1147 2016 1181 2043 et
1204 2003 1207 2031 3

204 2056 375 2089 divinitus
391 2058 549 2089 collocati
566 2064 648 2090 sunt
666 2058 700 2089 in
720 2070 792 2090 eam
806 2058 1057 2101 possessionem
1070 2058 1181 2093 Israe-
1204 2034 1208 2096 l

203 2106 306 2147 litae,
329 2107 388 2151 qui
405 2108 546 2140 fuerunt
563 2108 631 2142 orti
648 2119 667 2141 a
685 2107 776 2141 Sem.
1203 2114 1207 2165 Ξ

304 2180 513 2215 Consideres
554 2189 690 2221 autem,
743 2189 900 2227 posteros
942 2183 1023 2217 Sem
1061 2197 1180 2219 versus
1204 2178 1207 2208 l

206 2228 390 2264 Orientem
424 2233 460 2265 in
483 2232 614 2266 maiore
634 2230 719 2266 Asia
746 2235 843 2266 sedes
867 2245 991 2277 magna
1019 2247 1059 2267 ex
1083 2242 1180 2279 parte
1204 2248 1205 2253 ¹

205 2281 368 2316 tenuisse.
420 2282 508 2315 Nam
531 2281 701 2316 Hes-ila
724 2282 861 2317 Indiam
886 2296 958 2318 esse
982 2291 1116 2319 constat
1140 2298 1180 2318 ex
1204 2305 1206 2310 ν

208 2329 358 2371 Genesi,
384 2333 445 2365 ubi
463 2333 591 2366 dicitur
608 2332 749 2377 Ganges
763 2335 870 2368 fluere
885 2347 947 2378 per
963 2341 1089 2368 terram
1107 2335 1179 2369 He-

205 2380 287 2414 vila.
340 2380 448 2414 Natus
463 2389 511 2415 est
529 2390 642 2416 autem
659 2383 785 2417 Hevila
813 2397 852 2418 ex
878 2392 1069 2429 pronepote
1083 2386 1176 2420 Sem.
1202 2366 1205 2438 l

205 2430 339 2463 Posteri
364 2438 478 2464 autem
497 2429 639 2466 Cham
663 2441 853 2468 tenuerunt
877 2436 1084 2481 aliquandiu
1109 2443 1178 2470 ter·
1201 2448 1204 2497 ζ

205 2492 278 2513 ram
297 2478 481 2521 Chanaan,
506 2481 715 2528 Aegyptum,
743 2483 966 2530 Aethiopiam
983 2493 1016 2519 et
1032 2486 1177 2532 Libyen.
1202 2505 1203 2525 ;

1204 1891 1206 1893 ,
1234 1862 1398 1897 Graecos.

1231 2447 1345 2477 seros,
1367 2443 1449 2470 sunt
1472 2435 1656 2470 Dodonaei
1682 2437 1718 2468 in
1736 2433 1858 2478 Epir0.

2130 100 2205 136 732

1523 182 1735 212 Posteritas
1769 182 1913 220 laphet.

1443 237 1632 287 Iaphel‚
1663 243 1700 276 id
1721 248 1788 285 est,
1814 241 1993 277 DilatatiO.

1514 299 1596 332 Filii
1615 299 1736 344 laphet
1751 302 1910 335 suerunt:

1330 346 1439 383 Gom
1453 359 1513 390 er,
1542 350 1578 383 id
1597 357 1667 390 est,
1693 351 1828 387 finiens.
1880 350 1937 384 Ab
1954 348 2020 384 hoc
2036 350 2105 385 orti
2124 359 2205 386 sunt

1227 399 1433 440 Cimmerii,
1467 400 1528 444 qui
1558 408 1676 442 postea
1697 399 1833 434 Cimbri
1859 401 1942 434 dicti
1966 408 2057 435 sunt.
2114 400 2205 434 Nam

1228 448 1389 483 Ezechiel
1406 451 1515 494 capite
1527 450 1585 483 38.
1604 461 1760 494 expresse
1779 451 1907 496 inquit,
1935 451 2068 485 Gomer
2083 458 2115 485 et
2131 451 2206 485 To-

1230 512 1349 543 gorma
1366 501 1473 534 latera
1498 512 1569 533 esse
1584 498 1784 545 Aquilonis.
1836 501 1955 534 Fuisse
1978 509 2092 535 autem
2108 501 2204 535 Cim—

1230 551 1357 583 merios
1374 551 1465 584 ultra
1484 549 1682 591 Thraciam,
1707 551 1797 584 circa
1811 550 2013 584 Maeotiden
2033 552 2207 595 paludem,

1202 627 1203 634 1
1229 601 1419 645 adpellatio
1447 600 1628 634 Cimmerii
1652 599 1828 644 Bosphori
1856 607 1888 634 et
1909 601 2030 645 oppidi
2054 599 2208 634 Cimme-

1230 652 1272 683 rii
1293 658 1447 684 testatur.

1504 650 1573 684 Nec
1596 652 1699 693 longa
1725 651 1780 684 via
1802 657 1852 684 est
1876 662 1894 683 a
1909 649 2093 695 Bosphoro
2109 650 2207 684 Cim-

1230 702 1338 734 merio
1365 714 1426 744 per
1451 701 1603 734 vicinam
1627 700 1812 741 Russiam,
1844 701 2065 744 Lituaniam,
2099 700 2208 734 Livo-

1230 752 1323 784 niam
1354 758 1386 784 et
1411 751 1612 785 Borussiam
1635 752 1679 784 ad
1703 750 1916 785 Cimbricam
1938 749 2209 789 Chersonesum,

1202 811 1203 815 ¹
1229 802 1291 834 ubi
1319 801 1354 833 in
1381 799 1446 835 hoc
1469 803 1586 836 littore
1613 808 1730 846 postea
1747 802 1815 836 late
1832 809 2042 846 regnarunt,
2069 802 2151 835 inde
2173 808 2208 835 et

1230 852 1404 886 Sicambri
1422 852 1502 886 dicti
1522 859 1613 886 sunt.

1332 907 1529 955 arsag-og,
1563 911 1599 943 id
1625 916 1693 949 est,
1723 910 1766 943 de
1790 908 1887 954 Gog,
1919 909 2014 955 quod
2039 909 2211 953 significat

1230 966 1370 995 tectum.
1422 960 1484 993 Ait
1508 967 1624 993 antem
1649 958 1830 1000 Ezechiel,
1863 967 1896 993 et
1919 967 2056 1003 gentem
2081 959 2211 1002 Magog

1231 1010 1539 1052 septentrionalem
1565 1021 1653 1049 esse,
1687 1017 1721 1042 et
1745 1011 1886 1054 quidem
1910 1011 2095 1054 postremis
2120 1017 2213 1043 tem—

1231 1059 1376 1101 poribus
1392 1059 1460 1091 late
1478 1066 1688 1091 vastaturam
1706 1070 1777 1091 esse
1795 1059 1900 1092 Israel
1912 1086 1921 1099 ,
1949 1060 1983 1092 id
2002 1066 2063 1102 est,
2089 1058 2212 1092 Eccle-

1465 1108 1582 1148 Quarc
1598 1105 1796 1152 Scythicam
1812 1116 1949 1149 gentem
1972 1121 2062 1148 esse,
2090 1109 2125 1140 id
2151 1115 2213 1152 est,

1232 1156 1418 1189 Turcicam
1438 1156 1683 1198 intelligimus,
1701 1169 1788 1201 quae
1804 1158 1890 1189 olim
1908 1157 1945 1188 in
1963 1158 2128 1200 plaustris
2144 1158 2213 1190 cir-

1204 1223 1206 1244 ;
1232 1206 1446 1239 cumserebat
1463 1206 1640 1248 Tuguria,
1666 1213 1705 1239 ut
1720 1207 1869 1239 subinde
1888 1207 1955 1239 alia
1979 1207 2054 1240 loca
2076 1207 2214 1241 facilius

1232 1262 1428 1299 occuparet.
1487 1255 1648 1301 Cumque
1674 1254 1904 1302 Apocalypsis
1934 1258 2112 1300 ostendat,
2147 1270 2213 1301 po-

1203 1326 1206 1333 ·
1232 1312 1359 1339 stremo
1386 1313 1614 1348 regnaturum
1641 1317 1713 1339 esse
1737 1306 1817 1349 Gog
1841 1313 1874 1340 et
1893 1306 2041 1350 Magog‚
2068 1314 2101 1341 et
2118 1319 2212 1341 nunc

1233 1356 1343 1389 Turci
1366 1356 1533 1389 latissime
1563 1357 1810 1398 dominentur,
1852 1364 2126 1390 consentaneum
2153 1365 2214 1399 est,

1232 1405 1417 1440 Turcicam
1435 1413 1573 1449 gentem
1596 1407 1784 1450 significari
1799 1407 2034 1452 appellatione
2051 1407 2191 1451 Magog.

1333 1462 1522 1503 altuini,
1551 1465 1586 1498 id
1603 1471 1671 1506 est,
1695 1464 1842 1498 Modius
1858 1477 1918 1498 seu
1932 1465 2112 1499 Mensura.
2154 1463 2212 1499 Ab

1232 1512 1299 1548 hoc
1321 1513 1422 1547 Medi
1452 1516 1518 1548 orti
1550 1522 1653 1555 sunt,
1688 1516 1749 1560 qui
1775 1527 1893 1548 versus
1916 1513 2100 1548 Orientem
2131 1527 2214 1559 pro-

1232 1566 1338 1608 gressi
1353 1572 1447 1598 sunt.
1501 1564 1598 1598 Gens
1615 1565 1726 1606 clara,
1752 1572 1791 1599 ut
1815 1564 1943 1599 Daniel
1961 1571 1993 1598 et
2010 1564 2212 1599 Herodotus

1232 1621 1415 1649 testantur.

1334 1662 1390 1696 Ia
1402 1676 1451 1696 va
1462 1675 1486 1696 n
1503 1664 1558 1697 vel
1576 1662 1632 1698 Ia
1643 1676 1695 1698 on
1706 1689 1715 1703 ,
1742 1665 1778 1697 id
1796 1671 1857 1704 est,
1881 1662 2125 1699 Defraudator.
2153 1663 2212 1699 Ab

1233 1710 1299 1746 hoc
1316 1714 1547 1746 certissimum
1566 1721 1633 1754 est,
1658 1721 1796 1757 gentem
1815 1713 1972 1747 lonicam
1993 1726 2065 1748 esse
2087 1721 2212 1752 ortam.

1231 1761 1278 1796 Et
1298 1764 1395 1796 firma
1413 1763 1612 1797 testimonia
1630 1775 1669 1796 ex
1683 1763 1831 1797 Daniele
1846 1764 1936 1796 sumi
1949 1772 2108 1808 possunt,
2123 1778 2212 1810 quae

1232 1815 1442 1855 ostendunt,
1483 1813 1719 1857 appellatione
1753 1811 1840 1847 Ion
1852 1826 1919 1846 um
1961 1813 2212 1859 comprehendi

1449 1862 1538 1896 Nam
1563 1875 1758 1897 eversorem
1782 1864 1880 1907 regni
1896 1862 2029 1898 Persici
2051 1866 2212 1901 nominat

1232 1925 1347 1956 regem
1364 1913 1490 1954 Iavan‚
1517 1913 1552 1946 id
1568 1921 1634 1954 est,
1659 1926 1776 1958 regem
1792 1914 2022 1952 Graecorum.

1437 1972 1529 2006 Sunt
1545 1980 1659 2007 antem
1678 1974 1742 2006 filii
1760 1973 1883 2007 lavan:

1336 2021 1495 2064 Elisa,
1522 2035 1540 2056 a
1557 2036 1625 2068 quo
1642 2030 1724 2057 sunt
1740 2022 1866 2058 Aeoles
1884 2023 1920 2056 in
1936 2023 2079 2059 Minore
2088 2024 2185 2060 Asia.

1335 2071 1403 2108 Th
1414 2085 1437 2106 a
1448 2085 1492 2107 rs
1500 2073 1539 2106 is
1550 2101 1558 2114 ‚
1585 2086 1604 2107 a
1622 2087 1692 2119 quo
1709 2075 1849 2109 condita
1863 2081 1914 2109 est
1930 2073 2099 2118 Tharsus,
2120 2088 2209 2122 quae

1233 2125 1298 2159 fuit
1319 2125 1524 2166 metropolis
1538 2123 1701 2158 Cilicum.

1336 2170 1534 2215 Gallim,
1562 2174 1597 2208 id
1613 2182 1674 2216 est,
1701 2174 1938 2214 Percussores,
1963 2187 1980 2209 a
1999 2186 2068 2219 quo
2087 2172 2206 2208 Mace-

1233 2227 1344 2259 dones
1359 2232 1455 2259 ortos
1471 2237 1559 2266 esse,
1586 2232 1718 2259 certum
1735 2232 1785 2259 est
1808 2238 1847 2258 ex
1870 2226 1961 2259 libro
1978 2224 2207 2258 Maccahaeo-

1234 2288 1322 2310 rum.
1372 2274 1420 2310 Et
1442 2283 1593 2310 vetustas
1618 2288 1690 2309 non
1714 2276 1802 2310 dixit
1819 2275 1983 2316 Macedo,
2015 2275 2074 2308 sed
2095 2273 2209 2318 μακέ-

1230 2339 1310 2372 της,
1335 2327 1433 2372 quasi
1450 2327 1543 2360 dicas
1556 2353 1565 2368 ,
1591 2338 1609 2360 a
1624 2324 1775 2361 Cethim.

1333 2384 1365 2420 Α
1382 2383 1424 2418 D
1435 2397 1455 2418 o
1466 2383 1520 2418 da
1533 2384 1623 2418 nim
1634 2413 1644 2427 ‚
1666 2386 1760 2430 quod
1777 2381 2128 2426 significatCognatos
2140 2384 2205 2417 mi-

1911 2432 2082 2480 Adeoque
2104 2441 2204 2468 vetus

1231 2494 1280 2520 est
1304 2487 1473 2521 Dodonae
1494 2486 1699 2531 appellatio,
1734 2490 1773 2517 ut
1796 2484 1846 2517 ihi
1872 2482 2016 2518 Hellum
2043 2496 2203 2527 regnasse

206 2530 340 2563 Posteri
360 2529 478 2574 {aphet
503 2535 610 2574 sparsi
634 2536 767 2568 suntin
788 2535 966 2569 Minorem
983 2536 1117 2577 Asiam,
1145 2545 1178 2572 et
1201 2537 1203 2563 ἶ
1230 2538 1360 2571 dicant.
1403 2536 1486 2571 Ideo
1502 2549 1564 2570 nec
1579 2532 1797 2580 reprehendo
1815 2545 1889 2575 eos,
1915 2535 1976 2579 qui
1991 2534 2203 2568 Dodonaeos

206 2580 376 2623 progressi
408 2587 488 2614 sunt
513 2594 629 2615 versus
655 2584 959 2628 Septentrionem,
995 2594 1028 2621 et
1050 2588 1177 2622 multas
1230 2587 1266 2620 in
1291 2586 1462 2622 Rhodum
1486 2587 1668 2620 collocant.

1228 2636 1454 2672 Doriensium
1470 2637 1595 2671 coloni.

203 2629 365 2675 Europae
381 2639 493 2675 partes
510 2642 734 2676 occuparunt.

1729 2584 1818 2618 Nam
1842 2591 1875 2619 et
1898 2582 2034 2620 Rhodii
2060 2586 2201 2620 fuerunt

1646 2633 1692 2670 Et
1709 2636 1931 2671 manifestum
1947 2642 2011 2675 est,
2037 2634 2202 2678 Graecos,
