2324 2955
206 118 272 153 171

209 199 416 236 Academiae
440 197 547 237 legem
576 200 647 221 non
673 186 900 226 abrogamus,
934 181 993 214 sed
1019 193 1096 213 cum
1122 193 1180 213 ex-

210 251 368 295 ceptione
401 246 599 279 retinemus.
668 235 765 278 Quae
797 233 915 266 omnia
947 238 978 264 et
1010 231 1113 264 saluti
1149 237 1181 263 et

210 300 392 335 commodo
415 289 606 325 iuventutis
628 286 803 323 serviunt,
827 289 859 315 ct
882 294 954 314 non
976 288 1057 313 sunt
1081 293 1179 324 prae-

212 358 387 393 ceptorum
410 340 596 377 avariciae,
625 344 657 370 et
674 334 832 380 quaestui
857 333 1008 364 inventa.
1032 381 1038 387 ¹
1060 329 1106 364 Et
1130 338 1182 363 ta-

212 412 290 433 men
321 401 415 429 tanta
446 399 495 424 est
520 388 654 422 malicia
681 384 853 418 humanae
878 382 1004 414 inentis
1030 393 1066 412 iii
1092 387 1182 413 recte

210 448 308 482 factis
337 444 426 477 male
459 436 746 482 interpretandis,
776 440 815 466 ut
838 433 939 465 nobis
962 432 1021 464 illa
1045 431 1182 463 crimini

212 501 295 533 dare
321 507 392 528 non
416 492 628 526 erubescant.
685 485 779 517 llinc
801 483 1012 515 arbitramur
1035 481 1115 514 satis
1140 481 1184 512 li-

211 558 334 594 quere,
369 555 437 588 quo
467 542 558 579 iure,
598 544 630 570 et
656 548 759 580 quain
782 545 860 565 vere
883 533 967 565 tales
994 531 1184 564 iuventutis

212 595 430 639 corruptelae
445 602 508 624 nos
526 590 562 621 iii
578 587 745 620 avariciae
761 584 893 616 crimen
907 588 1044 616 vocent.
1086 581 1184 623 Quo-

210 659 289 682 rum
321 642 512 679 calumnias
545 650 615 670 non
648 637 693 669 ita
728 633 878 677 graviter
904 632 1112 675 accipimus,
1153 637 1186 662 et

211 700 306 742 ipsos
324 708 342 728 a
359 693 460 726 nobis
479 689 654 722 discedere
672 687 756 718 adeo
775 695 846 715 non
864 683 1007 714 moleste
1031 681 1186 720 serimus,

209 755 249 781 ut
265 746 444 789 cupiamus
459 738 620 774 Scholam
640 742 792 768 nostram
810 731 1012 765 huiusmodi
1033 729 1186 764 homini-

211 799 277 831 bus
297 791 488 828 exonerari,
516 800 584 832 quo
604 785 739 819 honesti
759 784 1004 822 adolescentes,
1033 782 1075 814 ab
1092 782 1186 824 ipso-

210 859 288 880 rum
307 842 464 884 contagio
494 846 525 872 et
549 849 683 869 veneno
708 835 791 873 tuti,
819 833 933 877 quiete
950 839 982 865 et
999 832 1186 876 tranquille

212 899 249 929 in
284 897 457 928 bonarum
492 888 619 921 artium
652 893 684 919 et
717 884 831 917 omnis
862 882 1002 915 virtutis
1032 882 1185 915 studium

210 945 413 979 incumbere
434 939 577 984 possint.

311 994 404 1028 Sunt
419 991 521 1024 etiam
538 987 665 1031 quibus
681 982 845 1018 Scholam
865 983 1041 1026 publicam
1060 981 1096 1012 in
1114 979 1188 1023 pri-

211 1053 326 1080 vatam
349 1046 550 1076 convertere
575 1037 754 1074 videmur,
781 1035 874 1078 quod
902 1044 963 1065 nec
989 1031 1188 1073 cogitatum,

212 1109 275 1130 nec
292 1096 420 1127 sactum
435 1103 453 1122 a
471 1089 572 1121 nobis
589 1097 677 1125 esse,
700 1092 773 1117 tum
791 1083 939 1116 docendi
958 1082 1058 1120 ratio,
1084 1091 1188 1124 quam

212 1149 249 1180 in
275 1142 400 1178 Schola
424 1148 603 1175 tenemus,
641 1143 713 1168 tum
747 1134 947 1166 auditorum
973 1130 1187 1167 distributio,

214 1208 283 1240 qua
298 1194 350 1227 usi
373 1201 491 1224 sumus
503 1215 512 1228 ,
540 1187 622 1220 satis
639 1191 806 1226 arguunt,
832 1191 864 1216 et
881 1183 971 1215 clare
988 1181 1188 1214 ostendunt.

212 1246 283 1279 Nec
299 1243 381 1276 satis
396 1239 518 1273 mirari
535 1246 735 1281 possumus,
761 1233 856 1266 unde
872 1230 962 1264 lianc
985 1230 1187 1274 opinionem

214 1293 352 1328 veritati
369 1289 548 1324 manifeste
564 1291 817 1328 repugnantem
838 1280 1017 1314 hauserint
1041 1280 1085 1317 ii,
1110 1279 1189 1321 qui-

214 1347 279 1378 bus
297 1348 415 1374 nostra
432 1349 553 1382 parum
572 1335 777 1378 probantur.
830 1330 901 1362 Nos
919 1331 1010 1361 enim
1035 1329 1189 1370 privatae

215 1391 421 1436 disciplinae
444 1397 548 1430 opera
575 1381 722 1417 Scholae
746 1380 904 1424 publicae
931 1386 963 1412 et
986 1377 1188 1419 dignitatem

215 1452 249 1478 et
265 1441 435 1476 honorem
458 1436 568 1475 tueri,
593 1440 625 1466 et
642 1443 785 1470 ornare,
809 1441 912 1473 quain
928 1428 1074 1460 maxime
1092 1426 1190 1457 labo-

214 1503 342 1529 ramus.
396 1487 491 1530 Quid
515 1494 641 1529 quaeso
663 1480 805 1513 maioris
830 1476 976 1511 Scliolae
995 1475 1131 1508 nomini
1159 1480 1192 1505 et

216 1546 306 1577 fame
322 1548 392 1574 tam
408 1545 520 1579 turpe,
548 1540 580 1566 et
596 1532 812 1568 indecorum,
840 1539 942 1572 quam
960 1523 1192 1559 scholasticos

217 1602 250 1627 et
282 1590 386 1625 officii
422 1594 455 1620 et
489 1581 738 1627 temperantiae
771 1578 916 1615 oblitos,
964 1575 1060 1620 sequi
1092 1582 1191 1616 turpe

215 1644 338 1681 otium,
365 1646 396 1672 et
412 1635 601 1670 libidinum
616 1630 786 1673 stipendia
806 1627 941 1664 mereri,
970 1632 1000 1657 et
1015 1624 1191 1657 Musarum

218 1691 411 1734 negligere,
443 1693 476 1719 et
501 1685 664 1716 lectorem
690 1680 726 1711 in
752 1675 879 1712 Schola
906 1678 948 1709 ab
974 1674 1194 1730 auditoribus

220 1741 399 1779 derelicta,
427 1734 525 1781 quasi
542 1731 690 1765 Aeolum
709 1730 861 1773 aliquem
888 1737 994 1759 vacua
1019 1726 1192 1757 dominari

220 1795 257 1826 in
276 1791 372 1827 aula,
401 1793 433 1820 et
456 1783 647 1829 parietibus
674 1787 706 1812 et
729 1777 902 1811 subselliis
918 1787 998 1809 suae
1017 1774 1194 1830 doctri-nae

218 1845 401 1887 praecepta
424 1837 617 1869 decantare.
677 1829 751 1862 Hos
776 1828 836 1873 qui
860 1826 1022 1871 privatim
1046 1830 1196 1867 respicit,

222 1900 254 1925 et
269 1900 390 1923 eorum
408 1886 578 1919 rationem
598 1879 722 1920 habet,
747 1884 916 1911 cessantes
935 1875 1135 1912 extimulat,
1164 1880 1195 1906 et

220 1943 262 1975 ad
281 1949 410 1973 munus
427 1936 479 1968 sui
495 1931 624 1966 laboris
640 1929 879 1974 exequendum
896 1926 1033 1970 publice
1062 1931 1092 1957 et
1123 1924 1196 1968 pri-

223 1991 328 2024 vatim
349 1987 460 2021 redire
479 1981 666 2025 compellit,
684 1987 716 2012 et
734 1978 959 2011 detestatione
977 1977 1018 2008 ad
1036 1975 1196 2018 volupta-

222 2043 266 2075 tis
283 2039 480 2082 amplexum
504 2032 722 2069 delabentes,
748 2029 785 2060 in
807 2029 922 2060 locum
945 2027 1119 2058 desertum
1142 2035 1198 2056 re-

223 2088 348 2128 trahit,
375 2094 408 2120 et
423 2086 465 2118 ad
483 2082 587 2116 officii
613 2085 725 2124 partes
754 2085 786 2111 et
815 2077 993 2110 meliorem
1009 2076 1143 2118 frugem
1163 2086 1197 2106 se

224 2142 351 2174 referre
368 2136 475 2178 cogit,
500 2132 650 2175 facitque
666 2136 704 2162 ut
720 2128 879 2172 publicae
895 2125 1042 2160 Scholae
1065 2125 1117 2158 sui
1135 2137 1197 2158 au-

226 2191 355 2224 ditores
382 2194 414 2220 et
443 2182 605 2226 discipuli
629 2181 715 2219 sint,
743 2185 775 2211 et
792 2178 933 2222 quidem
949 2176 1051 2216 tales,
1077 2175 1137 2219 qui
1155 2175 1197 2207 ad

226 2237 444 2274 obedientiae
468 2235 558 2276 leges
578 2238 611 2264 et
640 2241 777 2263 morum
800 2227 1020 2270 disciplinam
1045 2232 1123 2258 sunt
1151 2225 1198 2258 ita
1222 2253 1225 2267 ,

227 2286 424 2324 assuefacti,
456 2290 494 2316 ut
516 2282 642 2316 artium
668 2286 700 2312 et
724 2279 891 2311 virtutum
916 2276 1109 2308 doctrinam
1135 2287 1198 2308 nec
1222 2268 1225 2330 l

229 2339 330 2372 inviti
357 2335 516 2371 audiant,
556 2343 619 2363 nec
644 2329 812 2372 gravatim
837 2328 970 2366 colant,
1006 2333 1122 2358 utrum
1150 2323 1198 2363 hi,

229 2390 287 2434 qui
307 2388 363 2419 illa
382 2385 535 2417 eslii-,iniit
551 2381 681 2420 aliquid
701 2380 742 2411 de
756 2376 889 2410 honore
913 2376 1070 2420 publicae
1088 2373 1198 2408 Scho-

230 2441 282 2472 lae
299 2437 511 2470 diminuere,
538 2438 569 2462 et
595 2431 635 2461 de
656 2429 825 2471 dignitate
850 2428 922 2460 eius
947 2423 1126 2458 detrahere
1145 2426 1198 2456 vi·
1223 2453 1225 2457 .

229 2490 374 2525 dentur,
403 2496 445 2517 an
461 2481 575 2525 potius
592 2479 685 2511 illam
703 2479 854 2511 officiose
869 2477 971 2516 tueri,
999 2483 1031 2508 et
1050 2475 1199 2517 diligen-

229 2598 371 2631 scopus,
411 2582 467 2616 liic
487 2580 565 2613 finis
589 2586 654 2618 est,
685 2585 717 2611 et
740 2578 805 2610 suit
828 2584 860 2611 et
881 2577 946 2610 erit
969 2587 1120 2619 semper,
1155 2576 1198 2607 ad

232 2649 334 2682 quem
359 2631 553 2669 imitatione
583 2635 615 2663 et
639 2627 796 2671 exemplo
814 2627 1085 2661 Academiarum
1110 2626 1198 2658 bene

781 96 939 133 DECL.
971 95 1043 130 DE
1077 95 1304 131 SCllOLA
1338 93 1625 129 ROSTOCH.

2135 96 2205 131 172

1231 178 1437 213 habentium
1456 180 1716 220 contendimus,
1742 180 1777 212 in
1797 180 1923 224 quibus
1938 182 2008 213 fere
2022 192 2084 225 per
2099 185 2208 213 totam

1234 229 1460 264 Germaniam
1479 230 1717 272 superioribus
1734 230 1835 263 annis
1854 230 1990 273 publice
2015 230 2207 263 mandaba-

1233 288 1306 320 tur,
1332 287 1370 312 nt
1391 277 1588 312 scholastici
1607 281 1767 322 privatim
1786 278 1956 313 haberent
1972 291 2052 313 suos
2070 291 2208 312 morum

1235 330 1439 372 Magistros,
1464 335 1497 361 et
1513 329 1708 362 studiorum
1726 331 1994 372 gubernatores,
2018 336 2050 363 et
2065 329 2110 373 *id
2127 340 2207 361 sane

1235 380 1392 412 moribus
1416 380 1572 411 nondum
1591 386 1659 412 tam
1686 381 1858 424 corruptis
1885 387 1918 414 et
1944 379 2058 414 malis.
2111 377 2208 420 Qua-

1236 437 1375 474 propter
1390 429 1417 461 si
1434 441 1497 462 nos
1515 430 1606 461 idem
1625 435 1693 461 tam
1717 431 1902 472 depravato
1928 430 2043 462 seculo
2068 428 2105 460 in
2119 428 2210 461 Aca-

1236 480 1348 513 demia
1373 479 1604 520 retineamus,
1643 479 1698 511 cui
1722 479 1815 511 bono
1842 486 1875 513 et
1900 479 2064 523 prudenti
2087 478 2211 521 displi-

1236 542 1311 563 cere
1335 529 1483 573 poterit'?
1540 528 1747 562 Praesertim
1770 541 1848 562 cum
1871 530 1945 562 eius
1966 529 2117 563 instituti
2138 528 2210 560 sive

1237 587 1380 619 natura,
1411 579 1482 611 sive
1500 578 1595 612 Deus
1619 586 1720 612 autor
1749 579 1808 617 sit,
1836 580 1930 623 quod
1958 587 1990 612 et
2007 578 2212 612 Aristoteles

1238 631 1378 669 iudicat,
1394 630 1488 661 unde
1506 627 1590 662 haec
1603 627 1786 662 hominum
1803 629 1981 662 distinctio
1993 629 2085 672 apud
2098 629 2213 671 ipsum

1238 688 1317 713 nata
1334 687 1400 718 est,
1428 679 1589 712 videlicet
1610 680 1696 712 alios
1719 691 1789 712 esse
1810 686 1932 713 natura
1955 679 2070 712 iudice
2085 689 2214 717 servos,

1239 732 1325 763 alios
1342 736 1461 763 contra
1476 727 1666 769 Dominos,
1693 730 1784 773 quod
1808 730 1859 761 illi
1876 729 1935 774 qui
1953 730 2020 762 sibi
2044 740 2107 761 nec
2132 727 2214 760 satis

1239 781 1454 824 prospicere,
1489 791 1552 812 nec
1576 785 1665 812 recte
1684 780 1864 812 consulere
1890 785 2054 822 possunt,
2089 785 2213 811 natura

1239 832 1310 864 sint
1339 830 1447 870 servi,
1480 836 1513 862 et
1537 830 1579 861 iis
1602 840 1723 872 parere
1747 830 1914 867 debeant,
1947 830 2006 873 qui
2033 836 2065 862 et
2088 828 2154 860 sibi
2182 834 2215 860 et

1239 881 1316 913 aliis
1339 887 1430 913 recta
1455 880 1600 912 consilia
1624 880 1727 919 dare,
1755 886 1788 912 et
1810 879 2013 922 providere,
2036 890 2123 923 quae
2145 878 2216 910 sint

1242 931 1295 963 vel
1317 931 1499 974 profutura
1525 930 1577 962 ve]
1603 929 1763 962 nocitura
1787 935 1938 973 queunt,
1979 929 2040 973 qui
2073 935 2217 960 naturae

1240 981 1411 1014 sententia
1451 981 1598 1013 aliorum
1640 978 1784 1012 Domini
1828 986 1859 1012 et
1897 977 2012 1012 Duces
2052 976 2218 1010 habendi.

1242 1031 1346 1073 Quod
1370 1037 1515 1063 naturae
1540 1031 1762 1073 praeceptum
1791 1035 1823 1061 et
1849 1029 2043 1072 exemplum
2069 1025 2217 1061 Schola-

1241 1093 1337 1121 rum,
1365 1093 1434 1125 quo
1451 1081 1538 1113 aliae
1555 1078 1784 1119 Academiae,
1812 1079 1896 1111 viris
1912 1078 2080 1122 sapientia
2098 1085 2130 1111 et
2146 1078 2218 1110 vir-

1241 1138 1312 1164 tute
1336 1130 1471 1172 magnis
1489 1130 1633 1162 mirifice
1661 1129 1970 1168 commendantur,
1996 1135 2135 1161 nostrae
2153 1139 2219 1171 pu-

1242 1181 1350 1213 blicae
1363 1178 1528 1217 Scholae,
1556 1186 1594 1211 ut
1613 1186 1793 1222 putamus,
1819 1190 1882 1211 nec
1899 1179 2037 1219 obesse,
2063 1189 2126 1211 nec
2144 1178 2220 1211 iure

1242 1231 1273 1262 ei
1291 1230 1375 1263 vitio
1393 1230 1479 1262 verti
1497 1229 1636 1272 poterit.

1343 1278 1448 1318 Quod
1466 1279 1494 1310 si
1511 1279 1673 1309 Lectores
1695 1289 1714 1309 a
1739 1277 1880 1320 publico
1905 1278 2054 1309 docendi
2074 1289 2219 1310 munere

1242 1329 1283 1359 ad
1302 1327 1436 1370 aliquas
1450 1326 1603 1369 privatae
1618 1325 1849 1358 institutionis
1869 1333 1982 1368 partes
1998 1327 2045 1359 ita
2061 1328 2222 1360 traduce-

1244 1387 1377 1415 remus,
1401 1382 1440 1408 ut
1467 1376 1610 1408 illorum
1635 1387 1700 1407 vox
1720 1375 1758 1406 in
1778 1375 1918 1418 publica
1934 1373 2062 1409 Schola
2085 1377 2222 1410 deside-

1242 1432 1396 1465 raretur,
1423 1431 1497 1457 turn
1528 1436 1591 1456 nos
1614 1436 1773 1466 peccare,
1809 1436 1873 1456 nec
1901 1426 2032 1469 absque
2057 1438 2158 1460 causa
2181 1427 2219 1460 in

1243 1475 1373 1508 crimen
1390 1474 1506 1507 vocari
1523 1485 1796 1516 agnosceremus.
1850 1473 1982 1507 Verum
2000 1473 2066 1508 hoc
2083 1483 2220 1510 tantum

1243 1526 1358 1564 abest,
1382 1530 1421 1556 ut
1439 1536 1457 1556 a
1474 1524 1576 1556 nobis
1593 1524 1637 1556 sit
1653 1524 1801 1564 factum,
1827 1531 1866 1557 ut
1890 1536 1934 1557 ne
1955 1526 2116 1567 cogitatio
2141 1527 2222 1571 qui-

1244 1576 1323 1607 dem
1340 1581 1409 1607 tam
1424 1574 1521 1607 stulti
1537 1574 1667 1616 incepti
1683 1585 1837 1618 unquam
1851 1586 1869 1606 a
1884 1574 1985 1607 uobis
1997 1575 2040 1608 sit
2054 1584 2223 1620 suscepta.

1245 1624 1341 1657 Tum
1360 1624 1397 1655 in
1418 1630 1537 1657 nostra
1555 1622 1761 1663 Academia,
1788 1624 1876 1657 sicut
1898 1631 1931 1658 et
1954 1625 1992 1657 in
2015 1626 2110 1667 aliis,
2136 1628 2223 1660 ado-

1245 1675 1411 1707 lescentes
1446 1673 1653 1706 inferiorum
1692 1674 1819 1706 artium
1861 1686 1934 1707 non
1969 1675 2122 1719 imperiti
2159 1689 2223 1711 nec

1247 1724 1370 1767 ignari,
1398 1730 1429 1756 et
1448 1735 1528 1756 suae
1547 1724 1638 1757 vitae
1654 1735 1766 1769 neque
1784 1724 1868 1756 mali
1886 1736 1998 1770 neque
2016 1725 2223 1770 impruden-

1247 1782 1296 1808 tes
1313 1774 1573 1817 gubernatores,
1601 1774 1628 1806 si
1646 1774 1769 1806 volunt
1787 1786 1804 1807 a
1820 1775 1974 1818 privatae
1991 1776 2222 1810 institutionis

1246 1825 1380 1867 legibus
1406 1824 1528 1868 procul
1549 1831 1630 1857 sunt
1653 1824 1794 1865 remoti,
1821 1831 1853 1858 et
1879 1825 1917 1858 in
1943 1826 2117 1860 curriculo
2142 1839 2224 1861 suo-

1248 1887 1326 1908 rum
1360 1875 1557 1907 studiorum
1585 1874 1763 1907 liberrime
1794 1882 1994 1915 versantur,
2044 1877 2135 1910 nulli
2163 1885 2224 1912 aut

1248 1931 1340 1958 certo
1357 1921 1540 1958 habitandi
1557 1924 1644 1964 loco,
1670 1931 1728 1957 aut
1742 1924 1822 1967 legi,
1838 1937 1926 1970 quae
1942 1925 2105 1960 discenda
2123 1939 2224 1971 prae-

1248 1975 1391 2015 scribat,
1433 1975 1582 2016 alligati,
1623 1974 1680 2006 sed
1715 1974 1803 2015 sibi,
1853 1982 1886 2008 et
1918 1976 2078 2018 publicae
2112 1979 2225 2012 nostri

1250 2025 1434 2070 Gymnasii
1465 2025 1668 2068 disciplinae
1699 2025 1832 2062 relicti,
1869 2037 1965 2058 suam
2000 2033 2073 2058 tum
2103 2028 2223 2069 vitam,

1249 2083 1321 2108 tum
1340 2075 1496 2107 discendi
1514 2075 1697 2112 rationem,
1725 2081 1763 2107 ut
1781 2075 1915 2115 volunt,
1943 2078 2035 2120 quod
2054 2077 2224 2111 libertatis

1249 2132 1299 2158 est
1329 2125 1529 2169 proprium,
1576 2125 1776 2158 instituunt.
1849 2124 1941 2158 Hinc
1969 2126 2069 2159 facile
2102 2128 2223 2172 liquet,

1249 2187 1352 2220 quam
1374 2175 1470 2207 nulla
1488 2188 1504 2207 a
1526 2175 1628 2207 nobis
1647 2175 1691 2207 sit
1707 2172 1789 2208 huic
1811 2175 2047 2209 criminationi
2069 2178 2147 2210 data
2166 2190 2225 2211 oc-

1250 2226 1341 2258 casio
1357 2252 1366 2265 ,
1393 2233 1425 2259 et
1441 2226 1558 2258 omnia
1578 2237 1665 2269 quae
1688 2225 1821 2258 faciunt
1838 2227 1879 2258 ad
1899 2226 2058 2269 publicae
2076 2225 2224 2261 Scholae

1250 2277 1407 2315 laudem,
1449 2283 1481 2309 et
1506 2276 1729 2317 dignitatem,
1769 2287 1833 2308 nos
1853 2276 1939 2316 fide,
1978 2283 2011 2309 et
2034 2277 2226 2320 diligentia,

1250 2339 1317 2371 qua
1333 2327 1516 2366 debemus,
1542 2333 1575 2359 et
1593 2337 1774 2369 possumus
1789 2325 1890 2360 tueri.

1349 2375 1466 2408 Habes
1483 2377 1613 2419 optime
1624 2375 1747 2408 Lector
1762 2386 1878 2408 causas
1894 2375 2109 2419 disciplinae,
2131 2379 2223 2421 apud

1250 2437 1313 2458 nos
1330 2426 1365 2458 in
1383 2423 1509 2459 Schola
1525 2423 1768 2468 Pliilosophica
1792 2425 1988 2466 restitutae,
2014 2434 2047 2460 et
2063 2428 2221 2461 ordinem

1224 2514 1225 2517 Ἰ
1250 2483 1322 2509 tum
1348 2477 1516 2517 docendi,
1544 2483 1618 2509 tum
1643 2475 1817 2513 discendi,
1843 2482 1876 2508 et
1898 2477 2068 2517 rationes,
2096 2478 2224 2522 quibus

228 2547 281 2571 ter
296 2530 523 2570 conservare?
564 2529 631 2561 Hic
649 2535 785 2561 nostrae
801 2528 953 2571 privatae
970 2525 1199 2559 institutionis
1224 2533 1225 2538 ¹

1249 2526 1484 2559 adolescentes
1526 2537 1646 2570 parum
1679 2525 1766 2557 boni
1800 2525 1959 2568 impulsi,
2008 2535 2222 2570 praesentem

1250 2573 1397 2609 Scholae
1414 2583 1552 2609 nostrae
1567 2581 1692 2608 statum
1710 2575 1868 2618 improbe
1885 2576 2162 2618 calumnientur,
2190 2585 2223 2611 et

1248 2626 1420 2659 malitiose
1438 2626 1646 2666 deforment,
1672 2636 1822 2670 quorum
1840 2632 1934 2661 tanta
1951 2627 2059 2660 animi
2075 2628 2222 2669 inscitia,
