2324 2955
208 118 277 155 911

313 199 364 235 Ex
381 199 480 245 Syria
500 197 604 231 rediit
621 197 657 229 iu
675 195 831 231 Ciliciam
845 226 854 239 ,
880 211 949 244 quo
973 206 1130 246 tempore
1146 202 1182 235 in

214 252 331 286 Iconio
362 257 393 282 et
418 248 550 293 Lystris
583 247 811 281 concionatus
845 256 906 285 est.
960 249 1047 284 Inde
1080 253 1184 286 rediit

216 297 440 335 Antiochiam
460 298 496 330 in
515 296 672 342 Syriam,
699 299 792 330 unde
808 299 934 333 missus
949 306 998 333 est
1014 302 1055 333 ad
1068 301 1184 347 Syno-

215 352 296 383 ‹lum
320 347 592 392 Apostolorum,
624 348 722 380 cuius
745 349 876 382 mentio
900 350 938 383 fit
962 349 999 382 in
1016 351 1112 384 Actis
1127 364 1184 385 ca-

215 401 284 444 pite
311 396 368 432 15.
420 395 472 430 Ea
495 397 659 442 Synodus
691 397 814 431 incidit
842 399 877 431 in
900 411 1032 433 annum
1053 399 1185 435 Christi

215 447 542 494 quinquagesimum
569 446 740 491 primum,
767 449 827 492 qui
851 456 900 482 est
918 461 1029 483 annus
1044 450 1185 485 Claudii

215 510 340 531 nonus.
394 496 521 530 Annus
549 508 569 529 a
601 497 828 531 conversione
851 498 952 532 Pauli
983 501 1185 538 sedecimus.

216 547 297 581 Ideo
316 547 446 580 Paulus
468 547 604 591 inquit,
631 557 666 579 se
687 554 763 591 post
789 550 1050 592 quatuordecim
1076 563 1186 585 annos

216 609 336 631 rursus
351 596 599 641 lerosolymam
620 597 763 638 venisse,
780 605 811 631 et
828 599 877 631 ibi
897 611 973 632 cum
990 602 1186 645 praecipuis

216 648 301 680 viris
318 648 360 680 de
377 647 534 680 doctrina
552 647 792 691 colloquutum
811 660 891 684 esse.

313 695 367 731 Eo
399 704 553 740 tempore
583 697 690 729 fames
721 698 758 730 in
783 698 866 731 Asia
898 706 929 732 et
951 697 1094 744 Europa
1119 701 1187 735 suit

216 754 331 788 tanta,
359 754 397 780 ut
418 747 557 779 modius
578 756 634 779 sex
656 745 831 781 drachmis
865 757 1053 788 emeretur,
1088 751 1186 785 cuius

215 798 371 840 precium
386 796 621 828 mediocribus
635 797 737 829 annis
753 805 851 830 erant
874 806 943 832 tres
961 801 1124 841 sestertii,
1149 802 1184 834 id

216 853 283 887 est,
307 846 445 879 numuli
463 852 633 879 nostrates
650 847 775 889 viginti
798 855 958 891 quatuor.
1010 848 1096 883 Erat
1112 852 1186 894 lege

215 897 355 929 modius
379 896 491 928 tribus
513 895 697 935 sestertiis,
724 897 842 941 inquit
858 897 979 932 Cicero
1007 900 1045 932 in
1063 899 1184 934 Verri-

215 946 281 981 nis.
332 943 528 979 Drachmae
552 951 666 978 autem
691 947 846 989 precium
863 955 913 981 est
931 955 999 981 tres
1015 956 1185 984 nostrates

215 995 337 1038 grossi.
391 995 475 1028 Plus
498 995 605 1037 igitur
627 995 813 1040 quintuplo
835 999 1064 1040 superabatur
1078 1001 1187 1034 usita-

216 1052 290 1078 tum
307 1045 474 1088 precium.
503 1043 584 1076 Ideo
603 1044 639 1076 in
657 1045 868 1090 Apocalypsi
884 1048 1013 1081 dicitur
1028 1050 1071 1081 de
1087 1050 1187 1091 fame,

215 1095 251 1126 in
269 1106 336 1139 qua
359 1092 525 1132 choenix,
551 1093 648 1126 cuius
672 1096 827 1138 precium
849 1104 946 1130 erant
968 1104 1035 1130 tres
1051 1105 1188 1132 nostra-

216 1151 265 1177 tes
288 1144 444 1183 numuli,
471 1143 600 1176 valeret
617 1145 780 1185 denario,
807 1146 843 1178 id
866 1153 934 1187 est,
960 1148 1074 1180 tribus
1091 1160 1187 1190 gros-

216 1195 274 1230 sis.
325 1193 377 1227 De
413 1191 477 1226 hac
503 1193 592 1225 fame
616 1194 810 1238 loquuntur
841 1202 872 1228 et
904 1197 993 1230 liber
1017 1197 1186 1232 Actorum

216 1243 520 1288 Apostolicorum,
548 1249 581 1276 et
597 1242 786 1277 Suetonius
803 1252 835 1278 et
851 1244 956 1282 Dion,
996 1239 999 1242 ’

317 1293 400 1326 Post
416 1292 599 1336 Synodum
622 1292 751 1326 Paulus
767 1296 871 1329 rediit
888 1296 925 1328 in
944 1296 1104 1341 Lystram
1118 1325 1128 1339 ‚
1154 1306 1188 1332 et

217 1343 284 1376 sibi
302 1339 530 1375 Timotheum
547 1342 718 1383 adiunxit,
733 1355 826 1377 anno
843 1357 863 1377 a
879 1357 940 1378 sua
957 1349 1187 1381 conversione

216 1392 398 1432 sedecimo,
423 1398 455 1425 et
472 1391 610 1434 longius
626 1394 792 1435 processit
813 1395 848 1426 in
868 1394 1055 1435 Galatiam,
1073 1396 1188 1443 Phry-

215 1443 307 1486 giam
331 1449 363 1475 et
377 1441 547 1486 Mysiam,
582 1441 664 1475 inde
685 1443 820 1477 traiecit
842 1446 885 1477 ad
910 1446 1032 1479 urbem
1049 1446 1187 1492 Philip-

215 1505 295 1536 pos,
318 1504 410 1524 anno
431 1492 564 1524 decimo
582 1492 728 1535 septimo
751 1505 770 1526 a
788 1495 1027 1529 conversione.
1079 1497 1187 1531 Libe-

215 1549 310 1575 ratus
333 1554 372 1574 ex
395 1553 530 1574 carcere
554 1541 710 1575 discessit
731 1555 770 1575 ex
798 1542 973 1588 Philippis
996 1547 1039 1579 ad
1062 1548 1186 1581 urbem

215 1590 510 1631 Thessalonicen,
536 1591 598 1624 ubi
622 1603 700 1624 cum
718 1591 836 1626 Iudaei
863 1601 983 1628 contra
1003 1608 1082 1629 eum
1099 1609 1186 1630 con-

216 1642 375 1675 citassent
392 1641 571 1684 populum‚
589 1640 805 1675 aNobilibus
821 1645 982 1677 defensus
999 1652 1060 1680 est.
1097 1646 1184 1679 Inde

216 1689 370 1725 Athenas
392 1690 585 1732 navigavit,
610 1691 673 1723 ubi
695 1693 872 1734 amplexus
898 1700 947 1726 est
963 1694 1036 1726 eius
1053 1696 1184 1729 doctri-

214 1753 295 1774 nam
321 1740 530 1784 Dionysius‚
564 1739 624 1784 qui
648 1740 713 1774 suit
737 1740 886 1775 Senator
908 1741 1183 1787 Areopagiticus.

214 1790 301 1823 Inde
321 1787 533 1823 Corinthum
559 1789 673 1830 venit,
707 1802 802 1823 anno
825 1804 843 1824 a
868 1794 1098 1827 conversione
1121 1796 1182 1828 de-

215 1841 304 1873 cimo
331 1847 472 1879 octav0,
504 1839 565 1871 uhi
590 1847 823 1874 commoratus
845 1848 895 1875 est
917 1854 1050 1875 anuum
1077 1851 1109 1877 et
1125 1856 1182 1878 sex

212 1901 360 1922 menses.
414 1886 577 1922 Corinthi
600 1889 728 1933 scripta
751 1896 801 1923 est
826 1890 984 1934 Epistola
1006 1892 1110 1927 Pauli
1137 1896 1181 1928 ad

211 1938 337 1973 Roma.
355 1937 492 1971 circiter
520 1938 721 1971 vicesimum
749 1951 915 1974 annuma
942 1944 1180 1978 conversione.

212 1988 334 2023 Postea
352 2000 472 2021 rursus
492 1988 529 2020 in
544 1986 664 2021 Asiam
681 1989 867 2032 navigavit,
885 1998 918 2024 et
932 1989 1064 2035 Ephesi
1079 1994 1180 2027 bien-

212 2040 271 2072 nio
296 2046 330 2072 et
352 2039 464 2072 tribus
494 2038 673 2071 mensibus
698 2047 932 2074 commoratus
966 2048 1027 2075 est.
1079 2044 1179 2079 Adiit

213 2095 244 2122 et
277 2088 502 2128 Laodiceam,
540 2089 603 2121 ubi
635 2089 679 2121 ad
704 2088 932 2123 Timotheum
968 2092 1094 2136 scripta
1129 2101 1179 2128 est

210 2139 307 2181 prior
323 2137 492 2182 Epistola.
546 2137 699 2181 Inspexit
721 2145 754 2172 et
772 2138 976 2174 Galatarum
993 2140 1178 2181 Ecclesias.

209 2187 379 2231 Expresse
408 2188 501 2220 enim
524 2187 560 2220 in
586 2188 683 2221 Actis
711 2189 821 2233 capite
848 2190 903 2225 19.
927 2192 1074 2235 dicitur,
1114 2195 1177 2228 diu

211 2245 461 2272 commoratum
486 2249 558 2271 esse
580 2239 617 2270 in
635 2235 729 2272 Asia.
782 2238 868 2272 Inde
894 2243 1046 2275 secundo
1071 2245 1176 2279 rediit

209 2288 246 2319 iu
263 2286 440 2332 Europam
452 2314 461 2328 ,
485 2300 523 2321 ac
540 2288 577 2321 in
595 2288 680 2320 urbe
698 2286 917 2333 Philippensi
937 2292 1075 2336 scripsit
1089 2295 1173 2328 duas

207 2335 381 2380 Epistolas
396 2339 438 2371 ad
455 2335 671 2372 CorinthiOS.
723 2337 860 2373 Rursus
883 2352 922 2373 ex
936 2339 1111 2387 Philippis
1134 2345 1172 2378 in

206 2386 326 2419 Asiam
349 2388 542 2429 navigavit,
581 2400 675 2421 anno
707 2401 726 2422 a
755 2391 983 2424 conversione
1008 2394 1171 2428 vicesimo

205 2443 347 2481 quarto,
378 2444 436 2469 aut
461 2437 615 2478 circiter,
649 2451 719 2483 quo
743 2445 898 2484 tempore
919 2440 1095 2478 Neronem
1119 2451 1171 2479 te—

202 2487 318 2520 nuisse
334 2487 517 2530 imperium
529 2487 739 2529 Romanum,
754 2501 928 2524 annorum
946 2493 1034 2527 ratio
1052 2502 1170 2529 osten-

201 2538 263 2570 dit.
314 2535 499 2578 Navigatio
522 2537 558 2568 in
574 2535 739 2572 paschate
765 2538 927 2574 inchoata
954 2550 1023 2585 est,
1047 2552 1086 2579 ut
1108 2558 1168 2579 ex-

200 2598 314 2630 presse
330 2587 366 2620 in
379 2585 475 2619 Actis
492 2586 630 2625 dicitur,
658 2589 808 2622 voluisse
820 2589 968 2625 Paulum
984 2601 1063 2628 ante
1076 2595 1167 2629 Pen-

449 111 655 151 SCRIPTA
683 112 759 148 PII.
788 112 902 150 MEL.
933 112 998 149 AD
1026 114 1151 153 HIST.
1180 112 1322 152 PROF.
1349 111 1416 150 ΕΤ
1441 113 1631 153 PHlLOS.
1659 113 1978 153 SPECTANTIA.¹

2137 117 2211 153 912

1235 206 1355 244 captus
1372 205 1444 232 tota
1461 205 1587 233 aestate
1612 200 1896 236 circumducitur.
1948 200 1990 234 In
2007 198 2131 247 hyeme
2145 214 2209 235 na-

1236 250 1328 292 vigat
1344 247 1513 290 Romam,
1543 262 1620 282 cum
1644 252 1787 295 quidem
1809 251 1846 284 in
1871 250 1995 284 itinere
2019 258 2087 285 tres
2111 264 2209 285 men—

1235 310 1286 332 ses
1312 299 1478 332 ininsula
1495 297 1618 332 Melite
1641 299 1773 334 Paulus
1791 308 1825 334 et
1849 301 1995 342 caeteri,
2021 301 2082 346 qui
2104 303 2209 336 simul

1236 349 1502 392 navigaverant,
1528 351 1733 383 commorati
1750 357 1875 385 essent.

1337 430 1472 466 Romae
1497 432 1563 466 suit
1586 433 1623 465 in
1650 433 1759 467 libera
1783 434 1960 474 custodia,
1986 433 2049 467 ubi
2073 435 2210 467 adeum

1237 482 1397 515 accedere
1414 483 1516 515 multi
1536 490 1708 526 poterant.
1752 481 1798 516 Et
1814 495 1833 516 a
1849 482 1988 516 Nerone
2006 484 2210 517 interfectus

1238 539 1287 566 est
1303 543 1395 564 anno
1413 530 1545 566 Christi
1561 534 1832 576 septuagesimo,
1861 533 1920 577 qui
1937 533 2002 566 suit
2018 541 2211 577 postremus

1238 592 1351 615 annus
1371 581 1535 616 heronis.
1587 581 1634 616 Et
1660 583 1800 627 quidem
1827 589 1905 626 post
1929 594 2057 626 paucos
2077 594 2210 616 menses

1237 631 1329 665 Nero
1354 642 1425 664 sese
1452 632 1525 676 ipse
1549 632 1740 674 interfecit,
1766 644 1844 666 cum
1869 633 1981 676 pridie
2003 633 2125 675 ingens
2139 639 2210 665 ter-

1240 689 1413 714 raemotus
1443 682 1582 723 fuisset,
1610 683 1647 714 in
1670 695 1738 726 quo
1763 683 1893 726 species
1910 682 2044 715 Neroni
2063 682 2211 725 fugienti

1238 732 1419 765 obversata
1437 738 1506 773 est,
1530 732 1629 777 quasi
1646 731 1837 766 dehisceret
1862 739 1951 765 terra
1966 759 1975 773 ‚
2002 738 2033 765 et
2050 742 2211 776 erumpe-

1238 789 1316 815 rent
1338 782 1474 815 animae
1498 783 1760 816 interfectorum
1785 783 1828 815 ab
1852 782 1945 825 ipso,
1975 782 2146 825 impetum
2173 782 2210 814 in

1238 844 1317 864 eum
1343 833 1507 867 facturae.
1560 832 1611 867 Ita
1634 833 1740 866 sensit
1755 831 1847 866 Nero
1871 832 1970 866 initia
1987 839 2209 865 aeternorum

1238 882 1468 918 cruciatuum.

1340 962 1495 995 Tantum
1519 961 1588 996 fuit
1610 963 1824 996 curriculum
1839 959 1972 1003 Pauli,
2002 961 2038 995 in
2062 975 2130 1008 quo
2146 964 2211 997 bo-

1239 1024 1319 1044 nam
1340 1019 1473 1055 partem
1490 1010 1601 1044 Asiae
1617 1012 1771 1045 minoris
1788 1019 1994 1056 pervagatus
2011 1019 2059 1045 est
2071 1039 2080 1053 ,
2107 1020 2139 1047 et
2158 1014 2210 1046 bis

1239 1061 1277 1093 in
1294 1060 1472 1103 Europam
1498 1061 1613 1099 venit,
1638 1069 1823 1105 antequam
1842 1061 1993 1095 Romam
2009 1062 2132 1095 missus
2150 1070 2211 1102 est,

1239 1111 1301 1143 ubi
1325 1116 1446 1142 narrat
1467 1110 1558 1142 liber
1574 1111 1744 1144 Actorum
1760 1111 1905 1144 hiennio
1931 1123 2011 1144 eum
2039 1109 2211 1145 habitasse

1241 1160 1277 1192 in
1300 1161 1406 1192 domo
1436 1161 1618 1194 conducta.
1671 1158 1838 1194 Ostendit
1864 1167 1980 1193 autem
2012 1167 2211 1204 temporum

1240 1210 1348 1247 ratio,
1375 1209 1556 1253 aliquanto
1572 1209 1706 1243 diutins
1722 1222 1800 1243 eum
1821 1210 1869 1243 ibi
1886 1211 2003 1244 fuisse.
2041 1210 2112 1244 Nec
2127 1223 2209 1245 vero

1240 1266 1376 1293 tantum
1402 1271 1484 1292 voce
1511 1260 1641 1293 multos
1667 1261 1804 1300 docuit,
1842 1261 1902 1293 sed
1933 1261 2037 1293 etiarn
2068 1262 2211 1304 optimis

1243 1310 1379 1352 scriptis
1397 1309 1592 1342 doctrinam
1609 1308 1786 1343 Ecclesiae
1802 1310 2003 1345 illustravit.
2053 1308 2101 1344 Et
2116 1310 2211 1344 Deus

1240 1359 1313 1392 eius
1329 1359 1563 1392 ministerium
1576 1360 1839 1392 resuscitatione
1853 1366 2073 1393 mortuorum
2088 1367 2120 1394 et
2133 1361 2211 1394 aliis

1243 1409 1453 1442 testimoniis
1469 1408 1702 1443 confirmavit.
1738 1408 1832 1442 Haec
1850 1409 2005 1452 ingeniia
2019 1409 2085 1443 Dei
2101 1411 2210 1444 bene-

1239 1459 1314 1492 ficia
1331 1459 1419 1502 grati
1436 1459 1658 1499 celebremus,
1677 1467 1709 1493 et
1723 1459 1983 1492 consideremus
1999 1460 2043 1492 ad
2061 1472 2209 1504 quarum

1239 1521 1356 1542 rerum
1373 1509 1589 1543 intellectum
1609 1508 1709 1541 Pauli
1729 1510 1854 1553 scripta
1875 1509 2058 1553 praecipue
2076 1511 2210 1543 condu-

1239 1565 1318 1592 cant
1342 1571 1413 1591 non
1440 1565 1574 1591 tantum
1593 1558 1736 1591 dimicat
1752 1560 1795 1591 de
1812 1559 2037 1601 abrogatione
2054 1571 2209 1593 ceremo-

1238 1609 1398 1648 niarum,
1430 1614 1470 1641 ut
1495 1619 1574 1640 eum
1598 1606 1761 1640 monachi
1784 1608 2001 1651 interpretati
2021 1616 2122 1650 sunt,
2147 1611 2208 1643 sed

1237 1659 1433 1690 doctrinam
1463 1656 1628 1690 omnibus
1651 1658 1867 1700 temporibus
1892 1658 2118 1691 necessariam
2137 1665 2209 1692 tra-

1237 1708 1299 1741 dit.
1353 1706 1559 1739 Planissime
1575 1707 1726 1738 ostendit
1738 1707 1823 1749 legis
1840 1712 1870 1738 et
1880 1704 2065 1749 Evangelii
2084 1708 2209 1742 discri-

1235 1768 1327 1789 men.
1379 1755 1518 1798 Pugnat
1541 1756 1584 1787 de
1607 1755 1781 1788 exclusiva
1800 1752 1950 1796 Gratis,
1976 1763 2016 1790 ut
2033 1757 2208 1793 discernat

1235 1805 1501 1849 promissionem
1520 1803 1651 1846 gratiae
1665 1816 1684 1838 a
1700 1805 1786 1848 legis
1800 1805 2103 1849 promissionibus.
2132 1807 2208 1841 Do-

1234 1862 1286 1888 cet
1315 1866 1402 1900 quae
1421 1855 1491 1887 sint
1523 1854 1690 1887 beneficia
1719 1856 1860 1900 proprie
1890 1867 1952 1899 per
1974 1855 2208 1900 Evangelium

1234 1907 1375 1940 donata.
1428 1904 1616 1946 Quomodo
1647 1901 1754 1938 homo
1777 1906 1822 1939 sit
1844 1905 1954 1938 iustus
1982 1918 2098 1939 coram
2120 1906 2207 1941 Deo.

1234 1955 1423 1997 Quomodo
1447 1955 1590 1987 tollatur
1613 1962 1792 1998 peccatum
1819 1962 1853 1989 et
1878 1956 2044 1989 reddatur
2070 1957 2207 1991 iusticia

1232 2006 1451 2049 sempiterna.
1482 2003 1578 2046 Quid
1594 2004 1732 2039 intersit
1748 2006 1840 2039 inter
1862 2005 2036 2039 iusticiam
2052 2005 2206 2051 Spiritus

1232 2062 1265 2088 et
1278 2054 1458 2101 ¹iusticiam
1475 2054 1664 2097 politicam.
1688 2054 1824 2089 Harum
1841 2055 2068 2089 maximarum
2086 2069 2204 2091 rerum

1231 2106 1391 2139 doctrina
1414 2104 1578 2138 omnibus
1600 2106 1817 2149 temporibus
1839 2105 2032 2139 necessaria
2048 2106 2204 2141 illustra-

1230 2163 1288 2190 tur
1301 2168 1319 2189 a
1337 2155 1459 2196 Paulo,
1485 2154 1546 2199 qui
1563 2154 1704 2199 quidem
1719 2161 1768 2188 est
1783 2156 1903 2189 lumen
1918 2153 2203 2200 propheticarum

1229 2207 1459 2246 concionum,
1493 2211 1525 2238 et
1549 2216 1589 2238 eo
1612 2205 1701 2239 lecto
1725 2203 1921 2250 Prophetae
1944 2205 2202 2249 intelliguntur,

1227 2263 1261 2291 et
1276 2266 1464 2290 consensus
1482 2255 1694 2299 agnoscitur.

1327 2338 1432 2373 Dion
1456 2339 1594 2381 scribit,
1622 2351 1721 2373 avem
1744 2350 1832 2384 quae
1857 2336 2060 2373 nominatur
2083 2337 2200 2374 Phoe-

1224 2392 1305 2431 nix,
1332 2397 1413 2424 ante
1436 2396 1652 2434 postremum
1675 2401 1807 2423 annum
1826 2387 1963 2421 Tiberii
1980 2397 2198 2434 conspectam

1222 2442 1339 2478 fuisse.
1392 2440 1498 2483 Quod
1521 2440 1550 2473 si
1573 2452 1695 2474 verum
1718 2445 1784 2479 est,
1809 2450 1887 2471 cum
1906 2436 2064 2473 Phoenix
2079 2441 2124 2474 sit
2140 2441 2197 2484 pi-

1221 2499 1319 2526 ctura
1354 2490 1609 2526 renascentium
1634 2502 1673 2523 ex
1702 2495 1834 2529 morte,
1874 2488 2103 2531 significatum
2134 2497 2197 2532 est,

1220 2554 1260 2576 eo
1284 2549 1440 2587 tempore
1457 2535 1647 2574 Christum
1671 2551 1711 2573 ex
1731 2545 1846 2572 morte
1870 2539 2052 2581 revixisse,
2081 2547 2114 2574 et
2129 2541 2193 2573 do-

1219 2593 1366 2627 ctrinam
1380 2591 1564 2635 Evangelii
1579 2590 1714 2635 spargi,
1741 2600 1830 2635 quae
1853 2589 2012 2625 adfirmat
2033 2596 2192 2627 mortuos

196 2644 347 2672 tecosten
372 2636 619 2681 lerosolymam
644 2639 781 2681 venire,
806 2653 875 2687 quo
898 2654 977 2677 cum
1003 2647 1166 2690 venisset,
1217 2644 1409 2679 revicturos
1426 2653 1508 2678 esse·
