2324 2955
204 122 272 158 127

308 203 418 237 Vobis
439 206 552 234 autem
578 192 798 228 auditoribus
827 197 900 224 toto
929 197 1068 234 pectore
1091 196 1187 233 opto,

209 265 249 293 ut
271 257 371 289 illum
394 253 515 286 salem,
543 247 585 279 de
610 256 679 289 quo
706 242 799 274 filius
822 239 889 274 Dei
914 241 1089 284 loquitur,
1124 238 1185 272 ha-

212 307 338 343 beatis,
370 304 455 335 sicut
490 296 620 340 inquit:
658 294 781 327 Salem
813 293 975 325 retinete
1007 293 1044 324 in
1077 290 1188 330 vobis,

214 363 251 392 et
273 358 357 389 sitis
380 346 590 384 concordes.
650 342 697 376 Et
720 343 833 385 ipsum
858 341 969 373 filium
994 339 1082 379 Dei,
1117 340 1189 373 Do-

214 406 348 439 minum
379 406 539 433 nostrum
562 396 673 429 lesum
697 391 895 432 Christum,
929 390 988 435 qui
1014 397 1062 422 est
1085 387 1191 437 λόγος

216 452 347 488 aeterni
381 449 506 493 patris,
549 452 581 478 et
615 442 846 485 Evangelium
881 453 920 473 ex
955 452 1080 472 arcano
1112 442 1190 473 sinu

217 502 348 538 aeterni
374 499 480 543 patris
504 495 670 540 protulit,
697 504 777 532 01·0‚
803 498 841 524 ut
865 503 905 523 eo
929 491 1017 531 sale,
1043 487 1108 522 hoc
1133 498 1192 527 est,

218 566 256 587 ea
270 551 429 586 doctrina
446 554 479 580 et
499 544 677 590 sapientia,
703 553 804 587 quam
822 540 992 584 patefecit,
1016 546 1148 573 mentes
1162 546 1194 573 et

220 610 358 647 pectora
373 604 486 632 vestra
499 606 634 638 semper
649 593 828 636 gubernet.
879 589 975 623 Dixi.

220 767 284 802 No.
307 762 388 797 148.
1029 765 1076 783 an.
1102 754 1194 784 1555.

227 809 395 827 Μ

542 854 615 894 De
643 851 871 903 coniugio.

292 939 407 966 Prodiit:
428 934 547 968 „Oratio
563 932 594 956 de
612 929 754 962 coniugio,
773 933 882 954 auctore
895 929 964 953 Dav.
981 927 1122 960 Cliytraeo.
1149 927 1197 951 Vi-

323 974 375 998 teb.
393 971 487 996 1555.¹‘
506 969 530 994 8.
548 966 593 992 2ὶᾶ
613 965 647 998 pl.
667 977 699 982 —
736 963 837 987 Recusa
852 962 880 986 in
899 963 944 987 sel.
961 962 1081 986 Declam.
1103 962 1137 985 T.
1153 960 1199 985 lV.

326 1016 351 1040 p.
367 1005 420 1064 5Ξῖ
432 1013 506 1038 sqq„
528 1001 647 1026 Servest.
666 997 698 1024 T.
712 996 759 1022 lV.
780 1006 805 1030 p.
821 996 881 1020 478.
905 1000 929 1021 et
949 994 1076 1021 Richard.
1098 994 1130 1019 T.
1152 994 1198 1019 111.

327 1050 353 1074 p.
371 1043 403 1065 ‘to
424 1058 430 1065 .

268 1122 390 1156 Oratio
425 1115 471 1150 cle
505 1113 694 1156 coniu92'03
733 1110 895 1142 recitata
930 1118 952 1141 α
986 1105 1167 1140 Davide

592 1160 833 1205 Cltytraeo.

227 1238 324 1278 Tota
348 1238 514 1274 divinitas
537 1245 657 1268 amans
686 1232 878 1265 castitatem
910 1229 1118 1262 admiranda
1148 1239 1202 1260 sa-

228 1292 361 1338 pientia
398 1295 430 1321 et
461 1285 663 1329 gravissima
693 1281 945 1315 deliberatione
980 1278 1094 1310 statim
1126 1285 1202 1321 post

228 1341 466 1377 conditionem
483 1337 520 1367 in
537 1333 700 1366 Paradiso
715 1333 892 1363 decretum
910 1328 1001 1365 fecit,
1018 1328 1109 1369 quod
1128 1328 1203 1359 vult

228 1395 368 1426 firmum
385 1393 417 1420 et
431 1387 617 1418 immotum
634 1392 717 1420 esse,
745 1390 813 1422 quo
832 1375 984 1409 instituit
1002 1382 1034 1408 et
1057 1374 1204 1407 sancivit

229 1443 323 1476 hunc
349 1437 528 1473 ordinem,
560 1438 599 1465 ut
620 1429 780 1463 homines
803 1428 839 1459 in
863 1425 1026 1466 coniugio
1049 1424 1203 1465 legitimo

231 1498 321 1526 caste
343 1488 481 1524 vivant,
515 1488 547 1514 et
570 1481 684 1514 vitatis
718 1476 928 1510 libidinibus
952 1474 1047 1515 vagis
1067 1472 1141 1505 Deo
1167 1473 1204 1504 in

230 1540 383 1576 castitate
402 1533 572 1570 serviant,
599 1537 631 1562 et
646 1527 712 1561 hoc
728 1526 868 1558 vinculo
886 1535 993 1566 genus
1012 1520 1202 1554 humanum

232 1587 449 1625 consocietur
466 1589 498 1615 et
515 1587 605 1613 certa
625 1579 697 1620 lege
720 1581 940 1620 propagetur.
994 1571 1070 1604 Hoc
1085 1573 1204 1604 decre-

231 1650 305 1675 tum
323 1638 393 1681 ipse
411 1633 502 1666 filius
519 1630 587 1663 Dei
613 1629 647 1660 in
667 1626 830 1659 paradiso
846 1624 956 1664 dixit,
984 1634 1022 1654 ac
1047 1621 1207 1664 patefecit

233 1692 269 1723 in
287 1685 487 1721 conditione
509 1689 608 1712 sexus
630 1675 814 1714 foeminei,
841 1685 943 1717 quam
968 1672 1077 1714 ipsam
1095 1671 1206 1703 voluit

233 1738 420 1780 imaginem
437 1743 507 1765 esse
522 1728 696 1762 Ecclesiae
714 1737 753 1758 ex
777 1735 847 1757 sese
870 1721 1054 1754 nascentis.
1109 1720 1207 1753 Sicut

235 1789 327 1823 enim
355 1797 394 1818 er(
418 1782 531 1816 Adam
561 1777 757 1811 dormiente
786 1773 936 1806 sumitur
967 1777 1080 1810 costa,
1112 1771 1207 1803 unde

234 1837 434 1872 aedificatur
457 1829 548 1868 Eva,
573 1828 621 1860 sic
642 1824 796 1859 Ecclesia
821 1835 861 1855 ex
885 1822 960 1865 ipso
985 1832 1129 1863 corpore
1145 1821 1208 1852 filii

234 1888 299 1922 Dei
318 1897 380 1930 pro
398 1881 500 1915 nobis
517 1883 674 1913 mortuo,
702 1876 737 1907 id
755 1880 824 1912 est,
850 1884 889 1905 ex
907 1878 1031 1904 natura
1057 1868 1207 1903 humana

235 1949 322 1983 quae
346 1941 394 1967 est
417 1930 508 1965 socia
532 1928 595 1960 filii
612 1925 696 1965 Dei,
721 1930 754 1957 et
777 1934 838 1967 per
862 1928 1007 1954 mortem
1027 1920 1136 1964 ipsius
1154 1932 1209 1953 re-

235 1990 392 2030 dempta,
419 1980 580 2014 sumitur.
787 2022 794 2029 .
908 2021 915 2027 .
1126 2020 1134 2027 .

336 2034 454 2076 Quare
476 2028 577 2061 initio
599 2026 708 2058 filium
731 2023 797 2056 Dei
814 2021 1029 2054 cond1torem
1048 2032 1153 2053 maris
1172 2031 1210 2053 ac

235 2086 427 2121 foeminae,
454 2086 487 2112 et
508 2077 661 2121 primum
687 2080 844 2107 autorem
862 2071 1057 2103 admirandi
1081 2077 1114 2103 et
1132 2071 1209 2103 dul-

236 2134 364 2171 cissimi
390 2128 540 2164 foederis
566 2125 753 2166 coniugum
788 2128 861 2155 toto
889 2127 1028 2164 pectore
1056 2132 1136 2161 oro,
1171 2127 1211 2154 ut

237 2184 437 2227 coniugium
452 2178 574 2217 foelix,
600 2172 851 2217 tranquillum,
876 2171 1088 2203 foecundum
1106 2178 1138 2204 et
1152 2182 1211 2204 sa—

238 2238 349 2269 lutare
372 2241 498 2275 sponso
524 2233 556 2260 et
589 2234 734 2269 sponsae
758 2222 900 2255 tribuat.
960 2219 1054 2253 Haec
1077 2228 1155 2255 vota
1179 2228 1212 2254 et

238 2297 301 2330 pro
327 2281 488 2316 omnibus
512 2277 578 2321 piis
602 2273 828 2315 coniugibus,
855 2277 888 2303 et
909 2271 1094 2313 praecipue
1118 2283 1212 2304 nunc

239 2348 301 2379 pro
325 2333 421 2367 viro,
448 2327 622 2363 doctrina,
649 2324 778 2356 virtute
803 2327 837 2354 et
866 2321 954 2353 bene
978 2321 1111 2353 meritis
1133 2333 1211 2364 erga

238 2383 427 2419 Ecclesiam
451 2377 512 2411 Dei
537 2383 567 2408 et
589 2372 858 2417 Ptempublicam
883 2370 1071 2402 literariam
1094 2371 1213 2403 claris-

239 2436 345 2471 simo,
369 2430 580 2463 Tilemanuo
597 2424 722 2462 Stella,
748 2429 781 2455 et
804 2431 931 2464 sponsa
954 2420 1062 2463 ipsius
1079 2420 1212 2454 Helena

240 2483 416 2525 virgiuum
434 2479 574 2513 decore,
601 2473 733 2505 faciunt
751 2482 872 2505 omnes
887 2470 973 2503 boni
992 2476 1024 2503 et
1040 2468 1214 2503 Ecclesiae

238 2533 302 2567 Dei
332 2543 370 2564 ac
395 2529 575 2561 literarum
598 2528 770 2562 amantes,
795 2521 856 2566 qui
879 2531 975 2553 suam
998 2520 1213 2554 voluntatem

239 2592 272 2617 et
287 2576 566 2615 benevolentiam
585 2584 646 2617 per
669 2583 723 2604 me
741 2569 822 2604 huic
846 2570 1081 2604 illustrissimo
1099 2571 1215 2605 coetui

240 2634 427 2666 xoluerunt
445 2622 641 2669 significari.

892 103 1049 142 DECL.
1087 103 1160 140 DE
1198 104 1507 143 CONIUGIO.

2141 108 2210 141 128

1333 188 1409 223 Etsi
1431 195 1546 222 autem
1573 197 1667 225 tanta
1691 191 1886 235 amplitudo
1912 198 1962 226 est
1984 191 2210 225 admirandae

1238 241 1426 285 sapientiae
1450 246 1483 272 et
1498 240 1678 282 dignitatis
1701 242 1739 275 in
1763 241 1945 283 coniugio,
1968 248 2007 274 ut
2022 254 2096 274 eam
2114 241 2211 274 nulla

1238 291 1364 324 mentis
1389 287 1560 321 humanae
1589 291 1678 323 acies
1700 291 1839 334 penitus
1870 291 2115 334 introspicere,
2150 302 2213 323 nec

1239 342 1310 374 ulla
1329 339 1526 383 eloquentia
1544 340 1650 382 possit
1673 339 1873 381 exhaurire,
1896 347 2013 374 tamen
2032 339 2214 372 Floriferis

1242 398 1278 424 ut
1296 401 1375 433 apes
1392 389 1429 421 in
1446 389 1590 422 saltibus
1607 390 1724 422 omnia
1740 391 1863 429 libant,
1881 391 1998 424 omnia
2015 401 2078 422 nos
2093 389 2213 422 itidem

1242 439 1420 483 depascier
1452 451 1554 472 aurea
1587 439 1697 477 dicta,
1741 452 1843 472 aurea
1877 447 2043 483 perpetua
2080 449 2216 481 semper

1244 489 1446 533 dignissima
1463 489 1533 522 vita
1549 489 1783 529 decrevimus,
1809 496 1841 522 et
1856 497 2025 533 quantum
2050 488 2216 532 temporis

1244 539 1414 584 propositi
1431 539 1589 581 angustia
1602 539 1778 579 concedit,
1799 539 1912 571 fontes
1929 551 2028 572 verae
2043 538 2218 571 laudatio·

1246 590 1302 622 nis
1319 588 1473 630 coniugii
1491 589 1652 622 indicatis
1670 600 1786 621 rerum
1811 589 2001 632 capitibus,
2029 595 2061 621 et
2086 587 2219 631 praeci-

1248 651 1314 684 pue
1331 638 1517 680 imaginem
1535 639 1734 672 admirandi
1749 638 1900 671 foederis
1923 638 2015 671 inter
2031 635 2220 675 Christum,

1249 697 1281 722 et
1296 687 1486 722 Ecclesiam
1512 688 1549 720 in
1567 700 1685 721 amore
1706 688 1880 731 coniugali
1901 687 2115 731 propositam
2133 685 2221 718 deli-

1248 739 1417 772 babimus.
1467 737 1625 782 Cumque
1643 738 1679 769 in
1695 736 1759 770 hac
1773 738 1941 771 tenuitate
1959 749 2033 769 mea
2052 747 2122 769 non
2141 745 2222 778 pos-

1249 789 1314 821 sim
1342 787 1511 821 orationis
1539 787 1707 821 suavitate
1730 799 1768 820 ac
1794 787 1961 830 elegantia
1996 786 2222 830 politissima-

1250 850 1327 871 rum
1356 838 1493 870 aurium
1516 844 1708 870 vestrarum
1741 837 1969 880 expectationi
2001 836 2223 879 respondere,

1250 899 1390 931 operam
1408 887 1497 920 dabo
1509 914 1517 927 ,
1545 894 1583 919 ut
1599 886 1787 919 illustrium
1803 886 2039 929 exemplorum
2056 891 2090 918 et
2112 882 2224 917 histo-

1251 938 1382 970 riarum
1413 936 1763 975 commemoratione,
1802 943 1835 968 et
1861 935 2030 968 sermonis
2055 935 2224 968 brevitate

1252 987 1402 1020 taedium
1419 993 1572 1019 vestrum
1592 986 1717 1019 levem.

1354 1035 1486 1068 Indidit
1502 1035 1596 1069 Deus
1613 1036 1778 1068 omnibus
1794 1033 1937 1077 Angelis
1959 1041 1990 1067 et
2011 1031 2227 1072 hominibus,

1253 1092 1293 1119 ut
1317 1091 1528 1118 caeterarum
1548 1086 1737 1125 virtutum,
1762 1085 1808 1117 ita
1824 1084 1987 1117 castitatis
2006 1094 2144 1127 quoque
2162 1094 2227 1115 no-

1253 1135 1389 1175 ticiam,
1414 1143 1453 1168 ut
1468 1146 1712 1178 agnoscamuS,
1738 1134 1849 1178 qualis
1866 1134 1910 1166 sit
1927 1134 2009 1177 ipse,
2038 1139 2071 1165 et
2087 1133 2122 1164 in
2140 1143 2228 1176 quo-

1254 1185 1386 1217 tidiana
1410 1185 1633 1217 invocatione
1651 1197 1728 1216 eum
1750 1196 1769 1216 a
1789 1184 1923 1215 naturis
1941 1182 2040 1215 malis
2063 1188 2095 1214 et
2112 1181 2230 1224 impu-

1255 1234 1352 1273 dicis,
1377 1246 1415 1266 ac
1433 1234 1625 1266 immundis
1642 1246 1660 1266 a
1676 1233 1826 1265 diabolis
1844 1239 1877 1265 et
1895 1231 2146 1265 commenticiis
2162 1242 2229 1263 nu-

1256 1284 1411 1316 minibus
1444 1284 1674 1316 attributione
1704 1283 1874 1315 virtutum
1909 1282 2164 1320 discernamus,
2198 1286 2231 1312 et

1255 1344 1334 1364 cum
1359 1331 1467 1374 ipsius
1489 1331 1658 1374 sapientia
1679 1336 1712 1362 et
1735 1332 1934 1367 voluntate,
1960 1331 2058 1362 cuius
2080 1329 2169 1362 radii
2194 1330 2232 1361 in

1257 1386 1388 1413 mentes
1412 1386 1547 1413 nostras
1572 1379 1737 1413 transfusi
1761 1385 1861 1418 sunt,
1888 1390 2132 1420 congruamus,
2184 1376 2232 1411 Ut

1256 1429 1362 1471 igitur
1380 1429 1548 1470 agnoscis,
1572 1436 1605 1461 et
1620 1429 1759 1460 invocas
1776 1428 1888 1461 Deum
1906 1428 2108 1470 sapientem,
2133 1439 2233 1460 vera-

1256 1489 1348 1516 cem,
1374 1478 1523 1515 iustum‚
1551 1478 1760 1514 beneficum,
1787 1476 2064 1516 misericordem,
2092 1477 2232 1509 liberri-

1257 1539 1373 1566 mum,
1399 1527 1459 1571 qui
1484 1538 1518 1559 se
1543 1527 1703 1570 patefecit
1730 1526 1849 1566 talem,
1875 1526 2047 1569 insculpta
2067 1527 2121 1559 sui
2145 1527 2233 1559 ima-

1258 1577 1336 1619 gine
1351 1576 1388 1608 in
1410 1584 1540 1609 mentes
1563 1583 1716 1613 nostras,
1744 1583 1776 1608 et
1794 1575 1831 1607 in
1851 1576 1957 1607 verbo
1982 1587 2061 1615 suo,
2089 1582 2121 1608 et
2140 1574 2232 1609 hunc

1258 1638 1368 1659 unum
1393 1638 1512 1659 verum
1534 1625 1648 1658 Deum
1672 1626 1715 1657 ab
1736 1625 1900 1657 omnihus
1924 1625 2001 1657 aliis
2027 1626 2161 1657 naturis
2181 1637 2234 1657 se·-

1258 1687 1392 1718 gregas:
1420 1676 1467 1708 ita
1491 1683 1622 1708 castum
1646 1687 1784 1720 quoqne
1800 1673 1912 1708 Deum
1935 1681 2024 1707 casta
2049 1682 2082 1708 et
2105 1675 2234 1718 impol-

1260 1727 1330 1758 luta
1355 1731 1470 1758 mente
1494 1725 1721 1767 compellato,
1757 1736 1906 1769 eumque
1935 1721 1999 1757 hac
2024 1725 2234 1768 proprietate

1259 1788 1277 1808 a
1303 1775 1451 1808 diabolis
1474 1775 1607 1818 spurcis
1628 1781 1660 1807 et
1690 1775 1898 1813 immundis,
1934 1774 1995 1818 qui
2024 1775 2234 1807 imbecillam

1261 1823 1445 1858 hominum
1475 1833 1634 1857 naturam
1670 1826 1711 1857 ad
1747 1824 1950 1867 spurciciem
1985 1832 2018 1857 et
2045 1825 2235 1858 libidinum

1261 1875 1482 1908 confusiones
1507 1874 1711 1918 impellunt,
1739 1874 1946 1913 discernito,
1972 1885 2010 1906 ac
2027 1881 2064 1907 ut
2089 1875 2123 1906 in
2146 1875 2236 1907 veri—

1261 1931 1347 1964 tate,
1382 1925 1536 1963 iusticia,
1572 1924 1795 1957 beneficentia
1820 1931 1853 1957 et
1883 1923 2024 1957 caeteris
2049 1924 2237 1957 virtutibus

1262 1975 1378 2008 studes
1401 1986 1479 2006 cum
1504 1974 1682 2006 voluntate
1705 1973 1769 2007 Dei
1797 1974 2002 2013 convenire,
2030 1974 2074 2006 ita
2098 1974 2236 2007 castita-

1262 2031 1330 2057 tem
1349 2036 1488 2068 quoque
1505 2036 1688 2066 cognoscas
1705 2031 1736 2057 et
1751 2035 1861 2062 ames,
1886 2032 1989 2068 quam
2007 2023 2140 2066 legibus
2153 2036 2236 2057 con-

1263 2074 1350 2117 iugii
1366 2073 1460 2106 Deus
1480 2075 1634 2106 sancivit.

1362 2121 1424 2157 Est
1448 2124 1540 2156 enim
1561 2124 1698 2157 castitas
1716 2123 1769 2156 vel
1786 2123 1821 2155 in
1840 2123 1972 2155 coelibe
1988 2122 2058 2155 vita
2077 2122 2150 2155 sine
2166 2123 2237 2156 ulla

1264 2173 1509 2207 commixtione
1545 2181 1577 2207 et
1609 2173 1905 2206 contaminatione
1945 2172 2119 2215 corporis,
2162 2173 2237 2205 sine

1264 2224 1412 2257 flammis
1429 2224 1639 2260 libidinum,
1666 2224 1740 2257 sine
1763 2221 1947 2266 impudicis
1969 2222 2238 2264 cogitationibus

1264 2285 1391 2318 purum
1414 2282 1447 2307 et
1469 2276 1641 2306 mundum
1658 2274 1791 2312 vivere,
1817 2272 1871 2303 vel
1891 2272 1981 2313 leges
2004 2272 2156 2314 coniugii
2171 2272 2238 2304 mi-

1265 2325 1375 2357 rando
1392 2323 1456 2357 Dei
1473 2324 1621 2357 consilio
1639 2324 1814 2356 institutas
1829 2332 1982 2360 servare,
2011 2329 2043 2356 et
2060 2322 2150 2355 intra
2166 2334 2238 2354 me-

1265 2382 1337 2412 tas,
1364 2385 1449 2416 quas
1466 2375 1628 2417 coniugio
1644 2372 1739 2407 Deus
1753 2371 1999 2411 circumdedit,
2026 2383 2177 2405 manere.

1360 2422 1407 2457 Ut
1431 2431 1547 2457 autem
1564 2424 1656 2457 solae
1676 2422 1830 2464 anglicae
1846 2422 1988 2454 naturae
2004 2428 2036 2455 et
2052 2422 2238 2455 immatura

1266 2479 1376 2513 aetas,
1402 2480 1436 2507 et
1451 2474 1561 2518 aliqui
1586 2473 1757 2517 peculiare
1773 2472 1906 2504 donum
1931 2469 2098 2512 habentes
2114 2471 2150 2503 in
2168 2472 2237 2505 vita

1267 2523 1399 2556 coelibe
1415 2523 1488 2557 Deo
1514 2524 1688 2563 serviunt,
1713 2522 1760 2555 ita
1784 2521 2000 2554 severissimo
2021 2521 2184 2554 mandato
2207 2529 2240 2555 et

1267 2573 1491 2607 ordinatione
1514 2573 1600 2612 Dei,
1626 2578 1777 2606 caeteros
1800 2582 1938 2611 omnes,
1965 2571 2034 2603 nisi
2056 2570 2144 2603 iram
2163 2570 2240 2611 Dei,

1268 2623 1488 2657 amissionem
1511 2622 1640 2666 gratiae
1655 2621 1721 2656 Dei
1743 2628 1776 2656 et
1797 2621 1889 2655 vitae
1911 2628 2087 2661 aeternae,
2111 2632 2240 2665 poenas
