2324 2955
128 85 199 121 861

126 167 280 208 char-ias,
321 164 523 207 Elisabeth,
566 164 693 207 Anna,
728 164 865 208 Maria,
900 163 1046 210 Ioseph,
1079 172 1112 199 et
1136 168 1139 181 ‘

126 219 187 252 alii
211 218 333 259 multi,
357 219 465 251 alieni
489 230 506 250 a
530 217 769 251 deliramentis
786 215 1056 251 Pharisaeorum
1077 222 1112 249 et

125 269 435 310 Zaddumeorum,
457 280 495 301 ac
518 267 706 300 retinentes
723 265 961 312 propheticam
978 266 1111 300 doctri-
1135 295 1136 298 ,

125 331 207 353 nam
224 319 299 353 sine
315 318 533 363 corruptelis,
560 318 646 351 sicut
658 316 777 352 Esaias
793 319 921 364 inquit,
948 316 1108 360 Obsigna

125 370 237 413 legem
261 370 299 403 in
320 369 501 413 discipulis
523 368 624 402 meis:
659 369 706 403 ita
730 381 824 402 nunc
848 380 988 415 quoque
1011 368 1110 402 Deus

125 421 296 454 immensa
307 420 464 454 bonitate
475 419 641 465 reliquias
650 416 826 453 Ecclesiae
837 426 961 460 servat,
985 430 1109 461 agmen

125 470 307 513 exiguum,
338 471 433 516 quod
464 470 592 504 retinet
614 470 903 512 fundamentum,
936 476 970 504 et
993 468 1108 503 Deum

123 527 215 554 recte
236 520 397 561 invocat,
424 527 457 554 et
477 521 567 564 sugit
590 520 703 561 idola,
728 533 808 554 cum
831 521 965 555 interea
985 520 1108 563 ingens

123 571 315 606 multitudo
336 571 380 605 sit
398 570 663 605 defendentium
682 571 796 613 idola,
823 578 856 605 et
873 569 1029 605 hostium
1044 570 1108 603 do-

123 621 257 655 ctrinae
282 620 507 667 propheticae
529 629 563 655 et
585 622 813 665 apostolicae,
839 622 900 667 qui
924 627 1007 655 sunt
1028 631 1108 664 par-

123 671 255 705 ricidae
275 673 516 705 membrorum
538 669 690 713 Christi,
715 673 895 711 videlicet,
922 669 1107 705 Mahome-

122 721 204 763 tici,
236 721 348 766 Papa,
375 720 547 756 Monachi
571 729 603 756 et
625 734 745 756 eorum
770 723 954 763 satellites,
980 728 1014 756 et
1035 727 1106 754 tota

121 771 187 806 ista
203 772 372 806 colluvies
387 773 650 807 defendentium
666 773 770 807 idola.
823 773 975 807 Monent
991 778 1106 806 autem

124 822 186 856 illa
216 829 332 857 vetera
361 824 537 867 exempla,
571 831 611 858 ut
643 824 680 856 in
704 824 809 858 tantis
833 823 989 857 dissidiis
1013 829 1105 856 certo

122 879 334 915 statuamus,
368 874 499 908 servari
532 881 649 908 tamen
674 881 811 908 coetum
838 874 1013 918 aliquem,
1044 871 1105 917 qui

121 929 172 957 est
195 935 275 957 vera
291 922 447 958 Ecclesia
464 923 547 965 Dei,
573 931 607 958 et
627 931 665 957 ut
688 924 864 968 sapienter
885 933 1106 968 quaeramuS,

121 985 211 1018 quae
234 981 268 1008 et
292 975 354 1008 ubi
378 975 422 1008 sit
447 975 507 1007 illa
530 985 610 1007 vera
632 972 789 1007 Ecclesia
806 972 890 1014 Dei,
917 980 950 1007 et
972 984 1037 1006 nos
1062 973 1103 1005 ad

120 1035 196 1056 eam
218 1025 469 1067 adiungamus,
496 1024 586 1058 sicut
609 1024 778 1068 scriptum
802 1030 867 1057 est:
894 1021 991 1056 Oves
1009 1035 1106 1056 meae

119 1085 242 1107 vocem
264 1086 377 1108 meam
400 1075 564 1108 audiunt.
628 1073 716 1108 Item
741 1073 879 1107 Psalmo
896 1073 969 1106 83.:
1006 1073 1105 1106 Beati

121 1124 183 1169 qui
205 1121 368 1158 habitant
389 1125 427 1157 in
451 1126 557 1158 domo
581 1131 641 1157 tua
664 1124 830 1158 Domine.
894 1122 981 1158 Item
1006 1123 1106 1156 Psal-

120 1187 178 1208 mo
195 1174 271 1210 91.:
300 1174 453 1209 Plantati
477 1175 514 1207 in
538 1176 643 1208 domo
668 1173 833 1216 Domini,
861 1174 898 1207 in
921 1174 1019 1207 atriis
1042 1174 1106 1207 do-

119 1237 197 1259 mus
213 1224 281 1260 Dei
296 1225 410 1260 nostri
424 1226 614 1259 florebunt.

239 1361 388 1406 Reges
413 1369 468 1393 ex
489 1355 688 1404 familia
716 1358 986 1394 Macabaea.

222 1447 336 1482 Filius
360 1446 502 1483 Ioannis
520 1446 665 1481 Ilircani
686 1448 751 1482 fuit
770 1446 1017 1490 Aristobulus,
1045 1447 1105 1492 qui

121 1511 156 1534 se
179 1510 294 1545 regem
320 1498 519 1532 nominavit
547 1498 682 1542 primus
705 1505 783 1542 post
808 1499 960 1532 reditum
979 1511 1019 1532 ex
1037 1498 1106 1531 Ba-

120 1550 269 1596 bylone,
295 1550 426 1583 oblitus
449 1549 638 1582 modestiae
659 1548 818 1592 priorum
842 1550 982 1582 ducum.
1035 1548 1104 1582 Sed

120 1600 219 1634 dedit
240 1611 370 1644 poenas
392 1599 588 1642 superbiae,
643 1598 724 1632 Non
748 1599 842 1631 enim
860 1599 995 1632 diutius
1011 1610 1105 1632 anno

121 1650 290 1694 regnavit.
343 1648 520 1683 Interfecit
534 1649 678 1683 fratrem
691 1648 911 1692 Antigonum
928 1655 1106 1692 praestan-

121 1709 192 1736 tem
226 1700 360 1737 virum,
397 1699 483 1731 salso
515 1700 713 1743 suspicans,
747 1711 827 1733 eum
856 1705 1019 1743 appetere
1051 1711 1104 1731 re-

122 1763 243 1796 gnum.
298 1748 476 1783 Interfecit
497 1754 530 1781 et
554 1755 720 1789 matrem,
752 1761 771 1782 a
795 1762 863 1793 qua
885 1749 1106 1782 existimabat

122 1800 284 1836 adiuvari
308 1798 538 1842 Antigonum.
607 1798 732 1831 Postea
762 1811 840 1831 cum
871 1800 994 1831 dolore
1020 1811 1104 1832 con-

123 1851 288 1886 scientiae
313 1851 350 1884 in
375 1849 508 1892 magnis
533 1848 745 1882 cruciatibus
767 1855 872 1889 esset,
900 1849 999 1882 iussit
1019 1861 1053 1882 se
1070 1849 1105 1881 in

124 1903 242 1936 locum
265 1902 439 1935 fraternae
457 1900 552 1933 necis
569 1899 714 1943 gestari,
742 1899 789 1930 ibi
807 1911 949 1932 vomens
965 1899 1106 1941 saugui-

124 1965 205 1986 nem
228 1958 386 1986 mortuus
409 1957 470 1985 est.
522 1949 618 1983 Ilaec
640 1947 826 1982 horribilia
844 1949 971 1982 scelera
990 1950 1024 1981 in
1043 1962 1106 1993 po-

124 2004 209 2048 pulo
229 2003 298 2037 Dei
318 2003 474 2036 fecerunt
501 2000 696 2046 principes,
721 2000 794 2032 nati
821 2011 860 2032 ex
878 1999 963 2032 viris
981 2000 1108 2034 sanctis

126 2061 161 2088 et
189 2053 319 2098 optime
346 2052 493 2088 meritis,
560 2051 665 2085 Tales
696 2050 909 2084 calamitates
943 2050 1108 2094 postremi

125 2104 293 2149 temporis
324 2102 603 2141 consideremus,
642 2108 676 2134 et
705 2108 863 2145 petamus
895 2112 959 2134 nos
989 2101 1060 2145 regi
1090 2113 1108 2134 a

124 2154 219 2196 Deo,
245 2161 278 2188 et
296 2153 427 2188 servari
447 2164 546 2186 verae
564 2151 739 2185 Ecclesiae
757 2152 934 2198 reliquias.

229 2230 414 2265 Secundus
445 2241 503 2262 rex
538 2226 738 2262 Alexander
762 2227 924 2262 lamneus
953 2228 1111 2271 regnavit

128 2288 239 2316 annos
251 2281 375 2325 viginti
390 2286 533 2325 septem,
559 2279 652 2312 filius
669 2278 816 2313 Hircani
832 2280 1000 2312 minimus
1016 2286 1109 2312 natu.

130 2333 206 2367 Sub
229 2344 269 2365 eo
286 2331 483 2366 tristissima
501 2330 616 2363 clades
630 2336 768 2373 accepta
787 2337 857 2370 est,
885 2330 920 2362 in
941 2341 1008 2374 qua
1027 2328 1111 2362 Pto-

130 2384 282 2417 lemaeus
290 2381 463 2428 Lamyrus
477 2380 665 2415 trucidavit
679 2380 823 2423 triginta
839 2380 951 2413 millia
965 2379 1111 2413 ludaeo-

130 2445 230 2472 rum,
271 2439 304 2466 et
337 2432 492 2475 captivos
524 2432 788 2465 interfectorum
823 2431 988 2464 carnibus
1021 2431 1111 2464 vesci

131 2484 257 2528 coegit.
318 2481 466 2527 Propter
496 2482 685 2516 seditiones
714 2488 825 2515 motas
857 2493 876 2514 a
904 2479 1113 2522 pharisaeis,

133 2535 193 2579 qui
218 2533 314 2577 regio
337 2533 475 2567 nomini
497 2533 790 2573 adversabantur,
818 2532 946 2565 occidit
968 2532 1041 2576 ipse
1057 2543 1113 2565 sex

134 2585 246 2618 millia
262 2585 487 2618 Iudaeorum.
539 2582 662 2617 Postea
683 2584 814 2617 bellum
835 2582 939 2627 gessit
956 2582 1115 2617 foelicius

135 2642 256 2669 contra
275 2634 422 2675 Arabes,

822 81 850 117 Ι.
892 78 1184 116 CHRONICON
1212 79 1458 118 CARIONIS.

2083 97 2155 132 862

1267 165 1439 201 Successit
1449 167 1651 203 Alexandro
1664 171 1817 206 coniunx
1829 172 2042 219 Alexandra,
2061 192 2149 224 quae

1163 221 1194 248 et
1206 214 1345 250 Salome
1362 219 1574 255 nominatur.
1631 220 1854 258 Gubernatio
1870 226 1943 260 eius
1956 231 2147 275 tranquilla

1160 266 1247 306 fuit,
1276 268 1357 312 quia
1381 270 1565 303 adiunctos
1591 268 1716 306 habuit
1740 272 1965 316 Pharisaeos,
1994 292 2144 324 quorum

1160 317 1307 350 consilio
1334 317 1606 364 Rempublicam
1637 323 1907 363 administravit.

1159 377 1270 401 annos
1291 380 1430 402 novem.

1968 328 2144 373 Regnavit

1260 426 1454 460 Alexandri
1494 429 1556 462 filii
1597 431 1668 464 duo
1698 432 1858 468 fuerunt:
1902 435 2078 473 Hircanus
2110 448 2142 475 et

1158 474 1396 510 Aristobulus.
1457 478 1534 512 Etsi
1564 487 1678 513 autem
1705 481 1881 518 Hircanus
1914 489 2025 521 maior
2056 498 2141 524 natu

1159 533 1251 567 erat,
1278 534 1395 561 tamen
1412 526 1637 563 Aristobulus
1658 533 1804 567 collecto
1824 537 1975 570 exercitu
1994 551 2140 581 regnum

1158 576 1307 618 invasit,
1332 577 1446 612 adhuc
1470 580 1612 614 vivente
1637 589 1757 617 matre.
1810 585 2057 623 Defenderunt
2078 603 2139 624 au-

1157 633 1225 661 tem
1248 626 1444 662 Hircanum
1470 630 1573 663 initio
1591 632 1778 676 Antipater
1791 633 1978 670 Idumaeus
2001 647 2033 672 et
2051 640 2139 674 Are-

1157 684 1207 711 tas
1232 690 1291 711 rex
1317 679 1488 715 Arabum.
1555 680 1678 715 Postea
1704 695 1782 716 cum
1805 685 1957 720 Scaurus
1982 687 2138 734 Pompeii

1157 728 1289 770 legatus
1319 737 1504 774 corruptus
1536 733 1685 774 pecunia
1716 733 1852 769 iuvaret
1884 736 2141 780 Aristobulum‚

1156 779 1251 812 misit
1273 786 1305 813 et
1323 779 1499 814 Ilircanus
1526 781 1598 824 ipse
1616 783 1745 825 legatos
1763 787 1804 817 ad
1825 785 2053 831 Pompeium,
2081 792 2139 835 qui

1157 830 1296 871 cognito
1336 831 1405 864 iam
1437 832 1577 873 negotio
1609 832 1858 880 lerosolymam
1888 840 2029 873 accessit
2061 853 2140 873 cuni

1156 880 1325 920 exercitu,
1362 888 1395 914 et
1426 883 1513 914 urhe
1542 891 1709 927 occupata
1742 886 1779 918 in
1805 886 1959 922 Sabbato
1995 892 2139 923 tradidit

1157 928 1312 962 Hircano
1334 932 1627 972 gubernationem
1647 940 1681 967 et
1699 946 1874 970 summum
1896 941 2140 977 sacerdotium.

1156 987 1188 1013 et
1214 980 1360 1014 abduxit
1383 980 1532 1015 Romam
1559 983 1715 1026 captivos
1739 985 1985 1022 Aristobulum
2009 998 2041 1024 et
2067 993 2142 1025 eius

1155 1030 1246 1063 filios
1263 1029 1505 1064 Alexandrum
1523 1039 1554 1065 et
1571 1031 1805 1076 Antigonum.

1259 1088 1298 1121 ln
1317 1087 1371 1122 his
1387 1089 1620 1123 seditionibus
1636 1098 1668 1124 et
1686 1092 1835 1126 fratrum
1855 1097 2053 1138 parricidiis
2070 1112 2140 1131 uon

1157 1139 1271 1171 solum
1296 1139 1481 1184 disciplina
1503 1139 1663 1181 Iudaica,
1691 1144 1749 1175 sed
1770 1144 1872 1176 etiam
1891 1147 2050 1181 doctrina
2068 1161 2142 1182 m:-

1157 1189 1206 1231 gis
1229 1190 1379 1223 extincta
1400 1190 1478 1223 suit.
1532 1190 1602 1223 Nec
1620 1192 1698 1225 finis
1717 1193 1783 1227 fuit
1801 1196 1870 1228 don
1887 1197 2070 1232 esticarum
2089 1211 2142 1233 se-

1158 1240 1354 1279 ditionum,
1388 1241 1500 1273 donec
1526 1240 1652 1274 Iudaea
1684 1244 1821 1276 redacta
1854 1254 1904 1280 cst
1932 1247 1969 1281 in
1993 1250 2142 1283 formam

1160 1290 1369 1334 provinciae.
1424 1290 1477 1324 lbi
1502 1303 1704 1337 quanquam
1724 1296 1897 1338 peregrini
1916 1296 2143 1341 Magistratus

1157 1341 1442 1381 dominarentur,
1476 1348 1592 1375 tamen
1615 1355 1775 1377 concessa
1798 1353 1848 1380 est
1873 1345 2010 1381 Iudaeis
2033 1349 2143 1384 αὐτο-

1157 1388 1270 1434 νομία
1294 1391 1330 1423 in
1355 1391 1515 1424 doctrina
1538 1398 1571 1424 et
1594 1393 1767 1434 cultibus,
1794 1402 1826 1429 et
1844 1398 2028 1432 mediocris
2046 1406 2142 1433 trau-

1157 1441 1314 1485 quillitas
1329 1442 1414 1482 fuit,
1439 1454 1483 1475 ne
1496 1440 1652 1476 Ecclesia
1668 1444 1828 1479 funditus
1847 1448 2115 1492 extingueretur.

1259 1506 1461 1542 Alexander
1499 1522 1579 1543 cum
1617 1517 1715 1554 patre
1746 1510 1953 1548 Aristobulo
1986 1518 2143 1561 captivus

1158 1570 1237 1592 cum
1259 1557 1412 1592 Romam
1438 1561 1643 1602 duceretur,
1671 1562 1707 1594 in
1731 1560 1854 1595 Cilicia
1879 1565 2015 1609 elapsus
2039 1568 2144 1602 rediit

1159 1609 1195 1641 in
1212 1608 1395 1648 Iudaeam,
1423 1617 1456 1643 et
1475 1618 1642 1655 occupata
1660 1619 1755 1655 parte
1774 1612 1931 1648 Galileae
1950 1628 1968 1648 a
1987 1617 2143 1650 Gabinio

1159 1666 1278 1701 captus
1309 1666 1368 1690 est.
1429 1659 1552 1693 Postea
1584 1668 1740 1705 tempore
1772 1663 1858 1696 belli
1891 1666 2005 1699 civilis
2037 1667 2144 1702 Pom-

1160 1708 1297 1751 peiani,
1329 1708 1410 1752 quia
1443 1710 1630 1743 seditiones
1663 1712 1895 1754 moliebatur,
1928 1728 1946 1748 a
1978 1716 2143 1761 Scipione

1158 1758 1319 1803 Pompeii
1337 1771 1455 1792 socero
1474 1757 1687 1794 Antiochiae
1704 1763 1816 1795 securi
1834 1776 2016 1807 percussus
2035 1775 2093 1802 est.

1260 1816 1463 1859 Antigonus
1491 1831 1509 1851 a
1536 1818 1625 1852 Iulio
1650 1827 1728 1864 post
1751 1821 1883 1855 bellum
1910 1824 2012 1857 civile
2038 1825 2144 1859 Pom-

1159 1867 1324 1911 peianum
1343 1868 1526 1909 dimissus,
1553 1867 1766 1905 Parthorum
1787 1872 1925 1906 auxiliis
1942 1886 2145 1919 recuperare

1162 1917 1324 1950 [udaeam
1350 1926 1495 1952 conatus
1517 1927 1587 1957 est,
1612 1921 1814 1963 praesertim
1837 1930 1976 1957 mortuo
1994 1926 2144 1970 Antipa-

1161 1975 1234 2007 tro,
1261 1980 1339 2000 cum
1361 1967 1481 2001 ludaei
1505 1970 1650 2003 mallent
1675 1971 1741 2014 ipsi
1767 1983 1905 2015 parere,
1934 1987 2038 2019 quam
2063 1977 2144 2010 filiis

1162 2018 1352 2060 Antipatri.
1419 2018 1465 2052 Et
1497 2030 1599 2052 senex
1624 2019 1818 2062 l‘lircauus,
1851 2031 1996 2066 patruus
2024 2026 2144 2069 ipsius,

1161 2081 1320 2102 summus
1349 2070 1529 2108 sacerdos,
1562 2071 1606 2103 ab
1632 2083 1672 2104 eo
1697 2079 1816 2115 captus
1843 2081 1875 2107 et
1901 2074 1938 2108 in
1966 2075 2143 2110 Parthiam

1161 2120 1333 2152 abductus
1356 2127 1423 2160 est,
1458 2121 1621 2164 praecisis
1645 2123 1801 2158 auribus,
1863 2123 1967 2158 Hunc
1996 2127 2144 2170 Antigo-

1162 2181 1247 2203 num
1278 2170 1380 2204 tertio
1413 2182 1507 2204 anno
1543 2178 1726 2216 postquam
1755 2172 1914 2207 Herodes
1946 2188 2002 2208 rex
2035 2178 2144 2211 faetus

1162 2226 1254 2261 erat,
1290 2221 1468 2255 Antonius
1495 2222 1634 2266 capitali
1659 2224 1831 2267 supplicio
1854 2225 1978 2259 affecit.
2031 2226 2144 2261 Hero-

1162 2272 1222 2305 des
1244 2279 1360 2305 autem
1382 2271 1598 2311 llircanum,
1633 2281 1796 2315 patruum
1821 2275 2008 2318 Antigoni,
2043 2290 2143 2311 revo-

1162 2328 1276 2356 catum
1296 2334 1336 2355 ex
1354 2320 1518 2362 Parthia,
1546 2323 1718 2357 interfecit
1736 2327 2008 2367 octogenarium.

1264 2380 1332 2414 llic
1350 2380 1460 2414 tristis
1478 2380 1589 2414 exitus
1606 2381 1672 2415 fuit
1690 2381 1842 2416 familiae
1860 2383 2144 2429 Macabaeorum,

1163 2443 1251 2477 quos
1267 2429 1363 2464 Deus
1386 2439 1573 2464 ornaverat
1598 2432 1731 2474 ingenti
1757 2433 1877 2476 gloria.
1930 2434 1982 2470 Ex
2005 2435 2057 2470 his
2077 2440 2144 2472 orti

1163 2489 1306 2526 nepotes
1334 2482 1425 2514 inter
1451 2492 1523 2514 sese
1548 2479 1760 2515 horrendam
1784 2484 1958 2518 lanienam
1984 2499 2143 2521 exercue-

1164 2540 1259 2573 runt,
1285 2532 1485 2576 peregrinas
1500 2539 1618 2575 gentes
1635 2539 1862 2577 attraxerunt,
1889 2543 1919 2569 et
1940 2538 2144 2576 doctrinam,

1166 2585 1256 2626 leges
1287 2590 1319 2617 et
1347 2582 1572 2626 disciplinam
1597 2584 1729 2627 patriae
1754 2585 1853 2619 valde
1880 2587 2141 2621 labefactarunt.

1166 2633 1330 2676 Quorum
1354 2630 1498 2667 historia
1523 2634 1638 2676 imago
1660 2641 1709 2668 est
1731 2638 1897 2680 postremi
1926 2639 2090 2680 temporis
2107 2640 2143 2670 in

1549 2682 1624 2718 55*
