2324 2955
123 119 193 154 261

227 201 373 237 Constat
390 203 483 235 enim
506 200 737 236 lamblichum
764 211 859 236 metu
874 202 1001 236 Iuliani
1021 214 1106 246 apo-

121 260 229 288 statae
245 261 394 288 mortem
418 253 485 286 sibi
504 253 570 297 ipsi
589 254 816 294 conscivisse,
840 266 919 288 cum
936 253 1106 298 inquisito

120 306 184 349 τῆς
199 301 553 351 ἀλεκτρυομαντείας
571 305 764 348 praestigiis
784 304 911 338 Iuliani
930 315 1106 338 successo-

122 367 159 388 re
174 380 183 394 ‚
211 362 244 389 et
259 355 384 388 mutilo
401 355 545 388 nomine
561 356 717 389 consecto
735 355 982 399 Imperatorem
1005 356 1104 388 dcce—

121 406 244 450 pisset,
271 406 490 438 dubitantem
518 403 748 447 Theodotus,
783 419 826 439 ne
851 407 907 439 vel
935 404 1103 439 Theodo-

123 467 195 497 rus,
214 456 269 489 vel
286 454 511 489 Theodosius
526 458 569 489 ad
590 457 778 501 imperium
798 464 991 490 vocaretur.
1019 455 1104 490 Col-

120 507 226 551 lapsis
253 518 335 539 vero
358 513 435 551 post.
463 505 704 541 Antoniorum
730 507 919 551 imperium
939 505 1101 545 Athenis,

118 569 271 603 quorum
287 564 404 591 secuto
426 570 514 602 pene
532 558 673 591 ultimas
690 564 852 591 naturam
870 559 1102 602 periclitatam

118 608 225 642 fuisse
252 608 343 641 vires
369 609 406 641 in
425 609 596 641 bonarum
621 609 749 642 artium
768 610 903 643 cultura
921 615 1026 654 atque
1043 621 1101 641 or-

118 666 202 693 natu
218 659 390 699 existimo,
407 660 591 692 ettandem
603 660 728 693 deletis
739 660 965 694 Sarracenico
982 661 1101 692 surore

119 710 155 742 in
173 708 330 755 Aegypto
349 708 584 749 Alexandria,
613 710 648 743 in
665 718 859 754 pervastata
877 710 959 744 Asia
978 710 1101 751 Tarso,

117 767 149 793 et
174 761 356 805 aliquanto
379 767 460 794 ante
491 758 680 794 Antiochia
706 774 723 794 a
754 761 913 795 Valentis
945 761 1099 794 exercitu

117 817 255 851 exusta,
277 811 314 843 in
340 823 407 856 qua
433 823 551 844 recens
574 812 688 845 studia
722 813 901 845 literarum
934 810 1098 845 inchoata

115 862 272 902 fuerant,
308 868 339 895 et
367 862 503 896 collecti
536 863 711 896 bonorum
743 863 915 896 librorum
945 861 1099 896 thesauri

115 924 188 945 non
215 914 482 953 contemnendi,
517 926 604 958 qnae
629 911 745 946 adhuc
770 921 1009 946 remanserant
1034 914 1099 946 ali-

115 963 196 996 cubi
217 963 253 995 in
278 961 380 1004 Asia,
408 963 556 997 Graecia
582 971 615 997 et
635 964 731 998 ltalia
756 965 870 998 studia
889 963 1098 1010 Byzantium
1124 981 1126 991 ι

115 1014 350 1057 trepidatione
367 1016 529 1059 quadam,
546 1027 605 1047 seu
624 1016 866 1059 desperatione
884 1016 997 1059 potius
1014 1028 1099 1048 con—

114 1064 306 1103 fluxerunt,
332 1077 402 1110 quo
418 1066 532 1098 sedem
552 1066 692 1110 imperii
710 1065 966 1100 Constantinus
986 1067 1096 1099 collo—

116 1121 221 1148 carat.
277 1114 442 1149 Praebuit
469 1114 551 1149 haec
575 1117 660 1149 urbs
685 1117 807 1150 multis
834 1117 961 1150 seculis
979 1115 1099 1160 hospi—

115 1166 204 1199 tium
222 1167 446 1200 exulantibus
463 1167 675 1211 disciplinis,
699 1175 731 1201 et
748 1180 866 1201 earnm
891 1168 1098 1212 professori-

115 1217 197 1256 bus,
233 1217 401 1251 instrncta
421 1219 618 1261 sumptibus
644 1226 676 1252 et
709 1231 813 1262 opera
841 1219 1097 1262 Imperatorum

114 1265 328 1301 bibliotheca
358 1276 496 1302 centum
526 1269 651 1311 viginti
678 1269 831 1302 millium
865 1270 1099 1307 voluminum,

115 1329 203 1361 quae
222 1316 389 1350 Basilisco
416 1318 626 1360 imperante,
653 1318 767 1350 subito
795 1318 976 1357 incendio,
1004 1321 1097 1362 quod

115 1368 153 1399 in
178 1367 255 1400 soro
279 1368 413 1400 aerario
448 1374 638 1406 exarserat,
675 1374 852 1410 correpta,
888 1368 992 1411 periit
1016 1374 1098 1402 tota.

116 1416 157 1449 ln
173 1429 211 1450 ea
234 1417 338 1450 fuisse
366 1415 569 1460 perhibetur
586 1416 757 1450 Draconis
784 1419 990 1451 intestinum
1017 1431 1100 1450 cen-

113 1474 187 1500 tum
222 1467 345 1509 viginti
383 1468 488 1510 pedes
516 1467 676 1509 longum,
721 1468 777 1499 cui
814 1474 926 1500 totum
951 1467 1097 1501 Homeri

114 1525 237 1561 poema
258 1517 371 1550 aureis
396 1517 506 1550 literis
526 1517 733 1560 inscriptum
760 1518 837 1551 suit.

212 1567 334 1612 Neque
348 1575 465 1601 tamen
481 1568 540 1613 qui
560 1568 668 1601 secuti
685 1575 768 1602 sunt
788 1567 1018 1613 imperatores
1038 1582 1097 1602 cu-

112 1631 187 1652 ram
205 1619 443 1653 restituendae
463 1616 698 1652 bibliothecae
723 1620 973 1663 deposuerunt.
1027 1619 1097 1653 Sed

113 1682 194 1703 mox
218 1670 324 1703 condi
349 1677 466 1714 ceptae
492 1676 593 1709 sunt,
619 1682 697 1703 cum
722 1671 809 1703 aliae
833 1671 869 1703 in
888 1671 966 1704 aliis
984 1669 1098 1703 Grae-

114 1721 188 1754 ciae
212 1720 316 1761 locis,
353 1728 426 1755 tum
453 1733 534 1754 vero
560 1720 722 1766 Byzantii
754 1722 788 1754 in
816 1720 964 1755 Basilica
993 1722 1098 1764 regia,

113 1772 170 1805 cui
190 1772 341 1814 praefuit
365 1773 412 1812 is,
448 1784 551 1816 quem
581 1773 813 1806 nominarunt
842 1771 1098 1816 οἷκουμενικὸν

113 1819 338 1857 διδάσκαλον
364 1835 442 1856 cum
475 1823 615 1865 collegis
647 1824 845 1857 duodecim.
911 1822 1000 1856 Eam
1024 1823 1096 1856 Leo

115 1872 310 1918 Imperator
337 1882 433 1918 pater
455 1873 672 1918 Copronymi
697 1875 873 1908 cremavit.
932 1873 1096 1907 Praebuit

114 1924 165 1956 illi
190 1925 358 1958 saeviciae
382 1936 520 1958 causam
546 1931 719 1958 certamen
754 1927 795 1958 de
827 1926 1035 1958 adoratione
1064 1933 1095 1958 et

113 1975 209 2008 cultu
231 1982 445 2013 statuarum,
481 1987 586 2020 quam
613 1976 810 2009 idolatriam
840 1976 1097 2019 refragantibus

113 2023 299 2070 Episcopis
318 2027 521 2070 abrogatam
544 2025 738 2070 Imperator
757 2028 907 2061 volebat.
958 2026 1097 2060 Dicitur

114 2074 230 2110 adhuc
248 2074 354 2110 hodie
372 2078 407 2111 in
427 2076 582 2122 Olympo
602 2085 720 2111 monte
745 2078 996 2112 monasterinm
1015 2078 1097 2110 reli-

114 2140 224 2172 quum
250 2140 322 2161 esse
353 2125 516 2162 thesauro
552 2129 766 2172 optimorum
802 2130 974 2162 librorum
999 2129 1097 2162 dives

114 2190 151 2211 ac
170 2178 316 2212 celebre.
373 2179 532 2212 Tandem
563 2191 645 2211 vero
665 2192 683 2211 a
703 2179 830 2214 Turcis
856 2181 938 2212 inde
956 2192 1097 2225 quoque

115 2228 317 2273 profligata,
344 2242 382 2263 ac
403 2230 503 2273 pulsa
521 2231 634 2262 studia
651 2243 728 2263 cum
748 2232 909 2264 exulibus
936 2238 1097 2264 transvo-

116 2281 233 2314 larunt
255 2281 291 2314 in
310 2279 465 2321 ltaliam,
492 2282 586 2314 nude
610 2287 641 2313 et
664 2282 788 2315 vicinis
808 2283 909 2316 terris
926 2283 1097 2314 immenso

115 2329 179 2363 Dei
201 2332 386 2372 beneficio,
414 2339 446 2366 et
464 2332 566 2364 nobis
584 2339 666 2365 sunt
684 2334 948 2366 communicata.
1003 2332 1098 2365 Mas-

115 2382 192 2415 silia
218 2380 453 2416 Phocensinm
482 2384 683 2416 lonicorum
711 2384 850 2417 colonia
870 2385 956 2423 snit,
993 2396 1098 2429 quam

114 2433 351 2467 condiderunt
370 2435 421 2466 illi
441 2435 549 2478 elapsi
569 2447 585 2466 e
603 2434 764 2467 manibus
792 2435 962 2468 exereitus
982 2434 1099 2467 l‘ersi-

114 2484 163 2524 ci,
191 2485 252 2528 qui
271 2485 336 2517 sub
347 2482 539 2518 Artaxerxe
558 2497 635 2528 rege
653 2492 815 2528 eruperat
833 2486 979 2519 littorali
996 2483 1100 2518 Asiae

115 2535 234 2578 iugum
255 2535 433 2569 servitutis
446 2536 604 2570 Persicae
622 2537 862 2580 impositurus.
898 2536 998 2569 llane
1019 2548 1101 2580 pro-

115 2592 191 2628 pter
214 2586 328 2628 legum
354 2593 385 2620 et
407 2587 613 2631 disciplinae
646 2588 863 2621 severitatem
893 2594 995 2632 atque
1015 2587 1102 2619 insi-

628 116 780 153 DECL.
812 116 885 152 DE
919 115 1150 152 STUDIIS
1190 111 1312 148 VET.
1347 115 1700 154 PlllLOSOPll.

114 2648 216 2679 gnem
236 2638 440 2679 gravitatem
466 2650 603 2670 morum
620 2637 775 2672 Romani
794 2636 944 2672 Athenis
963 2644 1102 2681 praetu-
1127 2651 1129 2683 !

116 2689 245 2728 lerunt,
265 2695 294 2722 et
317 2702 356 2721 eo
374 2690 490 2733 potius
508 2701 611 2734 quam
625 2687 781 2724 Athenas
800 2690 888 2723 filios
904 2690 1101 2723 studiorum
1128 2716 1129 2725 ,

2078 120 2148 158 262

1165 209 1267 231 causa
1290 199 1472 234 miserunt.
1526 202 1665 237 Floruit
1689 205 1809 238 multis
1833 207 1935 239 annis
1961 209 2060 240 venia
2085 212 2148 241 do-

1162 254 1243 280 nata
1268 260 1286 280 a
1304 248 1388 282 Caio
1405 252 1551 285 Caesare
1573 262 1649 297 post
1675 255 1777 288 civile
1802 257 1952 299 bellum,
1980 261 2074 303 quod
2103 264 2145 293 ad

1162 296 1399 342 Pompeianas
1417 303 1597 338 defecisset
1614 312 1746 349 partes,
1773 314 1805 341 et
1822 309 1927 352 paulo
1944 317 2023 353 post
2039 310 2146 344 mini-

1159 349 1266 382 sterio
1286 349 1409 383 Lazari
1429 354 1622 387 resuscitati
1639 368 1656 389 a
1673 358 1822 391 mortuis
1843 359 2015 394 illustrata
2034 373 2072 394 ac
2090 363 2146 395 di-

1158 405 1248 436 tata,
1284 399 1355 433 imo
1378 409 1410 435 et
1433 402 1508 436 Deo
1534 414 1733 440 consecrata
1758 411 1939 443 auctuario
1964 412 2145 447 doctrinae

1157 450 1389 492 evangelicae.
1445 453 1592 488 Talibus
1619 457 1755 491 vicibus
1780 460 1903 494 iactata
1930 463 2045 495 studia
2064 464 2144 497 lite-

1157 511 1295 539 rarum,
1336 509 1368 535 et
1394 514 1495 548 saepe
1523 507 1655 540 abiecta
1683 520 1720 541 ac
1744 512 1912 552 protrita,
1952 513 2080 547 deinde
2102 528 2142 548 ex

1156 550 1344 584 intervallo
1361 553 1490 587 alicubi
1506 558 1717 598 resuscitata,
1735 563 2052 598 commonefaciant
2069 577 2143 604 nos,

1155 608 1195 635 ut
1219 603 1410 645 cogitemus
1433 617 1505 639 esse
1523 606 1636 640 Deum
1665 610 1781 642 omnis
1801 612 1992 654 sapientiae
2008 616 2140 649 fontem

1156 659 1188 685 et
1213 660 1371 686 autorem
1397 668 1434 689 ac
1461 665 1741 692 conservatorem
1768 662 1982 703 optimarum
2001 666 2141 704 artium,

1155 710 1187 736 et
1209 710 1420 745 statuamus,
1449 719 1520 740 non
1540 720 1618 741 casu
1637 722 1674 742 ac
1702 717 1830 744 temere
1848 713 1948 746 toties
1969 722 1999 747 et
2022 724 2140 750 renata

1155 765 1226 786 esse
1246 756 1379 796 studia,
1408 764 1439 790 et
1464 771 1583 791 rursus
1611 760 1802 801 interiisse,
1830 764 1889 795 sed
1909 762 1974 796 Dei
1992 768 2139 800 consilio

1154 805 1374 848 providentia
1401 819 1439 840 ac
1465 811 1732 852 procuratione,
1769 815 1911 858 quando
1937 816 2050 849 ruinis
2074 818 2139 851 im—

1154 856 1331 899 periorum
1350 859 1474 892 obruta
1500 861 1750 904 conciderunt,
1779 865 1920 898 reducta
1937 878 2009 900 esse
2025 869 2142 901 admi—

1154 906 1326 947 rabiliter,
1344 911 1437 952 quod
1456 911 1531 943 sine
1549 912 1677 945 artium
1701 916 1873 956 praesidio
1892 917 2036 960 imperia
2056 932 2140 953 con-

1152 957 1273 989 sistere
1301 959 1398 991 nulla
1426 969 1589 1002 possunt,
1624 970 1656 996 et
1681 976 1908 1007 agnoscamus
1935 965 2018 1002 haec
2043 977 2138 1004 tanta

1152 1008 1319 1040 beneficia
1355 1022 1394 1042 ac
1423 1012 1511 1052 grati
1546 1014 1771 1050 celebremus.
1828 1018 2071 1059 Agnoscamus
2107 1030 2138 1055 et

1153 1069 1272 1091 causas
1290 1060 1542 1096 collabentium
1562 1064 1709 1105 artium,
1737 1079 1825 1111 quae
1845 1076 1925 1102 sunt
1946 1076 1978 1102 et
1995 1071 2138 1106 suerunt

1154 1110 1340 1153 praecipue
1366 1112 1465 1144 omni
1490 1120 1664 1157 tempore,
1699 1125 1757 1151 ant
1785 1125 2006 1162 contemptus
2040 1134 2139 1155 verae

1153 1160 1337 1201 religionis
1354 1174 1391 1194 ac
1418 1164 1635 1206 studiorum,
1672 1175 1731 1201 ant
1753 1169 1884 1201 malitia
1904 1170 2137 1213 ingeniorum,

1153 1211 1347 1243 ambitione
1371 1219 1403 1245 et
1425 1216 1615 1255 petulantia
1648 1219 1813 1252 audacter
1846 1220 1970 1254 ludens
1996 1223 2049 1255 vel
2077 1225 2137 1256 de·

1154 1263 1343 1304 pravandis
1363 1263 1617 1306 sophismatum
1638 1271 1847 1312 corruptelis
1865 1271 1913 1310 iis,
1942 1284 2030 1316 qnae
2048 1282 2138 1308 recte

1153 1312 1278 1343 tradita
1295 1319 1327 1344 et
1342 1322 1475 1356 recepta
1494 1323 1593 1355 sunt,
1622 1319 1673 1349 vel
1693 1319 1863 1361 fingendis
1881 1324 1981 1354 novis
1998 1324 2137 1367 opinio-

1154 1361 1277 1397 nibus,
1304 1369 1363 1394 aut
1389 1364 1425 1394 in
1452 1366 1611 1398 doctrina
1629 1379 1722 1400 sat-ra
1746 1373 2024 1413 repugnantibus
2042 1378 2138 1409 testi-

1153 1412 1273 1443 monio
1292 1414 1480 1455 patefactae
1498 1417 1671 1455 veritatis,
1700 1427 1757 1452 ant
1774 1422 1807 1452 in
1826 1419 2055 1468 Philosophia
2075 1427 2137 1458 ab-

1155 1458 1382 1494 horrentibus
1405 1477 1421 1495 a
1447 1466 1581 1498 ratione
1605 1475 1637 1499 et
1662 1473 1839 1503 communi
1868 1484 1982 1509 sensu.
2037 1475 2133 1510 Ilaec

1153 1511 1299 1543 artificia
1325 1512 1472 1546 vitemus
1495 1523 1597 1560 atque,
1630 1531 1848 1560 exet-remur,
1891 1530 1923 1556 et
1953 1537 2136 1567 precemur

1153 1561 1257 1594 etiam
1276 1561 1389 1594 Deum
1412 1567 1612 1607 ardentius,
1641 1581 1683 1600 ne
1706 1570 1795 1604 sinat
1825 1584 1887 1605 nos
1913 1585 1951 1606 ex
1980 1573 2043 1608 hac
2061 1578 2137 1610 luce

1152 1613 1393 1646 doctrinarum
1422 1618 1560 1650 extrudi
1586 1619 1621 1650 in
1648 1620 1865 1661 barbariem,
1894 1636 1998 1668 qnam
2025 1624 2137 1671 lnpo-

1152 1664 1318 1696 critarum
1349 1666 1462 1699 rabies
1495 1676 1527 1701 et
1560 1671 1751 1712 petulantia
1782 1675 1943 1713 molitur,
1977 1684 2010 1709 et
2035 1667 2136 1712 struit

1153 1715 1244 1747 inter
1270 1727 1349 1755 1105,
1378 1724 1409 1749 et
1433 1730 1505 1751 non
1533 1722 1653 1762 procul
1681 1735 1774 1756 nunc
1798 1725 1945 1759 intentat
1964 1729 2066 1761 nobis
2084 1737 2136 1764 tx-

1152 1766 1272 1798 rannis
1293 1766 1455 1808 'l'urcit-a,
1479 1783 1516 1803 ac
1537 1772 1764 1813 vigilantibus
1781 1777 1905 1809 studiis
1924 1769 2137 1820 praestemus

1153 1816 1239 1860 ipsi,
1280 1820 1395 1862 quoad
1423 1821 1495 1853 eius
1522 1822 1593 1855 fieri
1624 1832 1756 1866 potest,
1792 1834 1826 1859 nt
1855 1835 1975 1861 contra
2006 1830 2133 1863 barba-

1152 1868 1238 1899 riem
1273 1871 1412 1902 defensa
1445 1874 1559 1905 studia
1599 1877 1786 1917 perdurent
1819 1880 1860 1910 ad
1896 1887 2052 1922 posteros
2083 1883 2135 1913 vel

1150 1919 1324 1975 auctiora,
1357 1922 1408 1952 vet
1432 1936 1471 1954 en
1498 1925 1619 1957 saltem
1648 1934 1773 1959 ornatu
1802 1935 1831 1960 et
1852 1938 2039 1972 apparatu,
2068 1945 2136 1976 quo

1151 1973 1378 2006 amatoribus
1398 1975 1521 2006 tradita
1544 1977 1644 2007 nobis
1660 1984 1692 2009 et
1709 1982 1950 2012 connnend.¹·ta
1968 1990 2059 2016 sunt.

1255 2023 1299 2055 bt
1325 2032 1438 2056 antem
1463 2026 1505 2057 de
1526 2024 1703 2058 Euclideis·
1722 2026 1931 2066 Elementis,
1966 2045 2055 2075 qnae
2080 2045 2137 2065 ex-

1151 2072 1312 2114 plicanda
1332 2075 1501 2118 suscipio,
1529 2077 1643 2110 obiter
1662 2078 1795 2122 aliquid
1815 2092 1988 2120 moneam,
2016 2082 2139 2116 Eucli—

1152 2124 1229 2155 dem
1250 2123 1343 2159 hunc
1359 2126 1513 2168 Megaris
1533 2134 1650 2160 natum
1670 2129 1793 2161 vixisse
1805 2129 1996 2164 Ptolemaei
2018 2132 2138 2167 Phila-

1151 2173 1271 2219 delphi
1290 2178 1406 2211 seculo
1423 2179 1609 2212 affirmant.
1669 2179 1760 2210 ldem
1780 2192 1822 2212 ne
1842 2182 1883 2214 sit
1902 2194 1979 2215 ctnn
1998 2196 2048 2221 eo,
2078 2197 2138 2218 cu-

1153 2226 1206 2258 ius
1228 2235 1329 2261 antea
1355 2229 1595 2267 memininms,
1633 2241 1675 2261 an
1704 2242 1784 2262 vero
1817 2233 1975 2266 diversus
2000 2236 2043 2267 ab
2079 2236 2137 2268 illo

1153 2290 1224 2310 non
1242 2280 1394 2324 disputo.
1452 2281 1573 2312 Libros
1600 2278 1661 2312 hos
1687 2293 1724 2312 ex
1751 2283 1897 2324 sparsim
1918 2285 2139 2319 demonstra-

1153 2329 1196 2362 tis
1215 2331 1397 2364 elementis
1413 2345 1430 2363 a
1448 2329 1610 2368 Thalete,
1636 2331 1811 2365 Amet-isto
1831 2334 1937 2367 fratre
1948 2335 2138 2369 Stesichori

1153 2388 1292 2424 poetae,
1321 2381 1538 2427 Pythagora,
1571 2381 1796 2425 Anaxagora,
1825 2383 1991 2424 Platone„
2018 2385 2141 2420 Oenu-

1155 2432 1256 2475 μίας,
1290 2431 1401 2472 Chio,
1438 2432 1602 2471 Eudoxo,
1632 2432 1865 2467 Menaechmo
1900 2443 1932 2469 et
1966 2438 2142 2471 similibus

1154 2485 1351 2523 contexuit,
1385 2492 1417 2516 et.
1442 2484 1583 2525 digestis
1609 2484 1643 2515 in
1669 2485 1899 2526 etmcinuum,
1934 2500 1971 2519 ac
2000 2488 2143 2531 pulchre

1155 2533 1400 2569 cohaerentem
1418 2535 1579 2566 ordinem
1598 2536 1873 2569 elementaribus
1892 2540 2142 2581 propositioni-

1157 2589 1238 2625 bus,
1280 2587 1481 2630 complexus
1507 2593 1556 2618 est
1585 2598 1645 2618 eeu
1674 2587 1874 2620 rudimenta
1901 2590 2010 2632 prima
2038 2592 2144 2622 totius·

1160 2636 1357 2670 Mathesens
1390 2638 1432 2668 de
1467 2643 1616 2681 utraque
1650 2639 1864 2682 quantitate,
1901 2641 2028 2673 seilicet
2066 2640 2143 2684 supi

1208 2691 1218 2696 -
1278 2685 1283 2694 ι
1425 2685 1431 2694 x
1505 2690 1513 2695 t
1583 2690 1587 2693 .
1613 2685 1619 2695 ι

1159 2701 1220 2722 101)
1238 2700 1355 2721 :moon
1374 2700 1430 2721 και
1455 2700 1516 2720 101·
1537 2698 1704 2732 ,omlxotx

1464 2738 1505 2770 17
1527 2740 1541 2757 ‘¹
