2324 2955
194 129 266 164 999

196 212 382 248 exercitum
402 209 493 240 intra
509 204 625 237 fauces
643 200 807 245 Alpium,
834 204 868 231 et
884 196 1054 231 acerrimo
1071 208 1172 241 prae-

196 265 244 298 lio
270 260 379 294 vincit
402 255 556 295 hostem,
590 263 669 286 cum
690 250 833 296 quidem
857 254 890 282 et
913 246 1085 281 divinitus
1111 248 1175 280 ad-

198 315 375 347 ius-aretur
391 304 525 348 magnis
544 308 732 336 ventorum
749 299 904 336 flatibus,
931 298 991 342 qui
1009 297 1175 331 contrarii

199 367 297 396 erant
316 357 487 392 hostibus.
545 351 663 396 Quare
682 358 715 384 et
728 349 944 384 Claudianus
961 347 1114 391 scripsit:

249 422 278 452 O
298 422 424 450 nimium
440 418 544 446 dilecte
562 413 647 451 Deo,
673 415 721 442 cui
738 413 847 441 militat
864 410 962 439 aether

247 471 285 501 Et
304 471 450 501 coniurati
467 469 592 497 veniunt
609 465 644 494 ad
661 465 781 493 classica
796 463 888 491 venti.

296 524 477 569 Eugenius
495 523 666 555 adductus
686 520 727 552 ad
739 515 981 550 Theodosium
993 541 1002 555 ,
1029 525 1176 559 cumque

198 583 391 624 prostratus
409 575 452 607 ad
473 573 578 618 pedes
596 571 669 604 eius
687 567 827 601 veniam
843 572 992 610 peteret,
1017 576 1037 597 a
1054 564 1178 597 militi-

198 631 265 663 bus
292 625 484 660 astantibus
510 622 621 666 capite
642 625 821 653 truncatus
843 622 906 650 est.
962 614 1178 657 Arbogastus

200 680 238 712 in
254 679 335 721 suga
346 703 355 717 ,
390 686 434 708 ne
450 678 618 706 retractus
634 670 672 702 in
688 673 874 712 conspectu
889 664 1033 698 victoris
1049 675 1179 709 poenas

204 731 319 768 daret,
346 727 420 770 ipse
437 723 504 757 sibi
522 733 630 754 manu
647 731 709 753 sua
726 724 876 751 mortem
895 715 1078 749 conscivit.

302 793 428 826 Pacato
445 799 566 823 rursus
585 785 734 830 imperio
752 785 789 817 in
808 781 958 817 Oriente
977 789 1011 815 et
1026 782 1064 815 in
1074 779 1179 815 Occi-

201 848 303 880 dente
320 838 550 875 Theodosius
572 834 769 871 Mediolani
792 833 941 873 mansit,
975 839 1008 866 et
1025 831 1182 866 Stillico-

201 907 281 929 nem
301 894 423 926 ducem
441 896 564 923 natum
587 887 625 920 in
651 892 750 930 gente
769 883 906 917 Heneta
930 882 974 915 ad
997 883 1183 917 restituen-

201 948 279 979 dam
309 953 428 986 pacem
452 940 491 972 in
516 937 634 971 Gallia
665 944 698 970 et
723 933 914 968 Germania
941 932 1058 971 misit,
1101 932 1183 977 quia

204 992 378 1029 seditiosis
402 988 562 1033 Eugenio
596 994 628 1020 et
653 985 850 1027 Arbogasto
877 982 1082 1016 coniunctae
1108 983 1183 1015 fue-

203 1052 293 1079 rant.
352 1040 405 1074 Eo
429 1047 587 1082 ternpore
609 1033 755 1068 Stillico
778 1032 840 1065 has
867 1032 1027 1073 regiones
1052 1031 1183 1064 vicinas

203 1094 287 1129 Albi
306 1099 338 1125 et
354 1087 542 1123 Harciniae
560 1091 765 1129 pervagatus
783 1088 853 1123 est,
877 1087 916 1115 ut
931 1092 970 1114 ex
986 1079 1182 1114 Claudiano

204 1141 353 1185 intelligi
372 1144 502 1185 potest,
530 1135 590 1180 qui
608 1133 738 1179 inquit:

258 1204 412 1235 Germanis
428 1208 567 1238 responsa
583 1196 668 1225 dabat
683 1197 822 1234 legesque
839 1190 943 1231 Ceycis

257 1254 380 1284 Arduus
393 1275 400 1288 ,
425 1253 451 1279 ei
468 1250 549 1278 ssavis
566 1247 698 1286 signabat
713 1247 777 1274 iura
794 1242 911 1273 Sues-is.

206 1311 309 1345 Item:

559 1375 621 1394 non
637 1363 809 1402 indignante
826 1358 923 1399 Cayco

257 1422 359 1452 Pascat
375 1418 468 1457 Belga
485 1425 598 1456 greges.

205 1477 252 1512 Et
268 1477 408 1522 quidem
426 1473 530 1513 dicit,
557 1481 631 1504 non
655 1466 778 1506 armis,
805 1466 865 1499 sed
891 1463 1059 1509 opinione
1084 1461 1187 1496 iusti-

207 1529 279 1562 ciae
297 1532 408 1560 motas
424 1522 486 1557 has
505 1528 622 1566 gentes
643 1516 830 1564 quievisse:

613 1580 676 1612 Nec
694 1580 773 1608 fama
787 1578 895 1608 fefellit

258 1639 395 1669 Iusticiae
407 1659 414 1673 ,
441 1634 540 1664 videre
557 1634 660 1672 pium,
686 1630 785 1658 videre
802 1629 919 1658 fidelem

259 1689 360 1727 Quem
376 1687 494 1715 veniens
509 1686 629 1717 timuit,
653 1681 768 1708 rediens
785 1677 949 1708 Germanus
966 1675 1085 1703 amavit.

260 1740 340 1769 Ante
358 1738 460 1767 tubam
476 1735 561 1763 nobis
579 1732 676 1761 audax
693 1727 851 1758 Germania
866 1728 967 1755 servis,

312 1791 458 1826 Invenio
494 1796 527 1822 et
567 1795 650 1821 tunc
687 1783 878 1817 saxonicos
912 1786 943 1813 et
977 1775 1188 1819 Turingicos

210 1844 377 1878 exercitus
411 1839 596 1873 collocatos
625 1846 695 1868 esse
727 1834 769 1866 ad
801 1830 1041 1865 defensionem
1066 1826 1188 1859 limitis

210 1893 349 1939 imperii
374 1896 494 1924 contra
519 1887 711 1924 Sarmatas,
749 1883 822 1916 sive
846 1882 890 1915 ad
914 1878 1086 1911 Viadrum
1116 1876 1188 1909 sive

211 1946 253 1978 ad
274 1941 458 1976 Vistulam.

313 2004 481 2041 Recitatis
503 2001 606 2036 bellis
632 1996 844 2037 Theodosii,
879 2006 967 2040 quae
991 2000 1023 2027 et
1046 1993 1136 2026 iusta
1156 1998 1188 2025 et

212 2057 388 2095 Ecclesiae
421 2051 612 2088 necessaria
642 2049 804 2087 fuerunt,
843 2046 914 2080 vita
938 2043 1127 2077 domestica
1157 2049 1190 2076 et

214 2118 286 2145 acta
304 2109 340 2141 in
357 2118 440 2151 pace
457 2102 733 2138 considerentur.
785 2096 896 2131 vNatus
921 2107 959 2128 ex
978 2092 1188 2127 Christianis

214 2158 418 2205 parentibus
449 2156 487 2187 in
512 2151 706 2196 Hispania,
743 2154 836 2181 recte
863 2144 987 2179 didicit
1013 2141 1190 2177 Ecclesiae

215 2209 430 2246 doctrinam,
458 2211 490 2238 et
513 2202 691 2246 amplexus
715 2204 764 2231 est
789 2196 989 2243 symbolum
1005 2193 1191 2233 Nicenum,

216 2268 248 2293 et
270 2259 402 2291 nullius
420 2254 600 2288 haereseos
617 2249 778 2291 contagio
804 2248 952 2280 infectus
971 2244 1055 2278 fuit:
1095 2242 1191 2277 Con-

216 2310 329 2352 iugem
362 2305 487 2340 habuit
516 2302 670 2348 priorem
695 2296 918 2336 Placillam,
958 2307 999 2328 ex
1028 2305 1096 2339 qua
1117 2293 1190 2326 nati

217 2366 298 2393 suut
323 2353 502 2389 Arcadius
536 2360 568 2386 et
598 2348 798 2384 Honorias.
862 2346 979 2381 Huius
1010 2350 1191 2377 matronae

217 2408 371 2445 castitas,
396 2407 503 2449 pietas
522 2410 553 2436 et
568 2399 793 2436 beneficentia
811 2409 889 2440 erga
907 2405 1075 2441 pauperes
1091 2394 1191 2426 valde

217 2457 448 2504 praedicatur.
479 2453 554 2486 Hac
569 2458 705 2485 mortua
723 2449 820 2482 duxit
836 2447 942 2481 filiam
952 2443 1192 2478 Valentiniani

218 2507 324 2554 primi
341 2503 517 2541 Gallam,
546 2515 584 2535 ex
608 2513 675 2546 qna
699 2506 778 2532 nata
801 2505 850 2532 est
867 2492 1042 2530 Placidia
1060 2491 1191 2532 Galla,

219 2570 307 2604 quae
333 2562 450 2601 postea
475 2553 594 2595 nupsit
615 2549 834 2584 Constantio.
891 2546 1112 2590 Baptismum
1136 2556 1193 2577 ac-

220 2615 382 2653 cepturus
412 2601 698 2640 Thessalonicae,
747 2599 810 2633 ubi
845 2603 1082 2640 aegrotaverat
1117 2601 1194 2639 post

219 2658 350 2703 praelia
374 2654 531 2693 Gottica‚
569 2650 796 2692 interrogavit
819 2647 1035 2692 Episcopum
1063 2646 1106 2679 de
1131 2645 1194 2678 do-

451 116 658 160 SCRIPTA
684 113 761 152 PH.
782 109 899 149 MEL·
924 110 992 148 AD
1017 109 1147 151 HIST.
1169 109 1313 149 PROF.
1338 107 1405 146 ET
1431 107 1621 146 PHILos.
1643 106 1958 148 SPECTANTLA.

2109 110 2206 146 1000

1227 196 1357 238 ctrina,
1377 207 1422 229 ne
1441 195 1485 230 ab
1502 192 1677 229 haeretico
1695 193 1868 240 Episcopo
1884 195 2095 240 baptismum
2112 195 2205 229 acci-

1228 254 1335 292 peret.
1397 245 1430 279 ls
1452 257 1530 279 cum
1549 246 1802 279 confessionem
1822 257 1919 279 suam
1937 252 1969 279 et
1984 257 2065 281 suae
2079 244 2204 279 Eccle-

1228 297 1298 330 siae
1323 295 1553 340 exposuisset,
1581 302 1614 329 et
1637 296 1844 329 ostendisset
1864 307 1899 329 se
1923 296 2085 339 amplecti
2109 307 2204 341 sym-

1228 348 1349 381 bolum
1373 346 1565 385 Nicenum,
1592 343 1833 379 Theodosium
1857 345 2058 389 baptizavit.
2107 344 2204 378 Haec

1229 397 1492 441 circumspectio
1515 395 1681 439 pietatem
1709 396 1782 429 eius
1807 396 1978 434 ostendit,
2013 406 2118 440 quam
2145 395 2205 427 de-

1230 448 1364 481 clarant
1389 455 1422 482 et
1436 452 1510 481 acta
1531 445 1642 490 ipsius
1659 445 1696 478 in
1708 444 1861 491 Synodis
1879 452 1912 479 et
1930 445 2110 479 eversione
2128 444 2207 478 ido-

1230 498 1358 531 lorum.

1330 568 1542 614 Exemplum
1573 575 1622 603 est
1652 569 1889 613 poenitentiae
1927 575 1962 602 et
1990 568 2207 602 reverentiae

1233 633 1312 665 erga
1332 619 1543 661 Ecclesiam,
1576 621 1672 664 quod
1698 620 1742 653 ab
1766 617 1958 652 Ambrosio
1983 619 2141 652 exclusus
2167 629 2210 652 ex

1232 672 1382 716 templo,
1425 677 1459 704 et
1488 670 1650 705 lamentis
1679 670 1832 704 ostendit
1861 669 2133 714 poenitentiam,
2175 674 2210 702 et

1234 730 1310 757 octo
1326 721 1505 755 mensibus
1521 732 1592 754 non
1611 720 1716 754 rediit
1737 721 1775 753 in
1797 720 1987 764 templum,
2020 720 2131 753 donec
2153 729 2211 752 ac-

1237 774 1367 817 ciperet
1408 771 1618 805 sententiam
1659 770 1893 805 absolutionis
1931 770 1975 803 ab
2009 767 2211 804 Ambrosio.

1234 823 1317 857 Fuit
1335 829 1451 856 autem
1468 819 1552 855 haec
1568 832 1687 862 causa,
1714 833 1776 854 cur
1796 821 1840 854 ab
1855 818 2011 854 Ecclesia
2034 825 2210 852 aceretur:

1237 873 1338 907 Victo
1363 871 1521 906 Maximo
1545 884 1623 905 cum
1646 871 1843 905 Mediolani
1868 877 1955 904 esset
1977 867 2212 908 Theodosius,

1236 935 1297 968 per
1313 923 1520 956 seditionem
1536 922 1778 955 multitudinis
1794 921 1833 954 in
1855 921 1943 954 urbe
1960 917 2213 953 Thessalonica

1236 973 1411 1006 interfecti
1427 979 1509 1005 sunt
1526 969 1706 1005 L'daricus
1722 971 1920 1005 Praefectus
1937 976 1969 1004 et
1983 969 2087 1003 multi
2106 967 2212 1002 nobi-

1236 1023 1287 1055 les
1305 1022 1383 1054 viri.
1438 1021 1549 1054 Iratus
1566 1021 1672 1064 igitur
1688 1022 1879 1065 imperator
1895 1032 1935 1053 eo
1963 1017 2123 1053 cohortes
2147 1018 2213 1051 ali-

1237 1077 1323 1116 quot
1337 1070 1449 1111 misit,
1475 1081 1562 1114 quae
1578 1076 1708 1114 septem
1723 1071 1837 1104 millia
1858 1068 2045 1102 hominum
2069 1068 2214 1103 interfe-

1238 1126 1372 1155 cerunt.
1437 1118 1647 1153 Ambrosius
1679 1119 1843 1152 iniustam
1875 1118 2115 1152 crudelitatem
2141 1128 2215 1151 esse

1239 1171 1409 1211 sentiens,
1436 1170 1532 1214 quod
1552 1181 1625 1203 non
1644 1169 1821 1214 inquisitis
1839 1169 1998 1202 sontibus
2014 1167 2216 1211 promiscua

1239 1221 1341 1254 caede
1372 1220 1542 1254 saevitum
1577 1226 1664 1253 esset
1700 1220 1738 1252 in
1765 1220 1904 1254 turbam
1931 1218 2157 1252 innocentem
2180 1223 2215 1250 et

1238 1277 1375 1311 sontes,
1411 1270 1509 1303 iubet
1542 1267 1785 1303 Theodosium
1819 1279 2005 1312 agnoscere
2037 1267 2217 1302 delictum.

1239 1318 1316 1355 Etsi
1347 1326 1463 1354 autem
1492 1320 1658 1353 severitas
1681 1318 1862 1353 Ambrosii
1896 1319 1954 1362 pia
1980 1317 2063 1352 fuit:
2098 1324 2218 1352 tamen

1239 1381 1342 1404 causa
1356 1370 1596 1404 consideretur
1613 1370 1866 1413 indignationis
1884 1366 2089 1402 Theodosii.
2134 1365 2217 1400 Non

1238 1421 1306 1455 fuit
1322 1432 1422 1454 causa
1439 1420 1572 1454 eversio
1589 1426 1718 1454 statuae
1736 1419 1956 1464 imperatoris
1972 1424 2032 1452 aut
2047 1416 2218 1459 coniugis,

1241 1478 1301 1505 aut
1325 1471 1520 1515 petulantia
1549 1470 1807 1510 convitiorum,
1848 1476 1888 1503 ut
1919 1467 2029 1513 aliqui
2061 1473 2219 1502 narrant.

1241 1520 1343 1555 Talia
1359 1528 1472 1555 errata
1484 1521 1647 1554 atrociter
1662 1520 1789 1565 punire
1806 1519 2029 1565 tyrannicum
2047 1523 2108 1550 est.
2145 1516 2218 1550 Nec

1241 1571 1278 1605 id
1307 1572 1421 1605 solum
1447 1571 1558 1604 movit
1583 1568 1846 1609 Theodosium,
1881 1570 1976 1613 quod
1999 1567 2219 1600 Praefectum

1240 1628 1274 1655 et
1288 1622 1418 1655 multos
1432 1621 1526 1653 viros
1545 1620 1681 1653 nobiles
1695 1619 1886 1652 multitudo
1913 1618 2041 1650 iniuste
2063 1616 2219 1649 trucida·

1242 1677 1355 1709 verat,
1382 1671 1447 1703 etsi
1460 1668 1518 1703 hic
1534 1670 1637 1702 dolor
1652 1680 1792 1701 movere
1813 1667 2010 1711 principem
2033 1677 2107 1699 non
2130 1665 2220 1698 levi-

1241 1725 1293 1752 ter
1319 1719 1436 1752 debet:
1476 1720 1535 1750 sed
1560 1719 1627 1750 alia
1651 1717 1719 1750 fuit
1742 1718 1781 1750 in
1804 1716 1963 1761 principe
1987 1722 2079 1749 casto
2104 1715 2219 1748 maior

1241 1779 1342 1801 causa
1370 1768 1550 1801 dolorum:
1592 1765 1773 1811 Rapuerat
1796 1764 1961 1811 Auriga,
2004 1766 2219 1809 gubernator

1241 1819 1406 1851 ludorum
1429 1816 1666 1856 Circensium,
1702 1817 1957 1850 adolescentem
1984 1817 2028 1849 ad
2050 1822 2221 1859 stuprum.

1241 1867 1347 1901 Hunc
1362 1867 1532 1910 Aurigam
1549 1866 1748 1900 Praefectus
1772 1867 1826 1900 vir
1846 1863 2014 1899 honestus
2030 1865 2220 1899 incluserat

1243 1919 1384 1954 carceri.
1436 1917 1530 1960 Quia
1548 1928 1630 1950 vero
1655 1917 1807 1961 populus
1828 1915 2002 1950 industria
2023 1913 2129 1949 huius
2144 1914 2221 1950 Au-

1243 1969 1336 2012 rigae
1359 1968 1617 2008 delectabatur,
1645 1967 1755 2011 poscit
1778 1973 1817 2000 ut
1840 1966 2036 2010 impunitus
2061 1966 2220 1999 dimitta-

1244 2026 1311 2052 tur.
1364 2017 1471 2061 Quod
1495 2029 1575 2051 cum
1598 2018 1787 2061 denegaret
1801 2016 2021 2057 Praefectus,
2047 2027 2109 2061 per
2128 2016 2220 2050 sedi-

1243 2069 1377 2103 tionem
1393 2068 1525 2102 occisus
1539 2074 1601 2104 est.

1346 2142 1431 2176 Tria
1445 2141 1552 2185 igitur
1568 2151 1693 2184 magna
1709 2141 1837 2175 scelera
1856 2146 2085 2175 concurrunt:
2114 2138 2220 2182 Quod

1244 2193 1438 2227 noluerunt
1470 2192 1590 2236 puniri
1618 2198 1756 2225 tantum
1783 2192 1893 2226 scelus
1914 2191 2080 2234 Aurigae:
2123 2190 2220 2233 quod

1244 2243 1453 2277 seditionem
1477 2243 1515 2275 in
1536 2253 1636 2275 causa
1658 2242 1861 2286 turpissima
1884 2246 2084 2275 moverunt:
2125 2239 2221 2284 quod

1244 2293 1462 2327 Praefectum
1495 2299 1528 2326 et
1560 2292 1647 2326 alios
1669 2292 1763 2326 viros
1788 2292 1926 2325 nobiles
1946 2290 2222 2324 trucidaverunt.

1244 2344 1392 2388 Propter
1414 2341 1476 2376 has
1499 2349 1612 2376 tantas
1637 2354 1755 2376 causas
1771 2354 1849 2376 cum
1868 2341 2029 2385 princeps
2047 2340 2140 2374 iusto
2157 2339 2220 2372 do-

1246 2395 1319 2427 lore
1345 2393 1531 2433 exarserit,
1573 2404 1646 2426 non
1673 2393 1885 2426 existimetur
1908 2390 2096 2435 deliquisse
2123 2400 2220 2423 more

1245 2451 1496 2490 tyrannorum,
1524 2443 1586 2488 qui
1602 2450 1744 2487 propter
1767 2442 1882 2475 nullas
1904 2449 1963 2474 aut
1985 2441 2078 2473 leves
2102 2449 2220 2472 causas

1245 2505 1407 2537 magnam
1424 2493 1607 2527 saeviciam
1623 2498 1799 2531 exercent,
1828 2491 1891 2525 etsi
1906 2490 2049 2524 excessit
2065 2490 2222 2529 modum,

1247 2545 1306 2577 sed
1331 2545 1368 2577 in
1392 2544 1528 2587 magnis
1550 2543 1634 2576 viris
1657 2542 1813 2575 Nemesis
1843 2541 1944 2575 valde
1969 2541 2220 2574 inflammatur.

1246 2593 1348 2628 Hanc
1366 2594 1621 2628 excusationem
1635 2587 1838 2625 Theodosii
1853 2591 1993 2633 addidi,
2019 2590 2102 2636 quia
2117 2589 2221 2623 multi

1249 2646 1292 2679 de
1308 2656 1410 2679 causa
1427 2650 1553 2678 errant.
