2324 2955
107 107 183 144 677

107 202 205 232 muS,
239 201 279 224 ac
296 188 439 233 colligat
456 187 525 223 sibi
542 187 634 222 inter
650 200 715 222 nos
732 186 1002 228 haereditatem,
1036 189 1093 222 cui

107 241 204 277 Deus
219 251 317 275 suam
333 240 529 274 bonitatem
546 239 583 272 in
600 240 697 273 omni
716 241 920 275 aeternitate
936 252 1008 274 corr
1018 252 1093 273 rnu-

106 291 220 333 nicet‚
250 289 379 327 Amen.

498 406 695 453 (Lxxn.)

220 483 445 519 CAPITA
483 483 975 520 DISPUTATIONIS
1117 434 1122 548 Ι

742 103 1002 139 PHILIPPI
1043 100 1493 140 MELANTHONIS.

2058 111 2131 146 678

1146 200 1225 222 eum
1241 190 1508 233 promissiones,
1535 196 1568 223 et
1592 188 1655 225 has
1675 202 1834 233 servare,
1859 200 1893 228 et
1909 191 1974 227 hac
1993 194 2059 228 fide
2076 196 2131 229 in-

1148 241 1343 273 vocandum
1363 252 1452 281 esse,
1479 247 1542 274 etc.

1250 289 1315 325 III.
1350 290 1390 324 In
1407 289 1472 324 hac
1489 292 1694 326 definitione
1711 300 1847 327 tantum
1867 301 2051 338 ponuntur
2075 308 2130 329 re-

1146 340 1241 380 nati,
1283 341 1371 375 sicut
1396 339 1527 385 Ephes.
1545 340 1597 378 5.:
1629 341 1822 377 Ecclesiam
1845 357 1919 378 non
1943 343 2130 380 habentem

1118 399 1122 432 ι
1146 391 1330 424 maculam.
1381 391 1470 425 Nam
1482 391 1634 436 Spiritus
1653 401 1790 428 sanctus
1808 395 1967 440 loquitur
1983 397 2026 430 de
2042 398 2130 431 vivis

1146 442 1326 475 membris.

1249 491 1311 527 IV.
1346 490 1394 526 Et
1414 500 1530 526 tamen
1548 491 1634 527 haec
1658 495 1732 538 ipsa
1753 502 1955 528 renatorum
1974 494 2129 531 Ecclesia

105 544 151 579 de
166 545 362 587 Ecclesia,
385 546 562 589 laeticia,
588 543 680 579 Fide
702 555 748 578 ac
769 547 980 580 ministerio
999 546 1092 586 eius,
1118 549 1122 592 g
1146 553 1320 587 nusquam
1339 543 1541 576 collocanda
1560 551 1627 584 est,
1664 545 1732 577 nisi
1760 546 1796 577 in
1816 544 1972 579 Ecclesia
1999 549 2129 581 visibili

104 604 155 629 ex
168 597 297 630 leggia
312 598 506 641 Proposita
522 596 605 630 αι),
622 596 871 630 Bernardo
889 595 1092 642 Ziglero.
1118 599 1122 630 Ι
1146 600 1369 634 vocatorum,
1404 594 1499 628 iuxta
1520 594 1609 628 illud
1635 594 1754 628 Pauli:
1790 595 1890 638 Quos
1912 597 2032 639 elegit,
2066 597 2129 632 hos

103 644 164 679 Ad
186 645 286 681 diem
306 650 486 692 quartum
505 647 669 691 Aprilis,
693 646 936 692 praesidente
958 656 1092 680 sacrae

106 694 330 743 Theoloyiae
375 698 535 731 Doctore
582 697 829 732 Bernardo
880 697 1092 742 Ziylero,

103 751 330 791 proponetur
362 747 413 782 ad
447 746 723 793 disputandum
745 750 848 783 locus
868 749 1020 781 lesaiae
1044 757 1093 780 ex

104 799 233 841 capite
247 796 309 833 26.
330 798 539 834 secundum
561 799 743 844 quasdam
762 799 974 834 sententias
990 799 1092 832 illius
1118 811 1120 838 ς

1118 853 1120 861 '
1146 857 1236 878 rum.

137 852 238 882 certo
264 859 420 884 numero
442 849 652 884 thematum
675 849 980 895 comprehensas,
1014 852 1055 882 ut

506 905 688 946 sequitur·
1117 906 1120 942 i
1147 951 1240 978 extra
1260 942 1355 978 hunc
1373 952 1511 977 coelum
1537 947 1676 987 electio,
1704 948 1802 980 nulla
1826 948 2040 982 illuminatio
2064 951 2131 983 fin-

403 995 593 1027 lesaiae
626 994 788 1028 XXVI.

100 1066 146 1107 In
172 1075 229 1109 die
255 1075 317 1109 illa
342 1076 542 1109 cantabitur
567 1077 743 1110 canticum
766 1087 900 1109 novum
931 1075 968 1108 in
1000 1082 1090 1109 terra

100 1125 204 1165 luda,
254 1133 305 1160 est
330 1126 436 1159 nobis
470 1126 594 1159 civitas
625 1127 745 1167 firma,
794 1126 940 1158 salutem
975 1126 1092 1169 posuit

102 1173 239 1221 (Deus)
257 1187 376 1209 muros
396 1182 430 1209 et
446 1176 564 1219 copias
583 1174 708 1222 (eius).
760 1174 907 1219 Aperite
924 1183 1041 1218 portas
1059 1183 1091 1209 et
1116 1181 1119 1208 Ξ

103 1226 322 1269 ingredietur
346 1237 430 1269 gens
455 1226 565 1265 iusta,
591 1226 792 1260 custodiens
814 1226 932 1261 fidem.
985 1225 1091 1268 Cogi-

103 1277 188 1309 tatio
206 1276 349 1310 suffulta
370 1273 453 1319 (hoc
477 1283 545 1315 est,
580 1276 680 1310 firma
703 1284 735 1310 et
762 1277 924 1316 immota,
958 1276 1091 1310 scilicet

104 1323 218 1370 quod)
233 1326 389 1359 servabis
405 1338 535 1370 pacem.
571 1325 663 1368 Quia
684 1327 719 1359 in
736 1334 768 1360 te
786 1333 955 1370 speratur.
1002 1327 1090 1370 Spe-

103 1382 176 1409 rate
194 1376 231 1408 iu
247 1375 402 1409 Domino
419 1377 456 1409 in
475 1383 677 1417 aeternum,
712 1377 795 1421 quia
818 1377 853 1408 in
879 1384 920 1424 Πζ
938 1376 1013 1410 Deo
1040 1385 1090 1410 est

102 1432 199 1469 petra
215 1433 367 1462 aeterna.

471 1508 532 1543 Th
545 1514 668 1543 emat
681 1521 715 1543 α.

204 1575 233 1611 I.
263 1575 459 1609 Luculenta
478 1576 666 1617 descriptio
685 1583 735 1609 est
752 1574 929 1609 Ecclesiae
947 1575 1029 1618 Dei,
1057 1584 1089 1611 et

103 1626 310 1670 promissio,
343 1638 433 1671 quae
457 1632 603 1659 testatur
626 1638 828 1659 mansuram
852 1638 923 1659 esse
938 1626 1003 1660 Dei
1023 1626 1088 1660 Ec-
1114 1622 1117 1670 ζ

103 1677 243 1710 clesiam
261 1676 364 1709 etiam
387 1676 574 1709 ruentibus
599 1676 768 1720 imperiis,
828 1676 903 1710 Hac
928 1679 1088 1710 consola·
1114 1685 1116 1708 ε

103 1728 200 1761 tione
219 1732 251 1760 et
266 1733 351 1760 tunc
365 1724 541 1770 Propheta
572 1726 645 1770 ipse
674 1734 707 1760 et
731 1727 790 1759 alii
815 1728 863 1771 pii
888 1740 922 1760 se
949 1736 1086 1761 susten-
1113 1731 1116 1756 t

102 1778 236 1816 tabant,
263 1783 297 1811 et
312 1788 377 1810 nos
392 1776 430 1809 in
448 1776 553 1810 tantis
568 1777 779 1810 tumultibus
797 1788 985 1820 regnorum
1003 1791 1087 1812 con-

102 1829 280 1862 firmemus
297 1839 379 1869 nos,
406 1839 450 1859 nc
467 1827 568 1859 fracti
585 1827 828 1870 desperatione
850 1829 1005 1861 studium
1023 1830 1087 1862 do-

103 1878 207 1913 cendi
232 1885 265 1911 et
287 1878 446 1911 discendi
463 1875 648 1919 Evangelii
664 1877 880 1911 abiiciamus.
935 1878 1018 1912 Ideo
1038 1881 1087 1913 sic

103 1929 242 1963 orditur
255 1926 449 1972 Propheta:
488 1927 528 1960 ln
546 1928 600 1960 die
619 1927 677 1960 illa
696 1929 895 1962 cantabitur
913 1930 1084 1964 canticum

104 1991 236 2013 novum
258 1979 294 2011 in
313 1986 404 2013 terra
418 1977 515 2011 Iuda.
558 1977 597 2010 Id
615 1984 676 2017 est,
702 1976 769 2012 hoc
787 1978 1086 2020 caiiticum‚«}1anc

104 2029 382 2063 consolationem
412 2035 610 2069 teneamu5‚
646 2041 847 2063 mansuram
873 2042 944 2063 esse
966 2029 1086 2064 Eccle-

105 2081 189 2114 siam
208 2078 285 2114 Dei.

208 2146 254 2182 11.
309 2145 435 2189 Qualis
467 2152 583 2179 autem
619 2153 737 2180 coetus
762 2148 837 2181 est?
877 2145 941 2182 Est
965 2148 1086 2181 civitas

105 2201 224 2239 firma,
266 2197 365 2231 cuius
388 2197 480 2230 muri
504 2202 585 2229 sunt
607 2197 720 2235 salus,
763 2199 799 2230 in
827 2211 932 2243 quam
959 2199 1086 2243 apertis

106 2239 215 2291 po'rtis
246 2248 444 2291 ingreditur
476 2259 559 2290 gens
593 2247 699 2289 iusta,
739 2250 938 2282 custodiens
969 2250 1085 2284 fidem.

107 2298 202 2332 Haec
215 2298 371 2332 definitio
387 2298 507 2331 dextre
526 2298 700 2332 intellecta
718 2306 810 2332 recte
834 2300 999 2333 describit
1018 2299 1086 2333 Ec-

108 2348 265 2388 clesiam,
307 2355 341 2382 et
372 2349 537 2382 convenit
569 2361 648 2382 cnm
683 2350 775 2384 dicto
806 2350 951 2384 Psalmi:
992 2350 1087 2384 llaec

108 2406 210 2444 porta
233 2397 397 2440 Domini,
432 2399 517 2433 iusti
540 2399 723 2434 intrabunt
749 2401 784 2433 in
807 2413 893 2437 eam.
954 2399 1087 2447 Estque

109 2449 299 2484 sententia:
325 2447 480 2483 Ecclesia
496 2456 547 2483 est
563 2457 699 2491 coetnS,
727 2463 829 2496 quem
846 2450 941 2484 Dens
963 2459 1088 2493 servat,

108 2507 249 2534 vocatus
268 2499 738 2544 praedicationeEvangelii,
765 2502 876 2535 iustus
893 2514 930 2535 ac
949 2503 1087 2546 placens

108 2550 202 2592 Deo,
229 2549 428 2584 custodiens
442 2550 561 2592 fidem,
588 2552 624 2585 id
642 2559 710 2591 est,
738 2564 912 2586 assensum
928 2565 997 2597 quo
1015 2566 1087 2586 am·
1114 2546 1115 2574 3

109 2601 274 2646 plectitur
289 2599 530 2643 verbumDei,
556 2600 622 2636 hoc
639 2610 706 2644 est,
735 2615 815 2637 vere
832 2604 993 2642 credens,
1018 2616 1088 2638 esse
1113 2586 1116 2653 l

107 2651 243 2693 Deum,
284 2662 356 2685 esse
382 2651 412 2684 ei
437 2663 539 2686 curae
566 2664 674 2696 genus
704 2652 918 2696 humanum,
954 2656 1087 2690 dedisse

1117 632 1121 662 l
1147 649 1180 676 et
1198 644 1348 679 vocavit.

1251 693 1294 728 Υ.
1337 694 1486 736 Quoties
1508 694 1550 727 de
1573 692 1730 727 Ecclesia
1758 696 1968 738 cogitamus,
2012 699 2128 731 veniat

1145 743 1183 776 in
1201 751 1353 777 mentem
1372 741 1656 777 huiusPaulinae
1672 746 1782 778 vocis:
1810 745 1908 788 Quos
1927 748 2041 790 elegit,
2068 746 2130 782 lios

1147 795 1296 828 vocavit.
1347 794 1447 827 Nulli
1472 802 1553 829 sunt
1580 796 1679 828 electi
1706 796 1773 828 nisi
1802 796 1838 828 in
1864 804 1965 830 coetu
1988 806 2132 833 vocato-

1292 844 1383 878 Sunt
1401 852 1517 878 autem
1534 847 1649 879 vocati
1663 848 1860 886 audientes,
1889 848 2077 890 discentes,
2099 858 2130 882 et

1147 895 1348 938 profitentes
1380 907 1503 938 puram
1533 895 1718 939 Evangelii
1749 898 1957 933 doctrinam.
2025 899 2130 933 Nulla

1146 1001 1258 1038 gatur.
1312 995 1380 1029 Sed
1398 995 1547 1028 sciamus
1566 997 1602 1028 in
1621 995 1686 1029 hoc
1705 1004 1803 1030 coetu
1821 1006 2024 1032 vocatorum
2042 1011 2131 1033 sem-

1146 1057 1207 1088 per
1223 1046 1359 1090 aliquos
1377 1057 1448 1078 esse
1465 1046 1601 1079 electos.
1653 1046 1749 1080 Haec
1774 1059 1898 1089 magua
1922 1050 1988 1092 piis
2007 1061 2132 1082 conss»-

1145 1096 1231 1129 latio
1257 1103 1326 1136 est,
1363 1103 1395 1129 et
1419 1108 1476 1128 eos
1499 1097 1648 1136 invitat,
1680 1105 1717 1131 ut
1744 1109 1778 1130 se
1803 1099 1845 1130 ad
1871 1096 1966 1132 hunc
1994 1108 2129 1134 coetum

1145 1153 1348 1179 vocatorum
1379 1146 1592 1190 adiungam,
1632 1145 1727 1181 hunc
1754 1148 1914 1187 foveant,
1959 1162 2036 1184 cum
2064 1149 2129 1184 hoc

1145 1195 1258 1230 Deum
1284 1197 1461 1230 invocent.

1247 1246 1308 1281 VI.
1335 1247 1469 1281 Multae
1486 1249 1676 1281 traduntur
1691 1248 1933 1283 distinctiones
1952 1251 1993 1284 de
2008 1248 2129 1285 Eccle-

1144 1298 1213 1338 sia,
1237 1298 1405 1330 obscurae
1426 1305 1459 1331 et
1484 1299 1661 1331 interdum
1687 1305 1853 1343 tanquam
1879 1301 1993 1334 ideam
2010 1301 2129 1334 Plate-

1145 1348 1257 1380 nicam
1275 1347 1528 1386 describentes,
1556 1349 1613 1381 sed
1633 1350 1729 1392 pium
1747 1357 1779 1381 et
1799 1362 1917 1383 verum
1934 1359 1995 1392 est,
2019 1364 2127 1385 unam

1144 1398 1214 1430 dici
1240 1396 1432 1430 Ecclesiam
1459 1405 1595 1431 coetum
1621 1406 1820 1432 vocatorum
1845 1402 2029 1435 visibilem.
2084 1401 2125 1435 ln

1144 1460 1214 1492 quo
1233 1448 1367 1481 etiamsi
1387 1460 1511 1491 magna
1528 1449 1629 1482 turba
1654 1457 1703 1482 est
1727 1462 1797 1482 non
1823 1459 2045 1492 renatorum,
2073 1461 2124 1486 ta-

1144 1509 1223 1530 men
1248 1498 1284 1530 in
1310 1496 1375 1530 hoc
1399 1499 1472 1531 solo
1497 1506 1598 1532 coetu
1623 1507 1702 1532 sunt
1742 1502 1852 1533 renati
1889 1509 1921 1535 et
1954 1500 2118 1536 haeredes

1143 1548 1234 1581 vitae
1254 1554 1425 1581 aeternae.

1246 1597 1325 1631 Vll.
1369 1597 1446 1631 Etsi
1477 1606 1649 1642 quaerunt
1683 1600 1749 1632 viri
1780 1601 1913 1643 politici
1936 1599 2125 1637 Ecclesiam

1142 1648 1293 1680 similem
1310 1649 1467 1691 imperiis
1488 1650 1630 1689 mundi,
1660 1662 1748 1695 quae
1773 1648 1905 1685 habent
1930 1664 2038 1686 unum
2062 1656 2126 1687 ali-

1113 1710 1116 1728 x
1142 1710 1245 1743 quem
1276 1699 1472 1743 principem
1500 1699 1694 1740 visibilem,
1736 1701 1945 1735 instructum
1970 1707 2124 1747 potentia

1142 1755 1173 1781 et
1192 1749 1395 1792 praesidiis,
1422 1756 1454 1782 et
1477 1750 1612 1792 legibus
1637 1763 1675 1783 ac
1699 1752 1826 1785 ritibus
1849 1754 2125 1797 distinguentem

1142 1811 1242 1832 suum
1262 1806 1398 1832 coelum
1419 1812 1436 1832 a
1455 1801 1598 1833 caeteris
1614 1803 1748 1844 reguis,
1774 1810 1812 1836 ut
1829 1803 2017 1847 imperium
2035 1818 2124 1850 pon-

1141 1850 1286 1883 tificium
1305 1851 1347 1882 ad
1366 1848 1455 1883 lianc
1471 1848 1708 1884 humanorum
1727 1853 1956 1897 imperiorum
1975 1857 2123 1889 sormam

1113 1921 1115 1933 l
1141 1900 1371 1933 constitutum
1393 1908 1461 1938 est,
1488 1908 1605 1934 tamen
1627 1901 1781 1936 Ecclesia
1801 1904 1950 1937 visibilis
1974 1917 2033 1939 seu
2062 1921 2122 1939 xo-

1141 1958 1316 1989 catorum‚
1359 1958 1408 1984 est
1432 1951 1612 1984 dissimilis
1636 1953 1793 1994 imperiis
1813 1956 1947 1987 mundi.
2010 1956 2122 1990 Habet

1141 2008 1243 2044 caput
1266 1998 1466 2042 Christum,
1505 2008 1536 2034 el
1565 2002 1725 2045 colligata
1750 2011 1798 2037 est
1820 2017 1903 2038 voce
1928 2013 1959 2038 ct
1987 2009 2122 2040 conses-

1141 2052 1237 2084 sione
1254 2049 1456 2094 Evangelii,
1485 2058 1614 2086 etcum
1640 2054 1682 2087 sit
1705 2054 1780 2087 sine
1805 2052 1967 2088 humanis
1992 2059 2122 2100 praesi—

1112 2125 1115 2138 1,
1141 2102 1227 2142 diis,
1260 2102 1471 2135 mirabiliter
1493 2111 1652 2137 servatur
1675 2116 1691 2136 a
1709 2103 1783 2138 Deo
1807 2107 1972 2140 omnibus
2000 2112 2122 2142 aetati-

1142 2154 1216 2186 bus.
1277 2152 1335 2185 Sic
1360 2153 1395 2184 in
1413 2152 1518 2185 Iesaia
1541 2154 1670 2188 dicitur
1692 2156 1803 2198 capite
1820 2156 1895 2191 46.:
1923 2156 1995 2199 Qui
2010 2167 2123 2201 gesta-

1141 2203 1227 2235 mini
1258 2202 1294 2235 in
1319 2210 1419 2236 uteru
1440 2215 1528 2239 ineo.
1583 2205 1827 2239 Senescentein
1844 2205 2035 2242 Ecclesiam
2059 2223 2119 2251 ego

1143 2254 1310 2297 portabo,
1338 2265 1399 2294 ego
1419 2254 1504 2294 feci,
1532 2266 1593 2298 ego
1611 2257 1770 2297 gestabo,
1797 2267 1858 2299 ego
1876 2258 2030 2295 salvabo,
2075 2259 2119 2295 Et

1141 2316 1214 2347 cap.
1234 2304 1309 2339 5l.:
1338 2304 1446 2337 Posui
1463 2306 1568 2338 verba
1584 2318 1659 2339 mea
1689 2307 1723 2338 in
1749 2319 1808 2339 ore
1831 2315 1909 2349 tuo,
1941 2316 1972 2342 et
1997 2312 2122 2345 umbra

1141 2366 1266 2388 manus
1282 2366 1378 2388 meae
1395 2356 1526 2398 protexi
1546 2363 1589 2396 te,
1615 2363 1651 2389 nt
1673 2357 1806 2400 plantes
1821 2359 1935 2392 coelos
1951 2367 2015 2394 etc.
2055 2361 2122 2395 llic

1141 2418 1281 2450 quoque
1299 2406 1439 2438 deducit
1460 2417 1522 2438 nos
1534 2405 1657 2439 lesaias
1675 2409 1716 2439 ad
1730 2405 1919 2442 Ecclesiam
1937 2411 2122 2450 visibilem,

1143 2457 1179 2488 in
1204 2468 1273 2501 qua
1297 2464 1398 2489 sonat
1426 2468 1490 2488 xox
1516 2455 1714 2499 Evangelii.
1773 2457 1855 2492 Ideo
1879 2461 1978 2495 dicit:
2016 2462 2120 2497 Posui

1143 2507 1248 2539 verba
1267 2518 1342 2539 mea
1360 2506 1395 2538 in
1415 2518 1473 2539 ure
1490 2514 1561 2540 tuo.
1614 2506 1658 2541 Et
1678 2506 1766 2541 lianc
1790 2509 1962 2546 divinitus
1979 2514 2120 2547 defendi

1142 2557 1270 2602 inquit.

1243 2605 1343 2642 Vllt.
1386 2606 1482 2639 Idem
1508 2609 1584 2641 vult
1609 2606 1736 2642 Iesaias
1763 2610 1798 2644 in
1824 2609 1891 2645 hoc
1916 2614 2025 2656 capite
2045 2613 2119 2646 96:

1143 2655 1299 2692 Ecclesia
1318 2664 1366 2691 est
1382 2658 1502 2692 civitas
1528 2658 1645 2700 firma,
1673 2662 1772 2695 cuins
1798 2663 1888 2696 muri
1916 2670 1994 2696 sunt
2020 2664 2122 2705 salus,

1523 2708 1598 2743 43*
