2324 2955
198 121 268 157 107
837 117 999 153 DECL.
1033 117 1106 154 DE
1140 119 1466 157 FERMENTO
1501 131 1581 160 E‘rc.
2146 125 2217 161 108

197 218 277 239 vere
301 207 478 240 decretum
495 204 579 243 Dei,
607 210 639 236 et
661 215 701 236 ex
719 203 836 236 animo
856 205 1050 243 laetantur,
1077 206 1180 238 nobis

196 257 307 290 filium
325 256 390 290 Dei
415 258 584 288 donatum
604 265 675 286 esse
693 261 727 288 et
745 252 809 287 bac
826 255 932 289 erecti
950 256 1034 296 fide,
1062 257 1179 290 Deum

198 308 376 341 invocant.

1009 475 1053 492 an.
1077 463 1168 492 15:35.

1005 507 1173 520 vm

194 459 258 491 No.
280 457 363 492 145.

463 568 537 607 De
567 565 799 623 fermento
826 573 905 609 etc.

261 655 291 680 In
307 655 397 680 select.
411 655 489 681 Dect.
511 654 541 680 T.
557 654 601 680 lll.
623 664 647 688 p.
663 655 713 679 453
726 664 801 688 sqq.,
832 655 949 683 Servest,
969 655 1001 681 T.
1019 654 1064 680 ΙΙΙ.
1085 664 1108 688 p.
1122 655 1180 679 439.

293 695 316 713 et
332 688 447 713 Richard
468 689 498 713 T.
516 689 561 712 lll.
584 689 678 722 pstlOss.
718 689 802 713 Etiam
823 691 978 721 separatim:
1005 688 1128 721 „Oratio
1149 688 1180 712 (le

293 722 487 749 similitudine.
528 723 554 747 in
582 731 633 756 qua
659 723 773 754 dicitur,
808 723 984 756 Evangelium
1010 724 1097 748 simile
1124 732 1180 747 esse

293 758 427 781 fermento
453 758 533 782 mixto
560 758 644 781 tribus
671 755 772 782 farinae
792 759 869 788 satES,
901 758 976 782 feeit.
995 768 1008 782 a
1032 758 1086 783 Val.
1107 759 1164 782 Τιιι

294 791 387 823 tiger.''
409 790 522 816 xvaeb.
544 791 615 815 1555.
637 792 659 816 S.
685 791 701 815 2
722 792 756 825 pl.

192 880 319 912 Oratio
347 877 392 911 de
413 875 604 921 fermento
624 879 739 912 mixto
758 878 878 913 tribus
894 877 1055 923 farinae
1073 882 1178 913 satis.

190 956 277 996 Nisi
297 967 389 993 certo
410 961 575 993 sciremus
592 958 681 993 hanc
700 973 944 994 aerumnosam
963 963 1087 1000 vitam,
1115 963 1179 995 iter

190 1024 260 1045 esse
283 1013 327 1044 ad
349 1011 587 1044 dulcissimam
611 1011 766 1045 coelestis
788 1011 966 1046 Ecclesiae
989 1020 1177 1046 consuetu-

189 1064 326 1101 dinem,
354 1062 389 1093 iu
407 1074 474 1105 qua
490 1060 583 1094 Deus
600 1073 671 1093 sese
688 1063 790 1094 nobis
807 1064 921 1106 palam
939 1066 1116 1102 ostendet,
1145 1071 1178 1097 et

189 1125 286 1147 suam
314 1113 445 1152 lucem,
470 1112 697 1155 sapientiam,
725 1113 916 1154 iusticiam,
944 1115 1114 1147 laeticiam
1139 1115 1175 1146 in

189 1171 261 1197 tota
283 1163 486 1196 aeternitate
510 1163 800 1203 communicabit,
829 1166 906 1209 quis
925 1166 1095 1198 sustinere
1113 1167 1176 1198 do-

188 1216 279 1247 lores
309 1221 342 1247 et
365 1225 493 1256 agonas
517 1211 622 1246 huius
646 1215 737 1246 vitae
760 1216 1036 1248 innumerabiles
1060 1224 1173 1259 posset

187 1273 248 1300 aut
278 1265 403 1298 vellet'?
463 1264 533 1297 Sed
564 1265 764 1297 intueamur
795 1266 895 1298 illum
928 1273 1089 1309 portum,
1131 1268 1175 1300 ad

187 1328 290 1361 quem
312 1315 524 1353 accedimus,
552 1315 657 1346 simul
681 1316 785 1347 etiam
808 1316 958 1348 sciamus
976 1329 1038 1348 nos
1057 1317 1093 1348 in
1110 1314 1174 1349 hac

186 1367 285 1406 navi,
322 1376 409 1409 quae
441 1364 650 1396 saevissimis
678 1363 820 1396 flatibus
841 1365 1006 1406 agitatur,
1041 1377 1173 1408 nequa-

185 1429 290 1462 quam
313 1415 406 1448 solos
431 1422 463 1448 ct
484 1414 558 1446 sine
583 1413 714 1446 auxilio
741 1426 819 1446 esse.
873 1414 1021 1458 Semper
1045 1415 1174 1448 assidet

185 1468 229 1500 ad
254 1467 392 1500 clavum
417 1463 606 1506 filiusDei,
635 1471 749 1497 custos
764 1462 913 1497 humani
929 1465 1083 1507 generis,
1113 1465 1172 1509 qui

186 1524 348 1551 naturam
386 1513 576 1547 humanam
610 1515 815 1558 assumpsit,
859 1527 903 1546 ne
937 1513 1021 1547 haec
1055 1522 1171 1548 nostra

186 1579 297 1600 massa
315 1566 473 1599 funditus
489 1565 630 1609 periret.
683 1563 751 1597 llic
768 1566 928 1608 protegit,
955 1572 1076 1605 armat,
1104 1566 1171 1598 eri-

185 1620 253 1660 git,
289 1623 476 1653 sustentat,
509 1616 652 1648 adiuvat
681 1627 763 1655 nos,
801 1627 843 1647 ne
874 1614 937 1648 hac
963 1623 1058 1649 tanta
1081 1617 1172 1648 mole

185 1669 406 1702 miseriarum
431 1666 585 1709 oppressi
609 1666 863 1708 extinguamur.
919 1665 1081 1699 Vivimus
1107 1667 1171 1709 igi—

185 1727 260 1757 tur,
287 1731 358 1750 nou
380 1724 419 1750 ut
442 1713 661 1761 (μλόψυχοι,
691 1717 771 1761 quia
797 1716 865 1749 vita
889 1729 950 1760 per
969 1729 1040 1749 sese
1060 1717 1172 1749 dulcis

185 1770 248 1809 sit,
275 1776 333 1801 aut
359 1768 402 1800 sit
423 1768 527 1811 plena
544 1767 782 1809 voluptatum:
811 1769 867 1799 sed
889 1776 927 1800 ut
943 1767 1017 1800 Deo
1036 1768 1171 1800 obtem-

184 1831 362 1863 peremus,
392 1825 424 1850 et
439 1818 518 1850 freti
534 1817 745 1860 opitulatore
761 1818 831 1849 tilio
848 1817 910 1850 Dei
922 1846 930 1856 ,
957 1819 1094 1851 labores
1110 1820 1171 1850 ad-

186 1871 324 1907 siduos,
353 1880 471 1906 curas,
496 1867 635 1901 dolor'es
655 1869 688 1900 in
711 1869 882 1908 ecclesiis,
906 1869 942 1900 in
959 1867 1106 1909 scholis,
1134 1870 1170 1901 in

185 1921 324 1960 castris,
353 1920 388 1951 in
413 1919 529 1958 curia,
559 1925 592 1951 et
609 1919 646 1950 in
662 1919 866 1952 oeconomia
884 1920 1111 1958 sustinemus,
1139 1927 1171 1952 et

184 1972 279 2004 illam
306 1982 420 2003 arcem
442 1977 620 2003 aeternam
644 1968 709 2001 hoc
732 1982 940 2002 aerumnoso
960 1982 1064 2003 cursu
1080 1970 1170 2014 peti-

182 2034 270 2055 mus.
323 2020 417 2053 Haec
442 2022 484 2053 de
508 2020 652 2052 vivendi
677 2021 789 2052 causis
814 2021 982 2059 miseriis,
1011 2028 1045 2054 et
1071 2021 1170 2053 auxi-

182 2074 255 2113 liis,
280 2072 418 2105 assidue
439 2071 622 2114 cogitanda
642 2079 741 2110 sunt,
769 2078 806 2103 ut
823 2073 1077 2104 confirmentur
1094 2072 1169 2104 ani-

181 2125 247 2163 mi,
284 2135 327 2155 ne
360 2123 495 2155 labores
520 2123 731 2154 necessarios
755 2122 952 2164 defugiant,
989 2129 1049 2155 aut
1072 2123 1169 2155 dese-

181 2180 271 2206 rant.
325 2172 426 2205 Hanc
451 2173 820 2205 commonefactionem
849 2185 914 2205 vox
932 2173 1051 2204 divina
1070 2185 1170 2217 saepe

182 2224 364 2267 proponit,
392 2224 488 2255 iubet
511 2223 666 2264 singulos
693 2224 802 2255 sacere
826 2223 879 2255 sui
906 2224 1011 2255 officit
1035 2236 1168 2266 operas,

183 2282 215 2307 et
233 2282 349 2318 petere
364 2280 395 2306 et
412 2281 589 2316 expectare
607 2274 745 2306 foelices
764 2280 908 2306 eventus
925 2273 1038 2306 aDeo.
1075 2274 1168 2308 Sub-

182 2326 276 2358 ditus
294 2331 365 2357 esto
385 2322 479 2363 Deo,
508 2324 621 2368 inquit
639 2323 817 2362 Psalmus‚
843 2331 875 2357 et
890 2337 949 2356 ora
968 2337 1058 2358 eum.

284 2373 360 2408 Etsi
380 2374 485 2416 igitur
501 2371 595 2407 hunc
612 2382 770 2408 nostrum
788 2375 943 2408 laborem
960 2375 997 2408 in
1009 2377 1167 2408 docendo

183 2432 213 2458 et
248 2425 435 2463 discendo,
469 2431 502 2457 et
534 2431 641 2457 totam
675 2426 915 2459 doctrinarum
947 2427 1167 2469 propagatio-

181 2488 281 2515 nem,
317 2476 688 2521 cornilanturmultae
713 2489 766 2508 res
789 2478 975 2515 molestae,
1010 2484 1167 2510 contem-

180 2533 278 2570 ptuS‚
312 2527 412 2566 odia,
444 2533 646 2569 paupertas,
682 2527 836 2568 ingentia
868 2528 1076 2563 certamina,
1111 2540 1167 2560 ca-

182 2577 353 2616 lumniae,
394 2576 626 2618 ingratitudo,
666 2577 784 2617 exilia,
827 2579 1014 2622 supplicia,
1050 2585 1166 2611 tamen

181 2628 261 2672 quia
289 2628 416 2660 scimus
441 2626 556 2660 Deum
581 2627 797 2661 severissime
824 2630 1022 2673 praecipere
1047 2639 1079 2662 et
1103 2631 1167 2660 do—

179 2679 280 2712 cendi
297 2685 328 2712 et
347 2677 506 2710 discendi
525 2678 679 2711 laborem
693 2705 700 2717 ,
730 2677 818 2712 lianc
835 2681 995 2713 militiam
1014 2692 1085 2713 non
1104 2681 1165 2712 de-

1233 206 1398 246 serimus,
1421 217 1484 238 nec
1499 207 1682 240 abiicimus
1698 205 1803 241 huius
1819 210 1929 242 nostri
1948 211 2104 244 muneris
2120 223 2219 244 exer-

1234 257 1313 290 citia
1340 264 1372 289 et
1395 267 1527 300 operaS.
1585 255 1740 291 Oramus
1764 267 1879 292 autem
1907 260 2017 293 filium
2045 261 2130 302 Dei,
2157 263 2219 307 qui

1235 315 1284 341 est
1301 304 1407 355 λόγος
1421 306 1554 339 aeterni
1573 308 1697 350 patris,
1724 315 1762 342 ut
1782 310 1854 354 ipse
1873 308 1963 343 hanc
1981 309 2133 358 λογικὴν
2154 314 2218 346 λα-

1233 356 1357 403 τρείαν
1380 357 1552 400 gubernet
1569 364 1601 390 et
1620 358 1769 392 adiuvet.
1822 360 2013 403 Vigilantia
2031 368 2063 394 et
2081 362 2219 406 sapien-

1234 409 1280 441 tia
1304 406 1458 441 humana
1482 419 1554 440 non
1579 414 1629 441 est
1646 419 1708 451 par
1722 411 1850 444 nostris
1868 419 1901 444 et
1918 412 2082 455 periculis
2100 419 2131 446 et
2147 424 2220 445 cer-

1234 459 1438 491 inminibus.
1490 457 1579 491 Nam
1601 465 1634 491 et
1656 465 1780 492 natura
1803 455 1903 494 facile
1928 462 2144 504 languefmnt
2164 463 2220 495 in-

1233 509 1354 552 genia,
1382 516 1415 542 et
1437 509 1569 542 diaboli
1592 510 1835 553 multipliciter
1858 512 2071 545 insidiantur
2089 514 2220 546 docen-

1234 561 1328 593 tibus
1352 566 1384 592 et
1406 559 1638 600 discentibus,
1665 567 1703 593 ut
1727 561 1886 594 omnium
1910 563 2106 596 seculorum
2134 561 2219 596 hor-

1235 610 1352 643 ribilia
1375 611 1529 654 exempla
1553 612 1755 643 ostendunt.
1809 611 1909 653 Quae
1927 613 2020 644 enim
2040 621 2132 646 aetas
2153 615 2217 647 suit

1234 661 1309 694 sine
1325 661 1532 694 monstrosis
1543 661 1795 704 opinionibus?
1819 663 1894 694 sine
1907 663 2118 696 calumniis'.>
2145 665 2219 696 sine

1234 709 1495 757 sycophantiis?
1520 711 1834 755 sinecorruptelis?
1862 713 2122 746 sinedissidiis?
2147 712 2219 746 Ex-

1234 769 1308 795 tant
1326 762 1408 795 libri
1425 768 1526 795 testes
1542 762 1585 795 de
1602 769 1673 795 tota
1691 763 1906 807 antiquitate.
1961 764 2030 797 Sed
2048 771 2163 797 tamen
2182 764 2218 796 in

1233 810 1388 845 Ecclesia
1404 812 1495 845 filius
1505 810 1571 844 Dei
1589 824 1660 845 non
1678 813 1762 845 sinit
1778 814 1916 856 penitus
1932 814 2087 857 extingui
2106 815 2217 848 lucem

1234 864 1407 901 veritatis,
1436 871 1468 897 et
1485 875 1564 895 cum
1582 863 1627 896 sit
1645 861 1752 909 λόγος
1768 864 1899 896 aeterni
1919 866 2025 907 patris
2037 890 2046 902 ,
2074 878 2153 897 vere
2170 873 2220 898 est

1233 914 1350 946 efficax
1378 925 1461 946 voce
1485 925 1566 946 suae
1589 914 1786 953 doctrinae,
1813 921 1847 946 et
1869 914 2067 958 aliquorum
2084 922 2217 949 mentes

1232 965 1333 997 docet
1352 970 1385 996 et
1405 964 1607 1004 confirmat,
1634 976 1678 996 ne
1695 976 1713 996 a
1731 964 1877 997 veritate
1894 965 2066 997 aberrent.
2121 965 2219 999 Sicut

1232 1021 1264 1047 et
1288 1021 1463 1058 precatur:
1489 1013 1673 1047 Sanctifica
1689 1026 1746 1047 eos
1763 1015 1799 1046 in
1818 1015 1982 1055 veritate,
2008 1026 2121 1047 sermo
2140 1022 2219 1049 tuus

1233 1072 1283 1098 est
1302 1065 1439 1099 veritas.
1493 1062 1539 1097 Et
1558 1062 1641 1096 haec
1658 1065 1781 1098 ultima
1802 1072 1834 1098 et
1853 1066 1962 1098 delira
1981 1066 2106 1098 mundi
2126 1073 2217 1098 aetas

1231 1128 1270 1148 eo
1297 1116 1374 1158 plus
1399 1113 1543 1148 habebit
1568 1126 1749 1155 errorum,
1777 1116 1858 1159 qnia
1884 1116 2051 1159 paulatim
2069 1117 2217 1149 maiores

1231 1167 1313 1198 fient
1337 1172 1369 1198 et
1382 1165 1618 1198 Ecclesiarum
1641 1173 1674 1199 et
1695 1167 1924 1209 imperiorum
1943 1166 2217 1201 dilacerationes.

1230 1215 1276 1249 Et
1298 1223 1453 1249 crescent
1471 1216 1550 1248 odia
1563 1242 1572 1255 ,
1597 1223 1629 1248 et
1645 1216 1756 1248 furiae
1773 1217 2040 1250 ambitiosorum
2058 1217 2219 1259 ingenio-

1230 1279 1307 1299 rum
1332 1267 1525 1310 impedient
1548 1266 1727 1299 saniorum
1751 1267 1926 1311 colloquia
1944 1274 1976 1300 et
1991 1268 2217 1300 deliberatio-

1230 1329 1303 1349 nes.
1360 1316 1597 1357 intelligamus
1614 1317 1719 1356 igitur
1737 1317 1909 1358 pericula,
1937 1326 1968 1349 et
1985 1318 2121 1350 assidue
2138 1330 2217 1361 pre-

1229 1377 1350 1398 cemur
1373 1366 1483 1397 filium
1502 1365 1570 1398 Dei
1588 1365 1779 1397 Dominum
1800 1373 1960 1398 nostrum
1982 1365 2094 1398 lesum
2114 1365 2217 1401 Chri-

1229 1422 1339 1452 stum,
1381 1422 1421 1447 ut
1452 1427 1517 1447 nos
1548 1422 1581 1447 et
1609 1416 1780 1456 gubernet
1807 1422 1839 1447 et
1863 1416 2062 1457 confirmet,
2104 1430 2148 1450 ne
2173 1420 2217 1450 ab

1228 1465 1304 1509 ipso
1322 1465 1535 1499 aberremus.

1330 1514 1425 1547 Haec
1442 1514 1586 1558 praefati
1603 1526 1721 1547 sumus
1738 1515 1780 1546 de
1796 1512 2011 1548 scholasticis
2023 1516 2215 1556 laboribus,

1227 1572 1266 1598 ut
1285 1573 1317 1598 et
1333 1565 1491 1597 discendi
1509 1572 1541 1598 et
1561 1566 1725 1607 precandi
1744 1578 1825 1597 cura
1843 1566 2062 1600 exuscitetur.
2112 1566 2215 1600 Nunc

1227 1616 1306 1660 quia
1331 1616 1367 1648 in
1393 1613 1445 1648 his
1472 1613 1628 1648 honestis
1646 1616 1888 1657 congressibus
1905 1617 2003 1649 decet
2019 1617 2152 1661 aliquid
2172 1620 2214 1651 de

1229 1674 1324 1710 parte
1345 1667 1462 1710 aliqua
1485 1665 1665 1699 doctrinae
1687 1669 1729 1697 ad
1755 1666 1910 1699 iuniores
1929 1668 2141 1700 erudiendos
2160 1669 2214 1701 di-

1227 1729 1321 1757 cere,
1347 1729 1481 1749 sumam
1507 1723 1752 1759 argumentum
1780 1729 1851 1749 uon
1878 1718 2032 1750 alienum
2058 1731 2075 1750 a
2103 1720 2213 1752 medi-

1227 1780 1346 1800 corum
1374 1767 1545 1800 doctrina.
1598 1766 1715 1808 Pingit
1732 1767 1906 1800 Dominus
1931 1769 2067 1813 aliquot
2090 1769 2212 1812 imagi-

1227 1830 1286 1850 nes
1312 1817 1507 1858 Ecclesiae,
1541 1830 1688 1862 quarum
1711 1830 1781 1850 uua
1807 1816 1890 1851 haec
1916 1826 1982 1851 est:
2016 1819 2077 1853 Ait
2100 1820 2212 1853 simile

1226 1881 1298 1902 esse
1334 1880 1480 1911 regnum
1512 1868 1690 1900 coelorum
1723 1870 1914 1909 fermento,
1958 1872 2054 1914 quod
2088 1871 2212 1904 mulier

1227 1920 1346 1952 miscet
1370 1920 1481 1952 tribus
1504 1919 1636 1951 farinae
1659 1920 1758 1959 satis,
1786 1921 1897 1952 donec
1922 1927 2032 1953 totum
2058 1921 2212 1954 fermen—

1226 1977 1329 2004 tetur.
1390 1969 1513 2002 Brevis
1545 1970 1699 2002 narratio
1725 1978 1792 2011 est,
1826 1971 1886 2003 sed
1913 1971 2025 2003 dulcis
2051 1973 2211 2005 conside-

1225 2022 1337 2061 ranti,
1364 2021 1445 2066 quia
1468 2021 1576 2053 multa
1602 2022 1701 2053 docet
1726 2022 1768 2053 de
1796 2021 1991 2054 ministerio
2016 2020 2212 2065 Evangelii,

1225 2073 1268 2104 de
1293 2071 1498 2105 collectione
1514 2069 1710 2111 Ecclesiae,
1738 2073 1779 2104 de
1797 2073 2025 2105 renovatione
2046 2070 2209 2111 bominis,

1225 2124 1267 2155 ‹le
1293 2122 1514 2156 restitutione
1540 2121 1695 2154 iusticiae
1713 2130 1745 2155 et
1762 2123 1853 2156 vitae
1871 2130 2041 2156 aeternae.
2093 2122 2210 2157 Huius

1225 2174 1404 2207 doctrinae
1427 2173 1659 2206 consideratio
1682 2175 1792 2206 bonas
1818 2181 1950 2207 mentes
1975 2181 2006 2206 et
2029 2174 2210 2208 confirmat

1224 2232 1257 2257 et
1280 2224 1491 2257 consolatur.
1543 2223 1613 2255 Nos
1637 2231 1728 2257 certe
1747 2225 1784 2256 in
1802 2223 1930 2257 scholis
1947 2224 2069 2257 talium
2089 2237 2207 2258 narra-

1224 2276 1359 2309 tionum
1384 2274 1552 2307 vocabula
1579 2275 1777 2307 iunioribus
1794 2275 2014 2318 interpretari
2032 2276 2207 2309 debemus.

1223 2325 1380 2358 Primum
1414 2325 1522 2367 igitur
1551 2326 1594 2357 de
1623 2325 1802 2358 vocabulis
1828 2325 1956 2358 dicam:
1993 2324 2115 2358 Satum
2141 2324 2207 2360 boc

1222 2377 1300 2409 loco
1324 2388 1390 2409 vox
1413 2374 1529 2408 Ebrea
1554 2383 1622 2419 est,
1652 2388 1848 2408 mensuram
1874 2377 2090 2419 significans,
2119 2390 2207 2422 quae

1223 2434 1272 2460 est
1291 2427 1390 2460 tertia
1409 2438 1487 2470 pars
1502 2427 1690 2467 medimni,
1718 2434 1819 2459 erunt
1838 2427 1944 2469 igitur
1961 2427 2029 2461 tria
2045 2435 2114 2461 sata
2134 2441 2206 2461 me-

1223 2478 1364 2510 dimnus
1390 2477 1535 2520 integer.
1594 2477 1642 2511 Ut
1667 2484 1781 2510 autem
1807 2479 1902 2510 velut
1926 2479 1972 2510 ob
1998 2478 2118 2511 oculos
2144 2491 2206 2522 po-

1222 2541 1303 2561 nam
1333 2540 1514 2561 mensurae
1544 2528 1841 2570 magnitudinem,
1880 2529 2078 2561 medimnus
2111 2530 2205 2563 Atti-

1222 2591 1281 2612 cus
1305 2581 1558 2623 propemodum
1584 2579 1743 2620 congruit
1762 2591 1838 2611 cum
1858 2579 1996 2622 Lipsico
2013 2580 2206 2621 medimno,

1221 2642 1324 2674 quem
1351 2630 1535 2662 nominant
1554 2629 1691 2672 Lipsiae
1713 2629 1760 2662 rin
1784 2629 1944 2674 &thot—tels
1978 2631 2012 2663 id
2037 2631 2140 2664 etiam
2164 2644 2203 2664 ex

1220 2681 1327 2713 veteri
1348 2681 1463 2723 precio
1481 2679 1629 2721 intelligi
1650 2688 1770 2724 potest.
1823 2680 1907 2714 Erat
1924 2682 2015 2714 enim
2035 2682 2107 2725 lege
2126 2695 2204 2727 pre-
