2324 2955
207 100 279 135 867

211 188 341 222 leturos
358 194 439 218 esse.
491 179 562 212 Nec
577 179 859 218 contempserunt
874 170 1030 207 Romani
1047 173 1184 217 pericu-

439 91 647 133 SCRIPTA
674 89 749 123 PH.
775 86 891 123 MEL.
919 85 986 121 AD
1012 86 1138 123 HtST.
1166 84 1310 125 PROF.
1334 84 1400 122 ET
1428 84 1618 124 PHILOS.
1645 85 1964 127 SPECTANTIA.

2135 92 2210 128 868

1336 170 1431 204 Haec
1471 172 1514 204 de
1547 169 1737 206 stlat-cello
1772 173 1944 219 diximus,
1995 176 2077 221 quia
2109 177 2211 211 valde

214 241 286 272 lum
298 264 306 277 ,
333 235 388 268 sed
407 239 550 273 magnos
565 225 733 260 exercitus
753 229 1005 268 opposuerunt.
1056 222 1185 257 Curius
1236 222 1378 267 prodest
1395 222 1599 255 excellentes
1614 223 1706 256 viros
1721 224 1758 256 in
1775 224 1941 258 omnibus
1956 223 2111 260 historiis
2127 239 2211 260 con-

215 296 247 321 et
263 282 456 320 Flaminius
474 278 570 312 Coss.
586 288 659 310 non
675 275 799 320 procul
815 287 832 306 a
848 273 1054 307 Mediolano
1076 273 1185 307 truci-

215 339 386 370 daverunt
403 328 632 374 quadraginta
651 326 762 358 millia
781 323 966 358 Gallorum
986 330 1018 357 et
1034 323 1184 356 Germa-

216 396 353 418 norum.
405 380 542 413 Horum
569 379 639 411 dux
656 375 874 414 Ariovistu5â€š
901 375 995 419 quod
1014 382 1063 408 est
1078 374 1184 419 &prm

217 435 295 476 vest,
322 438 441 476 captus
457 436 524 467 est,
549 435 587 463 ut
604 427 724 460 scribit
740 425 920 470 Polybius.

316 483 490 526 Sequente
520 490 613 511 anno
642 475 738 511 Coss.
770 476 912 509 fuerunt
943 474 995 510 M.
1020 474 1188 509 Claudius

218 533 427 571 Marcellus,
461 537 495 564 et
521 529 584 564 Cn.
602 527 785 562 Cornelius
809 526 937 569 Scipio.
1000 525 1188 559 Marcellus

217 587 247 618 is
269 591 338 622 est,
372 582 432 627 qui
459 580 586 614 deinde
609 584 685 622 post
701 576 922 611 Cannensem
947 577 1081 609 cladem
1106 576 1189 609 vicit

218 634 443 669 Annibalem.
507 629 571 665 Cn.
594 628 780 662 Cornelius
805 627 922 671 Scipio
952 634 1095 670 patruus
1124 626 1190 659 fuit

217 682 431 730 Aphricani,
458 693 476 714 a
494 693 563 725 quo
590 679 626 711 in
646 676 800 722 Aphrica
825 677 935 711 victus
956 684 1005 710 est
1022 676 1188 711 Annibal.

217 735 307 769 Cum
324 739 440 766 autem
456 732 541 764 duce
554 729 791 769 Viridomaro,
807 728 901 772 quod
919 734 966 761 est
977 728 1189 770 grtebmcmr,

218 787 256 820 id
273 791 340 824 est,
366 788 481 816 custos
498 780 608 825 pacis,
635 789 755 812 rursus
775 778 917 820 triginta
935 778 1045 810 millia
1064 777 1190 811 Gallo-

221 847 299 869 rum
320 841 353 868 et
370 832 627 866 Germanorum
652 829 694 861 ad
714 827 956 861 Mediolanum
975 829 1190 866 accederent,

220 893 254 919 et
269 884 367 919 Coss.
389 881 634 915 Mediolanum
655 878 873 918 obsiderent,
900 877 1089 911 Marcellus
1110 889 1190 922 par-

217 944 288 969 tem
305 933 471 968 exercitus
488 931 587 964 duxit
600 930 766 963 adversus
776 928 1048 962 Viridomarum.
1082 927 1191 962 Cum-

220 997 287 1031 que
303 983 397 1018 hunc
413 982 585 1024 insignem
603 979 710 1013 armis
726 990 812 1012 auro
828 978 961 1012 ornatis
977 985 1057 1012 ante
1080 979 1191 1011 aciem

220 1036 381 1073 vidisset,
408 1032 490 1077 quia
505 1032 629 1064 ducem
653 1040 726 1062 esse
749 1029 1024 1062 ratiocinabatur
1040 1028 1193 1060 Marcel-

222 1088 295 1126 lus,
321 1090 412 1117 recta
437 1083 607 1126 impetum
633 1079 671 1111 in
696 1091 774 1112 eum
798 1079 897 1118 facit,
930 1085 962 1111 et
986 1077 1061 1110 lovi
1082 1077 1193 1121 spolia

222 1138 340 1180 opima
370 1139 483 1167 vovet.
546 1129 627 1163 Non
650 1129 739 1172 fugit
763 1126 892 1166 hostis,
932 1129 993 1160 sed
1026 1127 1194 1160 acerrime

223 1187 394 1220 dimicans
416 1182 556 1216 tandem
581 1179 707 1223 accipit
728 1179 830 1211 letale
859 1178 998 1213 vulnus.
1058 1176 1194 1210 Interea

223 1245 255 1269 et
278 1234 446 1268 exercitus
472 1232 565 1264 inter
588 1240 658 1262 sese
680 1229 894 1271 confligunt,
928 1229 985 1261 sed
1014 1227 1194 1261 interfecto

223 1289 310 1319 duce
328 1283 572 1319 Viridomaro,
597 1279 710 1323 prima
725 1279 796 1312 acie
813 1279 1056 1322 perterrefacta
1073 1284 1105 1311 et
1120 1284 1196 1311 tur-

221 1338 320 1375 bata,
344 1331 498 1367 Romani
517 1330 646 1362 alacres
668 1329 801 1362 instant
826 1329 1043 1363 cedentibus,
1098 1327 1197 1361 Mar-

223 1386 331 1419 cellus
352 1382 461 1427 spolia
479 1378 573 1414 hosti
594 1376 764 1419 detrahit,
789 1390 876 1423 quae
899 1385 1018 1423 postea
1040 1388 1197 1412 reversus

222 1436 373 1471 Romam
391 1432 490 1466 affixa
507 1441 642 1475 querno
660 1435 784 1462 trunco
801 1435 910 1471 gestat
927 1429 963 1461 in
975 1428 1199 1473 Capitolium,

224 1485 379 1529 exemplo
396 1479 572 1518 Romuli,
600 1480 689 1513 sicut
709 1486 860 1514 voverat.
913 1478 1002 1512 Bon
1019 1490 1102 1511 vero
1122 1485 1199 1521 post

224 1537 319 1569 illam
338 1543 488 1578 pugnam
506 1530 648 1572 triginta
664 1529 820 1562 millibus
837 1527 990 1562 hostium
1008 1528 1198 1572 profligatis

225 1588 266 1619 ad
294 1584 513 1618 obsidionem
533 1579 728 1613 Mediolani
751 1579 861 1619 redit,
889 1580 951 1612 ubi
976 1591 1054 1612 curn
1080 1579 1199 1622 copiae

226 1636 322 1670 Coss.
354 1644 474 1667 rursus
503 1630 711 1664 coniunctae
741 1636 870 1669 essent,
913 1629 949 1663 vi
978 1636 1117 1672 captum
1150 1635 1199 1661 est

226 1685 480 1719 blediolanum.
532 1680 670 1714 Deinde
693 1679 806 1711 vicina
829 1678 959 1721 oppida
984 1678 1198 1710 deditionem

226 1737 320 1769 ultro
343 1734 487 1767 faciunt.
558 1729 609 1762 Ita
633 1728 755 1761 deletis
781 1728 971 1771 peregrinis
993 1728 1200 1760 exercitibus

228 1786 327 1819 Italia
353 1781 486 1825 ingenti
508 1787 640 1814 terrore
658 1779 801 1811 liberata
825 1784 886 1811 est.
940 1777 991 1811 Ac
1009 1777 1199 1820 plurimum

228 1835 423 1869 attulerunt
440 1830 608 1863 momenti
625 1829 668 1861 ad
686 1828 866 1861 victoriam
879 1855 887 1865 ,
914 1828 1118 1867 consilium,
1145 1839 1201 1860 ce-

228 1886 364 1921 leritas,
405 1881 576 1915 fortitudo
603 1885 637 1911 et
665 1878 833 1911 foelicitas
860 1877 1039 1917 Marcelli,
1079 1877 1138 1922 qui
1169 1884 1200 1911 et

227 1947 321 1968 anno
345 1940 420 1977 post
446 1930 659 1965 trucidatum
681 1928 942 1960 Viridomarum
969 1939 1082 1967 nono,
1107 1940 1200 1960 anno

228 1992 304 2028 post
320 1985 452 2016 cladem
469 1980 689 2015 Cannensem
708 1978 809 2011 tertio
827 1978 910 2011 vicit
926 1978 1152 2014 Annibalem.

328 2032 418 2066 Cum
451 2031 530 2065 talis
560 2029 731 2063 excellens
761 2029 872 2061 virtus
903 2028 940 2060 in
973 2028 1201 2071 imperiorum

228 2083 476 2118 constitutione
499 2079 730 2124 conspicitur,
764 2079 952 2121 cogitemus
969 2075 1091 2110 Deum
1118 2091 1202 2112 con-

228 2136 370 2168 stituere
390 2131 554 2176 imperia,
585 2136 619 2163 et
641 2129 677 2162 id
702 2141 775 2162 non
799 2129 874 2161 fieri
900 2128 975 2161 sine
995 2128 1129 2170 ingenti
1152 2129 1203 2162 la-

229 2186 331 2224 bore,
358 2190 391 2216 et
408 2181 522 2215 Deum
537 2180 626 2213 velle
642 2179 782 2222 agnosci
798 2190 895 2211 suam
913 2179 1144 2222 praesentiam
1165 2179 1202 2212 in

229 2234 290 2266 illa
308 2234 478 2266 virtutum
504 2230 726 2271 excellentia,
762 2236 795 2263 et
818 2229 855 2261 in
878 2228 951 2272 ipsa
974 2228 1202 2272 imperiorum

231 2283 495 2319 constitutione,
523 2292 611 2326 quae
627 2280 674 2320 fit,
700 2286 740 2313 ut
754 2280 870 2324 aliqua
887 2290 966 2322 pars
984 2279 1118 2321 generis
1135 2277 1203 2313 hu-

230 2334 322 2366 mani
342 2341 371 2366 et
387 2331 552 2365 honestae
572 2330 749 2363 societates
771 2335 1032 2363 conserventur.
1085 2328 1201 2363 Huius

230 2383 388 2416 Marcelli
406 2381 536 2414 mentio
553 2381 592 2414 fit
610 2381 648 2413 in
664 2386 757 2413 sexto
778 2380 869 2413 libro
889 2379 1081 2413 Aeneidos:

284 2437 394 2475 Aspice
410 2442 441 2463 ut
458 2436 580 2473 insignis
596 2435 698 2473 spoliis
714 2432 871 2463 Marcellus
887 2434 995 2472 opimis

282 2486 469 2526 Ingreditur:
495 2483 660 2525 Victorque
676 2486 755 2514 viros
773 2485 970 2523 supereminet
989 2493 1100 2513 omnes.

282 2537 340 2566 Hic
358 2541 418 2565 rem
435 2534 600 2565 Romanam
615 2544 721 2573 magno
737 2537 871 2564 turbante
886 2535 1017 2564 tumultu

280 2587 370 2618 Sistet
388 2596 493 2627 eques,
520 2591 627 2614 sternet
643 2584 775 2622 Poenos,
804 2584 985 2625 Gallumque
1002 2585 1153 2622 rebellem,

283 2637 443 2677 Tertiaque
459 2646 537 2665 arma
558 2629 803 2675 patribuspendet
819 2643 903 2675 capta
918 2634 1059 2674 Quirino.

1237 273 1388 305 siderare
1408 279 1548 315 propter
1571 284 1626 306 eas
1649 286 1783 315 causas,
1818 286 1904 319 quas
1926 275 2083 310 recitavi:
2117 276 2212 319 Quia

1237 324 1441 356 discendum
1459 330 1509 355 est
1530 323 1676 366 imperia
1701 336 1719 356 a
1737 323 1811 358 Deo
1838 326 2022 366 constitui,
2049 334 2080 360 et
2098 325 2212 360 Deum

1238 374 1320 406 dare
1347 372 1572 406 excellentem
1596 373 1760 406 virtutem
1777 381 1817 412 ,et
1843 387 2037 417 successus,
2072 383 2105 410 et
2130 374 2213 409 haec

1239 423 1315 456 dari
1350 435 1422 455 non
1458 423 1613 466 ignavis,
1652 425 1712 456 sed
1746 424 2009 466 laborantibus,
2052 427 2142 460 sicut
2175 426 2214 459 in

1240 471 1413 518 Aeschylo
1435 474 1566 507 dictum
1594 480 1658 506 est:
1695 472 1768 507 á¼€Î»Î»â€™
1793 473 1884 509 á½…Ï„Î±Î½
1909 474 2045 521 ÏƒÏ€á½³Î½Î´á¿ƒ
2068 474 2122 515 Ï„á½·Ï‚
2146 474 2214 511 Î±á½-

1240 522 1318 567 Ï„á½¸Ï‚,
1343 521 1406 557 ÎºÎ±á½¶
1424 522 1511 562 Î¸Îµá½¸Ï‚
1526 520 1759 559 ÏƒÏ…Î½á½±Ï€Ï„ÎµÏ„Î±Î¹,

1343 574 1511 619 Polybius
1531 574 1667 619 inquit,
1692 572 1798 607 liuius
1813 575 1896 608 belli
1914 574 2043 609 Gallici
2063 576 2217 619 pericula

1243 632 1275 659 et
1293 625 1424 669 praelia
1443 624 1548 658 fuisse
1569 637 1640 657 non
1658 625 1814 665 minora,
1839 637 1943 670 quam
1962 627 2033 659 ulla
2052 626 2089 658 in
2108 633 2219 659 caete-

1242 676 1290 708 ris
1319 676 1477 715 suerunt,
1519 676 1577 707 sed
1607 686 1626 708 a
1648 674 1755 708 Celtis
1785 676 1904 709 omnia
1934 676 2043 719 magis
2075 676 2219 719 impetu,

1242 737 1345 770 quam
1370 725 1518 758 consilio
1543 731 1616 758 acta
1638 737 1724 759 esse:
1766 726 1881 772 Î¸Ï…Î¼á¿·
1906 728 2068 771 Î¼á¾¶Î»Î»Î¿Î½,
2110 725 2131 771 á¼¢
2157 728 2215 761 Î»Î¿-

1241 778 1379 823 Î³Î¹ÏƒÎ¼á¿·,
1402 774 1680 822 Î²ÏÎ±Î²ÎµÏ…Î¸á¿†Î¹á½·Î±Î¹.

1482 895 1550 928 De
1576 894 1721 927 Arato
1750 895 1984 938 Sicyonio.

1345 973 1556 1019 Exemplum
1576 982 1626 1008 est
1641 971 1780 1007 Aratus
1799 972 1994 1020 Sicyonius
2010 975 2222 1018 gubernatoÎ‡

1244 1027 1292 1059 ris
1307 1026 1491 1068 sapientis,
1517 1025 1617 1065 iusti,
1645 1025 1815 1058 moderati
1833 1025 1868 1057 in
1887 1025 2030 1058 victoria
2049 1026 2166 1065 civili,
2190 1033 2223 1059 et

1246 1075 1377 1119 experti
1398 1075 1559 1107 fortunae
1580 1075 1870 1115 inconstantiam,
1900 1082 1932 1108 et
1953 1075 2075 1108 infidas
2103 1086 2223 1118 regum

1245 1124 1509 1158 familiaritates.
1573 1123 1688 1166 Quem
1712 1136 1751 1156 eo
1778 1125 1965 1167 praeterire
1987 1125 2105 1165 nolui,
2141 1126 2223 1170 quia

1247 1176 1367 1210 Cicero
1386 1174 1460 1207 eius
1474 1174 1689 1206 mentionem
1706 1174 1799 1207 facit.
1851 1173 1899 1207 Et
1916 1174 1953 1206 in
1978 1175 2051 1207 eius
2077 1172 2224 1208 historia

1247 1225 1478 1269 conspicitur,
1506 1236 1609 1268 quam
1626 1224 1713 1256 varii
1729 1224 1899 1258 tumultus
1917 1231 1950 1258 et
1967 1225 2087 1269 quales
2102 1232 2222 1271 tyran-

1249 1276 1349 1308 nides
1372 1275 1408 1307 in
1433 1274 1580 1307 Graecia
1605 1281 1689 1307 tunc
1711 1274 1862 1316 fuerint,
1903 1287 1982 1308 cum
2013 1277 2174 1309 nondum
2203 1286 2224 1309 a

1247 1325 1419 1360 Romanis
1437 1326 1694 1358 defenderetur.

1349 1373 1544 1420 Aliquanto
1576 1381 1656 1408 ante
1686 1374 1820 1408 bellum
1844 1372 2039 1415 Gallicum,
2083 1374 2121 1408 in
2153 1386 2222 1420 quo

1250 1425 1439 1459 Marcellus
1465 1425 1576 1458 victor
1598 1424 1728 1458 delevit
1750 1435 1916 1467 magnum
1942 1425 2129 1459 exercitum
2144 1425 2225 1459 Cel-

1249 1484 1380 1515 tarum,
1405 1476 1440 1508 id
1459 1482 1509 1508 est
1525 1475 1710 1508 Gallorum
1727 1483 1760 1508 et
1776 1474 1997 1515 Teutonum,
2025 1476 2137 1509 clarus
2158 1475 2225 1509 fuit

1250 1527 1286 1559 in
1305 1526 1452 1559 Graecia
1471 1525 1599 1559 Aratus
1615 1525 1820 1570 Sicyonius,
1855 1533 1957 1559 natus
1983 1533 2079 1570 patre
2095 1525 2225 1564 Clinia,

1250 1577 1309 1621 qui
1334 1576 1399 1609 suit
1421 1576 1580 1619 princeps
1597 1576 1776 1620 Sicyonis,
1805 1587 1907 1619 quem
1932 1588 2010 1608 cum
2032 1576 2225 1610 interfecis-

1250 1634 1298 1660 set
1317 1627 1525 1665 Almntitlas,
1553 1625 1613 1669 qui
1639 1625 1756 1668 rapuit
1774 1626 2071 1663 dominationem,
2105 1633 2224 1670 postea

1250 1674 1626 1708 liliusCliniaeAratus
1643 1676 1734 1717 exul,
1762 1675 1901 1707 adiutus
1919 1687 1936 1707 a
1955 1676 2098 1708 caeteris
2113 1676 2225 1709 exuli-

1251 1727 1314 1758 bus
1332 1732 1432 1757 nocte
1451 1725 1647 1758 conscensis
1664 1724 1772 1756 murIS
1789 1725 1935 1767 patriam
1952 1726 2077 1769 coepit.
2118 1725 2227 1759 Cum-

1251 1787 1317 1820 que
1335 1783 1503 1820 tyrannus
1525 1776 1603 1817 suga
1629 1775 1809 1814 evasisset,
1836 1775 1945 1808 vetnit
1963 1773 2091 1809 Aratus
2114 1776 2227 1809 ullum

1251 1826 1360 1858 civem
1395 1825 1554 1857 interfici.
1634 1822 1730 1868 Opes
1759 1825 1899 1869 tyranni
1931 1826 2026 1858 dedit
2057 1827 2229 1861 exulibus-

1252 1875 1344 1917 Quia
1371 1886 1454 1907 vero
1478 1875 1618 1907 exulum
1644 1875 1784 1918 praedia
1810 1875 1877 1907 iam
1908 1876 1952 1909 ab
1983 1877 2061 1910 aliis
2091 1877 2228 1911 civibus

1252 1925 1539 1969 possidebantur,
1571 1932 1603 1958 et
1626 1925 1734 1958 multa
1759 1922 2051 1967 haereditatibus,
2085 1927 2227 1961 dotibus

1252 1982 1311 2009 aut
1334 1975 1598 2008 venditionibus
1623 1976 1788 2009 translata
1811 1983 1928 2017 erant,
1954 1976 2071 2011 eiectis
2095 1989 2229 2021 posses-

1251 2026 1390 2059 soribus
1415 2037 1506 2058 nova
1530 2026 1620 2058 bella
1643 2033 1830 2070 sequutura
1863 2034 1972 2061 erant.
2042 2027 2089 2061 Ut
2123 2028 2228 2071 igitur

1253 2076 1326 2120 paci
1345 2076 1493 2109 civitatis
1509 2077 1704 2109 consuleret
1721 2075 1867 2116 Aratus,
1895 2075 2062 2111 adhibitis
2080 2077 2227 2112 Senato-

1252 2128 1350 2160 ribus
1366 2126 1618 2160 transactiones
1636 2126 1799 2161 instituit.
1853 2126 1973 2161 Precia
1999 2135 2158 2161 numerat
2174 2128 2227 2169 iis,

1252 2177 1313 2222 qui
1337 2177 1491 2210 volentes
1515 2177 1693 2213 cedebant.
1756 2176 1830 2211 Aut
1851 2177 1880 2210 si
1904 2178 1964 2223 qui
1986 2180 2105 2211 cedere
2128 2178 2227 2211 noleÎ‡

1253 2229 1357 2267 bant,
1391 2229 1596 2261 tantundem
1622 2227 1788 2271 pecuniae
1814 2229 1873 2262 dat
1897 2229 2072 2268 exulibus,
2105 2229 2228 2273 quanti

1253 2278 1525 2312 aestimabantur
1551 2278 1665 2311 fundi.
1722 2277 1823 2311 Hanc
1845 2280 1887 2311 ad
1921 2290 1992 2310 rem
2029 2279 2177 2322 sumpsit
2209 2293 2227 2312 a

1254 2328 1455 2362 Ptolemaeo
1490 2329 1619 2362 talenta
1653 2336 1791 2362 centum
1820 2336 1851 2362 et
1878 2328 2149 2373 quinquaginta,
2192 2330 2226 2362 id

1255 2386 1323 2419 est,
1361 2378 1553 2422 nonaginta
1580 2378 1691 2412 millia
1717 2385 1974 2412 coronatorum.
2035 2379 2110 2412 Hac
2133 2389 2228 2413 com-

1253 2429 1459 2473 pensatione
1486 2441 1550 2472 pax
1576 2429 1726 2462 civitatis
1751 2434 1884 2461 retenta
1908 2435 1970 2461 est.
2024 2428 2146 2466 Postea
2171 2428 2227 2463 hic

1253 2479 1384 2513 Aratus
1400 2487 1534 2513 creatus
1552 2480 1623 2513 dux
1638 2477 1878 2517 Achaeorum,
1912 2479 2061 2512 liberare
2087 2487 2120 2514 et
2141 2480 2227 2514 vici-

1254 2541 1319 2563 nos
1343 2530 1506 2565 instituit.
1571 2528 1624 2562 Ex
1656 2540 1733 2562 arce
1755 2525 1920 2561 Corinthi
1951 2536 1985 2563 et
2013 2542 2052 2563 ex
2076 2527 2228 2564 Athenis

1255 2580 1354 2614 eiecit
1369 2579 1597 2614 Macedonica
1613 2578 1798 2623 praesidia.
1851 2578 1987 2613 Deinde
2005 2578 2226 2614 Cleomenem

1255 2641 1369 2674 regem
1396 2630 1611 2665 Laconicum
1635 2635 1781 2663 conatus
1803 2637 1853 2664 est
1877 2630 2083 2674 reprimere,
2110 2631 2171 2676 qui
2195 2637 2228 2664 et
