2324 2955
126 111 201 150 673

125 197 268 241 Quanta
286 194 538 230 dissimilitudo
554 201 605 229 est
619 191 737 236 Eliae,
767 201 801 229 et
818 195 977 229 mulieris
994 206 1108 228 mere-

123 247 222 283 trIcis
239 247 451 281 conversae?
501 244 548 280 Et
569 253 685 279 tamen
704 245 890 279 mulierem
905 257 1107 280 conversam

122 311 264 344 quoque
295 308 433 331 necesse
466 303 518 330 est
548 302 716 337 statuere,
758 307 794 330 se
824 304 997 340 receptam
1023 308 1107 337 esse,

119 349 258 394 placere
276 347 372 388 Deo,
399 353 433 381 et
449 347 609 380 exaudiri
629 358 647 380 a
663 345 751 382 Deo.
803 345 881 380 Nisi
901 347 996 380 enim
1021 344 1105 380 haee

121 400 207 433 fides
229 399 267 432 in
282 409 321 432 ea
337 398 471 439 luceat,
507 409 581 431 non
605 397 737 432 accedit
760 397 803 430 ad
820 395 937 431 Deum
961 410 1024 431 nec
1048 397 1104 430 in-

120 456 229 483 vocat.

218 496 335 532 XVII.
372 497 420 533 Ut
437 497 543 542 igitur
562 495 648 531 haec
662 497 823 532 doctriua
839 498 1023 543 perspicua
1047 498 1102 539 sit,

116 547 184 583 hoc
209 549 334 583 ordine
356 550 542 593 praecipua
567 548 724 582 membra
748 547 1001 593 comprehendi
1021 560 1102 593 pos-

116 608 211 635 sunt.
261 599 422 634 Primum
444 600 594 633 sciamus
610 599 815 632 mandatum
834 598 901 632 Dei
919 606 1100 633 aeternum

116 657 151 684 et
173 651 358 684 immotum
384 661 473 696 esse,
514 656 555 683 ut
577 649 709 693 singuli
733 650 893 683 conversi
917 651 961 683 ad
983 648 1098 683 Deum

116 707 308 735 statuamus
343 700 452 744 recipi
486 706 520 733 et
555 700 692 744 placere
724 712 911 744 personam
954 706 1099 743 propter

114 751 228 785 filium
246 749 312 784 Dei
326 751 575 789 mediatorem,
602 750 728 793 gratis,
762 750 899 790 etiamsi
920 747 1036 783 adhuc
1058 750 1096 782 in

113 802 217 835 nobis
236 801 371 846 reIIqua
386 808 436 835 est
452 812 579 845 magna
595 801 798 842 infirmitas,
823 807 856 834 et
873 801 1003 834 multae
1020 812 1096 833 sor-

112 853 185 886 des.
223 850 406 893 Secundo,
431 863 660 895 agnoscamus
678 863 742 884 nos
758 862 978 895 nequaquam
995 851 1096 884 satis-

108 902 221 935 facere
238 902 306 945 legi
316 900 400 944 Dei,
425 909 460 936 et
474 900 589 935 adhuc
605 902 829 936 circumferre
843 901 881 933 in
897 901 1000 934 nobis
1015 913 1096 945 pec-

110 959 206 991 cata,
233 959 265 986 et
289 950 381 986 hanc
406 959 564 986 nostram
589 952 829 985 infirmitatem
847 951 939 984 veris
955 952 1095 994 gemiti-

108 1002 175 1036 bus
190 1002 424 1046 deploremUS.
467 1001 611 1042 Tertio,
635 1008 669 1035 et
684 1008 801 1035 tamen
819 1001 969 1035 sciamus
978 1000 1094 1035 Deum

108 1053 307 1096 postulare,
347 1059 387 1086 ut
410 1052 455 1085 sit
478 1051 517 1084 in
542 1051 646 1085 nobis
679 1049 845 1085 inchoata
877 1053 1093 1094 obedientia,

107 1103 193 1136 fides
211 1108 245 1136 et
261 1102 398 1136 iusticia
414 1103 529 1136 bonae
548 1101 800 1141 conscientiae,
827 1107 861 1135 et
876 1099 962 1135 haec
986 1115 1092 1146 opera

108 1153 177 1196 ipsi
218 1152 356 1196 placere
395 1153 433 1185 in
469 1151 704 1186 reconciliatis
739 1158 884 1196 propter
918 1153 1091 1187 mediato-

107 1213 181 1236 rem
208 1203 288 1238 fide.

209 1251 343 1288 XVIII.
377 1251 517 1285 Horum
533 1251 642 1286 trium
664 1252 904 1286 membrorum
929 1253 1091 1287 conside-

106 1303 195 1336 ratio
213 1303 441 1336 necessariam
451 1303 648 1335 doctrinam
663 1309 695 1335 et
713 1303 987 1336 consolationem
1005 1317 1092 1337 con-

107 1353 209 1388 tinet.
256 1350 427 1386 Prohibet
450 1353 686 1395 arrogantiam
712 1353 876 1397 propriae
901 1355 1092 1396 dignitatis,

106 1410 140 1436 et
155 1410 270 1437 tamen
287 1403 442 1437 ostendit
457 1410 608 1446 portum,
635 1403 765 1436 scilicet
780 1404 1024 1445 mediatorem,
1051 1417 1090 1438 ac

105 1453 205 1486 iubet
220 1452 367 1485 eluctari
382 1464 422 1485 ex
439 1453 678 1492 dubitatione,
705 1464 744 1485 ac
761 1459 913 1486 statuere
931 1466 995 1486 nos
1018 1466 1090 1487 esse

104 1503 144 1535 in
158 1503 268 1545 gratia
289 1509 433 1546 propter
448 1502 692 1536 mediatorem.
733 1501 780 1535 Et
797 1503 840 1535 de
856 1504 1089 1546 amplitudine

103 1552 366 1586 misericordiae
388 1551 456 1586 Dei
477 1563 542 1584 nos
568 1552 856 1593 commonefacit,
889 1565 968 1586 cum
995 1554 1090 1586 affir-

103 1609 177 1637 mat
193 1603 299 1636 etiam
315 1600 407 1635 hanc
426 1599 626 1635 inchoatam
645 1608 677 1635 et
696 1603 896 1635 mendicam
919 1603 1090 1636 obedien-

103 1654 187 1686 tiam
204 1653 242 1686 in
258 1652 504 1693 reconciliatis,
525 1664 678 1697 quorum
694 1664 820 1697 magna
835 1653 1088 1688 dissimilitudo

101 1711 172 1744 est,
198 1702 272 1737 Deo
291 1703 437 1747 placere.

203 1752 302 1787 xlx.
338 1752 476 1786 Multae
494 1752 710 1795 perniciosae
726 1753 983 1788 alucinationes
1006 1761 1087 1789 sunt

103 1815 225 1838 eorum
238 1830 247 1845 ,
280 1815 432 1849 quorum
451 1803 578 1846 scripta
597 1809 714 1836 extant
731 1803 774 1836 de
790 1801 854 1837 hac
871 1805 1088 1849 quaestione.

102 1854 176 1888 Alii
202 1854 326 1888 iubent
349 1865 486 1898 semper
518 1853 557 1885 in
583 1852 806 1886 dubitatione
838 1867 1000 1895 manere,
1041 1868 1087 1888 an

100 1906 300 1950 placeamus
315 1903 410 1945 Deo,
444 1903 506 1937 alii
525 1903 623 1946 signa
642 1904 804 1947 colligere
821 1905 950 1939 docent
967 1906 1004 1938 in
1021 1918 1087 1939 no-

102 1956 183 1989 stris
205 1955 383 2000 operibus.
451 1954 521 1988 Sed
543 1954 685 1999 utrique
709 1961 844 1995 errant,
885 1955 1086 1998 ignorantes

101 2006 290 2039 discrimen
306 2005 391 2050 legis
410 2002 648 2047 etEvangelii.
699 2004 933 2039 Promissioni
948 2007 1086 2039 credere

103 2067 242 2089 necesse
267 2063 336 2096 est,
362 2063 395 2090 et
418 2062 552 2089 mentes
574 2056 799 2088 deducendae
821 2063 924 2100 sunt,
958 2058 1003 2090 ad
1028 2057 1084 2089 in-

100 2158 167 2190 fide
183 2164 216 2191 et
231 2168 290 2201 spe
305 2157 584 2200 amplectendam
596 2183 605 2197 ,
632 2168 704 2189 non
720 2157 764 2190 ad
787 2158 999 2191 munditiem
1020 2170 1086 2191 no-

102 2214 209 2241 stram
239 2207 556 2250 magnisffl-iendam
568 2233 577 2247 ‚
620 2207 663 2239 de
696 2219 762 2251 qua
793 2206 952 2241 Psalmus
984 2208 1083 2241 dicit:

103 2256 182 2290 Non
201 2257 447 2292 iustificabitur
461 2257 497 2290 in
514 2263 703 2301 conspectu
720 2264 779 2291 tuo
797 2258 913 2291 omnis
928 2259 1062 2292 vivens.

296 2342 359 2376 De
390 2345 567 2387 quarta
596 2344 887 2385 quaestione:

103 2391 256 2425 Scilicet
291 2390 337 2426 de
377 2394 523 2434 causis,
570 2403 637 2426 cm·
670 2395 879 2427 necessaria
910 2395 960 2427 sit
989 2404 1081 2427 nova

475 2441 704 2477 obedientia.

204 2507 284 2542 XX.
309 2505 356 2542 Et
371 2515 486 2543 tamen
501 2521 637 2554 semper
652 2516 770 2543 manet
785 2510 956 2542 sententia
974 2510 1083 2543 veris-

104 2560 201 2599 sima,
218 2559 446 2592 necessariam
465 2571 536 2594 esse
553 2558 754 2594 inchoatam
772 2560 1022 2600 obedientiam,
1049 2567 1083 2593 et

102 2616 140 2642 ut
157 2620 259 2654 supra
278 2610 369 2650 dixi,
397 2621 474 2643 cum
492 2610 558 2644 fide
575 2611 747 2645 iusticiam
767 2611 880 2644 bonae
899 2611 1081 2643 conscien-

103 2660 181 2694 tiae.
245 2657 289 2693 Et
313 2660 526 2694 necessitatis
549 2673 650 2695 causa
674 2669 743 2703 est,
782 2674 854 2695 uon
881 2668 1017 2696 tantum
1044 2669 1079 2694 ut

151 2712 327 2743 Memmi-u.
353 2713 455 2745 Ormi.
486 2713 660 2747 vouxn.

763 107 1027 146 PIIILIPPI
1066 104 1516 146 MELANTHONIS.

1108 1643 1116 2038 l

2078 121 2150 155 674

1162 194 1334 230 serviatur
1362 196 1543 240 proximo,
1582 204 1620 232 ut
1651 200 1874 243 quorundam
1907 201 1974 236 fuit
2003 207 2147 247 agrestis

1162 246 1293 287 oratio,
1332 247 1392 279 sed
1417 247 1485 280 alia
1509 247 1714 292 principalis
1731 257 1799 292 est,
1834 253 1998 287 videlicet
2022 257 2145 297 debiti,

1159 297 1254 339 quod
1272 308 1344 329 non
1361 297 1530 339 significat
1545 299 1759 333 coactionem
1775 313 1835 335 seu
1845 302 2061 344 violentiam,
2081 309 2140 339 sed

1157 352 1336 379 aeternum
1353 354 1385 380 et
1403 348 1587 380 immotum
1604 350 1782 392 ordinem,
1810 365 1880 396 quo
1902 361 2059 388 creatura
2082 369 2139 389 ra-

1156 395 1298 429 tionalis
1317 396 1562 431 universaliter
1577 397 1651 432 Deo
1669 402 1711 433 ad
1731 402 1966 437 obedientiam
1984 407 2139 449 obligata

1155 452 1218 479 est.
1270 447 1353 480 Ideo
1372 454 1406 481 et
1422 447 1553 481 Paulus
1569 449 1700 494 inquit:
1728 450 1914 487 Debitores
1931 466 2063 490 sumus.

1254 496 1352 532 XXI.
1380 496 1518 531 Deinde
1536 501 1705 533 accedunt
1722 508 1753 534 et
1772 502 1889 545 plures
1907 517 2036 542 causae.
2064 506 2134 541 Ne-

1153 547 1292 581 cessitas
1308 559 1327 581 a
1347 559 1447 582 causa
1464 549 1602 582 formali
1619 557 1733 584 sumta
1747 559 1814 593 est,
1839 556 1933 598 quod
1954 568 2031 590 cum
2050 570 2135 591 con-

1152 599 1266 631 versio
1290 610 1411 632 revera
1437 599 1688 643 complectatur
1712 598 1776 635 hos
1796 610 1930 645 motus,
1969 607 2130 641 timorem

1149 645 1236 690 Dei,
1270 649 1567 689 consolationem,
1603 662 1730 684 novam
1753 652 1884 695 lucem,
1915 657 2132 698 agnitionem

1149 696 1216 731 Dei
1239 706 1271 732 et
1293 698 1440 732 Domini
1472 700 1583 733 nostri
1607 700 1686 734 Iesu
1709 700 1860 744 Christi,
1902 712 1935 739 et
1966 706 2131 741 fiduciam

1148 750 1425 793 acquiescentem
1449 750 1486 783 in
1510 751 1722 792 mediatore,
1748 753 1993 797 dilectionem,
2026 758 2129 791 invo-

1148 800 1340 841 cationem,
1365 811 1480 844 spem,
1506 812 1570 833 nec
1585 808 1696 844 potest
1721 803 1862 847 quidem
1892 818 1964 840 esse
1987 815 2018 841 et
2044 810 2128 842 reti-

1146 850 1222 882 neri
1254 850 1356 891 fides,
1399 862 1487 895 quae
1513 858 1563 884 est
1588 852 1715 885 fiducia
1741 854 2018 899 misericordiae,
2059 860 2127 892 nisi

1146 900 1251 933 simul
1268 900 1339 933 sint
1354 901 1442 934 aliae
1463 902 1593 934 multae
1616 902 1774 940 virtutes,
1833 904 1928 940 Haec
1952 920 2023 941 non
2045 917 2127 943 sunt

1145 951 1292 983 obscura
1309 951 1535 984 mediocriter
1552 953 1718 992 eruditis,
1741 961 1773 988 et
1791 967 1863 989 non
1881 957 2127 1001 ignorantibus

1145 1012 1227 1034 vera
1245 1001 1408 1035 exercitia
1424 1001 1661 1044 poenitentiae
1678 1010 1710 1036 et
1728 1004 1972 1043 invocationis

1245 1050 1365 1087 XXII.
1391 1050 1506 1085 Datur
1522 1052 1593 1085 vita
1609 1059 1750 1086 aeterna
1769 1064 1912 1100 propter
1927 1059 2038 1092 fllium
2048 1057 2126 1101 Dei,

1143 1113 1217 1135 non
1234 1109 1378 1146 propter
1400 1108 1558 1135 nostram
1581 1103 1799 1146 dignitatem.
1859 1105 1906 1141 Et
1930 1121 2008 1153 spes
2035 1111 2126 1144 vitae

1142 1159 1304 1185 aeternae
1323 1153 1368 1186 sit
1389 1159 1481 1185 certa
1503 1160 1647 1196 propter
1673 1155 1920 1200 mediatorem,
1946 1172 2016 1193 non
2043 1174 2125 1205 pro-

1141 1210 1218 1246 pter
1236 1210 1390 1236 nostram
1412 1203 1636 1246 dignitatem,
1661 1205 1757 1239 iuxta
1773 1207 1879 1241 illud:
1907 1210 1979 1254 Qui
1996 1212 2125 1254 gloria-

1141 1260 1216 1294 tur,
1242 1252 1280 1285 in
1303 1251 1458 1286 Domino
1480 1254 1661 1296 glorietur.
1721 1254 1827 1290 Item:
1856 1258 1937 1293 Non
1958 1261 2125 1295 iustifica-

1141 1303 1237 1337 bitur
1259 1303 1296 1336 in
1321 1310 1510 1347 conspectu
1532 1310 1593 1337 tuo
1616 1305 1732 1338 omnis
1755 1307 1887 1342 vivens.
1938 1309 1985 1344 Et
2007 1319 2122 1345 tamen

1142 1354 1235 1386 bona
1254 1365 1358 1397 opera
1375 1361 1555 1387 merentur
1571 1355 1680 1388 multa
1700 1358 1852 1399 praemia
1871 1361 2065 1404 spiritualia
2091 1371 2123 1396 ct

1141 1404 1358 1447 corporalia,
1399 1415 1488 1448 quae
1512 1405 1643 1437 dantur
1665 1412 1740 1439 tum
1766 1407 1803 1440 in
1828 1407 1891 1442 hac
1914 1412 2003 1452 vita,
2048 1421 2123 1446 tuni

1141 1460 1220 1497 post
1238 1452 1328 1486 hanc
1345 1454 1471 1492 vitam,
1495 1461 1533 1487 ut
1559 1456 1690 1489 multae
1712 1457 1827 1490 tristes
1849 1472 1981 1504 poenae
2006 1464 2124 1506 publi-

1141 1515 1200 1535 cae
1225 1510 1258 1536 et
1280 1503 1434 1547 privatae
1458 1504 1665 1546 mitigantur
1690 1515 1834 1551 propter
1860 1514 2124 1553 poenitentiam,

1141 1559 1173 1586 et
1190 1553 1283 1586 hona
1303 1565 1407 1597 opera
1425 1554 1626 1598 aliquorum
1644 1556 1681 1587 in
1699 1555 1874 1598 Ecclesia,
1900 1562 1994 1596 iuxta
2012 1564 2099 1597 illud
2118 1579 2121 1595 :

1139 1602 1398 1636 Convertimini
1415 1605 1459 1636 ad
1477 1616 1550 1644 me,
1578 1612 1611 1638 et
1627 1617 1688 1649 ego
1707 1617 1891 1643 convertar
1911 1614 1953 1645 ad
1975 1626 2043 1647 vos.

1242 1652 1379 1689 XXIII.
1414 1653 1495 1687 Non
1520 1656 1669 1689 dubium
1689 1664 1739 1691 est
1756 1662 2046 1698 comminationes
2067 1666 2124 1697 di-

1139 1702 1240 1737 vinas
1270 1710 1361 1736 ratas
1393 1715 1484 1745 esse,
1523 1717 1562 1738 ac
1588 1705 1703 1740 Deum
1728 1720 1808 1742 vere
1832 1712 1934 1746 irasci
1964 1717 2122 1757 peccatis,

1138 1754 1234 1788 iuxta
1250 1754 1358 1787 illud:
1392 1753 1488 1789 Deus
1506 1756 1597 1799 ignis
1616 1769 1827 1793 consumens
1847 1770 1905 1796 est.
1955 1762 2002 1799 Et
2027 1764 2119 1799 baud

1139 1804 1247 1838 dubie
1263 1805 1367 1848 punit
1384 1812 1523 1849 peccata
1544 1807 1580 1839 in
1599 1805 1664 1841 hac
1681 1809 1771 1850 vita,
1799 1818 1829 1844 et
1847 1821 1926 1856 post
1952 1813 2040 1848 hanc
2071 1830 2122 1848 vi—

1137 1862 1219 1895 tam,
1246 1855 1284 1887 in
1302 1853 1357 1888 his
1374 1857 1435 1900 qui
1453 1868 1525 1889 non
1543 1865 1808 1894 convertuntur.
1862 1862 2000 1899 Rursus
2020 1868 2124 1899 etiam

1137 1905 1389 1950 promissiones
1421 1907 1563 1948 legales,
1610 1908 1645 1941 id
1677 1917 1744 1950 est,
1791 1924 1878 1956 quae
1911 1918 2120 1958 promittunt

1136 1955 1292 1999 praemia
1327 1968 1389 1999 pro
1419 1958 1603 2000 operibus,
1641 1966 1735 1992 ratae
1765 1969 1846 1995 sunt
1879 1968 2124 2007 reconciliatis,

1136 2006 1274 2039 etiamsi
1302 2006 1369 2049 legi
1404 2019 1476 2039 non
1511 2008 1765 2043 satisfacimus:'
1812 2014 1871 2045 sed
1900 2017 1981 2059 quia
2014 2018 2119 2060 placet

1108 2042 1112 2112 ι
1137 2057 1340 2089 obedientia
1367 2057 1403 2089 in
1426 2058 1678 2100 reconciliatis,
1721 2069 1876 2096 meretur
1904 2070 2057 2109 praemia
2087 2070 2119 2100 in

101 2107 273 2140 tuendum
293 2106 541 2146 mediatorem,
569 2112 602 2139 et
623 2105 667 2138 ad
691 2107 963 2150 promissionem
984 2107 1084 2140 firma
1110 2123 1112 2149 μ
1138 2107 1210 2139 illis
1227 2107 1397 2150 legalibus
1414 2109 1710 2151 promissionibus
1727 2115 1922 2156 proposita,
1953 2125 2006 2150 ut:
2040 2119 2123 2151 l).·.1‹·

1137 2164 1169 2190 et
1186 2158 1329 2191 dabitur
1344 2158 1454 2191 vobis.
1498 2159 1602 2192 Item:
1629 2162 1702 2202 Qui
1722 2163 1855 2197 dederit
1874 2173 1994 2208 potum
2013 2181 2123 2214 aquat-

1137 2208 1201 2240 uni
1222 2220 1261 2241 ex
1276 2208 1432 2241 minimis
1449 2221 1609 2243 meorum
1638 2219 1782 2255 propter
1805 2214 2016 2257 doctrinam,
2061 2218 2118 2252 lia·

1136 2259 1233 2292 bebit
1251 2260 1458 2294 mercedem.
1511 2259 1595 2294 Vult
1613 2260 1707 2294 Deus
1724 2270 1755 2295 et
1773 2264 1900 2298 talibus
1918 2271 2121 2310 promissio-

1139 2309 1245 2342 nibus
1262 2310 1411 2342 exerceri
1432 2310 1546 2343 fidem.
1594 2310 1664 2344 Nec
1680 2313 1829 2346 dubium
1857 2325 1904 2351 est
1932 2315 2012 2352 haec
2042 2334 2119 2364 μυ-

1137 2360 1240 2394 missa
1259 2360 1440 2404 praestari.

1330 2444 1398 2477 De
1427 2447 1592 2487 quinta
1623 2451 1934 2489 quaestione:

1136 2496 1192 2528 An
1208 2496 1282 2527 sint
1299 2499 1456 2538 peccatu
1478 2497 1514 2528 in
1534 2500 1692 2539 renatis,
1716 2500 1753 2532 1'11
1771 2497 1842 2533 hac
1863 2505 2011 2537 mortali
2033 2509 2118 2539 cita.

1243 2559 1370 2594 xxti.
1409 2561 1636 2596 Manifestum
1658 2572 1707 2598 est
1723 2567 1906 2610 caliginem
1926 2578 1957 2604 et
1981 2584 2120 2613 niagno>

1137 2611 1401 2644 dubitationum
1434 2612 1559 2646 fluctus
1593 2614 1627 2646 in
1665 2617 1841 2650 mentibus
1872 2631 1963 2657 esse,
2009 2626 2121 2654 niuni-

1138 2663 1264 2695 festum
1282 2670 1329 2695 est
1354 2669 1383 2695 ct
1412 2663 1519 2696 multa
1544 2675 1669 2709 magna
1694 2667 1856 2702 incendia
1882 2682 1953 2702 esse
1977 2672 2121 2706 xit-iosa-

1535 2713 1582 2748 43
