<?xml version="1.0" encoding="UTF-8"?>
<!DOCTYPE html PUBLIC "-//W3C//DTD XHTML 1.0 Transitional//EN"
    "http://www.w3.org/TR/xhtml1/DTD/xhtml1-transitional.dtd">
<html xmlns="http://www.w3.org/1999/xhtml" xml:lang="en" lang="en">
 <head>
  <title>
</title>
<meta http-equiv="Content-Type" content="text/html;charset=utf-8" />
  <meta name='ocr-system' content='tesseract 3.04.00' />
  <meta name='ocr-capabilities' content='ocr_page ocr_carea ocr_par ocr_line ocrx_word'/>
</head>
<body>
  <div class='ocr_page' id='page_1' title='image "./operaquaesupersu12melauoft_0552.png"; bbox 0 0 2324 2955; ppageno 0'>
   <div class='ocr_carea' id='block_1_1' title="bbox 175 121 270 157">
    <p class='ocr_par' dir='ltr' id='par_1_1' title="bbox 175 121 270 157">
     <span class='ocr_line' id='line_1_1' title="bbox 175 121 270 157; baseline 0 -1"><span class='ocrx_word' id='word_1_1' title='bbox 175 121 270 157; x_wconf 84' lang='lat'>1079</span> 
     </span>
    </p>
   </div>
   <div class='ocr_carea' id='block_1_2' title="bbox 167 194 1150 1659">
    <p class='ocr_par' dir='ltr' id='par_1_2' title="bbox 168 194 1148 291">
     <span class='ocr_line' id='line_1_2' title="bbox 168 194 1148 241; baseline -0.014 0"><span class='ocrx_word' id='word_1_2' title='bbox 168 208 323 241; x_wconf 89' lang='lat' dir='ltr'>sentiunt</span> <span class='ocrx_word' id='word_1_3' title='bbox 350 203 451 237; x_wconf 85' lang='lat' dir='ltr'>etiam</span> <span class='ocrx_word' id='word_1_4' title='bbox 476 213 493 233; x_wconf 87' lang='lat' dir='ltr'>a</span> <span class='ocrx_word' id='word_1_5' title='bbox 520 199 679 232; x_wconf 87' lang='lat' dir='ltr'>doctrina</span> <span class='ocrx_word' id='word_1_6' title='bbox 707 197 825 231; x_wconf 55' lang='lat' dir='ltr'>divina</span> <span class='ocrx_word' id='word_1_7' title='bbox 854 194 1049 240; x_wconf 83' lang='lat' dir='ltr'>prohibitio</span> <span class='ocrx_word' id='word_1_8' title='bbox 1074 195 1148 228; x_wconf 86' lang='lat' dir='ltr'>vini</span> 
     </span>
     <span class='ocr_line' id='line_1_3' title="bbox 170 252 483 291; baseline -0.032 1"><span class='ocrx_word' id='word_1_9' title='bbox 170 266 201 291; x_wconf 90' lang='lat' dir='ltr'>et</span> <span class='ocrx_word' id='word_1_10' title='bbox 220 257 341 290; x_wconf 87' lang='lat' dir='ltr'>suillae</span> <span class='ocrx_word' id='word_1_11' title='bbox 359 252 483 286; x_wconf 84' lang='lat' dir='ltr'>carnis.</span> 
     </span>
    </p>

    <p class='ocr_par' dir='ltr' id='par_1_3' title="bbox 167 295 1149 599">
     <span class='ocr_line' id='line_1_4' title="bbox 269 295 1149 346; baseline -0.011 -9"><span class='ocrx_word' id='word_1_12' title='bbox 269 304 338 338; x_wconf 65' lang='lat' dir='ltr'>lN&#39;ec</span> <span class='ocrx_word' id='word_1_13' title='bbox 356 301 607 346; x_wconf 85' lang='lat' dir='ltr'>disputandum</span> <span class='ocrx_word' id='word_1_14' title='bbox 627 306 689 340; x_wconf 82' lang='lat' dir='ltr'>est,</span> <span class='ocrx_word' id='word_1_15' title='bbox 720 299 837 341; x_wconf 83' lang='lat' dir='ltr'>Quare</span> <span class='ocrx_word' id='word_1_16' title='bbox 855 298 946 330; x_wconf 88' lang='lat' dir='ltr'>sinat</span> <span class='ocrx_word' id='word_1_17' title='bbox 960 295 1056 329; x_wconf 88' lang='lat' dir='ltr'>Deus</span> <span class='ocrx_word' id='word_1_18' title='bbox 1072 302 1149 328; x_wconf 88' lang='lat' dir='ltr'>tan-</span> 
     </span>
     <span class='ocr_line' id='line_1_5' title="bbox 167 347 1147 392; baseline -0.012 -2"><span class='ocrx_word' id='word_1_19' title='bbox 167 367 235 392; x_wconf 78' lang='lat' dir='ltr'>tam</span> <span class='ocrx_word' id='word_1_20' title='bbox 258 353 519 387; x_wconf 77' lang='lat' dir='ltr'>multitudinem</span> <span class='ocrx_word' id='word_1_21' title='bbox 546 359 614 383; x_wconf 88' lang='lat' dir='ltr'>tam</span> <span class='ocrx_word' id='word_1_22' title='bbox 639 347 858 383; x_wconf 78' lang='lat' dir='ltr'>horribiliter</span> <span class='ocrx_word' id='word_1_23' title='bbox 892 347 1007 391; x_wconf 84' lang='lat' dir='ltr'>decipi</span> <span class='ocrx_word' id='word_1_24' title='bbox 1031 353 1064 379; x_wconf 87' lang='lat' dir='ltr'>et</span> <span class='ocrx_word' id='word_1_25' title='bbox 1088 358 1147 390; x_wconf 90' lang='lat' dir='ltr'>pe-</span> 
     </span>
     <span class='ocr_line' id='line_1_6' title="bbox 167 397 1148 449; baseline -0.012 -9"><span class='ocrx_word' id='word_1_26' title='bbox 167 407 260 441; x_wconf 75' lang='lat' dir='ltr'>rire?</span> <span class='ocrx_word' id='word_1_27' title='bbox 287 413 318 438; x_wconf 91' lang='lat' dir='ltr'>et</span> <span class='ocrx_word' id='word_1_28' title='bbox 337 415 444 449; x_wconf 87' lang='lat' dir='ltr'>quare</span> <span class='ocrx_word' id='word_1_29' title='bbox 463 399 685 445; x_wconf 87' lang='lat' dir='ltr'>blasphemos</span> <span class='ocrx_word' id='word_1_30' title='bbox 703 410 871 442; x_wconf 86' lang='lat' dir='ltr'>occupare</span> <span class='ocrx_word' id='word_1_31' title='bbox 888 408 1023 431; x_wconf 86' lang='lat' dir='ltr'>summa</span> <span class='ocrx_word' id='word_1_32' title='bbox 1038 397 1148 440; x_wconf 88' lang='lat' dir='ltr'>impe—</span> 
     </span>
     <span class='ocr_line' id='line_1_7' title="bbox 169 450 1147 493; baseline -0.012 -2"><span class='ocrx_word' id='word_1_33' title='bbox 169 459 219 491; x_wconf 89' lang='lat' dir='ltr'>ria</span> <span class='ocrx_word' id='word_1_34' title='bbox 243 455 357 489; x_wconf 65' lang='lat' dir='ltr'>sinat?</span> <span class='ocrx_word' id='word_1_35' title='bbox 394 453 463 487; x_wconf 87' lang='lat' dir='ltr'>Sed</span> <span class='ocrx_word' id='word_1_36' title='bbox 489 452 681 485; x_wconf 87' lang='lat' dir='ltr'>dolendum</span> <span class='ocrx_word' id='word_1_37' title='bbox 708 457 756 483; x_wconf 85' lang='lat' dir='ltr'>est</span> <span class='ocrx_word' id='word_1_38' title='bbox 783 450 897 493; x_wconf 88' lang='lat' dir='ltr'>potius</span> <span class='ocrx_word' id='word_1_39' title='bbox 920 454 1051 482; x_wconf 85' lang='lat' dir='ltr'>tantam</span> <span class='ocrx_word' id='word_1_40' title='bbox 1077 459 1147 480; x_wconf 90' lang='lat' dir='ltr'>esse</span> 
     </span>
     <span class='ocr_line' id='line_1_8' title="bbox 169 498 1149 552; baseline -0.012 -11"><span class='ocrx_word' id='word_1_41' title='bbox 169 506 359 552; x_wconf 83' lang='lat' dir='ltr'>potentiam</span> <span class='ocrx_word' id='word_1_42' title='bbox 385 502 638 542; x_wconf 87' lang='lat' dir='ltr'>Diabolorum,</span> <span class='ocrx_word' id='word_1_43' title='bbox 679 508 710 534; x_wconf 90' lang='lat' dir='ltr'>et</span> <span class='ocrx_word' id='word_1_44' title='bbox 743 507 875 534; x_wconf 85' lang='lat' dir='ltr'>tautam</span> <span class='ocrx_word' id='word_1_45' title='bbox 909 498 1085 531; x_wconf 79' lang='lat' dir='ltr'>miseriam</span> <span class='ocrx_word' id='word_1_46' title='bbox 1117 504 1149 531; x_wconf 89' lang='lat' dir='ltr'>et</span> 
     </span>
     <span class='ocr_line' id='line_1_9' title="bbox 168 551 677 599; baseline -0.014 -7"><span class='ocrx_word' id='word_1_47' title='bbox 168 557 343 592; x_wconf 77' lang='lat' dir='ltr'>maliciam</span> <span class='ocrx_word' id='word_1_48' title='bbox 361 554 498 599; x_wconf 82' lang='lat' dir='ltr'>generis</span> <span class='ocrx_word' id='word_1_49' title='bbox 516 551 677 586; x_wconf 86' lang='lat' dir='ltr'>humani.</span> 
     </span>
    </p>

    <p class='ocr_par' dir='ltr' id='par_1_4' title="bbox 167 598 1150 1249">
     <span class='ocr_line' id='line_1_10' title="bbox 270 598 1149 642; baseline -0.011 -2"><span class='ocrx_word' id='word_1_50' title='bbox 270 605 436 640; x_wconf 75' lang='lat' dir='ltr'>Tradidit</span> <span class='ocrx_word' id='word_1_51' title='bbox 452 603 547 638; x_wconf 93' lang='lat' dir='ltr'>Deus</span> <span class='ocrx_word' id='word_1_52' title='bbox 572 602 767 635; x_wconf 77' lang='lat' dir='ltr'>illustribus</span> <span class='ocrx_word' id='word_1_53' title='bbox 795 599 1004 634; x_wconf 89' lang='lat' dir='ltr'>testimoniis</span> <span class='ocrx_word' id='word_1_54' title='bbox 1020 598 1149 642; x_wconf 88' lang='lat' dir='ltr'>scripta</span> 
     </span>
     <span class='ocr_line' id='line_1_11' title="bbox 168 652 1149 704; baseline -0.012 -11"><span class='ocrx_word' id='word_1_55' title='bbox 168 656 370 704; x_wconf 86' lang='lat' dir='ltr'>prophetica</span> <span class='ocrx_word' id='word_1_56' title='bbox 396 662 428 688; x_wconf 86' lang='lat' dir='ltr'>et</span> <span class='ocrx_word' id='word_1_57' title='bbox 451 654 652 700; x_wconf 84' lang='lat' dir='ltr'>apostolica.</span> <span class='ocrx_word' id='word_1_58' title='bbox 704 652 798 685; x_wconf 88' lang='lat' dir='ltr'>Haec</span> <span class='ocrx_word' id='word_1_59' title='bbox 826 658 908 684; x_wconf 89' lang='lat' dir='ltr'>nota</span> <span class='ocrx_word' id='word_1_60' title='bbox 926 656 1007 683; x_wconf 88' lang='lat' dir='ltr'>sunt</span> <span class='ocrx_word' id='word_1_61' title='bbox 1024 655 1056 682; x_wconf 90' lang='lat' dir='ltr'>et</span> <span class='ocrx_word' id='word_1_62' title='bbox 1075 660 1149 682; x_wconf 87' lang='lat' dir='ltr'>am—</span> 
     </span>
     <span class='ocr_line' id='line_1_12' title="bbox 169 699 1150 755; baseline -0.012 -12"><span class='ocrx_word' id='word_1_63' title='bbox 169 709 273 755; x_wconf 82' lang='lat' dir='ltr'>plecti</span> <span class='ocrx_word' id='word_1_64' title='bbox 297 721 334 741; x_wconf 90' lang='lat' dir='ltr'>ea</span> <span class='ocrx_word' id='word_1_65' title='bbox 361 717 482 741; x_wconf 87' lang='lat' dir='ltr'>omnes</span> <span class='ocrx_word' id='word_1_66' title='bbox 516 704 702 737; x_wconf 80' lang='lat' dir='ltr'>debebant.</span> <span class='ocrx_word' id='word_1_67' title='bbox 755 702 824 736; x_wconf 86' lang='lat' dir='ltr'>Sed</span> <span class='ocrx_word' id='word_1_68' title='bbox 859 701 960 733; x_wconf 87' lang='lat' dir='ltr'>multi</span> <span class='ocrx_word' id='word_1_69' title='bbox 995 699 1150 732; x_wconf 87' lang='lat' dir='ltr'>volentes</span> 
     </span>
     <span class='ocr_line' id='line_1_13' title="bbox 167 751 1131 804; baseline -0.012 -10"><span class='ocrx_word' id='word_1_70' title='bbox 167 765 410 804; x_wconf 76' lang='lat' dir='ltr'><strong>aspernantur.</strong></span> <span class='ocrx_word' id='word_1_71' title='bbox 466 755 583 798; x_wconf 81' lang='lat' dir='ltr'>Quare</span> <span class='ocrx_word' id='word_1_72' title='bbox 609 754 769 798; x_wconf 83' lang='lat' dir='ltr'>impietas</span> <span class='ocrx_word' id='word_1_73' title='bbox 794 758 827 785; x_wconf 89' lang='lat' dir='ltr'>et</span> <span class='ocrx_word' id='word_1_74' title='bbox 852 751 1067 794; x_wconf 82' lang='lat' dir='ltr'>ingratitudo</span> <span class='ocrx_word' id='word_1_75' title='bbox 1084 762 1131 794; x_wconf 92' lang='lat' dir='ltr'>pu</span> 
     </span>
     <span class='ocr_line' id='line_1_14' title="bbox 169 801 1150 845; baseline -0.012 -1"><span class='ocrx_word' id='word_1_76' title='bbox 169 812 316 845; x_wconf 90' lang='lat' dir='ltr'>niuntur</span> <span class='ocrx_word' id='word_1_77' title='bbox 336 808 500 842; x_wconf 86' lang='lat' dir='ltr'>coecitate</span> <span class='ocrx_word' id='word_1_78' title='bbox 517 813 548 838; x_wconf 88' lang='lat' dir='ltr'>et</span> <span class='ocrx_word' id='word_1_79' title='bbox 564 805 755 838; x_wconf 82' lang='lat' dir='ltr'>furoribus.</span> <span class='ocrx_word' id='word_1_80' title='bbox 809 801 947 835; x_wconf 80' lang='lat' dir='ltr'>Deinde</span> <span class='ocrx_word' id='word_1_81' title='bbox 974 801 1150 834; x_wconf 90' lang='lat' dir='ltr'>intuentes</span> 
     </span>
     <span class='ocr_line' id='line_1_15' title="bbox 169 851 1149 901; baseline -0.013 -6"><span class='ocrx_word' id='word_1_82' title='bbox 169 871 239 896; x_wconf 86' lang='lat' dir='ltr'>tam</span> <span class='ocrx_word' id='word_1_83' title='bbox 260 860 370 894; x_wconf 87' lang='lat' dir='ltr'>tristia</span> <span class='ocrx_word' id='word_1_84' title='bbox 391 857 546 901; x_wconf 86' lang='lat' dir='ltr'>exempla</span> <span class='ocrx_word' id='word_1_85' title='bbox 564 855 658 888; x_wconf 77' lang='lat' dir='ltr'>exitii</span> <span class='ocrx_word' id='word_1_86' title='bbox 679 854 849 887; x_wconf 83' lang='lat' dir='ltr'>maximae</span> <span class='ocrx_word' id='word_1_87' title='bbox 879 852 988 895; x_wconf 87' lang='lat' dir='ltr'>partis</span> <span class='ocrx_word' id='word_1_88' title='bbox 1012 851 1149 893; x_wconf 83' lang='lat' dir='ltr'>generis</span> 
     </span>
     <span class='ocr_line' id='line_1_16' title="bbox 171 899 1149 950; baseline -0.012 -5"><span class='ocrx_word' id='word_1_89' title='bbox 171 911 335 950; x_wconf 82' lang='lat' dir='ltr'>humaui,</span> <span class='ocrx_word' id='word_1_90' title='bbox 363 909 497 942; x_wconf 84' lang='lat' dir='ltr'>firmius</span> <span class='ocrx_word' id='word_1_91' title='bbox 515 907 764 950; x_wconf 75' lang='lat' dir='ltr'>amplectamur</span> <span class='ocrx_word' id='word_1_92' title='bbox 780 904 976 936; x_wconf 85' lang='lat' dir='ltr'>doctrinam</span> <span class='ocrx_word' id='word_1_93' title='bbox 995 899 1149 945; x_wconf 88' lang='lat' dir='ltr'>prophe-</span> 
     </span>
     <span class='ocr_line' id='line_1_17' title="bbox 169 952 1146 1003; baseline -0.014 -7"><span class='ocrx_word' id='word_1_94' title='bbox 169 964 273 996; x_wconf 82' lang='lat' dir='ltr'>ticam</span> <span class='ocrx_word' id='word_1_95' title='bbox 302 967 335 994; x_wconf 92' lang='lat' dir='ltr'>et</span> <span class='ocrx_word' id='word_1_96' title='bbox 370 957 614 1003; x_wconf 83' lang='lat' dir='ltr'>apostolicam,</span> <span class='ocrx_word' id='word_1_97' title='bbox 659 962 689 988; x_wconf 92' lang='lat' dir='ltr'>et</span> <span class='ocrx_word' id='word_1_98' title='bbox 722 955 830 986; x_wconf 88' lang='lat' dir='ltr'>simus</span> <span class='ocrx_word' id='word_1_99' title='bbox 861 964 1031 985; x_wconf 82' lang='lat' dir='ltr'>memores</span> <span class='ocrx_word' id='word_1_100' title='bbox 1063 952 1146 983; x_wconf 90' lang='lat' dir='ltr'>dicti</span> 
     </span>
     <span class='ocr_line' id='line_1_18' title="bbox 168 999 1147 1055; baseline -0.014 -9"><span class='ocrx_word' id='word_1_101' title='bbox 168 1012 300 1047; x_wconf 86' lang='lat' dir='ltr'>aeterni</span> <span class='ocrx_word' id='word_1_102' title='bbox 318 1010 441 1055; x_wconf 85' lang='lat' dir='ltr'>patris:</span> <span class='ocrx_word' id='word_1_103' title='bbox 471 1008 536 1041; x_wconf 90' lang='lat' dir='ltr'>Hic</span> <span class='ocrx_word' id='word_1_104' title='bbox 555 1013 605 1039; x_wconf 91' lang='lat' dir='ltr'>est</span> <span class='ocrx_word' id='word_1_105' title='bbox 624 1005 715 1038; x_wconf 83' lang='lat' dir='ltr'>filius</span> <span class='ocrx_word' id='word_1_106' title='bbox 739 1016 835 1036; x_wconf 85' lang='lat' dir='ltr'>meus</span> <span class='ocrx_word' id='word_1_107' title='bbox 858 1003 1024 1040; x_wconf 85' lang='lat' dir='ltr'>dilectus,</span> <span class='ocrx_word' id='word_1_108' title='bbox 1052 999 1147 1033; x_wconf 88' lang='lat' dir='ltr'>hunc</span> 
     </span>
     <span class='ocr_line' id='line_1_19' title="bbox 168 1051 1149 1097; baseline -0.016 0"><span class='ocrx_word' id='word_1_109' title='bbox 168 1064 298 1097; x_wconf 86' lang='lat' dir='ltr'>audite.</span> <span class='ocrx_word' id='word_1_110' title='bbox 350 1059 397 1094; x_wconf 86' lang='lat' dir='ltr'>Et</span> <span class='ocrx_word' id='word_1_111' title='bbox 422 1059 559 1092; x_wconf 89' lang='lat' dir='ltr'>assidua</span> <span class='ocrx_word' id='word_1_112' title='bbox 582 1055 802 1088; x_wconf 77' lang='lat' dir='ltr'>invocatione</span> <span class='ocrx_word' id='word_1_113' title='bbox 828 1053 890 1085; x_wconf 87' lang='lat' dir='ltr'>filii</span> <span class='ocrx_word' id='word_1_114' title='bbox 910 1051 976 1084; x_wconf 70' lang='lat' dir='ltr'>Dei</span> <span class='ocrx_word' id='word_1_115' title='bbox 1002 1063 1066 1083; x_wconf 88' lang='lat' dir='ltr'>nos</span> <span class='ocrx_word' id='word_1_116' title='bbox 1086 1052 1149 1082; x_wconf 89' lang='lat' dir='ltr'>do-</span> 
     </span>
     <span class='ocr_line' id='line_1_20' title="bbox 169 1101 1149 1155; baseline -0.015 -8"><span class='ocrx_word' id='word_1_117' title='bbox 169 1115 257 1153; x_wconf 85' lang='lat' dir='ltr'>ceri,</span> <span class='ocrx_word' id='word_1_118' title='bbox 284 1110 471 1155; x_wconf 83' lang='lat' dir='ltr'>gubernari</span> <span class='ocrx_word' id='word_1_119' title='bbox 489 1115 520 1141; x_wconf 87' lang='lat' dir='ltr'>et</span> <span class='ocrx_word' id='word_1_120' title='bbox 537 1105 737 1139; x_wconf 82' lang='lat' dir='ltr'>confirmari</span> <span class='ocrx_word' id='word_1_121' title='bbox 763 1111 929 1148; x_wconf 77' lang='lat' dir='ltr'>petamus,</span> <span class='ocrx_word' id='word_1_122' title='bbox 985 1101 1060 1144; x_wconf 90' lang='lat' dir='ltr'>lpse</span> <span class='ocrx_word' id='word_1_123' title='bbox 1085 1112 1149 1132; x_wconf 88' lang='lat' dir='ltr'>nos</span> 
     </span>
     <span class='ocr_line' id='line_1_21' title="bbox 170 1151 1147 1203; baseline -0.015 -6"><span class='ocrx_word' id='word_1_124' title='bbox 170 1167 212 1198; x_wconf 84' lang='lat' dir='ltr'>ad</span> <span class='ocrx_word' id='word_1_125' title='bbox 229 1174 300 1197; x_wconf 87' lang='lat' dir='ltr'>sese</span> <span class='ocrx_word' id='word_1_126' title='bbox 318 1168 434 1201; x_wconf 84' lang='lat' dir='ltr'>vocat,</span> <span class='ocrx_word' id='word_1_127' title='bbox 462 1158 641 1203; x_wconf 81' lang='lat' dir='ltr'>inquiens:</span> <span class='ocrx_word' id='word_1_128' title='bbox 672 1155 799 1187; x_wconf 66' lang='lat' dir='ltr'>Venite</span> <span class='ocrx_word' id='word_1_129' title='bbox 819 1155 860 1186; x_wconf 91' lang='lat' dir='ltr'>ad</span> <span class='ocrx_word' id='word_1_130' title='bbox 879 1165 932 1185; x_wconf 90' lang='lat' dir='ltr'>me</span> <span class='ocrx_word' id='word_1_131' title='bbox 951 1163 1070 1184; x_wconf 89' lang='lat' dir='ltr'>omnes</span> <span class='ocrx_word' id='word_1_132' title='bbox 1087 1151 1147 1195; x_wconf 90' lang='lat' dir='ltr'>qui</span> 
     </span>
     <span class='ocr_line' id='line_1_22' title="bbox 171 1203 1064 1249; baseline -0.017 -1"><span class='ocrx_word' id='word_1_133' title='bbox 171 1213 335 1249; x_wconf 85' lang='lat' dir='ltr'>laboratis</span> <span class='ocrx_word' id='word_1_134' title='bbox 356 1220 388 1244; x_wconf 91' lang='lat' dir='ltr'>et</span> <span class='ocrx_word' id='word_1_135' title='bbox 407 1209 542 1243; x_wconf 85' lang='lat' dir='ltr'>onerati</span> <span class='ocrx_word' id='word_1_136' title='bbox 560 1207 658 1247; x_wconf 81' lang='lat' dir='ltr'>estis,</span> <span class='ocrx_word' id='word_1_137' title='bbox 686 1213 719 1240; x_wconf 87' lang='lat' dir='ltr'>et</span> <span class='ocrx_word' id='word_1_138' title='bbox 745 1216 806 1248; x_wconf 83' lang='lat' dir='ltr'>ego</span> <span class='ocrx_word' id='word_1_139' title='bbox 823 1203 975 1237; x_wconf 81' lang='lat' dir='ltr'>reficiam</span> <span class='ocrx_word' id='word_1_140' title='bbox 992 1213 1064 1234; x_wconf 91' lang='lat' dir='ltr'>vos.</span> 
     </span>
    </p>

    <p class='ocr_par' dir='ltr' id='par_1_5' title="bbox 168 1251 1149 1659">
     <span class='ocr_line' id='line_1_23' title="bbox 273 1251 1148 1305; baseline -0.014 -10"><span class='ocrx_word' id='word_1_141' title='bbox 273 1262 377 1305; x_wconf 83' lang='lat' dir='ltr'>Quod</span> <span class='ocrx_word' id='word_1_142' title='bbox 409 1273 490 1293; x_wconf 85' lang='lat' dir='ltr'>vero</span> <span class='ocrx_word' id='word_1_143' title='bbox 517 1269 651 1292; x_wconf 89' lang='lat' dir='ltr'>summa</span> <span class='ocrx_word' id='word_1_144' title='bbox 678 1256 821 1300; x_wconf 84' lang='lat' dir='ltr'>imperia</span> <span class='ocrx_word' id='word_1_145' title='bbox 841 1251 1069 1287; x_wconf 71' lang='lat' dir='ltr'>Mahometici</span> <span class='ocrx_word' id='word_1_146' title='bbox 1088 1252 1148 1284; x_wconf 87' lang='lat' dir='ltr'>diu</span> 
     </span>
     <span class='ocr_line' id='line_1_24' title="bbox 169 1302 1148 1352; baseline -0.015 -3"><span class='ocrx_word' id='word_1_147' title='bbox 169 1320 372 1352; x_wconf 86' lang='lat' dir='ltr'>tenuerunt,</span> <span class='ocrx_word' id='word_1_148' title='bbox 410 1310 633 1344; x_wconf 84' lang='lat' dir='ltr'>consolemur</span> <span class='ocrx_word' id='word_1_149' title='bbox 659 1319 722 1340; x_wconf 89' lang='lat' dir='ltr'>nos</span> <span class='ocrx_word' id='word_1_150' title='bbox 759 1305 919 1340; x_wconf 87' lang='lat' dir='ltr'>doctrina</span> <span class='ocrx_word' id='word_1_151' title='bbox 950 1302 1148 1346; x_wconf 82' lang='lat' dir='ltr'>Evangelii,</span> 
     </span>
     <span class='ocr_line' id='line_1_25' title="bbox 169 1354 1148 1413; baseline -0.015 -13"><span class='ocrx_word' id='word_1_152' title='bbox 169 1377 257 1413; x_wconf 85' lang='lat' dir='ltr'>quae</span> <span class='ocrx_word' id='word_1_153' title='bbox 283 1362 435 1397; x_wconf 85' lang='lat' dir='ltr'>ostendit</span> <span class='ocrx_word' id='word_1_154' title='bbox 450 1359 640 1394; x_wconf 85' lang='lat' dir='ltr'>Ecclesiam</span> <span class='ocrx_word' id='word_1_155' title='bbox 665 1357 857 1390; x_wconf 85' lang='lat' dir='ltr'>subiectam</span> <span class='ocrx_word' id='word_1_156' title='bbox 885 1366 955 1388; x_wconf 88' lang='lat' dir='ltr'>esse</span> <span class='ocrx_word' id='word_1_157' title='bbox 973 1354 1089 1393; x_wconf 90' lang='lat' dir='ltr'>cruci,</span> <span class='ocrx_word' id='word_1_158' title='bbox 1117 1360 1148 1386; x_wconf 94' lang='lat' dir='ltr'>et</span> 
     </span>
     <span class='ocr_line' id='line_1_26' title="bbox 170 1404 1149 1458; baseline -0.016 -7"><span class='ocrx_word' id='word_1_159' title='bbox 170 1429 241 1451; x_wconf 85' lang='lat' dir='ltr'>non</span> <span class='ocrx_word' id='word_1_160' title='bbox 267 1426 339 1448; x_wconf 87' lang='lat' dir='ltr'>esse</span> <span class='ocrx_word' id='word_1_161' title='bbox 364 1424 482 1458; x_wconf 90' lang='lat' dir='ltr'>parem</span> <span class='ocrx_word' id='word_1_162' title='bbox 500 1408 720 1443; x_wconf 85' lang='lat' dir='ltr'>multitudini</span> <span class='ocrx_word' id='word_1_163' title='bbox 742 1407 953 1451; x_wconf 86' lang='lat' dir='ltr'>impiorum,</span> <span class='ocrx_word' id='word_1_164' title='bbox 981 1405 1076 1438; x_wconf 84' lang='lat' dir='ltr'>iuxta</span> <span class='ocrx_word' id='word_1_165' title='bbox 1094 1404 1149 1436; x_wconf 90' lang='lat' dir='ltr'>di-</span> 
     </span>
     <span class='ocr_line' id='line_1_27' title="bbox 168 1456 1148 1509; baseline -0.016 -7"><span class='ocrx_word' id='word_1_166' title='bbox 168 1476 260 1502; x_wconf 89' lang='lat' dir='ltr'>ctum</span> <span class='ocrx_word' id='word_1_167' title='bbox 280 1462 491 1509; x_wconf 84' lang='lat' dir='ltr'>Prophetae:</span> <span class='ocrx_word' id='word_1_168' title='bbox 508 1459 654 1504; x_wconf 86' lang='lat' dir='ltr'>Reliqui</span> <span class='ocrx_word' id='word_1_169' title='bbox 670 1456 757 1491; x_wconf 89' lang='lat' dir='ltr'>mihi</span> <span class='ocrx_word' id='word_1_170' title='bbox 774 1457 944 1501; x_wconf 89' lang='lat' dir='ltr'>populum</span> <span class='ocrx_word' id='word_1_171' title='bbox 961 1466 1148 1500; x_wconf 86' lang='lat' dir='ltr'>pauperem</span> 
     </span>
     <span class='ocr_line' id='line_1_28' title="bbox 171 1505 1149 1556; baseline -0.015 -4"><span class='ocrx_word' id='word_1_172' title='bbox 171 1520 208 1552; x_wconf 91' lang='lat' dir='ltr'>in</span> <span class='ocrx_word' id='word_1_173' title='bbox 224 1526 326 1556; x_wconf 85' lang='lat' dir='ltr'>terra,</span> <span class='ocrx_word' id='word_1_174' title='bbox 346 1516 566 1547; x_wconf 84' lang='lat' dir='ltr'>invocantem</span> <span class='ocrx_word' id='word_1_175' title='bbox 584 1521 714 1543; x_wconf 89' lang='lat' dir='ltr'>nomen</span> <span class='ocrx_word' id='word_1_176' title='bbox 730 1520 860 1542; x_wconf 86' lang='lat' dir='ltr'>meum.</span> <span class='ocrx_word' id='word_1_177' title='bbox 885 1505 1059 1540; x_wconf 85' lang='lat' dir='ltr'>Ettamen</span> <span class='ocrx_word' id='word_1_178' title='bbox 1080 1505 1149 1538; x_wconf 89' lang='lat' dir='ltr'>eri-</span> 
     </span>
     <span class='ocr_line' id='line_1_29' title="bbox 170 1555 1146 1614; baseline -0.015 -12"><span class='ocrx_word' id='word_1_179' title='bbox 170 1579 290 1614; x_wconf 83' lang='lat' dir='ltr'>gamus</span> <span class='ocrx_word' id='word_1_180' title='bbox 322 1577 386 1599; x_wconf 88' lang='lat' dir='ltr'>nos</span> <span class='ocrx_word' id='word_1_181' title='bbox 414 1562 560 1596; x_wconf 86' lang='lat' dir='ltr'>articulo</span> <span class='ocrx_word' id='word_1_182' title='bbox 594 1560 691 1593; x_wconf 86' lang='lat' dir='ltr'>fidei:</span> <span class='ocrx_word' id='word_1_183' title='bbox 721 1558 835 1592; x_wconf 89' lang='lat' dir='ltr'>Credo</span> <span class='ocrx_word' id='word_1_184' title='bbox 861 1569 932 1590; x_wconf 89' lang='lat' dir='ltr'>esse</span> <span class='ocrx_word' id='word_1_185' title='bbox 955 1555 1146 1589; x_wconf 75' lang='lat' dir='ltr'>Ecclesiam</span> 
     </span>
     <span class='ocr_line' id='line_1_30' title="bbox 169 1607 1148 1659; baseline -0.016 -5"><span class='ocrx_word' id='word_1_186' title='bbox 169 1616 394 1656; x_wconf 78' lang='lat' dir='ltr'>catholicam,</span> <span class='ocrx_word' id='word_1_187' title='bbox 421 1614 480 1659; x_wconf 84' lang='lat' dir='ltr'>qui</span> <span class='ocrx_word' id='word_1_188' title='bbox 506 1612 655 1646; x_wconf 82' lang='lat' dir='ltr'>affirmat</span> <span class='ocrx_word' id='word_1_189' title='bbox 679 1622 750 1644; x_wconf 91' lang='lat' dir='ltr'>esse</span> <span class='ocrx_word' id='word_1_190' title='bbox 768 1610 920 1653; x_wconf 86' lang='lat' dir='ltr'>aliquem</span> <span class='ocrx_word' id='word_1_191' title='bbox 937 1607 1148 1640; x_wconf 85' lang='lat' dir='ltr'>mediocrem</span> 
     </span>
    </p>
   </div>
   <div class='ocr_carea' id='block_1_3' title="bbox 170 1658 1175 1711">
    <p class='ocr_par' dir='ltr' id='par_1_6' title="bbox 170 1658 1175 1711">
     <span class='ocr_line' id='line_1_31' title="bbox 170 1658 1175 1711; baseline -0.017 -7"><span class='ocrx_word' id='word_1_192' title='bbox 170 1676 308 1704; x_wconf 89' lang='lat' dir='ltr'>coetum</span> <span class='ocrx_word' id='word_1_193' title='bbox 335 1668 529 1711; x_wconf 86' lang='lat' dir='ltr'>placentem</span> <span class='ocrx_word' id='word_1_194' title='bbox 548 1661 643 1702; x_wconf 89' lang='lat' dir='ltr'>Deo,</span> <span class='ocrx_word' id='word_1_195' title='bbox 670 1668 702 1694; x_wconf 92' lang='lat' dir='ltr'>et</span> <span class='ocrx_word' id='word_1_196' title='bbox 725 1661 917 1701; x_wconf 86' lang='lat' dir='ltr'>discamus,</span> <span class='ocrx_word' id='word_1_197' title='bbox 946 1658 1007 1702; x_wconf 84' lang='lat' dir='ltr'>qui</span> <span class='ocrx_word' id='word_1_198' title='bbox 1025 1658 1089 1697; x_wconf 91' lang='lat' dir='ltr'>sit,</span> <span class='ocrx_word' id='word_1_199' title='bbox 1116 1663 1148 1688; x_wconf 89' lang='lat' dir='ltr'>et</span> <span class='ocrx_word' id='word_1_200' title='bbox 1173 1685 1175 1688; x_wconf 86' lang='lat'>.</span> 
     </span>
    </p>
   </div>
   <div class='ocr_carea' id='block_1_4' title="bbox 170 1709 1149 1804">
    <p class='ocr_par' dir='ltr' id='par_1_7' title="bbox 170 1709 1149 1804">
     <span class='ocr_line' id='line_1_32' title="bbox 170 1709 1149 1754; baseline -0.021 -1"><span class='ocrx_word' id='word_1_201' title='bbox 170 1721 233 1754; x_wconf 90' lang='lat' dir='ltr'>ubi</span> <span class='ocrx_word' id='word_1_202' title='bbox 261 1719 305 1751; x_wconf 90' lang='lat' dir='ltr'>sit</span> <span class='ocrx_word' id='word_1_203' title='bbox 332 1718 390 1750; x_wconf 89' lang='lat' dir='ltr'>ille</span> <span class='ocrx_word' id='word_1_204' title='bbox 413 1722 549 1753; x_wconf 88' lang='lat' dir='ltr'>coetus,</span> <span class='ocrx_word' id='word_1_205' title='bbox 593 1719 624 1745; x_wconf 87' lang='lat' dir='ltr'>et</span> <span class='ocrx_word' id='word_1_206' title='bbox 648 1723 712 1744; x_wconf 90' lang='lat' dir='ltr'>nos</span> <span class='ocrx_word' id='word_1_207' title='bbox 736 1712 773 1743; x_wconf 90' lang='lat' dir='ltr'>in</span> <span class='ocrx_word' id='word_1_208' title='bbox 804 1721 881 1741; x_wconf 83' lang='lat' dir='ltr'>eum</span> <span class='ocrx_word' id='word_1_209' title='bbox 916 1709 1149 1741; x_wconf 71' lang='lat' dir='ltr'>includamus,</span> 
     </span>
     <span class='ocr_line' id='line_1_33' title="bbox 172 1752 1149 1804; baseline -0.02 0"><span class='ocrx_word' id='word_1_210' title='bbox 172 1774 265 1804; x_wconf 74' lang='lat' dir='ltr'>iuxta</span> <span class='ocrx_word' id='word_1_211' title='bbox 282 1769 430 1801; x_wconf 86' lang='lat' dir='ltr'>dictum:</span> <span class='ocrx_word' id='word_1_212' title='bbox 457 1761 612 1796; x_wconf 88' lang='lat' dir='ltr'>Plantati</span> <span class='ocrx_word' id='word_1_213' title='bbox 629 1760 666 1791; x_wconf 90' lang='lat' dir='ltr'>in</span> <span class='ocrx_word' id='word_1_214' title='bbox 685 1760 791 1791; x_wconf 89' lang='lat' dir='ltr'>domo</span> <span class='ocrx_word' id='word_1_215' title='bbox 808 1755 973 1794; x_wconf 86' lang='lat' dir='ltr'>Domini,</span> <span class='ocrx_word' id='word_1_216' title='bbox 1000 1754 1036 1786; x_wconf 92' lang='lat' dir='ltr'>in</span> <span class='ocrx_word' id='word_1_217' title='bbox 1051 1752 1149 1786; x_wconf 89' lang='lat' dir='ltr'>atriis</span> 
     </span>
    </p>
   </div>
   <div class='ocr_carea' id='block_1_5' title="bbox 171 1814 568 1855">
    <p class='ocr_par' dir='ltr' id='par_1_8' title="bbox 171 1814 568 1855">
     <span class='ocr_line' id='line_1_34' title="bbox 171 1814 568 1855; baseline -0.025 0"><span class='ocrx_word' id='word_1_218' title='bbox 171 1821 236 1855; x_wconf 91' lang='lat' dir='ltr'>Dei</span> <span class='ocrx_word' id='word_1_219' title='bbox 255 1817 366 1851; x_wconf 85' lang='lat' dir='ltr'>nostri</span> <span class='ocrx_word' id='word_1_220' title='bbox 381 1814 568 1848; x_wconf 84' lang='lat' dir='ltr'>florebunt.</span> 
     </span>
    </p>
   </div>
   <div class='ocr_carea' id='block_1_6' title="bbox 170 1905 1150 2461">
    <p class='ocr_par' dir='ltr' id='par_1_9' title="bbox 170 1905 1150 2157">
     <span class='ocr_line' id='line_1_35' title="bbox 172 1905 1149 1955; baseline -0.023 1"><span class='ocrx_word' id='word_1_221' title='bbox 172 1933 236 1955; x_wconf 88' lang='lat' dir='ltr'>nos</span> <span class='ocrx_word' id='word_1_222' title='bbox 252 1913 533 1953; x_wconf 68' lang='lat' dir='ltr'>a&#39;Mahometicis</span> <span class='ocrx_word' id='word_1_223' title='bbox 558 1919 590 1944; x_wconf 92' lang='lat' dir='ltr'>et</span> <span class='ocrx_word' id='word_1_224' title='bbox 616 1910 693 1943; x_wconf 91' lang='lat' dir='ltr'>aliis</span> <span class='ocrx_word' id='word_1_225' title='bbox 717 1909 853 1953; x_wconf 86' lang='lat' dir='ltr'>impiis,</span> <span class='ocrx_word' id='word_1_226' title='bbox 877 1913 909 1939; x_wconf 88' lang='lat' dir='ltr'>et</span> <span class='ocrx_word' id='word_1_227' title='bbox 934 1905 977 1938; x_wconf 88' lang='lat' dir='ltr'>sit</span> <span class='ocrx_word' id='word_1_228' title='bbox 994 1915 1149 1937; x_wconf 88' lang='lat' dir='ltr'>commo—</span> 
     </span>
     <span class='ocr_line' id='line_1_36' title="bbox 172 1955 1150 2005; baseline -0.021 1"><span class='ocrx_word' id='word_1_229' title='bbox 172 1970 320 2005; x_wconf 85' lang='lat' dir='ltr'>nefactio</span> <span class='ocrx_word' id='word_1_230' title='bbox 341 1969 383 2002; x_wconf 86' lang='lat' dir='ltr'>de</span> <span class='ocrx_word' id='word_1_231' title='bbox 399 1964 532 1999; x_wconf 91' lang='lat' dir='ltr'>naturis</span> <span class='ocrx_word' id='word_1_232' title='bbox 549 1963 585 1994; x_wconf 93' lang='lat' dir='ltr'>in</span> <span class='ocrx_word' id='word_1_233' title='bbox 599 1959 752 1999; x_wconf 87' lang='lat' dir='ltr'>Christo,</span> <span class='ocrx_word' id='word_1_234' title='bbox 779 1966 811 1992; x_wconf 91' lang='lat' dir='ltr'>et</span> <span class='ocrx_word' id='word_1_235' title='bbox 830 1956 981 2002; x_wconf 89' lang='lat' dir='ltr'>propriis</span> <span class='ocrx_word' id='word_1_236' title='bbox 998 1955 1072 1988; x_wconf 91' lang='lat' dir='ltr'>eius</span> <span class='ocrx_word' id='word_1_237' title='bbox 1089 1955 1150 1987; x_wconf 91' lang='lat' dir='ltr'>be-</span> 
     </span>
     <span class='ocr_line' id='line_1_37' title="bbox 172 2004 1147 2056; baseline -0.021 0"><span class='ocrx_word' id='word_1_238' title='bbox 172 2021 303 2056; x_wconf 79' lang='lat' dir='ltr'>neficiis</span> <span class='ocrx_word' id='word_1_239' title='bbox 327 2031 365 2052; x_wconf 90' lang='lat' dir='ltr'>ac</span> <span class='ocrx_word' id='word_1_240' title='bbox 390 2015 471 2049; x_wconf 88' lang='lat' dir='ltr'>laeti</span> <span class='ocrx_word' id='word_1_241' title='bbox 492 2024 613 2046; x_wconf 80' lang='lat' dir='ltr'>verum</span> <span class='ocrx_word' id='word_1_242' title='bbox 636 2011 749 2044; x_wconf 90' lang='lat' dir='ltr'>Deum</span> <span class='ocrx_word' id='word_1_243' title='bbox 784 2011 987 2042; x_wconf 81' lang='lat' dir='ltr'>invocemus</span> <span class='ocrx_word' id='word_1_244' title='bbox 1020 2004 1147 2039; x_wconf 82' lang='lat' dir='ltr'>fiducia</span> 
     </span>
     <span class='ocr_line' id='line_1_38' title="bbox 170 2056 1149 2107; baseline -0.023 0"><span class='ocrx_word' id='word_1_245' title='bbox 170 2072 317 2107; x_wconf 79' lang='lat' dir='ltr'>Domini</span> <span class='ocrx_word' id='word_1_246' title='bbox 340 2067 450 2102; x_wconf 85' lang='lat' dir='ltr'>nostri</span> <span class='ocrx_word' id='word_1_247' title='bbox 471 2062 556 2098; x_wconf 77' lang='lat' dir='ltr'>Iesu</span> <span class='ocrx_word' id='word_1_248' title='bbox 580 2057 742 2101; x_wconf 72' lang='lat' dir='ltr'>Christi,</span> <span class='ocrx_word' id='word_1_249' title='bbox 767 2068 799 2095; x_wconf 83' lang='lat' dir='ltr'>et</span> <span class='ocrx_word' id='word_1_250' title='bbox 825 2071 889 2092; x_wconf 85' lang='lat' dir='ltr'>nos</span> <span class='ocrx_word' id='word_1_251' title='bbox 914 2058 959 2090; x_wconf 84' lang='lat' dir='ltr'>ab</span> <span class='ocrx_word' id='word_1_252' title='bbox 983 2056 1149 2089; x_wconf 82' lang='lat' dir='ltr'>omnibus</span> 
     </span>
     <span class='ocr_line' id='line_1_39' title="bbox 171 2115 738 2157; baseline -0.026 1"><span class='ocrx_word' id='word_1_253' title='bbox 171 2122 330 2157; x_wconf 86' lang='lat' dir='ltr'>hostibus</span> <span class='ocrx_word' id='word_1_254' title='bbox 348 2116 481 2153; x_wconf 86' lang='lat' dir='ltr'>Christi</span> <span class='ocrx_word' id='word_1_255' title='bbox 506 2115 738 2156; x_wconf 82' lang='lat' dir='ltr'>seiungamus.</span> 
     </span>
    </p>

    <p class='ocr_par' dir='ltr' id='par_1_10' title="bbox 172 2156 1149 2461">
     <span class='ocr_line' id='line_1_40' title="bbox 274 2156 1149 2206; baseline -0.019 -1"><span class='ocrx_word' id='word_1_256' title='bbox 274 2172 478 2206; x_wconf 86' lang='lat' dir='ltr'>Intueamur</span> <span class='ocrx_word' id='word_1_257' title='bbox 509 2166 611 2199; x_wconf 86' lang='lat' dir='ltr'>etiam</span> <span class='ocrx_word' id='word_1_258' title='bbox 642 2169 757 2196; x_wconf 85' lang='lat' dir='ltr'>mente</span> <span class='ocrx_word' id='word_1_259' title='bbox 789 2159 1037 2204; x_wconf 85' lang='lat' dir='ltr'>patefactiones</span> <span class='ocrx_word' id='word_1_260' title='bbox 1071 2156 1149 2197; x_wconf 90' lang='lat' dir='ltr'>Dei,</span> 
     </span>
     <span class='ocr_line' id='line_1_41' title="bbox 172 2209 1148 2257; baseline -0.019 1"><span class='ocrx_word' id='word_1_261' title='bbox 172 2224 266 2257; x_wconf 89' lang='lat' dir='ltr'>hunc</span> <span class='ocrx_word' id='word_1_262' title='bbox 292 2233 410 2254; x_wconf 86' lang='lat' dir='ltr'>verum</span> <span class='ocrx_word' id='word_1_263' title='bbox 438 2218 550 2251; x_wconf 89' lang='lat' dir='ltr'>Deum</span> <span class='ocrx_word' id='word_1_264' title='bbox 575 2214 677 2248; x_wconf 86' lang='lat' dir='ltr'>certis</span> <span class='ocrx_word' id='word_1_265' title='bbox 704 2210 915 2246; x_wconf 82' lang='lat' dir='ltr'>testimoniis</span> <span class='ocrx_word' id='word_1_266' title='bbox 940 2209 1148 2253; x_wconf 88' lang='lat' dir='ltr'>patefactum</span> 
     </span>
     <span class='ocr_line' id='line_1_42' title="bbox 174 2257 1148 2318; baseline -0.018 -11"><span class='ocrx_word' id='word_1_267' title='bbox 174 2275 401 2318; x_wconf 84' lang='lat' dir='ltr'>alloquentes,</span> <span class='ocrx_word' id='word_1_268' title='bbox 425 2269 512 2301; x_wconf 87' lang='lat' dir='ltr'>sicut</span> <span class='ocrx_word' id='word_1_269' title='bbox 531 2266 683 2310; x_wconf 87' lang='lat' dir='ltr'>primum</span> <span class='ocrx_word' id='word_1_270' title='bbox 702 2267 925 2308; x_wconf 86' lang='lat' dir='ltr'>praeceptum</span> <span class='ocrx_word' id='word_1_271' title='bbox 942 2260 1043 2293; x_wconf 85' lang='lat' dir='ltr'>dicit:</span> <span class='ocrx_word' id='word_1_272' title='bbox 1072 2257 1148 2301; x_wconf 83' lang='lat' dir='ltr'>Ego</span> 
     </span>
     <span class='ocr_line' id='line_1_43' title="bbox 172 2310 1149 2360; baseline -0.018 -2"><span class='ocrx_word' id='word_1_273' title='bbox 172 2336 249 2358; x_wconf 89' lang='lat' dir='ltr'>sum</span> <span class='ocrx_word' id='word_1_274' title='bbox 269 2322 442 2356; x_wconf 89' lang='lat' dir='ltr'>Dominus</span> <span class='ocrx_word' id='word_1_275' title='bbox 465 2325 567 2357; x_wconf 89' lang='lat' dir='ltr'>tuus,</span> <span class='ocrx_word' id='word_1_276' title='bbox 603 2315 663 2360; x_wconf 91' lang='lat' dir='ltr'>qui</span> <span class='ocrx_word' id='word_1_277' title='bbox 687 2313 790 2348; x_wconf 76' lang='lat' dir='ltr'>eduxi</span> <span class='ocrx_word' id='word_1_278' title='bbox 816 2319 848 2345; x_wconf 89' lang='lat' dir='ltr'>te</span> <span class='ocrx_word' id='word_1_279' title='bbox 865 2312 907 2343; x_wconf 85' lang='lat' dir='ltr'>de</span> <span class='ocrx_word' id='word_1_280' title='bbox 923 2318 1014 2344; x_wconf 86' lang='lat' dir='ltr'>terra</span> <span class='ocrx_word' id='word_1_281' title='bbox 1034 2310 1149 2353; x_wconf 72' lang='lat' dir='ltr'>Aegy-</span> 
     </span>
     <span class='ocr_line' id='line_1_44' title="bbox 175 2359 1149 2419; baseline -0.016 -12"><span class='ocrx_word' id='word_1_282' title='bbox 175 2375 236 2419; x_wconf 82' lang='lat' dir='ltr'>pti,</span> <span class='ocrx_word' id='word_1_283' title='bbox 265 2380 296 2405; x_wconf 89' lang='lat' dir='ltr'>et</span> <span class='ocrx_word' id='word_1_284' title='bbox 313 2372 548 2412; x_wconf 83' lang='lat' dir='ltr'>adiungantur</span> <span class='ocrx_word' id='word_1_285' title='bbox 567 2366 657 2399; x_wconf 86' lang='lat' dir='ltr'>dicta</span> <span class='ocrx_word' id='word_1_286' title='bbox 675 2366 718 2398; x_wconf 91' lang='lat' dir='ltr'>de</span> <span class='ocrx_word' id='word_1_287' title='bbox 740 2363 830 2396; x_wconf 89' lang='lat' dir='ltr'>filio:</span> <span class='ocrx_word' id='word_1_288' title='bbox 861 2361 931 2404; x_wconf 87' lang='lat' dir='ltr'>Qui</span> <span class='ocrx_word' id='word_1_289' title='bbox 949 2373 1021 2393; x_wconf 90' lang='lat' dir='ltr'>non</span> <span class='ocrx_word' id='word_1_290' title='bbox 1039 2359 1149 2393; x_wconf 90' lang='lat' dir='ltr'>credit</span> 
     </span>
     <span class='ocr_line' id='line_1_45' title="bbox 174 2409 1148 2461; baseline -0.017 -3"><span class='ocrx_word' id='word_1_291' title='bbox 174 2427 210 2458; x_wconf 90' lang='lat' dir='ltr'>in</span> <span class='ocrx_word' id='word_1_292' title='bbox 229 2424 360 2461; x_wconf 82' lang='lat' dir='ltr'>filium,</span> <span class='ocrx_word' id='word_1_293' title='bbox 388 2421 436 2452; x_wconf 88' lang='lat' dir='ltr'>ira</span> <span class='ocrx_word' id='word_1_294' title='bbox 454 2418 521 2452; x_wconf 84' lang='lat' dir='ltr'>Dei</span> <span class='ocrx_word' id='word_1_295' title='bbox 542 2423 656 2449; x_wconf 82' lang='lat' dir='ltr'>manet</span> <span class='ocrx_word' id='word_1_296' title='bbox 676 2426 779 2458; x_wconf 87' lang='lat' dir='ltr'>super</span> <span class='ocrx_word' id='word_1_297' title='bbox 797 2424 888 2447; x_wconf 86' lang='lat' dir='ltr'>eum.</span> <span class='ocrx_word' id='word_1_298' title='bbox 942 2411 982 2444; x_wconf 93' lang='lat' dir='ltr'>In</span> <span class='ocrx_word' id='word_1_299' title='bbox 1001 2409 1065 2444; x_wconf 90' lang='lat' dir='ltr'>hac</span> <span class='ocrx_word' id='word_1_300' title='bbox 1087 2421 1148 2442; x_wconf 90' lang='lat' dir='ltr'>co-</span> 
     </span>
    </p>
   </div>
   <div class='ocr_carea' id='block_1_7' title="bbox 173 2514 1148 2721">
    <p class='ocr_par' dir='ltr' id='par_1_11' title="bbox 175 2514 1148 2614">
     <span class='ocr_line' id='line_1_46' title="bbox 175 2514 1072 2560; baseline -0.019 0"><span class='ocrx_word' id='word_1_301' title='bbox 175 2525 351 2560; x_wconf 86' lang='lat' dir='ltr'>Ecclesiae</span> <span class='ocrx_word' id='word_1_302' title='bbox 370 2520 461 2553; x_wconf 85' lang='lat' dir='ltr'>cives</span> <span class='ocrx_word' id='word_1_303' title='bbox 478 2519 569 2551; x_wconf 78' lang='lat' dir='ltr'>fecit.</span> <span class='ocrx_word' id='word_1_304' title='bbox 623 2516 696 2549; x_wconf 85' lang='lat' dir='ltr'>Hac</span> <span class='ocrx_word' id='word_1_305' title='bbox 716 2516 821 2558; x_wconf 87' lang='lat' dir='ltr'>igitur</span> <span class='ocrx_word' id='word_1_306' title='bbox 843 2514 951 2546; x_wconf 80' lang='lat' dir='ltr'>forma</span> <span class='ocrx_word' id='word_1_307' title='bbox 970 2519 1072 2545; x_wconf 87' lang='lat' dir='ltr'>ntor:</span> 
     </span>
     <span class='ocr_line' id='line_1_47' title="bbox 276 2561 1148 2614; baseline -0.014 -9"><span class='ocrx_word' id='word_1_308' title='bbox 276 2571 535 2614; x_wconf 79' lang='lat' dir='ltr'>OmnipotenS,</span> <span class='ocrx_word' id='word_1_309' title='bbox 569 2575 724 2604; x_wconf 79' lang='lat' dir='ltr'>aeterne,</span> <span class='ocrx_word' id='word_1_310' title='bbox 764 2565 843 2597; x_wconf 80' lang='lat' dir='ltr'>vive</span> <span class='ocrx_word' id='word_1_311' title='bbox 874 2571 905 2597; x_wconf 87' lang='lat' dir='ltr'>et</span> <span class='ocrx_word' id='word_1_312' title='bbox 938 2575 1016 2596; x_wconf 78' lang='lat' dir='ltr'>vere</span> <span class='ocrx_word' id='word_1_313' title='bbox 1042 2561 1148 2601; x_wconf 82' lang='lat' dir='ltr'>Deus,</span> 
     </span>
    </p>

    <p class='ocr_par' dir='ltr' id='par_1_12' title="bbox 173 2610 1148 2661">
     <span class='ocr_line' id='line_1_48' title="bbox 173 2610 1148 2661; baseline -0.016 -1"><span class='ocrx_word' id='word_1_314' title='bbox 173 2634 311 2660; x_wconf 82' lang='lat' dir='ltr'>aeterne</span> <span class='ocrx_word' id='word_1_315' title='bbox 329 2630 361 2656; x_wconf 91' lang='lat' dir='ltr'>et</span> <span class='ocrx_word' id='word_1_316' title='bbox 378 2621 480 2654; x_wconf 87' lang='lat' dir='ltr'>unice</span> <span class='ocrx_word' id='word_1_317' title='bbox 499 2624 593 2661; x_wconf 86' lang='lat' dir='ltr'>pater</span> <span class='ocrx_word' id='word_1_318' title='bbox 608 2616 752 2649; x_wconf 81' lang='lat' dir='ltr'>Domini</span> <span class='ocrx_word' id='word_1_319' title='bbox 779 2614 889 2648; x_wconf 88' lang='lat' dir='ltr'>nostri</span> <span class='ocrx_word' id='word_1_320' title='bbox 909 2613 986 2646; x_wconf 89' lang='lat' dir='ltr'>lesu</span> <span class='ocrx_word' id='word_1_321' title='bbox 1003 2610 1148 2651; x_wconf 85' lang='lat' dir='ltr'>Christi,</span> 
     </span>
    </p>

    <p class='ocr_par' dir='ltr' id='par_1_13' title="bbox 174 2662 1148 2721">
     <span class='ocr_line' id='line_1_49' title="bbox 174 2662 1148 2721; baseline -0.016 -10"><span class='ocrx_word' id='word_1_322' title='bbox 174 2677 234 2721; x_wconf 84' lang='lat' dir='ltr'>qui</span> <span class='ocrx_word' id='word_1_323' title='bbox 256 2687 326 2709; x_wconf 85' lang='lat' dir='ltr'>una</span> <span class='ocrx_word' id='word_1_324' title='bbox 352 2683 430 2706; x_wconf 90' lang='lat' dir='ltr'>cum</span> <span class='ocrx_word' id='word_1_325' title='bbox 456 2669 527 2702; x_wconf 80' lang='lat' dir='ltr'>filio</span> <span class='ocrx_word' id='word_1_326' title='bbox 554 2675 613 2702; x_wconf 90' lang='lat' dir='ltr'>tuo</span> <span class='ocrx_word' id='word_1_327' title='bbox 646 2673 825 2699; x_wconf 80' lang='lat' dir='ltr'>coaeterno</span> <span class='ocrx_word' id='word_1_328' title='bbox 850 2664 926 2698; x_wconf 90' lang='lat' dir='ltr'>lesu</span> <span class='ocrx_word' id='word_1_329' title='bbox 950 2662 1092 2698; x_wconf 89' lang='lat' dir='ltr'>Christo</span> <span class='ocrx_word' id='word_1_330' title='bbox 1115 2668 1148 2695; x_wconf 87' lang='lat' dir='ltr'>et</span> 
     </span>
    </p>
   </div>
   <div class='ocr_carea' id='block_1_8' title="bbox 412 106 1929 153">
    <p class='ocr_par' dir='ltr' id='par_1_14' title="bbox 412 106 1929 153">
     <span class='ocr_line' id='line_1_50' title="bbox 412 106 1929 153; baseline -0.006 0"><span class='ocrx_word' id='word_1_331' title='bbox 412 115 616 153; x_wconf 71' lang='lat' dir='ltr'>SCRIPTA</span> <span class='ocrx_word' id='word_1_332' title='bbox 647 113 720 149; x_wconf 88' lang='lat' dir='ltr'>PH.</span> <span class='ocrx_word' id='word_1_333' title='bbox 749 110 862 147; x_wconf 86' lang='lat' dir='ltr'><strong>MEL.</strong></span> <span class='ocrx_word' id='word_1_334' title='bbox 889 110 955 145; x_wconf 84' lang='lat' dir='ltr'>AD</span> <span class='ocrx_word' id='word_1_335' title='bbox 984 109 1108 145; x_wconf 81' lang='lat' dir='ltr'><strong>fflST.</strong></span> <span class='ocrx_word' id='word_1_336' title='bbox 1135 108 1278 146; x_wconf 80' lang='lat' dir='ltr'><strong>PROF.</strong></span> <span class='ocrx_word' id='word_1_337' title='bbox 1306 108 1371 143; x_wconf 88' lang='lat' dir='ltr'>ET</span> <span class='ocrx_word' id='word_1_338' title='bbox 1400 106 1586 144; x_wconf 87' lang='lat' dir='ltr'><strong>PHILOS.</strong></span> <span class='ocrx_word' id='word_1_339' title='bbox 1612 107 1929 146; x_wconf 84' lang='lat' dir='ltr'>SPECTANTIA.</span> 
     </span>
    </p>
   </div>
   <div class='ocr_carea' id='block_1_9' title="bbox 1174 1101 1176 1906">
    <p class='ocr_par' dir='ltr' id='par_1_15' title="bbox 1174 1101 1176 1906">
     <span class='ocr_line' id='line_1_51' title="bbox 1174 1101 1176 1906; baseline 0 0"><span class='ocrx_word' id='word_1_340' title='bbox 1174 1101 1176 1906; x_wconf 95' lang='lat' dir='ltr'> </span> 
     </span>
    </p>
   </div>
   <div class='ocr_carea' id='block_1_10' title="bbox 1174 1101 1176 2116">
    <p class='ocr_par' dir='ltr' id='par_1_16' title="bbox 1174 1101 1176 2116">
     <span class='ocr_line' id='line_1_52' title="bbox 1174 1101 1176 2116; baseline 0 0"><span class='ocrx_word' id='word_1_341' title='bbox 1174 1101 1176 2116; x_wconf 95' lang='lat' dir='ltr'> </span> 
     </span>
    </p>
   </div>
   <div class='ocr_carea' id='block_1_11' title="bbox 2078 113 2174 147">
    <p class='ocr_par' dir='ltr' id='par_1_17' title="bbox 2078 113 2174 147">
     <span class='ocr_line' id='line_1_53' title="bbox 2078 113 2174 147; baseline 0 0"><span class='ocrx_word' id='word_1_342' title='bbox 2078 113 2174 147; x_wconf 88' lang='grc'>1080</span> 
     </span>
    </p>
   </div>
   <div class='ocr_carea' id='block_1_12' title="bbox 1200 194 2182 1448">
    <p class='ocr_par' dir='ltr' id='par_1_18' title="bbox 1200 194 2182 1448">
     <span class='ocr_line' id='line_1_54' title="bbox 1200 194 2176 239; baseline 0.001 -10"><span class='ocrx_word' id='word_1_343' title='bbox 1200 194 1336 239; x_wconf 89' lang='lat' dir='ltr'>Spiritu</span> <span class='ocrx_word' id='word_1_344' title='bbox 1360 200 1421 227; x_wconf 92' lang='lat' dir='ltr'>tuo</span> <span class='ocrx_word' id='word_1_345' title='bbox 1444 199 1562 226; x_wconf 92' lang='lat' dir='ltr'>sancto</span> <span class='ocrx_word' id='word_1_346' title='bbox 1587 195 1709 228; x_wconf 83' lang='lat' dir='ltr'>creasti</span> <span class='ocrx_word' id='word_1_347' title='bbox 1734 196 1869 228; x_wconf 89' lang='lat' dir='ltr'>coelum</span> <span class='ocrx_word' id='word_1_348' title='bbox 1900 203 1934 230; x_wconf 91' lang='lat' dir='ltr'>et</span> <span class='ocrx_word' id='word_1_349' title='bbox 1953 203 2100 238; x_wconf 88' lang='lat' dir='ltr'>terram,</span> <span class='ocrx_word' id='word_1_350' title='bbox 2145 204 2176 229; x_wconf 88' lang='lat' dir='ltr'>et</span> 
     </span>
     <span class='ocr_line' id='line_1_55' title="bbox 1201 244 2179 290; baseline 0.001 -11"><span class='ocrx_word' id='word_1_351' title='bbox 1201 244 1363 279; x_wconf 89' lang='lat' dir='ltr'>homines</span> <span class='ocrx_word' id='word_1_352' title='bbox 1381 251 1413 278; x_wconf 91' lang='lat' dir='ltr'>et</span> <span class='ocrx_word' id='word_1_353' title='bbox 1424 244 1508 277; x_wconf 87' lang='lat' dir='ltr'>alias</span> <span class='ocrx_word' id='word_1_354' title='bbox 1525 252 1717 283; x_wconf 84' lang='lat' dir='ltr'>creaturas,</span> <span class='ocrx_word' id='word_1_355' title='bbox 1744 246 1902 290; x_wconf 86' lang='lat' dir='ltr'>sapiens,</span> <span class='ocrx_word' id='word_1_356' title='bbox 1927 247 2038 287; x_wconf 88' lang='lat' dir='ltr'>bone,</span> <span class='ocrx_word' id='word_1_357' title='bbox 2063 259 2179 289; x_wconf 76' lang='lat' dir='ltr'>verax,</span> 
     </span>
     <span class='ocr_line' id='line_1_56' title="bbox 1201 295 2177 337; baseline 0.001 -8"><span class='ocrx_word' id='word_1_358' title='bbox 1201 302 1312 335; x_wconf 85' lang='lat' dir='ltr'>caste,</span> <span class='ocrx_word' id='word_1_359' title='bbox 1342 295 1449 335; x_wconf 90' lang='lat' dir='ltr'>iuste,</span> <span class='ocrx_word' id='word_1_360' title='bbox 1477 295 1593 334; x_wconf 85' lang='lat' dir='ltr'>iudex,</span> <span class='ocrx_word' id='word_1_361' title='bbox 1620 295 1812 335; x_wconf 85' lang='lat' dir='ltr'>liberrime,</span> <span class='ocrx_word' id='word_1_362' title='bbox 1836 303 1869 329; x_wconf 90' lang='lat' dir='ltr'>et</span> <span class='ocrx_word' id='word_1_363' title='bbox 1888 297 2096 337; x_wconf 81' lang='lat' dir='ltr'>misericors,</span> <span class='ocrx_word' id='word_1_364' title='bbox 2123 298 2177 331; x_wconf 89' lang='lat' dir='ltr'>di-</span> 
     </span>
     <span class='ocr_line' id='line_1_57' title="bbox 1202 345 2178 390; baseline 0.001 -12"><span class='ocrx_word' id='word_1_365' title='bbox 1202 347 1313 388; x_wconf 82' lang='lat' dir='ltr'>ligens</span> <span class='ocrx_word' id='word_1_366' title='bbox 1324 352 1357 378; x_wconf 95' lang='lat' dir='ltr'>et</span> <span class='ocrx_word' id='word_1_367' title='bbox 1371 345 1559 378; x_wconf 81' lang='lat' dir='ltr'>exaudiens</span> <span class='ocrx_word' id='word_1_368' title='bbox 1578 357 1654 384; x_wconf 86' lang='lat' dir='ltr'>nos,</span> <span class='ocrx_word' id='word_1_369' title='bbox 1681 346 1743 390; x_wconf 90' lang='lat' dir='ltr'>qui</span> <span class='ocrx_word' id='word_1_370' title='bbox 1759 347 1895 380; x_wconf 82' lang='lat' dir='ltr'>dixisti:</span> <span class='ocrx_word' id='word_1_371' title='bbox 1924 346 2015 380; x_wconf 70' lang='lat' dir='ltr'>Vixo</span> <span class='ocrx_word' id='word_1_372' title='bbox 2034 358 2108 390; x_wconf 83' lang='lat' dir='ltr'>ego,</span> <span class='ocrx_word' id='word_1_373' title='bbox 2123 347 2178 380; x_wconf 84' lang='lat' dir='ltr'>di-</span> 
     </span>
     <span class='ocr_line' id='line_1_58' title="bbox 1202 394 2179 441; baseline 0 -11"><span class='ocrx_word' id='word_1_374' title='bbox 1202 398 1248 430; x_wconf 91' lang='lat' dir='ltr'>cit</span> <span class='ocrx_word' id='word_1_375' title='bbox 1273 395 1471 436; x_wconf 89' lang='lat' dir='ltr'>Dominus,</span> <span class='ocrx_word' id='word_1_376' title='bbox 1504 394 1597 428; x_wconf 80' lang='lat' dir='ltr'>Nolo</span> <span class='ocrx_word' id='word_1_377' title='bbox 1620 403 1768 430; x_wconf 88' lang='lat' dir='ltr'>mortem</span> <span class='ocrx_word' id='word_1_378' title='bbox 1800 398 2007 441; x_wconf 77' lang='lat' dir='ltr'>peccatoris,</span> <span class='ocrx_word' id='word_1_379' title='bbox 2051 398 2108 430; x_wconf 88' lang='lat' dir='ltr'>sed</span> <span class='ocrx_word' id='word_1_380' title='bbox 2142 405 2179 431; x_wconf 91' lang='lat' dir='ltr'>ut</span> 
     </span>
     <span class='ocr_line' id='line_1_59' title="bbox 1201 445 2178 485; baseline 0.001 -6"><span class='ocrx_word' id='word_1_381' title='bbox 1201 453 1426 480; x_wconf 80' lang='lat' dir='ltr'>convertatur</span> <span class='ocrx_word' id='word_1_382' title='bbox 1444 453 1477 479; x_wconf 94' lang='lat' dir='ltr'>et</span> <span class='ocrx_word' id='word_1_383' title='bbox 1500 446 1615 485; x_wconf 81' lang='lat' dir='ltr'>vivat,</span> <span class='ocrx_word' id='word_1_384' title='bbox 1643 445 1823 480; x_wconf 87' lang='lat' dir='ltr'>Confiteor</span> <span class='ocrx_word' id='word_1_385' title='bbox 1845 448 1907 479; x_wconf 73' lang='lat' dir='ltr'>tibi</span> <span class='ocrx_word' id='word_1_386' title='bbox 1934 460 1987 480; x_wconf 88' lang='lat' dir='ltr'>me</span> <span class='ocrx_word' id='word_1_387' title='bbox 2013 448 2178 481; x_wconf 88' lang='lat' dir='ltr'>miserum</span> 
     </span>
     <span class='ocr_line' id='line_1_60' title="bbox 1202 497 2178 542; baseline 0.001 -12"><span class='ocrx_word' id='word_1_388' title='bbox 1202 504 1418 542; x_wconf 86' lang='lat' dir='ltr'>peccatorem</span> <span class='ocrx_word' id='word_1_389' title='bbox 1451 508 1540 537; x_wconf 86' lang='lat' dir='ltr'>esse,</span> <span class='ocrx_word' id='word_1_390' title='bbox 1582 503 1613 530; x_wconf 91' lang='lat' dir='ltr'>et</span> <span class='ocrx_word' id='word_1_391' title='bbox 1645 497 1748 530; x_wconf 88' lang='lat' dir='ltr'>doleo</span> <span class='ocrx_word' id='word_1_392' title='bbox 1775 498 1868 542; x_wconf 92' lang='lat' dir='ltr'>quod</span> <span class='ocrx_word' id='word_1_393' title='bbox 1894 498 2024 530; x_wconf 72' lang='lat' dir='ltr'>offendi</span> <span class='ocrx_word' id='word_1_394' title='bbox 2052 505 2104 538; x_wconf 87' lang='lat' dir='ltr'>te,</span> <span class='ocrx_word' id='word_1_395' title='bbox 2141 511 2178 531; x_wconf 85' lang='lat' dir='ltr'>ac</span> 
     </span>
     <span class='ocr_line' id='line_1_61' title="bbox 1201 546 2177 591; baseline -0.001 -10"><span class='ocrx_word' id='word_1_396' title='bbox 1201 548 1344 591; x_wconf 81' lang='lat' dir='ltr'>supplex</span> <span class='ocrx_word' id='word_1_397' title='bbox 1369 559 1453 587; x_wconf 89' lang='lat' dir='ltr'>oro,</span> <span class='ocrx_word' id='word_1_398' title='bbox 1487 555 1525 580; x_wconf 92' lang='lat' dir='ltr'>ut</span> <span class='ocrx_word' id='word_1_399' title='bbox 1555 547 1751 581; x_wconf 83' lang='lat' dir='ltr'>miserearis</span> <span class='ocrx_word' id='word_1_400' title='bbox 1775 549 1864 588; x_wconf 88' lang='lat' dir='ltr'>mei,</span> <span class='ocrx_word' id='word_1_401' title='bbox 1908 549 2065 582; x_wconf 84' lang='lat' dir='ltr'>remittas</span> <span class='ocrx_word' id='word_1_402' title='bbox 2090 546 2177 581; x_wconf 89' lang='lat' dir='ltr'>mihi</span> 
     </span>
     <span class='ocr_line' id='line_1_62' title="bbox 1201 599 2178 642; baseline 0.001 -12"><span class='ocrx_word' id='word_1_403' title='bbox 1201 599 1318 631; x_wconf 84' lang='lat' dir='ltr'>omnia</span> <span class='ocrx_word' id='word_1_404' title='bbox 1337 605 1472 642; x_wconf 84' lang='lat' dir='ltr'>peccata</span> <span class='ocrx_word' id='word_1_405' title='bbox 1490 609 1584 638; x_wconf 88' lang='lat' dir='ltr'>mea,</span> <span class='ocrx_word' id='word_1_406' title='bbox 1611 605 1643 631; x_wconf 89' lang='lat' dir='ltr'>et</span> <span class='ocrx_word' id='word_1_407' title='bbox 1659 610 1713 631; x_wconf 91' lang='lat' dir='ltr'>me</span> <span class='ocrx_word' id='word_1_408' title='bbox 1737 599 1900 632; x_wconf 89' lang='lat' dir='ltr'>iustifices</span> <span class='ocrx_word' id='word_1_409' title='bbox 1929 605 1962 632; x_wconf 93' lang='lat' dir='ltr'>et</span> <span class='ocrx_word' id='word_1_410' title='bbox 1983 599 2091 632; x_wconf 83' lang='lat' dir='ltr'>salves</span> <span class='ocrx_word' id='word_1_411' title='bbox 2117 610 2178 642; x_wconf 91' lang='lat' dir='ltr'>per</span> 
     </span>
     <span class='ocr_line' id='line_1_63' title="bbox 1202 646 2178 693; baseline -0.002 -11"><span class='ocrx_word' id='word_1_412' title='bbox 1202 656 1233 682; x_wconf 90' lang='lat' dir='ltr'>et</span> <span class='ocrx_word' id='word_1_413' title='bbox 1252 656 1393 693; x_wconf 87' lang='lat' dir='ltr'>propter</span> <span class='ocrx_word' id='word_1_414' title='bbox 1410 649 1520 681; x_wconf 81' lang='lat' dir='ltr'>filium</span> <span class='ocrx_word' id='word_1_415' title='bbox 1545 656 1644 682; x_wconf 90' lang='lat' dir='ltr'>tuum</span> <span class='ocrx_word' id='word_1_416' title='bbox 1660 648 1854 682; x_wconf 87' lang='lat' dir='ltr'>Dominum</span> <span class='ocrx_word' id='word_1_417' title='bbox 1880 656 2039 682; x_wconf 88' lang='lat' dir='ltr'>nostrum</span> <span class='ocrx_word' id='word_1_418' title='bbox 2056 646 2178 681; x_wconf 78' lang='lat' dir='ltr'>Iesum</span> 
     </span>
     <span class='ocr_line' id='line_1_64' title="bbox 1201 694 2180 743; baseline -0.001 -11"><span class='ocrx_word' id='word_1_419' title='bbox 1201 694 1404 737; x_wconf 74' lang='lat' dir='ltr'>Christum,</span> <span class='ocrx_word' id='word_1_420' title='bbox 1423 711 1525 743; x_wconf 90' lang='lat' dir='ltr'>quem</span> <span class='ocrx_word' id='word_1_421' title='bbox 1544 699 1686 733; x_wconf 83' lang='lat' dir='ltr'>voluisti</span> <span class='ocrx_word' id='word_1_422' title='bbox 1706 711 1768 743; x_wconf 92' lang='lat' dir='ltr'>pro</span> <span class='ocrx_word' id='word_1_423' title='bbox 1785 700 1888 733; x_wconf 90' lang='lat' dir='ltr'>nobis</span> <span class='ocrx_word' id='word_1_424' title='bbox 1903 711 1975 732; x_wconf 87' lang='lat' dir='ltr'>esse</span> <span class='ocrx_word' id='word_1_425' title='bbox 1991 700 2180 737; x_wconf 71' lang='lat' dir='ltr'>victimam,</span> 
     </span>
     <span class='ocr_line' id='line_1_65' title="bbox 1200 747 2180 795; baseline -0.002 -11"><span class='ocrx_word' id='word_1_426' title='bbox 1200 748 1260 785; x_wconf 79' lang='grc' dir='ltr'>καὶ</span> <span class='ocrx_word' id='word_1_427' title='bbox 1277 749 1429 795; x_wconf 71' lang='grc' dir='ltr'>μεσίτην</span> <span class='ocrx_word' id='word_1_428' title='bbox 1444 747 1506 783; x_wconf 80' lang='grc' dir='ltr'>καὶ</span> <span class='ocrx_word' id='word_1_429' title='bbox 1522 747 1661 794; x_wconf 72' lang='grc' dir='ltr'>ἱκέτην,</span> <span class='ocrx_word' id='word_1_430' title='bbox 1697 750 1857 783; x_wconf 86' lang='lat' dir='ltr'>miranda</span> <span class='ocrx_word' id='word_1_431' title='bbox 1880 750 2047 793; x_wconf 81' lang='lat' dir='ltr'>sapientia</span> <span class='ocrx_word' id='word_1_432' title='bbox 2065 757 2096 783; x_wconf 88' lang='lat' dir='ltr'>et</span> <span class='ocrx_word' id='word_1_433' title='bbox 2113 750 2180 782; x_wconf 89' lang='lat' dir='ltr'>im-</span> 
     </span>
     <span class='ocr_line' id='line_1_66' title="bbox 1200 800 2179 845; baseline -0.001 -11"><span class='ocrx_word' id='word_1_434' title='bbox 1200 813 1320 834; x_wconf 88' lang='lat' dir='ltr'>mensa</span> <span class='ocrx_word' id='word_1_435' title='bbox 1339 800 1515 840; x_wconf 85' lang='lat' dir='ltr'>bonitate,</span> <span class='ocrx_word' id='word_1_436' title='bbox 1543 807 1575 833; x_wconf 85' lang='lat' dir='ltr'>et</span> <span class='ocrx_word' id='word_1_437' title='bbox 1594 801 1769 834; x_wconf 84' lang='lat' dir='ltr'>sanctifica</span> <span class='ocrx_word' id='word_1_438' title='bbox 1794 813 1849 833; x_wconf 90' lang='lat' dir='ltr'>me</span> <span class='ocrx_word' id='word_1_439' title='bbox 1868 801 2003 845; x_wconf 89' lang='lat' dir='ltr'>Spiritu</span> <span class='ocrx_word' id='word_1_440' title='bbox 2021 807 2080 833; x_wconf 92' lang='lat' dir='ltr'>tuo</span> <span class='ocrx_word' id='word_1_441' title='bbox 2100 812 2179 833; x_wconf 86' lang='lat' dir='ltr'>san-</span> 
     </span>
     <span class='ocr_line' id='line_1_67' title="bbox 1201 849 2179 894; baseline -0.002 -9"><span class='ocrx_word' id='word_1_442' title='bbox 1201 858 1274 892; x_wconf 86' lang='lat' dir='ltr'>cto,</span> <span class='ocrx_word' id='word_1_443' title='bbox 1302 852 1382 884; x_wconf 79' lang='lat' dir='ltr'>vivo</span> <span class='ocrx_word' id='word_1_444' title='bbox 1397 879 1405 891; x_wconf 91' lang='lat'>‚</span> <span class='ocrx_word' id='word_1_445' title='bbox 1433 858 1526 884; x_wconf 85' lang='lat' dir='ltr'>casto</span> <span class='ocrx_word' id='word_1_446' title='bbox 1553 858 1585 884; x_wconf 93' lang='lat' dir='ltr'>et</span> <span class='ocrx_word' id='word_1_447' title='bbox 1605 852 1741 891; x_wconf 77' lang='lat' dir='ltr'>veraci,</span> <span class='ocrx_word' id='word_1_448' title='bbox 1768 850 1904 894; x_wconf 83' lang='lat' dir='ltr'>Collige</span> <span class='ocrx_word' id='word_1_449' title='bbox 1922 852 2013 884; x_wconf 86' lang='lat' dir='ltr'>inter</span> <span class='ocrx_word' id='word_1_450' title='bbox 2031 863 2094 884; x_wconf 92' lang='lat' dir='ltr'>nos</span> <span class='ocrx_word' id='word_1_451' title='bbox 2111 849 2179 884; x_wconf 89' lang='lat' dir='ltr'>Ec-</span> 
     </span>
     <span class='ocr_line' id='line_1_68' title="bbox 1201 901 2178 945; baseline -0.001 -11"><span class='ocrx_word' id='word_1_452' title='bbox 1201 903 1362 942; x_wconf 85' lang='lat' dir='ltr'>clesiam,</span> <span class='ocrx_word' id='word_1_453' title='bbox 1405 908 1437 934; x_wconf 92' lang='lat' dir='ltr'>et</span> <span class='ocrx_word' id='word_1_454' title='bbox 1464 913 1537 933; x_wconf 85' lang='lat' dir='ltr'>eain</span> <span class='ocrx_word' id='word_1_455' title='bbox 1557 902 1732 944; x_wconf 86' lang='lat' dir='ltr'>guberna,</span> <span class='ocrx_word' id='word_1_456' title='bbox 1759 902 1811 936; x_wconf 89' lang='lat' dir='ltr'>Da</span> <span class='ocrx_word' id='word_1_457' title='bbox 1835 901 2011 935; x_wconf 84' lang='lat' dir='ltr'>Ecclesiae</span> <span class='ocrx_word' id='word_1_458' title='bbox 2039 902 2178 945; x_wconf 87' lang='lat' dir='ltr'>politias</span> 
     </span>
     <span class='ocr_line' id='line_1_69' title="bbox 1203 951 2181 995; baseline -0.002 -10"><span class='ocrx_word' id='word_1_459' title='bbox 1203 951 1368 985; x_wconf 86' lang='lat' dir='ltr'>honestas</span> <span class='ocrx_word' id='word_1_460' title='bbox 1394 959 1428 985; x_wconf 89' lang='lat' dir='ltr'>et</span> <span class='ocrx_word' id='word_1_461' title='bbox 1452 952 1680 995; x_wconf 86' lang='lat' dir='ltr'>tranquillas,</span> <span class='ocrx_word' id='word_1_462' title='bbox 1715 954 1758 985; x_wconf 89' lang='lat' dir='ltr'>da</span> <span class='ocrx_word' id='word_1_463' title='bbox 1785 953 1888 985; x_wconf 89' lang='lat' dir='ltr'>nobis</span> <span class='ocrx_word' id='word_1_464' title='bbox 1912 953 2061 989; x_wconf 77' lang='lat' dir='ltr'>victum,</span> <span class='ocrx_word' id='word_1_465' title='bbox 2091 952 2181 984; x_wconf 89' lang='lat' dir='ltr'>vires</span> 
     </span>
     <span class='ocr_line' id='line_1_70' title="bbox 1202 1001 2181 1044; baseline 0.002 -12"><span class='ocrx_word' id='word_1_466' title='bbox 1202 1001 1374 1044; x_wconf 84' lang='lat' dir='ltr'>corporis,</span> <span class='ocrx_word' id='word_1_467' title='bbox 1397 1012 1476 1042; x_wconf 85' lang='lat' dir='ltr'>rege</span> <span class='ocrx_word' id='word_1_468' title='bbox 1495 1003 1608 1034; x_wconf 77' lang='lat' dir='ltr'>studia</span> <span class='ocrx_word' id='word_1_469' title='bbox 1637 1003 1899 1043; x_wconf 89' lang='lat' dir='ltr'>doctrinarum,</span> <span class='ocrx_word' id='word_1_470' title='bbox 1927 1010 1958 1035; x_wconf 91' lang='lat' dir='ltr'>et</span> <span class='ocrx_word' id='word_1_471' title='bbox 1980 1004 2032 1036; x_wconf 87' lang='lat' dir='ltr'>fac</span> <span class='ocrx_word' id='word_1_472' title='bbox 2052 1014 2105 1035; x_wconf 91' lang='lat' dir='ltr'>me</span> <span class='ocrx_word' id='word_1_473' title='bbox 2122 1013 2181 1034; x_wconf 62' lang='lat' dir='ltr'>v&lt;as</span> 
     </span>
     <span class='ocr_line' id='line_1_71' title="bbox 1202 1050 2181 1095; baseline 0.002 -12"><span class='ocrx_word' id='word_1_474' title='bbox 1202 1050 1480 1089; x_wconf 84' lang='lat' dir='ltr'>misericordiae,</span> <span class='ocrx_word' id='word_1_475' title='bbox 1507 1062 1571 1082; x_wconf 89' lang='lat' dir='ltr'>nec</span> <span class='ocrx_word' id='word_1_476' title='bbox 1595 1051 1658 1082; x_wconf 90' lang='lat' dir='ltr'>sim</span> <span class='ocrx_word' id='word_1_477' title='bbox 1686 1063 1745 1083; x_wconf 85' lang='lat' dir='ltr'>vas</span> <span class='ocrx_word' id='word_1_478' title='bbox 1769 1053 1852 1085; x_wconf 88' lang='lat' dir='ltr'>irae.</span> <span class='ocrx_word' id='word_1_479' title='bbox 1907 1052 2032 1094; x_wconf 84' lang='lat' dir='ltr'>Mitiga</span> <span class='ocrx_word' id='word_1_480' title='bbox 2052 1064 2181 1095; x_wconf 84' lang='lat' dir='ltr'>poenas</span> 
     </span>
     <span class='ocr_line' id='line_1_72' title="bbox 1201 1100 2180 1145; baseline 0 -12"><span class='ocrx_word' id='word_1_481' title='bbox 1201 1101 1358 1145; x_wconf 89' lang='lat' dir='ltr'>publicas</span> <span class='ocrx_word' id='word_1_482' title='bbox 1386 1107 1418 1133; x_wconf 94' lang='lat' dir='ltr'>et</span> <span class='ocrx_word' id='word_1_483' title='bbox 1445 1100 1597 1143; x_wconf 83' lang='lat' dir='ltr'>privatas</span> <span class='ocrx_word' id='word_1_484' title='bbox 1624 1107 1768 1144; x_wconf 90' lang='lat' dir='ltr'>propter</span> <span class='ocrx_word' id='word_1_485' title='bbox 1792 1102 1903 1134; x_wconf 87' lang='lat' dir='ltr'>filium</span> <span class='ocrx_word' id='word_1_486' title='bbox 1933 1109 2032 1134; x_wconf 85' lang='lat' dir='ltr'>tuum</span> <span class='ocrx_word' id='word_1_487' title='bbox 2056 1101 2180 1134; x_wconf 87' lang='lat' dir='ltr'>Domi-</span> 
     </span>
     <span class='ocr_line' id='line_1_73' title="bbox 1202 1147 2182 1196; baseline -0.002 -12"><span class='ocrx_word' id='word_1_488' title='bbox 1202 1164 1285 1184; x_wconf 84' lang='lat' dir='ltr'>num</span> <span class='ocrx_word' id='word_1_489' title='bbox 1303 1158 1462 1184; x_wconf 87' lang='lat' dir='ltr'>nostrum</span> <span class='ocrx_word' id='word_1_490' title='bbox 1474 1148 1596 1183; x_wconf 77' lang='lat' dir='ltr'>Iesum</span> <span class='ocrx_word' id='word_1_491' title='bbox 1607 1147 1798 1184; x_wconf 78' lang='lat' dir='ltr'>Christum</span> <span class='ocrx_word' id='word_1_492' title='bbox 1817 1148 2072 1196; x_wconf 68' lang='grc' dir='ltr'>πρεσβεύοντα</span> <span class='ocrx_word' id='word_1_493' title='bbox 2092 1149 2182 1196; x_wconf 63' lang='grc' dir='ltr'>ὑπὲρ</span> 
     </span>
     <span class='ocr_line' id='line_1_74' title="bbox 1200 1200 2179 1247; baseline -0.001 -12"><span class='ocrx_word' id='word_1_494' title='bbox 1200 1200 1325 1247; x_wconf 78' lang='grc' dir='ltr'>ἡμῶν,</span> <span class='ocrx_word' id='word_1_495' title='bbox 1370 1208 1402 1234; x_wconf 90' lang='lat' dir='ltr'>et</span> <span class='ocrx_word' id='word_1_496' title='bbox 1424 1208 1567 1245; x_wconf 89' lang='lat' dir='ltr'>propter</span> <span class='ocrx_word' id='word_1_497' title='bbox 1595 1208 1689 1234; x_wconf 87' lang='lat' dir='ltr'>tuam</span> <span class='ocrx_word' id='word_1_498' title='bbox 1713 1203 1879 1245; x_wconf 85' lang='lat' dir='ltr'>gloriam,</span> <span class='ocrx_word' id='word_1_499' title='bbox 1919 1209 1959 1235; x_wconf 89' lang='lat' dir='ltr'>ut</span> <span class='ocrx_word' id='word_1_500' title='bbox 1987 1209 2019 1235; x_wconf 90' lang='lat' dir='ltr'>te</span> <span class='ocrx_word' id='word_1_501' title='bbox 2047 1202 2083 1234; x_wconf 91' lang='lat' dir='ltr'>in</span> <span class='ocrx_word' id='word_1_502' title='bbox 2108 1209 2179 1235; x_wconf 85' lang='lat' dir='ltr'>tota</span> 
     </span>
     <span class='ocr_line' id='line_1_75' title="bbox 1201 1252 2182 1296; baseline -0.002 -10"><span class='ocrx_word' id='word_1_503' title='bbox 1201 1253 1405 1287; x_wconf 87' lang='lat' dir='ltr'>aeternitate</span> <span class='ocrx_word' id='word_1_504' title='bbox 1433 1252 1666 1289; x_wconf 88' lang='lat' dir='ltr'>celebremus,</span> <span class='ocrx_word' id='word_1_505' title='bbox 1709 1260 1741 1286; x_wconf 93' lang='lat' dir='ltr'>et</span> <span class='ocrx_word' id='word_1_506' title='bbox 1774 1253 1838 1286; x_wconf 87' lang='lat' dir='ltr'>tibi</span> <span class='ocrx_word' id='word_1_507' title='bbox 1871 1252 1998 1295; x_wconf 79' lang='lat' dir='ltr'>gratias</span> <span class='ocrx_word' id='word_1_508' title='bbox 2027 1263 2182 1296; x_wconf 76' lang='lat' dir='ltr'>agamus,</span> 
     </span>
     <span class='ocr_line' id='line_1_76' title="bbox 1202 1300 2181 1347; baseline -0.002 -11"><span class='ocrx_word' id='word_1_509' title='bbox 1202 1304 1329 1339; x_wconf 85' lang='lat' dir='ltr'>Amen.</span> <span class='ocrx_word' id='word_1_510' title='bbox 1389 1302 1503 1336; x_wconf 81' lang='lat' dir='ltr'>Credo</span> <span class='ocrx_word' id='word_1_511' title='bbox 1525 1300 1704 1342; x_wconf 80' lang='lat' dir='ltr'>Domine,</span> <span class='ocrx_word' id='word_1_512' title='bbox 1744 1315 1846 1347; x_wconf 91' lang='lat' dir='ltr'>opem</span> <span class='ocrx_word' id='word_1_513' title='bbox 1871 1304 1924 1336; x_wconf 88' lang='lat' dir='ltr'>ser</span> <span class='ocrx_word' id='word_1_514' title='bbox 1948 1303 2181 1336; x_wconf 87' lang='lat' dir='ltr'>imbecillitati</span> 
     </span>
     <span class='ocr_line' id='line_1_77' title="bbox 1201 1348 2181 1388; baseline -0.002 -1"><span class='ocrx_word' id='word_1_515' title='bbox 1201 1367 1307 1388; x_wconf 90' lang='lat' dir='ltr'>meae.</span> <span class='ocrx_word' id='word_1_516' title='bbox 1361 1353 1459 1388; x_wconf 89' lang='lat' dir='ltr'>Sicut</span> <span class='ocrx_word' id='word_1_517' title='bbox 1481 1353 1570 1387; x_wconf 85' lang='lat' dir='ltr'>dixit</span> <span class='ocrx_word' id='word_1_518' title='bbox 1593 1352 1768 1387; x_wconf 89' lang='lat' dir='ltr'>Dominus</span> <span class='ocrx_word' id='word_1_519' title='bbox 1794 1361 1913 1387; x_wconf 91' lang='lat' dir='ltr'>noster</span> <span class='ocrx_word' id='word_1_520' title='bbox 1939 1351 2044 1386; x_wconf 80' lang='lat' dir='ltr'>Iesus</span> <span class='ocrx_word' id='word_1_521' title='bbox 2069 1348 2181 1386; x_wconf 79' lang='lat' dir='ltr'>Chri-</span> 
     </span>
     <span class='ocr_line' id='line_1_78' title="bbox 1200 1404 1666 1448; baseline -0.004 -10"><span class='ocrx_word' id='word_1_522' title='bbox 1200 1410 1273 1438; x_wconf 77' lang='lat' dir='ltr'>tus:</span> <span class='ocrx_word' id='word_1_523' title='bbox 1302 1404 1414 1438; x_wconf 90' lang='lat' dir='ltr'>Petite</span> <span class='ocrx_word' id='word_1_524' title='bbox 1432 1411 1462 1438; x_wconf 89' lang='lat' dir='ltr'>et</span> <span class='ocrx_word' id='word_1_525' title='bbox 1480 1404 1666 1448; x_wconf 87' lang='lat' dir='ltr'>accipietis.</span> 
     </span>
    </p>
   </div>
   <div class='ocr_carea' id='block_1_13' title="bbox 1200 1469 2182 1556">
    <p class='ocr_par' dir='ltr' id='par_1_19' title="bbox 1200 1469 2182 1556">
     <span class='ocr_line' id='line_1_79' title="bbox 1302 1469 2182 1516; baseline -0.001 -12"><span class='ocrx_word' id='word_1_526' title='bbox 1302 1471 1397 1504; x_wconf 87' lang='lat' dir='ltr'>Haec</span> <span class='ocrx_word' id='word_1_527' title='bbox 1414 1471 1545 1504; x_wconf 89' lang='lat' dir='ltr'>inserui</span> <span class='ocrx_word' id='word_1_528' title='bbox 1561 1469 1746 1511; x_wconf 82' lang='lat' dir='ltr'>historiae,</span> <span class='ocrx_word' id='word_1_529' title='bbox 1772 1472 1853 1516; x_wconf 87' lang='lat' dir='ltr'>quia</span> <span class='ocrx_word' id='word_1_530' title='bbox 1869 1471 1974 1504; x_wconf 90' lang='lat' dir='ltr'>series</span> <span class='ocrx_word' id='word_1_531' title='bbox 1992 1482 2106 1504; x_wconf 90' lang='lat' dir='ltr'>rerum</span> <span class='ocrx_word' id='word_1_532' title='bbox 2125 1482 2182 1514; x_wconf 77' lang='lat' dir='ltr'>ge-</span> 
     </span>
     <span class='ocr_line' id='line_1_80' title="bbox 1200 1522 2079 1556; baseline 0 0"><span class='ocrx_word' id='word_1_533' title='bbox 1200 1530 1331 1556; x_wconf 88' lang='lat' dir='ltr'>starum</span> <span class='ocrx_word' id='word_1_534' title='bbox 1348 1522 1452 1555; x_wconf 89' lang='lat' dir='ltr'>simul</span> <span class='ocrx_word' id='word_1_535' title='bbox 1468 1522 1757 1555; x_wconf 84' lang='lat' dir='ltr'>commonefactio</span> <span class='ocrx_word' id='word_1_536' title='bbox 1773 1529 1823 1555; x_wconf 88' lang='lat' dir='ltr'>est</span> <span class='ocrx_word' id='word_1_537' title='bbox 1838 1523 1880 1555; x_wconf 91' lang='lat' dir='ltr'>de</span> <span class='ocrx_word' id='word_1_538' title='bbox 1899 1522 2079 1556; x_wconf 86' lang='lat' dir='ltr'>doctrinis.</span> 
     </span>
    </p>
   </div>
   <div class='ocr_carea' id='block_1_14' title="bbox 1201 1585 2181 1681">
    <p class='ocr_par' dir='ltr' id='par_1_20' title="bbox 1201 1585 2181 1681">
     <span class='ocr_line' id='line_1_81' title="bbox 1301 1585 2180 1621; baseline -0.001 0"><span class='ocrx_word' id='word_1_539' title='bbox 1301 1588 1412 1621; x_wconf 87' lang='lat' dir='ltr'>Porro</span> <span class='ocrx_word' id='word_1_540' title='bbox 1440 1589 1476 1620; x_wconf 89' lang='lat' dir='ltr'>in</span> <span class='ocrx_word' id='word_1_541' title='bbox 1501 1585 1649 1621; x_wconf 77' lang='lat' dir='ltr'>historia</span> <span class='ocrx_word' id='word_1_542' title='bbox 1674 1586 1828 1619; x_wconf 83' lang='lat' dir='ltr'>Heraclii</span> <span class='ocrx_word' id='word_1_543' title='bbox 1855 1587 2106 1619; x_wconf 85' lang='lat' dir='ltr'>consideranda</span> <span class='ocrx_word' id='word_1_544' title='bbox 2133 1595 2180 1620; x_wconf 85' lang='lat' dir='ltr'>est</span> 
     </span>
     <span class='ocr_line' id='line_1_82' title="bbox 1201 1636 2181 1681; baseline -0.003 -9"><span class='ocrx_word' id='word_1_545' title='bbox 1201 1647 1233 1673; x_wconf 90' lang='lat' dir='ltr'>et</span> <span class='ocrx_word' id='word_1_546' title='bbox 1253 1639 1375 1672; x_wconf 89' lang='lat' dir='ltr'>incesti</span> <span class='ocrx_word' id='word_1_547' title='bbox 1394 1639 1548 1680; x_wconf 86' lang='lat' dir='ltr'>coniugii</span> <span class='ocrx_word' id='word_1_548' title='bbox 1565 1649 1687 1681; x_wconf 87' lang='lat' dir='ltr'>poena.</span> <span class='ocrx_word' id='word_1_549' title='bbox 1741 1637 1843 1670; x_wconf 85' lang='lat' dir='ltr'>Prior</span> <span class='ocrx_word' id='word_1_550' title='bbox 1863 1638 2015 1670; x_wconf 86' lang='lat' dir='ltr'>coniunx</span> <span class='ocrx_word' id='word_1_551' title='bbox 2026 1636 2181 1669; x_wconf 84' lang='lat' dir='ltr'>Heraclii</span> 
     </span>
    </p>
   </div>
   <div class='ocr_carea' id='block_1_15' title="bbox 1200 1686 2182 1780">
    <p class='ocr_par' dir='ltr' id='par_1_21' title="bbox 1200 1686 2182 1780">
     <span class='ocr_line' id='line_1_83' title="bbox 1200 1686 2182 1731; baseline -0.004 -8"><span class='ocrx_word' id='word_1_552' title='bbox 1200 1691 1266 1723; x_wconf 91' lang='lat' dir='ltr'>fuit</span> <span class='ocrx_word' id='word_1_553' title='bbox 1283 1686 1410 1722; x_wconf 79' lang='lat' dir='ltr'>Fabia</span> <span class='ocrx_word' id='word_1_554' title='bbox 1429 1687 1588 1721; x_wconf 85' lang='lat' dir='ltr'>Eudoxia</span> <span class='ocrx_word' id='word_1_555' title='bbox 1602 1715 1610 1727; x_wconf 92' lang='lat'>,</span> <span class='ocrx_word' id='word_1_556' title='bbox 1639 1701 1679 1720; x_wconf 77' lang='lat' dir='ltr'>ex</span> <span class='ocrx_word' id='word_1_557' title='bbox 1705 1700 1771 1731; x_wconf 87' lang='lat' dir='ltr'>qua</span> <span class='ocrx_word' id='word_1_558' title='bbox 1798 1694 1900 1719; x_wconf 81' lang='lat' dir='ltr'>natus</span> <span class='ocrx_word' id='word_1_559' title='bbox 1919 1695 1967 1720; x_wconf 78' lang='lat' dir='ltr'>est</span> <span class='ocrx_word' id='word_1_560' title='bbox 1987 1687 2095 1724; x_wconf 80' lang='lat' dir='ltr'>filius,</span> <span class='ocrx_word' id='word_1_561' title='bbox 2121 1688 2182 1731; x_wconf 87' lang='lat' dir='ltr'>qui</span> 
     </span>
     <span class='ocr_line' id='line_1_84' title="bbox 1200 1734 2182 1780; baseline 0.003 -13"><span class='ocrx_word' id='word_1_562' title='bbox 1200 1736 1402 1767; x_wconf 86' lang='lat' dir='ltr'>nominatus</span> <span class='ocrx_word' id='word_1_563' title='bbox 1419 1740 1468 1766; x_wconf 89' lang='lat' dir='ltr'>est</span> <span class='ocrx_word' id='word_1_564' title='bbox 1486 1734 1754 1768; x_wconf 61' lang='lat' dir='ltr'>Constantinus</span> <span class='ocrx_word' id='word_1_565' title='bbox 1778 1737 1912 1776; x_wconf 81' lang='lat' dir='ltr'>iunior,</span> <span class='ocrx_word' id='word_1_566' title='bbox 1939 1738 2036 1770; x_wconf 91' lang='lat' dir='ltr'>cuius</span> <span class='ocrx_word' id='word_1_567' title='bbox 2054 1739 2182 1780; x_wconf 85' lang='lat' dir='ltr'>posteri</span> 
     </span>
    </p>
   </div>
   <div class='ocr_carea' id='block_1_16' title="bbox 1174 1783 2180 1830">
    <p class='ocr_par' dir='ltr' id='par_1_22' title="bbox 1174 1783 2180 1830">
     <span class='ocr_line' id='line_1_85' title="bbox 1174 1783 2180 1830; baseline -0.002 -12"><span class='ocrx_word' id='word_1_568' title='bbox 1174 1806 1175 1815; x_wconf 35' lang='grc' dir='ltr'>η</span> <span class='ocrx_word' id='word_1_569' title='bbox 1200 1786 1335 1830; x_wconf 85' lang='lat' dir='ltr'>aliquot</span> <span class='ocrx_word' id='word_1_570' title='bbox 1354 1784 1576 1817; x_wconf 89' lang='lat' dir='ltr'>retinuerunt</span> <span class='ocrx_word' id='word_1_571' title='bbox 1594 1783 1791 1827; x_wconf 74' lang='lat' dir='ltr'>imperium„</span> <span class='ocrx_word' id='word_1_572' title='bbox 1813 1795 2012 1828; x_wconf 72' lang='lat' dir='ltr'>quanquam</span> <span class='ocrx_word' id='word_1_573' title='bbox 2030 1800 2180 1820; x_wconf 69' lang='lat' dir='ltr'>noverca</span> 
     </span>
    </p>
   </div>
   <div class='ocr_carea' id='block_1_17' title="bbox 272 1833 2181 1902">
    <p class='ocr_par' dir='ltr' id='par_1_23' title="bbox 272 1833 2181 1902">
     <span class='ocr_line' id='line_1_86' title="bbox 272 1833 2181 1902; baseline -0.016 -2"><span class='ocrx_word' id='word_1_574' title='bbox 272 1868 399 1902; x_wconf 76' lang='lat' dir='ltr'>Form·=</span> <span class='ocrx_word' id='word_1_575' title='bbox 425 1864 527 1897; x_wconf 86' lang='lat' dir='ltr'>etiam</span> <span class='ocrx_word' id='word_1_576' title='bbox 553 1859 786 1893; x_wconf 76' lang='lat' dir='ltr'>invocationis</span> <span class='ocrx_word' id='word_1_577' title='bbox 813 1863 952 1889; x_wconf 87' lang='lat' dir='ltr'>nostrae</span> <span class='ocrx_word' id='word_1_578' title='bbox 977 1855 1150 1887; x_wconf 86' lang='lat' dir='ltr'>discernat</span> <span class='ocrx_word' id='word_1_579' title='bbox 1173 1855 1175 1884; x_wconf 58' lang='grc' dir='ltr'>’π</span> <span class='ocrx_word' id='word_1_580' title='bbox 1201 1837 1314 1880; x_wconf 65' lang='lat' dir='ltr'>ipsum</span> <span class='ocrx_word' id='word_1_581' title='bbox 1334 1846 1470 1867; x_wconf 51' lang='lat' dir='ltr'>‘&#39;enen“</span> <span class='ocrx_word' id='word_1_582' title='bbox 1490 1834 1637 1873; x_wconf 57' lang='lat' dir='ltr'>necavit,</span> <span class='ocrx_word' id='word_1_583' title='bbox 1665 1840 1705 1866; x_wconf 64' lang='lat' dir='ltr'>ut</span> <span class='ocrx_word' id='word_1_584' title='bbox 1724 1833 1910 1876; x_wconf 60' lang='lat' dir='ltr'>iff&#39;l‘esiffln</span> <span class='ocrx_word' id='word_1_585' title='bbox 1930 1835 1972 1866; x_wconf 67' lang='lat' dir='ltr'>ad</span> <span class='ocrx_word' id='word_1_586' title='bbox 1990 1835 2100 1867; x_wconf 65' lang='lat' dir='ltr'>filium</span> <span class='ocrx_word' id='word_1_587' title='bbox 2120 1848 2181 1869; x_wconf 85' lang='lat' dir='ltr'>na-</span> 
     </span>
    </p>
   </div>
   <div class='ocr_carea' id='block_1_18' title="bbox 1201 1883 2181 2434">
    <p class='ocr_par' dir='ltr' id='par_1_24' title="bbox 1201 1883 2181 2434">
     <span class='ocr_line' id='line_1_87' title="bbox 1201 1883 2181 1928; baseline -0.001 -9"><span class='ocrx_word' id='word_1_588' title='bbox 1201 1895 1274 1920; x_wconf 90' lang='lat' dir='ltr'>tum</span> <span class='ocrx_word' id='word_1_589' title='bbox 1303 1886 1338 1918; x_wconf 89' lang='lat' dir='ltr'>in</span> <span class='ocrx_word' id='word_1_590' title='bbox 1362 1885 1523 1928; x_wconf 84' lang='lat' dir='ltr'>coniugio</span> <span class='ocrx_word' id='word_1_591' title='bbox 1549 1884 1681 1917; x_wconf 87' lang='lat' dir='ltr'>incesto</span> <span class='ocrx_word' id='word_1_592' title='bbox 1699 1885 1911 1917; x_wconf 88' lang='lat' dir='ltr'>transferret.</span> <span class='ocrx_word' id='word_1_593' title='bbox 1965 1883 2054 1917; x_wconf 71' lang='lat' dir='ltr'>&#39;Nam</span> <span class='ocrx_word' id='word_1_594' title='bbox 2071 1884 2181 1919; x_wconf 87' lang='lat' dir='ltr'>Hera-</span> 
     </span>
     <span class='ocr_line' id='line_1_88' title="bbox 1201 1932 2181 1980; baseline -0.001 -11"><span class='ocrx_word' id='word_1_595' title='bbox 1201 1938 1288 1970; x_wconf 88' lang='lat' dir='ltr'>clius</span> <span class='ocrx_word' id='word_1_596' title='bbox 1307 1942 1545 1980; x_wconf 86' lang='lat' dir='ltr'>postmortem</span> <span class='ocrx_word' id='word_1_597' title='bbox 1556 1934 1684 1967; x_wconf 83' lang='lat' dir='ltr'>Fabiae</span> <span class='ocrx_word' id='word_1_598' title='bbox 1702 1935 1800 1968; x_wconf 82' lang='lat' dir='ltr'>duxit</span> <span class='ocrx_word' id='word_1_599' title='bbox 1815 1935 1931 1967; x_wconf 87' lang='lat' dir='ltr'>fratris</span> <span class='ocrx_word' id='word_1_600' title='bbox 1945 1934 2053 1968; x_wconf 87' lang='lat' dir='ltr'>filiam</span> <span class='ocrx_word' id='word_1_601' title='bbox 2065 1932 2181 1968; x_wconf 68' lang='lat' dir='ltr'>Ilffar-</span> 
     </span>
     <span class='ocr_line' id='line_1_89' title="bbox 1201 1983 2181 2030; baseline 0.001 -10"><span class='ocrx_word' id='word_1_602' title='bbox 1201 1988 1337 2025; x_wconf 83' lang='lat' dir='ltr'>tinam,</span> <span class='ocrx_word' id='word_1_603' title='bbox 1366 1998 1405 2018; x_wconf 84' lang='lat' dir='ltr'>ex</span> <span class='ocrx_word' id='word_1_604' title='bbox 1430 1998 1498 2030; x_wconf 88' lang='lat' dir='ltr'>qua</span> <span class='ocrx_word' id='word_1_605' title='bbox 1524 1992 1625 2018; x_wconf 85' lang='lat' dir='ltr'>natus</span> <span class='ocrx_word' id='word_1_606' title='bbox 1650 1993 1699 2019; x_wconf 83' lang='lat' dir='ltr'>est</span> <span class='ocrx_word' id='word_1_607' title='bbox 1715 1983 1970 2019; x_wconf 67' lang='lat' dir='ltr'>Heraclianus.</span> <span class='ocrx_word' id='word_1_608' title='bbox 2024 1985 2128 2019; x_wconf 89' lang='lat' dir='ltr'>Hunc</span> <span class='ocrx_word' id='word_1_609' title='bbox 2144 1994 2181 2021; x_wconf 73' lang='lat' dir='ltr'>u!</span> 
     </span>
     <span class='ocr_line' id='line_1_90' title="bbox 1202 2034 2181 2080; baseline -0.001 -9"><span class='ocrx_word' id='word_1_610' title='bbox 1202 2040 1329 2071; x_wconf 81' lang='lat' dir='ltr'>faceret</span> <span class='ocrx_word' id='word_1_611' title='bbox 1348 2037 1593 2080; x_wconf 85' lang='lat' dir='ltr'>imperatorem</span> <span class='ocrx_word' id='word_1_612' title='bbox 1608 2042 1730 2074; x_wconf 88' lang='lat' dir='ltr'>mater,</span> <span class='ocrx_word' id='word_1_613' title='bbox 1744 2048 1879 2068; x_wconf 84' lang='lat' dir='ltr'>veneno</span> <span class='ocrx_word' id='word_1_614' title='bbox 1900 2036 1990 2069; x_wconf 90' lang='lat' dir='ltr'>tollit</span> <span class='ocrx_word' id='word_1_615' title='bbox 2006 2034 2181 2070; x_wconf 86' lang='lat' dir='ltr'>Constan-</span> 
     </span>
     <span class='ocr_line' id='line_1_91' title="bbox 1202 2085 2180 2130; baseline -0.002 -8"><span class='ocrx_word' id='word_1_616' title='bbox 1202 2090 1316 2123; x_wconf 86' lang='lat' dir='ltr'>tinum</span> <span class='ocrx_word' id='word_1_617' title='bbox 1329 2115 1338 2128; x_wconf 93' lang='lat'>,</span> <span class='ocrx_word' id='word_1_618' title='bbox 1365 2093 1459 2121; x_wconf 84' lang='lat' dir='ltr'>sexto</span> <span class='ocrx_word' id='word_1_619' title='bbox 1477 2098 1593 2119; x_wconf 88' lang='lat' dir='ltr'>mense</span> <span class='ocrx_word' id='word_1_620' title='bbox 1611 2093 1792 2130; x_wconf 84' lang='lat' dir='ltr'>postquam</span> <span class='ocrx_word' id='word_1_621' title='bbox 1813 2086 1902 2130; x_wconf 87' lang='lat' dir='ltr'>patri</span> <span class='ocrx_word' id='word_1_622' title='bbox 1923 2085 2087 2119; x_wconf 85' lang='lat' dir='ltr'>Heraclio</span> <span class='ocrx_word' id='word_1_623' title='bbox 2103 2099 2180 2121; x_wconf 92' lang='lat' dir='ltr'>suc-</span> 
     </span>
     <span class='ocr_line' id='line_1_92' title="bbox 1204 2133 2179 2181; baseline -0.001 -9"><span class='ocrx_word' id='word_1_624' title='bbox 1204 2145 1360 2173; x_wconf 86' lang='lat' dir='ltr'>cesserat.</span> <span class='ocrx_word' id='word_1_625' title='bbox 1413 2137 1561 2171; x_wconf 74' lang='lat' dir='ltr'>Adiuvit</span> <span class='ocrx_word' id='word_1_626' title='bbox 1577 2134 1659 2169; x_wconf 88' lang='lat' dir='ltr'>haec</span> <span class='ocrx_word' id='word_1_627' title='bbox 1677 2137 1822 2169; x_wconf 80' lang='lat' dir='ltr'>consilia</span> <span class='ocrx_word' id='word_1_628' title='bbox 1839 2133 2010 2181; x_wconf 76' lang='lat' dir='ltr'>Pyrrhus</span> <span class='ocrx_word' id='word_1_629' title='bbox 2028 2136 2179 2171; x_wconf 86' lang='lat' dir='ltr'>Patriar-</span> 
     </span>
     <span class='ocr_line' id='line_1_93' title="bbox 1201 2186 2178 2234; baseline -0.002 -11"><span class='ocrx_word' id='word_1_630' title='bbox 1201 2188 1285 2230; x_wconf 81' lang='lat' dir='ltr'>cha,</span> <span class='ocrx_word' id='word_1_631' title='bbox 1319 2189 1379 2234; x_wconf 89' lang='lat' dir='ltr'>qui</span> <span class='ocrx_word' id='word_1_632' title='bbox 1401 2189 1523 2221; x_wconf 87' lang='lat' dir='ltr'>oderat</span> <span class='ocrx_word' id='word_1_633' title='bbox 1548 2186 1821 2221; x_wconf 87' lang='lat' dir='ltr'>Constantinum</span> <span class='ocrx_word' id='word_1_634' title='bbox 1846 2194 1937 2220; x_wconf 88' lang='lat' dir='ltr'>recte</span> <span class='ocrx_word' id='word_1_635' title='bbox 1962 2188 2178 2222; x_wconf 83' lang='lat' dir='ltr'>sentientem.</span> 
     </span>
     <span class='ocr_line' id='line_1_94' title="bbox 1201 2237 2179 2281; baseline -0.003 -7"><span class='ocrx_word' id='word_1_636' title='bbox 1201 2241 1410 2274; x_wconf 86' lang='lat' dir='ltr'>Tenuerunt</span> <span class='ocrx_word' id='word_1_637' title='bbox 1434 2238 1619 2281; x_wconf 85' lang='lat' dir='ltr'>imperium</span> <span class='ocrx_word' id='word_1_638' title='bbox 1641 2237 1797 2271; x_wconf 86' lang='lat' dir='ltr'>Martina</span> <span class='ocrx_word' id='word_1_639' title='bbox 1821 2244 1852 2271; x_wconf 87' lang='lat' dir='ltr'>et</span> <span class='ocrx_word' id='word_1_640' title='bbox 1882 2238 1973 2271; x_wconf 81' lang='lat' dir='ltr'>filius</span> <span class='ocrx_word' id='word_1_641' title='bbox 1998 2237 2179 2271; x_wconf 85' lang='lat' dir='ltr'>Heraclio-</span> 
     </span>
     <span class='ocr_line' id='line_1_95' title="bbox 1202 2288 2179 2332; baseline -0.002 -8"><span class='ocrx_word' id='word_1_642' title='bbox 1202 2303 1263 2324; x_wconf 88' lang='lat' dir='ltr'>nas</span> <span class='ocrx_word' id='word_1_643' title='bbox 1290 2303 1362 2323; x_wconf 87' lang='lat' dir='ltr'>non</span> <span class='ocrx_word' id='word_1_644' title='bbox 1387 2297 1459 2322; x_wconf 88' lang='lat' dir='ltr'>toto</span> <span class='ocrx_word' id='word_1_645' title='bbox 1487 2289 1642 2323; x_wconf 88' lang='lat' dir='ltr'>biennio.</span> <span class='ocrx_word' id='word_1_646' title='bbox 1696 2288 1784 2322; x_wconf 78' lang='lat' dir='ltr'>Nam</span> <span class='ocrx_word' id='word_1_647' title='bbox 1811 2288 1959 2323; x_wconf 87' lang='lat' dir='ltr'>Senatus</span> <span class='ocrx_word' id='word_1_648' title='bbox 1987 2299 2044 2319; x_wconf 84' lang='lat' dir='ltr'>eos</span> <span class='ocrx_word' id='word_1_649' title='bbox 2077 2289 2179 2332; x_wconf 87' lang='lat' dir='ltr'>cepit,</span> 
     </span>
     <span class='ocr_line' id='line_1_96' title="bbox 1201 2338 2179 2384; baseline -0.003 -9"><span class='ocrx_word' id='word_1_650' title='bbox 1201 2350 1233 2375; x_wconf 93' lang='lat' dir='ltr'>et</span> <span class='ocrx_word' id='word_1_651' title='bbox 1250 2341 1353 2375; x_wconf 87' lang='lat' dir='ltr'>matri</span> <span class='ocrx_word' id='word_1_652' title='bbox 1370 2341 1525 2384; x_wconf 86' lang='lat' dir='ltr'>linguam</span> <span class='ocrx_word' id='word_1_653' title='bbox 1550 2339 1737 2383; x_wconf 88' lang='lat' dir='ltr'>praecidit,</span> <span class='ocrx_word' id='word_1_654' title='bbox 1762 2351 1806 2372; x_wconf 89' lang='lat' dir='ltr'>ne</span> <span class='ocrx_word' id='word_1_655' title='bbox 1828 2338 1984 2371; x_wconf 85' lang='lat' dir='ltr'>oratione</span> <span class='ocrx_word' id='word_1_656' title='bbox 2008 2339 2179 2382; x_wconf 86' lang='lat' dir='ltr'>populum</span> 
     </span>
     <span class='ocr_line' id='line_1_97' title="bbox 1201 2390 2179 2434; baseline -0.004 -8"><span class='ocrx_word' id='word_1_657' title='bbox 1201 2393 1398 2426; x_wconf 79' lang='lat' dir='ltr'>concitaret,</span> <span class='ocrx_word' id='word_1_658' title='bbox 1452 2390 1544 2423; x_wconf 87' lang='lat' dir='ltr'>Filio</span> <span class='ocrx_word' id='word_1_659' title='bbox 1570 2401 1670 2423; x_wconf 92' lang='lat' dir='ltr'>nares</span> <span class='ocrx_word' id='word_1_660' title='bbox 1697 2390 1867 2434; x_wconf 85' lang='lat' dir='ltr'>praecisae</span> <span class='ocrx_word' id='word_1_661' title='bbox 1887 2395 1985 2428; x_wconf 91' lang='lat' dir='ltr'>sunt,</span> <span class='ocrx_word' id='word_1_662' title='bbox 2026 2396 2058 2422; x_wconf 90' lang='lat' dir='ltr'>et</span> <span class='ocrx_word' id='word_1_663' title='bbox 2083 2390 2179 2422; x_wconf 86' lang='lat' dir='ltr'>missi</span> 
     </span>
    </p>
   </div>
   <div class='ocr_carea' id='block_1_19' title="bbox 173 2440 2177 2519">
    <p class='ocr_par' dir='ltr' id='par_1_25' title="bbox 173 2440 2177 2519">
     <span class='ocr_line' id='line_1_98' title="bbox 173 2440 2177 2519; baseline -0.008 -32"><span class='ocrx_word' id='word_1_664' title='bbox 173 2475 340 2519; x_wconf 42' lang='lat' dir='ltr'>guinione</span> <span class='ocrx_word' id='word_1_665' title='bbox 365 2477 396 2503; x_wconf 54' lang='lat' dir='ltr'>et</span> <span class='ocrx_word' id='word_1_666' title='bbox 422 2469 545 2511; x_wconf 48' lang='lat' dir='ltr'>gratias</span> <span class='ocrx_word' id='word_1_667' title='bbox 571 2478 711 2509; x_wconf 52' lang='lat' dir='ltr'>agamus</span> <span class='ocrx_word' id='word_1_668' title='bbox 729 2467 825 2503; x_wconf 60' lang='lat' dir='ltr'>Deo,</span> <span class='ocrx_word' id='word_1_669' title='bbox 853 2464 945 2507; x_wconf 68' lang='lat' dir='ltr'>quod</span> <span class='ocrx_word' id='word_1_670' title='bbox 967 2473 1030 2495; x_wconf 70' lang='lat' dir='ltr'>nos</span> <span class='ocrx_word' id='word_1_671' title='bbox 1048 2472 1148 2493; x_wconf 60' lang='lat' dir='ltr'><strong>verae</strong></span> <span class='ocrx_word' id='word_1_672' title='bbox 1173 2466 1175 2502; x_wconf 52' lang='grc' dir='ltr'><strong>ἒ</strong></span> <span class='ocrx_word' id='word_1_673' title='bbox 1200 2444 1237 2475; x_wconf 93' lang='lat' dir='ltr'>in</span> <span class='ocrx_word' id='word_1_674' title='bbox 1261 2443 1403 2475; x_wconf 80' lang='lat' dir='ltr'>exilium</span> <span class='ocrx_word' id='word_1_675' title='bbox 1430 2453 1465 2473; x_wconf 85' lang='lat' dir='ltr'>in</span> <span class='ocrx_word' id='word_1_676' title='bbox 1482 2440 1738 2484; x_wconf 81' lang='lat' dir='ltr'>Cappadociam</span> <span class='ocrx_word' id='word_1_677' title='bbox 1764 2441 1811 2472; x_wconf 82' lang='lat' dir='ltr'>iln</span> <span class='ocrx_word' id='word_1_678' title='bbox 1835 2450 1869 2471; x_wconf 86' lang='lat' dir='ltr'>in</span> <span class='ocrx_word' id='word_1_679' title='bbox 1896 2450 2029 2474; x_wconf 86' lang='lat' dir='ltr'>carcere</span> <span class='ocrx_word' id='word_1_680' title='bbox 2048 2441 2177 2473; x_wconf 81' lang='lat' dir='ltr'>mortui</span> 
     </span>
    </p>
   </div>
   <div class='ocr_carea' id='block_1_20' title="bbox 1200 2489 2176 2537">
    <p class='ocr_par' dir='ltr' id='par_1_26' title="bbox 1200 2489 2176 2537">
     <span class='ocr_line' id='line_1_99' title="bbox 1200 2489 2176 2537; baseline -0.003 -11"><span class='ocrx_word' id='word_1_681' title='bbox 1200 2501 1292 2526; x_wconf 88' lang='lat' dir='ltr'>suut.</span> <span class='ocrx_word' id='word_1_682' title='bbox 1347 2489 1714 2537; x_wconf 83' lang='lat' dir='ltr'>PyrrhusPatriarcha</span> <span class='ocrx_word' id='word_1_683' title='bbox 1733 2502 1770 2522; x_wconf 86' lang='lat' dir='ltr'>ex</span> <span class='ocrx_word' id='word_1_684' title='bbox 1786 2490 1865 2533; x_wconf 85' lang='lat' dir='ltr'>suga</span> <span class='ocrx_word' id='word_1_685' title='bbox 1886 2496 2053 2522; x_wconf 88' lang='lat' dir='ltr'>retractus</span> <span class='ocrx_word' id='word_1_686' title='bbox 2069 2489 2176 2523; x_wconf 86' lang='lat' dir='ltr'>inter-</span> 
     </span>
    </p>
   </div>
   <div class='ocr_carea' id='block_1_21' title="bbox 1173 2545 1386 2578">
    <p class='ocr_par' dir='ltr' id='par_1_27' title="bbox 1173 2545 1386 2578">
     <span class='ocr_line' id='line_1_100' title="bbox 1173 2545 1386 2578; baseline -0.005 -2"><span class='ocrx_word' id='word_1_687' title='bbox 1173 2554 1175 2576; x_wconf 74' lang='lat'>:</span> <span class='ocrx_word' id='word_1_688' title='bbox 1200 2545 1309 2578; x_wconf 86' lang='lat' dir='ltr'>fectus</span> <span class='ocrx_word' id='word_1_689' title='bbox 1326 2550 1386 2577; x_wconf 88' lang='lat' dir='ltr'>est.</span> 
     </span>
    </p>
   </div>
   <div class='ocr_carea' id='block_1_22' title="bbox 1304 2605 2178 2652">
    <p class='ocr_par' dir='ltr' id='par_1_28' title="bbox 1304 2605 2178 2652">
     <span class='ocr_line' id='line_1_101' title="bbox 1304 2605 2178 2652; baseline -0.003 -10"><span class='ocrx_word' id='word_1_690' title='bbox 1304 2609 1379 2642; x_wconf 89' lang='lat' dir='ltr'>Hae</span> <span class='ocrx_word' id='word_1_691' title='bbox 1405 2620 1537 2652; x_wconf 87' lang='lat' dir='ltr'>poenae</span> <span class='ocrx_word' id='word_1_692' title='bbox 1564 2612 1728 2650; x_wconf 79' lang='lat' dir='ltr'>sequutae</span> <span class='ocrx_word' id='word_1_693' title='bbox 1751 2611 1830 2637; x_wconf 89' lang='lat' dir='ltr'>sunt</span> <span class='ocrx_word' id='word_1_694' title='bbox 1856 2605 2025 2638; x_wconf 84' lang='lat' dir='ltr'>incestum</span> <span class='ocrx_word' id='word_1_695' title='bbox 2055 2607 2178 2639; x_wconf 89' lang='lat' dir='ltr'>coniu-</span> 
     </span>
    </p>
   </div>
   <div class='ocr_carea' id='block_1_23' title="bbox 1173 2656 1865 2704">
    <p class='ocr_par' dir='ltr' id='par_1_29' title="bbox 1173 2656 1865 2704">
     <span class='ocr_line' id='line_1_102' title="bbox 1173 2656 1865 2704; baseline -0.01 -10"><span class='ocrx_word' id='word_1_696' title='bbox 1173 2660 1174 2666; x_wconf 66' lang='grc'>’</span> <span class='ocrx_word' id='word_1_697' title='bbox 1202 2661 1317 2703; x_wconf 79' lang='lat' dir='ltr'>gitlm,</span> <span class='ocrx_word' id='word_1_698' title='bbox 1346 2659 1572 2704; x_wconf 90' lang='lat' dir='ltr'>parricidium</span> <span class='ocrx_word' id='word_1_699' title='bbox 1597 2656 1865 2699; x_wconf 84' lang='lat' dir='ltr'>etimpietatem.</span> 
     </span>
    </p>
   </div>
  </div>
 </body>
</html>
