2324 2955
207 143 279 180 215

210 228 410 263 nevolentia
436 225 595 258 delector.
649 219 700 253 Ac
722 220 836 264 recepi
859 218 926 254 hoc
942 221 1091 253 docendi
1106 232 1184 255 mu-

684 135 839 172 DECL.
873 133 946 170 DE
977 134 1132 172 CURA
1174 133 1365 172 RECTE
1398 132 1719 178 LOQUENDI.

2126 135 2202 170 216

1332 218 1403 251 Nee
1421 218 1462 250 de
1478 217 1538 250 illa
1556 219 1737 252 excellenti
1753 218 1952 264 eloquentia
1968 218 2092 260 dicam,
2114 229 2203 262 quae

211 290 277 312 nus
292 291 330 311 eo
349 276 502 312 facilius,
530 272 611 316 quia
629 283 702 303 non
725 272 766 303 ad
784 271 859 304 dira
886 277 920 304 et
941 271 1095 304 crudelia
1118 268 1184 304 ho-
1206 284 1208 311 y
1233 277 1284 303 est
1299 268 1474 310 singulare
1498 279 1586 310 opus
1600 268 1665 301 Dei
1689 269 1723 301 in
1739 270 1882 302 summis
1901 268 2204 311 gubernatoribus,

210 437 308 464 rum,
335 431 367 457 et
390 424 434 456 ad
459 434 495 455 ea
522 421 658 459 studia,
685 433 704 453 a
728 421 854 465 quibus
869 433 932 454 nec
950 428 1093 461 natura,
1119 433 1182 454 nec

210 523 357 558 cessaria
380 529 412 555 et
438 522 666 566 Reipublicae
688 521 787 555 utilia
812 527 903 556 sunt.

210 574 389 607 verissime
404 572 551 605 adfirmo
575 584 648 612 me,
680 578 714 605 et
735 582 918 613 agnoscere
933 582 1045 603 meam
1072 570 1183 603 imbe-

211 340 290 362 rum
317 334 513 366 temporum
529 321 718 354 certamina
735 333 857 360 vocor,
884 321 944 354 sed
962 322 1004 353 ad
1023 321 1184 354 dulcissi-
1206 315 1208 331 '
1233 319 1346 364 qualis
1378 318 1445 350 fuit
1477 317 1621 350 sortasse
1648 317 1819 357 Nestoris,
1863 318 2014 364 Ulyssis,
2051 317 2202 356 Solonis,

209 388 301 410 mam
328 374 511 407 lectionem
534 372 722 404 latinorum
753 378 784 403 et
808 382 1009 414 graecorum
1037 371 1184 414 scripto-
1206 376 1207 394 1
1232 368 1395 407 Periclis,
1422 367 1459 399 in
1478 367 1605 411 quibus
1629 379 1707 399 cum
1733 380 1855 411 magna
1871 368 2040 412 sapientia
2055 367 2203 400 coniun-

1232 425 1284 451 cta
1300 418 1367 451 fnit
1393 423 1537 450 naturae
1562 416 1633 454 vis,
1662 417 1721 461 qui
1744 418 1873 451 flumen
1896 417 2064 452 orationis
2080 427 2204 459 magna

210 475 391 507 voluntate
414 470 603 510 abhorreo,
631 483 718 516 quae
745 478 861 504 tamen
878 478 910 505 et
927 469 1102 503 Ecclesiae
1118 482 1182 503 ne·
1233 468 1330 511 copia
1348 474 1381 500 et
1398 467 1583 510 splendore
1600 467 1757 506 fundere,
1774 474 1807 500 et
1823 469 1983 502 ardentes
1998 467 2107 500 animi
2126 478 2205 500 mo·

963 518 1042 554 Etsi
1066 527 1182 554 autem
1206 515 1207 551 ἶ

1232 525 1286 551 tus
1317 518 1462 557 addere,
1490 517 1651 559 colligere
1678 517 1860 560 dissipatos
1884 516 2064 557 homiues,
2090 523 2129 550 ut
2152 516 2203 548 Ie-

1205 579 1207 582 ⁴
1231 580 1312 609 gum
1336 567 1453 600 frenos
1477 567 1688 610 acciperent,
1723 574 1756 600 et
1781 567 1877 600 civili
1903 568 2064 600 societate
2092 565 2204 599 iuncti

210 624 408 661 cillitatem,
437 629 469 656 et
485 622 585 654 valde
601 633 656 654 me
670 621 807 661 dolere,
834 621 950 654 minus
969 632 1022 653 me
1040 621 1181 663 iugenio
1205 642 1207 649 ·

209 680 384 717 praestare
408 683 508 715 posse
532 683 635 716 quam
661 671 804 711 vellem,
828 683 891 703 nec
915 683 970 703 me
986 682 1180 703 annumero

209 724 268 764 iis,
296 723 356 767 qui
380 722 551 755 excellunt
573 721 627 754 vel
653 720 850 765 eloquentia
883 721 938 753 vel
971 720 1182 760 eruditione,

209 780 327 806 tamen
346 770 411 805 hoc
431 783 486 803 me
503 771 619 804 studio
639 771 802 804 delectari
817 771 946 811 fateor,
974 777 1008 804 et
1032 771 1182 803 libenter

210 835 268 855 ero
287 820 444 855 hortator
459 821 562 853 bonis
579 821 745 863 ingeniis,
772 827 810 854 ut
827 821 956 864 optima
973 820 1124 860 discant,
1149 827 1181 853 et

207 878 420 904 monstrator
444 882 502 903 ero
528 871 687 910 sedulus,
715 871 810 914 quod
836 883 874 903 eo
891 871 1014 903 faciam
1033 871 1180 910 facilius,

208 922 290 966 quia
307 921 375 954 scio
391 921 428 953 in
446 918 509 953 hac
520 919 706 953 Academia
725 920 883 953 omnium
896 932 1086 963 congruere
1100 932 1179 953 sen-

206 971 331 1004 tentias
349 977 381 1004 et
395 970 591 1004 voluntates
610 971 651 1002 de
668 969 831 1003 omnibus
847 971 1032 1012 generibus
1046 970 1179 1003 doctri-

206 1032 343 1055 narum.
397 1018 532 1052 Omnes
559 1018 623 1052 hoc
653 1021 808 1052 iudicant
832 1020 1031 1062 linguarum
1058 1020 1180 1062 cogni-

205 1071 338 1104 tionem
357 1077 389 1103 et
414 1070 631 1112 diligentiam
656 1077 747 1102 recte
763 1070 933 1114 loquendi
949 1070 1098 1102 maxime
1117 1081 1178 1101 ne—

205 1120 386 1153 cessariam
405 1131 476 1152 esse
496 1126 527 1153 et
545 1120 579 1151 in
598 1117 769 1159 Ecclesia,
795 1119 881 1152 etin
899 1120 976 1152 aliis
993 1120 1082 1152 vitae
1098 1131 1178 1161 par-

204 1170 310 1202 tibus.
362 1169 475 1202 Pauca
497 1170 604 1211 igitur
628 1170 695 1201 iam
722 1171 764 1201 de
781 1166 836 1201 his
852 1169 993 1207 studiis,
1016 1169 1178 1202 videlicet

204 1220 247 1251 de
263 1218 477 1263 Eloquentia
489 1245 497 1258 ,
522 1227 553 1253 et
569 1220 612 1252 de
629 1231 710 1252 cura
728 1226 818 1252 recte
838 1219 1007 1262 loquendi
1025 1219 1149 1251 dicam.

286 1268 357 1301 Nec
374 1280 456 1302 vero
470 1267 577 1302 ullius
594 1276 770 1301 creaturae
784 1268 953 1311 sapientia
969 1268 1177 1310 cogitatione

204 1316 501 1361 comprehendere
525 1325 656 1360 potest,
685 1324 834 1361 quantae
850 1329 904 1348 res
921 1318 991 1349 sint
1006 1315 1090 1349 haec
1110 1318 1176 1348 mi-

202 1368 312 1400 randa
336 1367 403 1400 Dei
431 1378 552 1410 opera,
586 1367 733 1399 facultas
761 1365 929 1410 loquendi
956 1366 993 1397 in
1023 1363 1177 1404 homine,

201 1417 328 1449 deinde
351 1417 447 1449 aliud
473 1416 584 1449 maius
606 1423 639 1449 et
670 1416 845 1457 singulare
872 1413 938 1447 Dei
963 1427 1069 1457 opus,
1104 1415 1177 1447 elo-

202 1467 346 1511 quentia
372 1466 560 1503 excellens‚
589 1477 677 1510 quae
702 1476 756 1497 res
780 1475 924 1506 magnas
946 1465 1122 1507 sapienter
1145 1471 1177 1497 et
1202 1498 1203 1504 ¹

1203 683 1207 723 Ξ

1204 725 1206 751 ι

1204 762 1206 783 l

1203 787 1206 844 l

1232 619 1370 650 labores
1387 628 1588 649 communes
1606 617 1836 655 sustinerent,
1865 617 1971 650 iratos
1994 617 2083 649 cives
2099 616 2135 647 in
2152 626 2205 648 se-

1231 668 1424 701 ditionibus
1458 666 1613 706 ssectere,
1647 673 1687 700 ut
1718 667 1812 700 ultro
1845 679 1941 700 arma
1973 667 2016 699 de
2042 664 2204 698 manibus

1230 718 1440 757 abiicerent,
1479 723 1511 749 et
1545 727 1681 758 asperas
1714 717 1805 759 leges
1845 717 1990 750 suadere
2031 720 2204 758 poterant.

1229 766 1360 800 Divina
1379 765 1462 799 haec
1478 773 1581 807 sunt,
1609 772 1647 798 ut
1663 763 1820 810 Orphei,
1846 766 2002 807 Musaei,
2029 761 2205 809 Amphio-

1231 818 1284 850 nis
1296 844 1305 858 ,
1333 825 1365 851 et
1381 815 1527 849 Homeri
1546 815 1699 849 Poetica-

1330 866 1401 900 Nec
1425 867 1467 899 de
1492 866 1552 898 illa
1581 865 1722 910 quidem
1749 866 1948 910 eloquentia
1976 866 2090 899 dicam
2121 876 2204 909 pro-

1229 917 1345 961 priore
1362 917 1472 956 nobis,
1491 916 1533 948 de
1549 928 1616 960 qua
1631 916 1765 960 aliquid
1779 916 1974 949 existimare
1991 915 2109 949 diserti
2122 925 2204 958 pos·

1228 974 1329 1007 sunt,
1359 973 1392 999 et
1418 978 1504 1010 quae
1528 966 1680 999 multum
1705 978 1723 998 a
1743 966 1922 999 doctrinae
1940 972 1972 998 et
1991 966 2036 998 ab
2054 971 2127 997 arte
2145 975 2205 996 su-

1229 1017 1309 1056 mit,
1337 1016 1449 1060 qualis
1466 1016 1532 1049 fuit
1549 1013 1797 1049 Demosthenis
1816 1023 1875 1049 aut
1890 1015 2088 1053 Ciceronis,
2116 1026 2205 1059 quo-

1228 1078 1306 1099 rum
1323 1066 1478 1109 exempla
1503 1066 1566 1098 etsi
1589 1066 1699 1098 multa
1717 1077 1780 1098 nos
1797 1073 1960 1105 monent,
1987 1072 2101 1099 tamen
2120 1075 2205 1097 con-

1228 1116 1305 1149 silia
1331 1123 1363 1148 et
1387 1116 1457 1147 vim
1482 1113 1747 1156 Demosthenis,
1775 1124 1806 1148 et
1830 1116 2052 1159 splendorem
2073 1125 2112 1147 ac
2136 1126 2205 1147 nu-

1229 1177 1342 1198 meros
1358 1164 1539 1198 Ciceronis
1555 1177 1657 1198 nemo
1673 1177 1821 1210 aequare
1837 1165 1978 1209 poterit.
2031 1163 2136 1207 Quod
2154 1170 2204 1196 est

1229 1215 1335 1258 igitur
1350 1215 1534 1247 consilium
1552 1222 1710 1248 nostrum
1729 1216 1764 1247 in
1782 1213 1845 1247 hac
1859 1213 2128 1248 adhortatione?
2151 1212 2204 1246 De

1202 1277 1204 1284 ’
1228 1265 1351 1297 vestris
1369 1265 1540 1296 exercitiis
1558 1264 1683 1308 loquar
1702 1265 1739 1296 in
1756 1262 1811 1297 his
1829 1264 1973 1304 studiis,
2000 1263 2203 1308 praesertim

201 1516 382 1560 splendide
398 1516 550 1558 exponit,
577 1527 648 1547 non
670 1515 758 1552 dico,
785 1525 873 1557 quae
890 1520 987 1546 tonat
1005 1520 1037 1546 et
1054 1513 1176 1545 fulmi-
1201 1550 1203 1557 Ι

1200 1565 1203 1570 ’
1228 1567 1277 1593 est
1292 1559 1516 1599 deliberatio,
1542 1559 1600 1592 sed
1621 1557 1779 1592 hortator
1801 1572 1897 1598 sum,
1923 1568 1961 1594 ut
1988 1561 2145 1594 laborem
2170 1568 2204 1595 et

200 1573 278 1605 nat,
307 1566 401 1609 quod
422 1565 514 1607 apud
539 1564 710 1607 populum
737 1563 827 1595 male
843 1563 1054 1595 iudicantem
1072 1563 1174 1594 etiam

201 1613 386 1658 sophistica
411 1614 652 1646 adsentati-one
677 1620 710 1646 et
734 1613 927 1655 praestigiis
958 1613 1080 1652 efficit,
1115 1613 1174 1644 sed

199 1677 287 1709 quae
308 1672 382 1697 orta
406 1676 444 1695 ex
468 1675 547 1696 vera
571 1663 742 1706 sapientia
764 1668 855 1694 recte
880 1663 1021 1705 exponit
1044 1673 1097 1694 res
1116 1673 1176 1694 ve-

200 1726 274 1753 ras,
302 1721 334 1747 et
351 1714 447 1746 addit
464 1714 707 1756 splendorem,
731 1713 892 1746 ardentes
916 1720 1032 1745 motus
1056 1712 1176 1752 animi,
1200 1735 1202 1746 <

200 1772 233 1797 et
249 1764 455 1796 concinnam
476 1760 695 1796 harmoniam
714 1774 772 1795 seu
787 1773 963 1801 numeros,
991 1762 1050 1806 qni
1068 1762 1175 1794 mira·
1200 1796 1202 1802 ¹

1228 1315 1367 1354 linguae
1390 1313 1535 1350 latinae,
1569 1318 1607 1344 ut
1638 1313 1742 1344 finem
1770 1313 1997 1352 intueamini,
2027 1314 2071 1345 ad
2101 1324 2205 1357 quem

1228 1363 1328 1395 labor
1345 1361 1548 1403 dirigendus
1565 1361 1620 1401 sit,
1637 1367 1669 1394 et
1685 1368 1722 1394 ut
1739 1373 1776 1394 ea
1793 1362 1955 1396 facultate
1971 1373 2032 1395 vos
2050 1362 2204 1396 instrua-

1228 1412 1291 1451 tis,
1317 1422 1420 1455 quam
1446 1421 1568 1443 omnes
1591 1422 1663 1443 non
1687 1418 1903 1444 monstrosae
1926 1418 2071 1445 naturae
2094 1418 2128 1446 et
2141 1412 2204 1445 ad—

1228 1461 1325 1505 sequi
1351 1466 1513 1503 possunt,
1539 1466 1572 1493 et
1596 1472 1684 1504 quae
1707 1461 1871 1493 omnibus
1888 1461 1926 1493 in
1940 1459 2095 1495 Ecclesia
2114 1468 2146 1495 et
2165 1461 2203 1494 in

1228 1509 1407 1543 communi
1429 1509 1499 1542 vita
1516 1509 1706 1542 necessaria
1724 1517 1790 1550 est,
1811 1508 1893 1555 περὶ
1915 1507 2115 1545 ἀδυνάτων
2130 1523 2203 1545 non

1227 1610 1368 1654 quidem
1387 1609 1627 1641 dulcissimum
1643 1609 1744 1642 bonis
1761 1610 1911 1652 ingeniis
1927 1610 1963 1643 in
1979 1623 2015 1643 re
2032 1611 2203 1655 possibili,

1200 1650 1203 1677 ¹
1229 1667 1262 1692 et
1278 1671 1351 1692 non
1367 1659 1480 1692 solum
1497 1659 1594 1699 utili,
1621 1660 1679 1691 sed
1698 1660 1851 1702 profecto
1868 1661 2060 1694 necessaria
2078 1661 2116 1694 in
2132 1659 2202 1695 Ec-

200 1814 306 1846 bilem
332 1813 536 1846 suavitatem
565 1812 718 1846 orationi
736 1813 889 1845 addunt:
916 1809 1042 1845 harum
1059 1823 1175 1844 rerum
1200 1812 1202 1843 Γ

199 1864 430 1895 maximarum
454 1874 571 1896 causas
597 1869 629 1895 et
657 1862 861 1905 dignitatem
887 1872 990 1895 nemo
1017 1861 1098 1895 satis
1117 1873 1175 1894 ex·-
1200 1886 1201 1893 ,

200 1925 328 1957 ponere
345 1920 467 1956 potest.

301 1962 399 2004 Quae
417 1963 458 1995 sit
478 1962 612 1995 utilitas
626 1963 798 1996 sermonis
819 1969 942 1996 notum
964 1968 1032 2002 est,
1059 1962 1118 1995 sed
1133 1962 1175 1995 de

198 2012 309 2045 causis
333 2013 418 2056 qnid
443 2011 556 2044 dicere
573 2013 780 2055 possumus?
806 2013 876 2047 nisi
891 2010 975 2053 hoc,
996 2011 1071 2045 Deo
1088 2024 1173 2045 con-

199 2062 303 2095 ditori
322 2069 435 2103 gratos
456 2073 517 2094 nos
536 2073 607 2094 esse
625 2063 770 2103 debere,
797 2062 858 2107 qui
881 2060 947 2095 hoc
966 2068 1062 2095 tanto
1078 2062 1173 2095 bono

199 2112 361 2144 instruxit
380 2109 561 2144 hominnm
580 2119 753 2150 naturam,
779 2119 811 2145 et
827 2124 987 2145 sermone
1004 2113 1173 2145 utendum

199 2172 270 2193 esse
287 2162 470 2204 praecipue
490 2162 532 2192 ad
551 2159 664 2193 Deum
684 2162 943 2197 celebrandum.
997 2161 1091 2195 Haec
1108 2163 1174 2205 igi-

198 2217 256 2243 tur
270 2222 392 2243 arcana
418 2211 542 2243 omitto
571 2223 642 2244 uon
666 2212 741 2244 sine
757 2211 904 2253 gemitu,
931 2212 1072 2252 dolens,
1099 2224 1172 2246 non

199 2260 312 2293 solum
338 2272 444 2302 pauca
471 2272 535 2293 nos
557 2261 600 2293 de
623 2261 793 2294 mirandis
814 2262 980 2305 operibus
995 2261 1059 2294 Dei
1075 2263 1173 2304 scire,

199 2309 256 2342 sed
275 2309 378 2342 etiam
406 2321 469 2341 nos
491 2311 645 2352 ingratos
663 2308 883 2344 horribiliter
898 2311 1071 2354 negligere
1087 2324 1172 2345 con-

199 2358 445 2391 siderationem
463 2360 708 2393 beneficiorum
728 2361 949 2401 divinorum,
975 2373 1038 2394 nec
1056 2373 1093 2394 ea
1111 2374 1171 2395 ex-

198 2408 332 2448 colere,
357 2420 420 2441 nec
447 2408 488 2441 iis
514 2409 565 2442 uti
591 2410 635 2442 ad
660 2422 718 2444 eos
739 2412 842 2451 fines,
875 2422 962 2456 quos
980 2409 1074 2443 Deus
1089 2423 1170 2455 pro-

196 2465 324 2503 posuit.

297 2506 440 2549 Quanto
462 2508 579 2551 plures
613 2509 707 2541 enim
739 2521 898 2545 sermone
926 2516 1095 2548 utuntur,
1131 2517 1171 2544 ut

195 2556 310 2591 Deum
325 2557 534 2590 contumelia
552 2558 732 2598 adliciant,
761 2573 866 2605 quam
889 2568 927 2594 ut
950 2561 980 2594 ei
997 2567 1092 2603 grata
1112 2560 1167 2593 di-

195 2613 274 2640 cant
289 2606 328 2639 in
344 2607 501 2641 docendo
517 2613 550 2641 et
565 2608 604 2640 in
619 2608 698 2643 aliis
720 2611 964 2646 communibus
982 2611 1072 2645 vitae
1089 2610 1166 2644 offi-

193 2655 280 2690 ciis?
969 2655 971 2658 ⁴

1199 1849 1202 1879 l

1194 2136 1199 2155 l

1228 1709 1352 1749 clesia,
1379 1715 1411 1742 et
1434 1720 1521 1753 quae
1543 1709 1664 1751 ingens
1689 1710 1793 1742 decus
1814 1717 1883 1753 est,
1911 1722 2035 1753 magna
2060 1723 2140 1745 cura
2169 1718 2202 1745 et

1228 1759 1337 1792 animi
1359 1758 1558 1792 intentione
1583 1759 1799 1802 suscipiatis,
1825 1760 2002 1801 videlicet,
2029 1768 2068 1795 ut
2094 1768 2127 1795 et
2146 1773 2200 1795 res

1227 1809 1435 1843 necessarias
1468 1815 1559 1842 recte
1592 1809 1751 1849 discatis,
1785 1816 1817 1842 et
1851 1811 2048 1854 adiungatis
2081 1823 2199 1845 curam

1226 1866 1316 1893 recte
1336 1859 1526 1904 loquendi,
1559 1865 1598 1892 ut
1622 1870 1734 1892 sermo
1760 1860 1803 1893 sit
1827 1862 2090 1902 grammaticus,
2118 1874 2200 1905 pro-

1225 1910 1341 1955 prius,
1375 1909 1597 1953 perspicuu5‚
1630 1909 1772 1950 ordine,
1805 1913 2018 1951 verecunde,
2044 1912 2119 1944 sine
2141 1924 2200 1945 so-

1225 1958 1385 2004 phistica,
1403 1959 1478 1992 sine
1496 1959 1700 1992 confusione
1716 1971 1770 1992 res
1788 1961 1996 1994 necessarias
2012 1973 2198 2005 exponens,

1325 2008 1377 2043 De
1401 2007 1465 2042 hac
1487 2009 1666 2042 communi
1688 2016 1720 2043 et
1742 2010 1902 2054 possibili
1926 2011 2089 2044 facultate
2106 2012 2199 2053 dico,

1224 2073 1297 2094 non
1312 2060 1412 2093 aliter
1428 2071 1466 2092 ac
1483 2059 1511 2091 si
1529 2059 1652 2102 pictori
1669 2066 1847 2104 praecepta
1864 2061 1996 2102 darem,
2023 2068 2061 2094 ut
2076 2062 2105 2095 si
2122 2073 2200 2095 cor-

1224 2123 1288 2156 pus
1304 2122 1364 2144 seu
1387 2108 1560 2148 hominis,
1587 2121 1646 2142 seu
1666 2110 1797 2151 leonis,
1823 2122 1883 2144 seu
1907 2112 1998 2156 equi,
2024 2123 2084 2145 seu
2101 2112 2197 2144 aliud

1223 2162 1364 2205 pingere
1380 2159 1496 2193 vellet.
1548 2159 1707 2194 Primum
1724 2161 1836 2193 ideam
1854 2162 2008 2205 corporis
2025 2162 2061 2193 in
2080 2168 2196 2194 mente

1223 2218 1313 2244 recte
1336 2207 1622 2254 comprehensam
1645 2217 1796 2249 teneret,
1831 2211 1958 2244 deinde
1978 2217 2016 2244 ut
2033 2218 2194 2245 naturam

1223 2273 1326 2306 quam
1355 2260 1511 2305 proxime
1536 2259 1751 2301 imitaretur,
1778 2272 1841 2294 nec
1858 2267 2090 2294 monstrosam
2106 2261 2194 2295 ima·

1222 2313 1337 2355 ginem
1354 2311 1489 2344 faceret.

1317 2361 1439 2394 Laudo
1462 2367 1577 2394 autem
1601 2361 1815 2394 voluntatem
1840 2373 1977 2402 eorum,
2010 2363 2071 2408 qui
2103 2360 2192 2396 hanc

1221 2409 1500 2444 adhortationem
1518 2423 1616 2455 saepe
1631 2417 1803 2455 repetunt.
1841 2410 1888 2445 Ut
1903 2412 1997 2445 enim
2014 2413 2192 2456 negligen-

1222 2462 1269 2494 tia
1290 2462 1327 2494 in
1340 2462 1526 2506 ,loquendo
1550 2461 1763 2505 corruptelas
1785 2461 1964 2494 doctrinae
1988 2462 2073 2496 olim
2095 2463 2190 2507 apud

1221 2509 1415 2545 Monachos
1438 2511 1553 2552 auxit,
1579 2511 1625 2545 ita
1648 2522 1743 2543 nunc
1765 2522 1886 2544 rursus
1910 2512 2044 2546 adferet
2058 2512 2190 2546 doctri-

1220 2573 1284 2594 nae
1300 2562 1539 2596 confusionem
1555 2567 1588 2594 et
1604 2561 1774 2596 tenebras.
1824 2558 2014 2606 Euripides
2029 2564 2191 2597 nominat

1219 2612 1457 2654 turpissimum
1484 2611 1665 2651 morbum,
1705 2610 1862 2653 linguam
1890 2612 2102 2655 petulantem
2127 2624 2188 2646 seu

1219 2660 1385 2695 effrenem
1416 2657 1620 2695 ἀκόλαστον
1646 2662 1820 2707 γλῶσσαν
1847 2659 2038 2708 αἰσχίστην
2064 2659 2185 2698 νόσον.
