2324 2955
193 109 266 144 987

195 192 339 230 Ariani,
362 197 402 224 ut
423 190 460 222 iu
479 189 579 222 Italia
598 189 761 234 Synodos
784 197 964 224 convocet.
1018 190 1062 224 Et
1080 190 1167 224 scri-

192 244 246 277 bit
263 241 505 275 Theodoretus
520 240 562 271 de
579 240 718 273 levitate
726 239 925 274 Constantii
942 238 1027 274 haec
1042 242 1165 274 verba:

193 292 259 326 τὸν
283 287 402 323 πάντα
429 286 564 333 ῥᾳδίως
586 287 827 334 πειθόμενον,
871 292 967 336 quod
1000 291 1100 324 facile
1122 292 1166 324 ad

194 342 283 374 mala
300 339 445 372 consilia
463 339 715 382 impelleretur.
769 340 879 374 vocat
898 342 1005 383 igitur
1021 339 1168 384 Episco-

193 401 256 435 pos
280 388 545 429 Mediolanum,
578 390 639 422 ubi
662 390 787 422 Ariani
811 391 886 424 ausi
912 398 994 425 sunt
1015 391 1167 434 primum
1190 389 1193 419 ἰ

193 439 392 484 postulare,
419 445 458 472 ut
474 438 608 483 Synodi
625 439 753 485 Tyriae
773 447 847 474 acta
867 442 1168 481 confirmarentur,
1190 439 1193 456 ¹

196 496 228 522 et
258 500 379 522 rursus
414 500 453 521 ex
481 489 695 523 Alexandria
726 491 915 534 pelleretur
944 489 1167 525 Athanasius,
1191 487 1194 555 ἱ

193 539 287 572 Huic
312 539 543 582 postulationi
575 540 855 574 constantissime
884 542 1057 574 adversati
1087 547 1195 606 sunt}

196 586 382 621 Paulinus
415 587 608 632 Episcopus
640 589 861 623 Trevirensis
894 598 927 625 et
957 589 1195 638 Dionysius,

198 638 390 683 Episcopus
415 640 526 671 Albae
560 640 595 671 iu
620 639 738 679 Latio,
786 641 1020 684 intelligentes
1052 641 1169 674 moliri
1193 642 1195 663 ³

195 689 290 733 ipsos
312 689 572 732 oppressionem
593 691 743 734 symboli
763 690 899 725 Niceni.
951 691 1040 726 Cum
1066 692 1171 734 igitur

196 739 399 782 imperatori
414 750 530 771 coram
549 740 721 780 dicerent,
749 741 876 774 iniusta
895 742 978 786 peti,
1005 743 1171 776 discesse-

195 795 290 821 runt.
344 789 396 821 Ita
422 786 505 821 haec
530 788 694 834 Synodus
717 791 884 825 dissoluta
907 799 967 825 est.
1019 791 1089 825 Sed
1117 803 1171 824 se-

197 837 318 882 quenti
348 849 441 870 anno
475 839 592 881 plures
624 838 834 873 Ariminum
868 849 1047 878 convocat.
1116 841 1170 874 Ibi

195 887 327 920 maiora
346 894 377 921 et
395 888 552 930 longiora
570 891 759 923 certamina
775 891 930 927 fuerunt.
971 892 1092 926 Palam
1110 903 1170 936 pe·
1194 894 1195 917 ἶ

195 937 259 970 tita
284 944 333 970 est
358 936 570 982 Syrmiensis
596 940 726 974 decreti
750 942 979 975 confirmatio.
1033 941 1080 976 Et
1105 954 1171 975 no-
1194 959 1195 962 ¹

195 987 356 1020 minatim
374 989 585 1031 postulatum
602 997 669 1029 est,
695 997 734 1023 ut
748 991 923 1025 deleretur
950 993 986 1024 in
1011 992 1170 1036 symbolo

196 1034 407 1080 dimetimur.
476 1038 544 1071 Sed
581 1036 826 1073 Occidentales
857 1042 994 1074 circiter
1029 1042 1172 1073 ducenti

196 1087 502 1125 contradixerunt,
548 1088 609 1131 qui
639 1090 682 1121 ad
706 1088 952 1122 Constantium
976 1091 1107 1132 legatos
1139 1096 1173 1123 et

196 1137 364 1180 scriptum
381 1138 423 1169 de
440 1149 499 1169 sua
517 1138 734 1171 confessione
754 1140 935 1172 miserunt.
987 1140 1055 1173 Sed
1073 1139 1171 1173 Con-

195 1187 344 1219 stantius
362 1187 517 1219 eluderet
535 1195 608 1220 acta
626 1190 820 1228 contando,
847 1190 1043 1233 rescripsit,
1069 1202 1113 1222 ne
1132 1202 1173 1222 ex
1196 1204 1197 1226 3

196 1236 340 1281 Synodo
363 1236 598 1277 discederent,
642 1239 753 1272 donec
782 1240 912 1282 legatos
946 1240 1084 1273 auditos
1118 1251 1172 1272 re-

195 1286 358 1320 mitteret.
411 1285 499 1319 Cum
516 1294 629 1319 autem
649 1300 745 1321 mora
764 1289 904 1332 longior
931 1298 1035 1331 esset,
1060 1290 1109 1334 pii
1128 1291 1171 1322 ad

197 1347 274 1369 suas
292 1333 465 1369 Ecclesias
482 1337 674 1371 redierunt.
728 1338 796 1372 Hic
823 1340 890 1374 suit
908 1341 1019 1374 exitus
1036 1340 1173 1386 Synodi

198 1385 442 1419 Ariminensis.
1195 1383 1198 1427 l

297 1435 431 1469 Interea
467 1449 549 1470 vero
587 1438 646 1471 dat
679 1440 842 1472 mandata
873 1440 1102 1476 Constantius
1134 1439 1198 1472 in²

197 1483 347 1518 Oriente
371 1493 403 1520 et
423 1484 634 1528 Occidente,
655 1495 693 1522 ut
709 1489 904 1534 Syrmiensi
929 1492 1069 1524 decreto
1087 1490 1172 1523 suh-

199 1536 381 1575 scribatur,
406 1543 437 1570 et
455 1538 632 1581 pellantur
648 1550 686 1571 ex
703 1538 866 1574 Ecclesiis
881 1541 942 1586 qui
958 1541 1073 1574 nolint
1090 1540 1172 1574 sub-

198 1586 361 1619 scribere.

295 1634 430 1669 Eodem
459 1644 614 1680 tempore
645 1638 809 1683 Synodus
841 1640 908 1673 suit
930 1638 1171 1673 Orientalium

196 1685 233 1717 in
258 1686 345 1718 urbe
363 1685 515 1719 Isauriae
534 1686 717 1731 Seleucia,
744 1690 807 1721 ubi
830 1690 942 1721 maior
963 1690 1031 1721 fuit
1047 1699 1172 1720 nume-

197 1746 256 1767 rus
285 1736 518 1776 Arhmorum,
557 1749 594 1768 ac
618 1738 763 1780 plurimi
786 1745 991 1780 receperunt
1018 1737 1169 1770 vocabu-

199 1784 272 1817 lum
288 1783 429 1828 ὅμοιον.
471 1786 538 1819 Sed
560 1799 637 1818 cum
655 1799 799 1829 magnae
817 1788 1058 1821 altercationes
1076 1794 1171 1820 ortae

199 1842 312 1867 essent
330 1836 372 1866 de
390 1833 454 1867 hoc
472 1833 659 1869 cothurno:
681 1837 738 1870 An
756 1835 884 1881 ὅμοιον
901 1838 1169 1879 intelligendum

197 1891 284 1917 esset
305 1885 348 1917 de
365 1886 530 1917 essentiae
555 1886 803 1925 similitudine,
830 1900 874 1920 an
900 1899 981 1920 vero
1005 1888 1170 1920 volunta-

196 1934 261 1973 tis,
288 1941 319 1967 et
337 1942 453 1977 aperte
470 1936 683 1970 affirmarent
706 1937 867 1980 plurimi,
893 1949 929 1970 se
952 1944 1089 1970 tantum
1108 1949 1170 1970 vo-

198 1983 343 2017 luntatis
368 1985 633 2018 similitudinem
656 1987 870 2029 intelligere,
906 1987 1054 2021 surrexit
1077 1987 1171 2030 lega-

197 2041 251 2067 tus
266 2033 440 2073 Caesaris,
468 2042 501 2068 et
516 2036 621 2074 dixit,
649 2048 684 2070 se
700 2049 771 2070 non
788 2038 993 2071 adfuturum
1009 2038 1083 2070 sine
1101 2038 1169 2070 fine

197 2084 400 2119 rixantibus.
454 2084 542 2118 Cum
568 2086 674 2129 igitur
698 2085 754 2120 hic
778 2088 887 2121 nollet
914 2088 951 2120 in
969 2099 1168 2122 consessum

197 2134 328 2175 redire,
354 2135 588 2170 discesserunt
612 2144 644 2171 et
669 2138 771 2171 multi
786 2136 965 2182 Episcopi.
1017 2137 1085 2171 Hic
1102 2138 1169 2172 fuit
1193 2172 1194 2176 ,

196 2184 305 2218 exitus
320 2184 455 2230 Synodi
471 2185 712 2226 Seleuciensis.

298 2234 563 2270 Concurrerunt
587 2238 712 2281 passim
738 2238 823 2270 alibi
839 2238 911 2271 alii.
966 2238 1033 2271 Sed
1050 2239 1168 2271 brevi—

199 2290 250 2316 ter
265 2285 368 2318 recito
393 2286 647 2330 frequentiores
669 2287 852 2333 Synodos,
880 2300 1028 2332 quarum
1054 2289 1166 2322 tristia

196 2335 348 2376 exempla
373 2336 547 2369 intuentes
573 2338 781 2380 cogitemus,
817 2346 945 2383 quanta
972 2339 1077 2372 fuerit
1095 2338 1167 2372 Ec-

196 2383 319 2416 clesiae
336 2385 521 2424 calamitas,
539 2399 617 2419 cum
634 2389 785 2422 subinde
802 2389 950 2422 maiores
967 2389 1164 2423 distractio-

195 2445 256 2465 nes
275 2446 313 2466 ex
329 2433 479 2478 Synodis
495 2437 681 2473 orirentur.
1190 2477 1191 2480 Ἰ

294 2483 376 2516 Post
403 2485 580 2518 biennium
607 2501 684 2520 cum
712 2490 777 2521 iam
793 2488 1018 2522 Constantius
1036 2487 1164 2522 Antio-

195 2530 307 2566 cliiam
334 2535 481 2566 venisset
511 2544 649 2577 propter
674 2540 803 2571 bellum
825 2540 1018 2578 Persicum,
1047 2541 1163 2585 Syno-

193 2585 257 2615 dus
282 2595 322 2615 eo
345 2592 531 2617 convocata
549 2594 614 2624 νεῐ,
643 2601 729 2631 quae
748 2590 855 2631 magis
874 2590 1073 2623 turbulenta
1097 2591 1160 2623 fuit

190 2634 386 2674 prioribus,
419 2642 448 2667 et
477 2636 666 2669 cumulaxit
690 2638 931 2682 blasphemias.
993 2641 1083 2683 Quia
1110 2641 1158 2674 ibi
1185 2675 1189 2683 Ι

436 106 642 143 SCRIPTA
672 105 746 140 PII.
774 103 890 141 MEL.
917 105 983 140 AD
1011 105 1137 143 HlST.
1163 103 1306 142 PROF.
1334 102 1399 138 ET
1427 101 1616 140 PHILOS.
1642 103 1962 143 SPECTANTIA.

1194 1992 1196 2002 ι
1222 1970 1379 2014 ipsorum
1401 1969 1571 2002 autoritas
1588 1969 1866 2003 labefactaretur.

2129 110 2204 145 988

1216 201 1261 222 ne
1281 187 1348 222 hoc
1370 188 1514 234 quidem
1537 188 1691 234 recipere
1707 189 1808 234 impii
1823 191 2028 227 voluerunt:
2055 190 2202 227 Filium

1217 239 1366 272 similem
1389 250 1462 272 esse
1479 238 1595 278 Patri,
1624 246 1657 274 et
1681 240 1941 275 contenderunt
1961 253 2032 276 esse
2050 244 2203 278 dissimi-

1217 290 1284 322 lem
1302 290 1391 333 patri
1411 290 1536 325 filium.

1317 345 1528 390 Exemplum
1552 359 1636 380 vero
1657 353 1749 381 extat
1763 345 1966 393 sophistices
1985 350 2023 383 in
2037 348 2102 384 hac
2120 364 2201 385 nar-

1217 397 1353 430 ratione
1376 397 1524 441 insigne.
1579 395 1671 431 Usus
1692 404 1743 431 est
1766 399 1860 433 enirn
1875 397 2030 434 Aeacius
2056 399 2122 435 hoc
2146 413 2203 435 ar-

1218 454 1401 491 gumento:

1523 500 1609 530 Pater
1624 502 1773 530 neminem
1788 503 1871 532 colit.

1521 550 1614 580 Filius
1632 553 1703 581 colit
1721 550 1848 582 Patrem.

1520 600 1599 640 Ergo
1617 608 1686 631 sunt
1703 603 1875 632 dissimiles.

1320 646 1480 692 Cumque
1510 660 1595 682 usus
1623 656 1710 682 esset
1742 647 1798 683 hic
1830 649 2073 693 praestigiator
2098 650 2202 682 verbo

1214 694 1381 743 Ἀσεβής,
1419 710 1482 741 pro
1516 710 1589 732 non
1622 699 1757 733 colente
1789 700 1919 738 alium,
1955 700 2048 744 quod
2071 699 2205 744 alioqui

1221 749 1391 791 siguificat
1416 747 1587 792 Impium‚
1621 749 1729 783 totius
1758 750 1881 793 populi
1910 749 2062 782 clamore
2087 761 2206 792 repre-

1220 797 1328 832 hensa
1344 806 1392 832 est
1410 796 1638 842 prophanitas
1654 800 1828 833 vocabuli.
1880 799 2003 832 Postea
2022 799 2085 832 etsi
2103 811 2206 832 voca-

1194 870 1195 884 :
1220 849 1343 882 bulum
1377 849 1478 882 aliter
1510 849 1825 893 interpretabatur,
1860 856 1976 883 tamen
2004 849 2096 882 iusto
2123 850 2205 883 odio

1220 896 1424 942 sophistices
1462 899 1623 942 explosus
1665 906 1724 935 est.
1791 898 1839 934 Et
1868 900 1967 934 addit
1999 897 2206 933 historicus:

1220 947 1315 992 Περὶ
1336 948 1507 987 vocamus
1520 946 1762 993 ἄχολούμειόι
1777 949 1902 994 λέξεις,
1928 947 1997 994 τὴν
2012 947 2207 994 ἐκκλησίαν

1220 996 1432 1032 διέσπασαν.
1484 998 1584 1032 Circa
1608 1000 1694 1033 tales
1718 1001 1877 1044 occupati
1896 1001 2068 1033 dictiones
2084 998 2207 1033 Eccle-

1221 1048 1307 1080 siam
1330 1048 1577 1082 distraxerunt.
1630 1048 1677 1082 Ut
1702 1050 1868 1083 omnibus
1889 1050 2060 1083 aetatibus
2083 1050 2120 1082 in
2145 1051 2207 1082 de-

1220 1097 1381 1129 fensione
1410 1098 1577 1130 falsorum
1610 1098 1811 1140 dogmatum
1837 1100 2030 1141 singulares
2053 1100 2207 1141 argutiae

1222 1147 1482 1189 excogitantur,
1511 1159 1599 1192 quae
1618 1148 1691 1191 ipsa
1710 1149 1866 1182 novitate
1884 1149 2027 1192 capiunt
2042 1150 2157 1181 rudes.

1325 1204 1462 1250 Synodi
1479 1213 1594 1239 autem
1606 1203 1849 1239 Antiochenae
1864 1206 1943 1238 finis
1959 1205 2208 1240 suitConstan-

1222 1255 1263 1288 tii
1298 1255 1486 1296 discessus,
1521 1256 1582 1300 qui
1605 1256 1784 1289 rediturus
1811 1262 1884 1289 erat
1909 1255 2139 1301 Byzantium,
2169 1264 2206 1289 ut

1223 1304 1400 1338 lulianum
1431 1306 1647 1349 reprimeret.
1702 1305 1772 1340 Sed
1801 1306 1840 1339 in
1871 1307 1986 1339 reditu
2020 1307 2056 1339 in
2082 1305 2207 1340 Cilicia

1222 1355 1346 1388 morbo
1365 1355 1537 1390 extinctus
1553 1362 1613 1391 est.

1324 1412 1485 1447 Breviter
1515 1421 1631 1447 autem
1656 1414 1699 1447 de
1724 1411 1778 1447 his
1802 1413 1920 1459 impiis
1946 1413 2100 1459 Synodis
2125 1414 2208 1453 dixi,

1222 1470 1261 1497 ut
1283 1463 1425 1497 videant
1452 1465 1628 1505 iuniores,
1655 1475 1756 1508 saepe
1779 1464 1883 1497 etiam
1910 1465 1947 1497 in
1965 1464 2116 1509 Synodis
2138 1464 2207 1496 fre-

1223 1514 1414 1558 quentibus
1438 1526 1583 1557 magnus
1607 1526 1742 1547 errores
1767 1515 1990 1548 confirmatos
2014 1526 2101 1547 esse:
2134 1513 2207 1546 Nec

1197 1585 1199 1590 .
1222 1565 1465 1597 anteferendas
1489 1577 1561 1598 esse
1586 1563 1748 1608 synodos
1772 1565 1964 1607 perspicuis
1988 1563 2208 1602 testimoniis,

1223 1626 1311 1658 quae
1342 1615 1470 1648 tradita
1494 1621 1576 1649 sunt
1602 1614 1638 1646 in
1665 1614 1803 1657 scriptis
1827 1611 2040 1657 propheticis
2065 1620 2097 1646 et
2123 1625 2206 1656 apo-

1222 1664 1365 1697 stolicis.

1324 1721 1375 1752 λε
1418 1720 1506 1752 iuste
1551 1717 1822 1762 reprehenditur
1866 1718 2206 1767 510).v5[9a7,11001}1¹17

1223 1769 1438 1807 Constantii,
1466 1769 1527 1812 qui
1545 1769 1644 1802 toties
1661 1769 1866 1803 convocavit
1884 1771 2125 1805 dissimilimos
2142 1769 2206 1804 ho-

1196 1828 1197 1836 *
1222 1820 1353 1859 mines,
1386 1819 1521 1862 fuitque
1548 1818 1709 1859 infoelix,
1746 1819 1827 1864 quia
1852 1820 2024 1854 malorum
2051 1821 2206 1854 consiliis

1222 1870 1423 1913 regebatur,
1459 1869 1518 1912 qui
1543 1875 1603 1902 aut
1625 1869 1781 1902 stabilire
1805 1869 1912 1913 impia
1936 1871 2119 1913 dogmata,
2146 1878 2205 1905 aut

1221 1927 1294 1953 arte
1322 1920 1470 1953 maiores
1497 1918 1739 1952 distractiones
1765 1919 1878 1953 facere
1896 1922 2133 1960 conabantur,
2161 1933 2205 1955 ne

1917 1969 2017 2004 Sicut
2033 1978 2066 2005 et
2083 1978 2203 2005 nostro

1221 2027 1378 2065 tempore
1393 2026 1465 2053 arte
1484 2019 1590 2053 factas
1607 2031 1679 2052 esse
1696 2019 1940 2054 distractiones
1957 2021 2119 2057 vidimus.

1322 2078 1420 2112 Duae
1452 2084 1568 2111 autem
1600 2078 1742 2111 fuerunt
1772 2078 1850 2122 piae
1881 2084 1915 2112 et
1940 2079 2044 2113 utiles
2067 2079 2203 2126 Synodi

1221 2137 1377 2173 tempore
1400 2127 1616 2162 Constantii:
1656 2128 1763 2162 altera
1790 2128 2028 2169 Sardicensis‚
2066 2131 2110 2164 de
2134 2142 2202 2174 qua

1192 2218 1195 2222 ⁴
1220 2192 1323 2224 supra
1343 2180 1474 2213 dictum
1493 2185 1554 2217 est,
1581 2179 1720 2212 vivente
1737 2176 1852 2211 adhuc
1861 2177 2063 2216 Constante.
2080 2179 2201 2213 Altera

1221 2231 1310 2264 circa
1332 2231 1365 2262 id
1392 2236 1529 2272 tempus
1552 2229 1617 2262 suit
1633 2225 1866 2274 Gangrensis
1890 2229 1925 2262 in
1943 2230 2073 2273 oppido
2091 2229 2201 2263 Gala·

1220 2288 1334 2315 tarum
1358 2279 1520 2321 Gangra,
1550 2280 1643 2324 quod
1669 2291 1796 2312 nomen
1824 2279 1981 2312 scribunt
2006 2280 2200 2323 significare

1219 2330 1408 2376 Capream,
1442 2330 1560 2372 lingua
1584 2328 1731 2363 Heneta.
1789 2327 1836 2362 Et
1857 2326 1963 2363 hodie
1985 2328 2139 2364 Boiemis
2163 2330 2197 2363 id

1191 2384 1193 2397 ¹
1218 2382 1428 2415 vocabulum
1446 2391 1606 2424 capream
1621 2379 1804 2423 significat.

1318 2439 1491 2473 Narratur
1517 2438 1669 2478 occasio,
1703 2437 1795 2482 quod
1821 2434 2028 2472 Eustathius
2053 2437 2196 2481 quidam

1218 2501 1369 2523 secessus
1400 2488 1611 2535 quaesiverit
1641 2494 1805 2532 tanquam
1831 2485 2035 2522 monachus.
2092 2486 2197 2520 Hunc

1217 2540 1342 2573 imitati
1366 2539 1470 2573 multi
1493 2540 1580 2572 ritus
1601 2548 1710 2571 novos
1731 2537 1976 2570 instituerunt:
2004 2534 2196 2581 prohibue-

1216 2598 1297 2624 runt
1321 2590 1542 2632 coniugium,
1569 2595 1602 2621 et
1626 2587 1752 2620 multas
1777 2595 1904 2631 nuptas
1929 2588 1970 2620 ad
1996 2599 2030 2620 se
2046 2594 2196 2621 attraxe-

1215 2648 1316 2679 runt,
1352 2652 1500 2682 quarum
1526 2638 1663 2683 aliquae
1686 2637 1790 2671 etiam
1815 2638 1910 2671 virili
1939 2638 2063 2672 vestitu
2086 2645 2194 2672 tectae
