2324 2955
93 123 163 159 821
783 121 809 156 1.

91 220 166 253 ρος.
218 204 248 240 Α
267 204 390 239 Galata
412 213 507 239 ortos
530 217 600 238 esse
626 202 806 252 γαλάῑας,
842 208 936 239 unde
961 212 1077 250 postea

91 259 220 291 sactum
244 263 292 289 est
314 268 443 289 nomen
465 256 566 290 Celti.
619 256 691 288 Nos
716 269 796 290 vero
823 258 967 296 scimus,
995 268 1077 289 ean-

91 308 170 341 dem
185 318 256 340 esse
275 319 393 339 vocem
413 305 508 339 Galli
524 314 556 340 et
577 307 714 342 Quaen.
768 308 948 350 Significat
972 307 1078 350 igitur

92 370 211 390 revera
241 356 336 390 Galli
364 356 644 399 peregrinaturos
675 370 736 390 seu
765 360 967 401 migrantes.
1031 355 1079 390 Et

91 409 233 453 quidem
251 406 412 439 vocabuli
430 407 530 449 origo
548 406 682 441 Ebraea
701 415 761 443 est.

193 457 328 491 Multae
345 463 460 490 autem
478 464 510 491 et
528 459 684 491 diversae
702 465 820 501 gentes
844 459 1077 491 consederunt

90 509 125 541 in
142 514 289 552 utraque
308 507 383 551 ripa
402 505 540 547 Rheni,
567 515 600 541 et
620 509 655 540 in
675 509 733 541 illa
751 509 917 542 ulteriore
935 509 1077 551 regione

89 569 208 592 versus
225 556 407 591 Oceanum
426 556 691 591 Occidentalem
713 566 745 592 et
764 571 883 591 versus
907 571 1000 591 mare
1017 558 1076 591 Li-

88 609 273 652 gusticum.
338 607 427 640 Nam
455 615 487 641 et
511 607 759 653 Massylieuses
782 610 923 642 fuerunt
950 608 1074 641 Ionum

88 659 237 693 colonia.
289 656 337 691 Et
355 657 490 690 Vienna
510 658 546 690 in
564 658 681 691 Gallia
700 660 919 693 Cretensium
939 658 1075 692 colonia

88 715 150 743 est.
209 707 292 742 Fuit
314 707 406 740 enim
429 709 550 741 eodem
576 709 720 742 nomine
743 711 827 743 urbs
854 709 995 749 Cretae,
1038 715 1076 741 ut

87 756 436 802 scribitStephanus‚
464 758 569 800 dicta,
596 761 689 804 quod
711 758 863 793 ibiOtus
883 767 914 793 et
925 757 1075 803 Ephial-

87 816 136 842 tes
155 808 307 842 Martem
331 809 520 852 coeperint.
574 810 652 853 Qua
678 811 878 844 narratione
902 810 1076 852 siguifica-

86 866 160 893 tum
177 866 243 900 est,
269 859 360 892 bella
386 859 434 892 ibi
460 860 607 893 fratrum
632 861 778 894 istorum
805 861 934 894 virtute
958 862 1074 893 sedata
1100 871 1101 893 1

85 921 176 953 esse,
205 910 299 942 unde
318 917 436 953 postea
452 911 620 954 reliquiae
637 912 672 943 in
692 911 809 944 Gallia
829 911 1075 944 consederunt.

84 959 253 1001 Magnam
265 958 403 992 Galliae
419 966 553 1003 partein
572 967 603 992 et
615 959 740 1004 Ligyes
757 966 957 999 tenuerunt,
986 971 1074 1004 quos

83 1008 282 1053 Stephanus
299 1010 413 1053 inquit
428 1021 467 1041 ex
483 1008 594 1042 Tarso
611 1010 757 1045 venisse.
810 1009 942 1043 Tarsus
958 1017 1074 1043 autem

84 1060 215 1093 dicitur
231 1072 249 1092 a
271 1058 391 1092 Tarsis
407 1059 478 1092 filio
498 1057 615 1093 Iavan.

185 1109 395 1144 Consedisse
414 1116 529 1142 autem
554 1110 590 1142 in
615 1121 674 1142 ora
691 1109 966 1153 Septentrionali
987 1108 1075 1142 Gal·
1098 1136 1100 1144 ,

84 1160 151 1193 liae
174 1159 333 1194 Senonas
362 1166 494 1192 certum
528 1166 597 1200 est,
638 1159 696 1204 qui
723 1160 866 1193 suerunt
891 1173 931 1192 ex
956 1167 1073 1193 nostra

83 1218 184 1253 gente
209 1209 426 1249 Teutonica‚
467 1222 555 1254 quae
579 1222 708 1242 nomen
738 1208 842 1244 habet
868 1211 912 1244 ab
938 1209 1074 1246 Ascane

82 1260 289 1296 Tuiscones.
341 1258 389 1293 Et
407 1271 478 1293 non
496 1260 644 1293 dubium
660 1267 721 1301 est,
751 1261 883 1294 vicinas
901 1269 1019 1304 gentes
1036 1262 1072 1293 in

85 1310 222 1344 Italiam
253 1318 286 1342 et
317 1317 435 1353 postea
462 1310 499 1342 in
523 1309 707 1344 Graeciam
732 1311 870 1344 duxisse
894 1312 1073 1354 exercitus,

85 1361 212 1394 mixtos
228 1372 266 1392 ex
285 1359 509 1392 Teutonibus
525 1366 557 1393 et
574 1358 699 1393 Gallis.

184 1409 236 1444 De
261 1409 481 1454 expeditione
503 1409 540 1441 in
557 1409 741 1443 Graeciam
766 1417 882 1453 postea
907 1411 1075 1450 dicemus,

82 1462 119 1494 in
139 1473 206 1506 qua
223 1459 385 1492 Brennus
406 1466 481 1502 post
498 1459 738 1492 Alexandrum
758 1468 897 1493 centum
918 1469 950 1494 et
968 1462 1073 1506 ‹plin-

83 1511 248 1557 quaginta
266 1510 376 1543 millia
393 1510 568 1553 peditum,
597 1517 629 1543 et
646 1511 769 1553 viginti
789 1511 898 1544 millia
915 1512 1072 1556 equitum

83 1569 117 1596 et
144 1561 420 1607 quadringentos
444 1560 480 1592 in
505 1559 687 1593 Graeciam
712 1561 831 1599 duxit,
873 1562 916 1594 de
943 1562 1073 1606 quibus

82 1612 202 1646 scribit
225 1607 481 1650 Callimachus,
514 1611 630 1643 dicere
654 1610 877 1654 Apollinem,
918 1623 1015 1644 suam
1040 1620 1072 1645 et

82 1663 172 1705 regis
189 1661 380 1695 Ptolemaei
397 1672 620 1693 communem
645 1661 718 1693 fore
744 1661 945 1700 victoriam,
969 1671 1005 1692 se
1029 1663 1071 1693 ad

81 1710 239 1756 Delphos
269 1711 417 1743 fulmine
449 1710 711 1743 interfecturum
744 1721 816 1743 esse
839 1708 974 1750 Celtas,
1012 1711 1070 1743 sed

84 1774 198 1806 regem
222 1760 462 1794 Ptolemaeum
495 1759 760 1792 interfecturum
794 1772 865 1793 esse
886 1760 1003 1794 Celtas
1029 1762 1072 1794 ad

83 1814 198 1848 lacum
221 1810 472 1848 Serbonidem,
508 1810 541 1842 id
568 1816 634 1848 est,
662 1807 898 1852 Asphaltiten.
950 1810 1073 1843 Postea

83 1865 177 1898 enim
205 1874 284 1896 cum
307 1861 344 1894 in
369 1860 489 1893 Asiam
515 1858 653 1892 attracti
684 1865 813 1899 essent,
853 1858 1075 1893 Ptolemaeus

83 1914 270 1956 Evergetes
287 1911 417 1944 multos
435 1910 606 1943 interfecit
624 1909 666 1942 ad
687 1907 922 1953 Asphaltiten.

185 1963 239 1998 Ex
268 1960 323 1995 his
351 1960 616 1994 narrationibus
647 1966 809 2003 apparet,
849 1967 882 1993 et
906 1972 1072 2003 magnum

87 2017 195 2050 robur
213 2012 338 2047 barum
356 2011 513 2054 gentium
532 2010 656 2047 fuisse,
684 2018 715 2044 et
732 2022 894 2052 magnam
911 2011 1074 2045 multitu-

85 2068 203 2100 dinem
228 2076 266 2097 ex
288 2062 399 2106 patria
416 2062 576 2094 eductam
595 2071 677 2094 esse.

85 2119 121 2151 in
154 2114 339 2148 Graeciam
366 2112 546 2145 antecessit
584 2110 721 2151 italica,
770 2111 824 2144 cui
856 2112 1074 2145 occasionem

83 2166 243 2214 praebuit
260 2175 369 2208 poena
388 2162 559 2197 libidinis.
612 2160 821 2195 'rennerunt
839 2161 958 2195 ltaliae
975 2175 1074 2196 oram

84 2221 129 2253 ab
146 2215 298 2260 Alpibus
314 2215 356 2246 ad
375 2213 515 2246 Tibrim
539 2224 648 2256 usque
676 2219 744 2245 tres
767 2219 906 2258 gentes:
944 2212 1072 2246 Heneti

86 2271 127 2303 ad
156 2268 272 2300 sinum
293 2262 530 2303 Adriatieum3
567 2261 714 2305 Ligures
734 2263 951 2296 contrarium
977 2264 1075 2297 littus

84 2321 127 2354 ad
143 2327 319 2356 occasum3
359 2313 479 2347 Media
505 2326 585 2351 ora,
613 2324 702 2357 quae
726 2320 760 2346 et
777 2313 936 2348 ubertate
957 2314 1022 2346 soli
1041 2321 1074 2347 et

85 2367 294 2404 amoenitate.
311 2365 413 2407 longe
430 2364 577 2403 excellit,
604 2361 963 2408 suit'l'yrrhenorurm
984 2377 1074 2409 quo-
1098 2407 1099 2414 ἵ

87 2431 165 2455 rum
192 2415 378 2462 appellatio
401 2414 645 2460 antiquissima
665 2421 726 2447 est.
780 2414 935 2447 Ulterior
955 2414 1075 2448 ltaliae

85 2482 164 2516 pars
182 2467 361 2502 nominata
379 2472 428 2498 est
444 2463 622 2506 Ausonia,
650 2464 695 2497 ab
712 2462 857 2497 Ausone
878 2465 950 2497 lilio
970 2464 1074 2510 Ulys-

85 2522 132 2556 sis
153 2527 185 2553 et
201 2518 383 2560 Calypsus.
435 2514 595 2550 Fuerunt
618 2522 734 2549 autem
756 2512 933 2560 Tyrrheni
954 2514 1073 2560 Lydo-

86 2583 163 2605 rum
190 2558 315 2601 coloni.
370 2565 457 2610 Lydi
480 2573 593 2598 autem
618 2565 662 2598 ab
687 2563 867 2610 Aegyptiis
888 2566 955 2599 orti
980 2572 1071 2601 sunt.

85 2621 129 2656 Et
147 2620 251 2653 fuisse
268 2624 372 2649 tetras
394 2616 583 2648 libidinum
608 2616 830 2648 confusiones
858 2616 893 2648 in
914 2613 1071 2661 'l'yrrbe-

86 2673 154 2711 nia,
183 2666 489 2706 narrat'l'imaeus,
513 2667 573 2710 qui
591 2667 680 2699 circa
700 2664 784 2699 haec
801 2673 955 2710 tempora
974 2666 1073 2700 vixit.

860 119 1151 157 CIIRONICON
1188 119 1431 159 CARIONIS.

729 2060 796 2093 Sed
815 2061 1072 2104 expeditionem
1098 2063 1099 2066 ’

2049 127 2121 161 822

1131 202 1278 238 Occasio
1295 213 1430 245 autem,
1457 220 1524 252 qua
1543 207 1661 241 Celtae
1681 216 1712 242 et
1729 209 1884 243 Senones
1902 209 1938 241 in
1959 207 2117 254 Tyrrhe-

1130 255 1224 287 niam
1243 257 1383 290 adducti
1402 267 1502 299 sunt,
1528 257 1611 292 haec
1629 260 1709 292 fuit:

1233 304 1446 341 Adolescens
1462 310 1592 343 nobilis
1609 309 1794 350 Clusinus,
1820 306 2032 349 Lttcumon,
2059 318 2116 344 tu-

1129 356 1214 388 toris
1245 358 1425 400 coniugem
1456 360 1581 403 rapuit.
1648 359 1763 393 Tutor
1788 358 1853 393 hoc
1878 361 1967 394 iusto
1993 362 2115 394 dolore

1130 406 1309 445 incensus,
1339 408 1499 442 invitavit
1517 409 1651 450 Celtas,
1678 417 1715 443 ut
1733 412 1830 443 sedes
1849 419 2054 455 quaererent
2077 412 2113 444 in

1129 468 1166 488 ea
1197 464 1293 499 parte
1319 457 1439 490 ltaliae
1463 460 1661 497 uberrima,
1705 467 1737 493 et
1764 461 1874 493 scelus
1897 460 2113 494 Lucumonis

1127 507 1306 549 punirent.
1374 508 1423 542 lta
1449 522 1526 541 cum
1553 509 1646 543 Deus
1671 512 1853 543 universae
1884 512 1994 553 gentis
2019 511 2113 556 Tyr-

1128 554 1257 589 rhenae
1275 558 1403 591 scelera
1427 560 1615 602 puniturus
1640 567 1745 598 esset,
1780 561 1906 603 egressi
1934 573 1974 593 ex
1995 559 2114 594 horri-

1128 607 1286 641 dioribus
1311 609 1395 641 locis
1413 608 1528 643 Celtae
1550 617 1581 643 et
1605 610 1682 651 alii,
1710 608 1915 655 Tyrrhenos
1933 623 2114 655 oppresse-

1126 665 1219 691 runt.
1270 657 1317 692 Et
1333 660 1499 692 credibile
1516 667 1582 700 est,
1610 672 1681 692 non
1705 661 1810 693 fuisse
1833 661 1974 693 brevem
1999 668 2031 694 et
2055 673 2116 694 su-

1126 708 1231 741 bitam
1250 710 1519 752 expeditionem,
1547 711 1606 743 sed
1624 711 1792 754 paulatim
1811 711 1929 754 plures
1944 713 2113 744 exercitus

1126 770 1165 790 ex
1185 758 1300 790 Gallia
1319 766 1351 792 et
1369 759 1574 793 'l'eutonicis
1592 761 1753 803 gentibus
1772 774 1811 794 eo
1830 762 1962 794 infusos
1979 773 2063 796 esse.

1229 807 1285 841 Ab
1304 807 1357 842 his
1378 810 1552 843 affirmant
1576 818 1707 844 veteres
1725 812 1910 855 scriptores
1928 810 2055 845 Graeci
2082 818 2114 845 et

1125 857 1267 899 Latini,
1296 860 1454 893 conditas
1478 873 1548 893 csse
1572 862 1697 902 urbes,
1727 861 1836 895 Senas
1860 874 1877 894 a
1900 861 2114 902 Senonibus,

1100 922 1103 932 >
1127 907 1390 948 Mediolanum,
1421 909 1615 951 Veronam,
1640 919 1671 945 ct
1690 913 1774 945 alias
1799 913 1978 956 quasdam.
2033 912 2112 954 Qua

1125 964 1241 991 autem
1261 959 1442 991 occasione
1462 959 1613 992 I’tomam
1638 963 1773 994 attracti
1800 963 1889 999 sint,
1913 969 2031 995 narrat
2053 962 2116 994 Li-

1124 1008 1218 1048 vius,
1244 1010 1336 1052 apud
1357 1021 1461 1053 quem
1478 1010 1612 1053 integra
1630 1008 1776 1044 historia
1793 1011 1938 1054 legatur.

1175 1092 1476 1126 Artaxeroees
1501 1091 1670 1135 Ochus,
1706 1096 1949 1128 Persarum
1979 1103 2061 1128 rex

1519 1147 1722 1178 octavus.

1223 1208 1399 1252 Regnavit
1413 1221 1525 1243 annos
1541 1222 1597 1243 sex
1616 1217 1648 1244 et
1666 1209 1810 1251 viginti,
1837 1222 1875 1244 ac
1891 1221 2036 1253 regnum
2053 1221 2114 1243 oc-

1125 1260 1266 1303 cupavit
1288 1260 1418 1293 necatis
1444 1261 1583 1293 duobus
1605 1261 1783 1295 fratribus.
1846 1260 1962 1294 Huius
1984 1261 2113 1303 guber-

1125 1310 1222 1343 nati0
1247 1322 1325 1343 curn
1346 1311 1448 1354 plena
1475 1311 1597 1344 fuisset
1619 1311 1835 1344 crudelitatis
1854 1312 2020 1344 adversus
2045 1312 2110 1343 do·-

1126 1360 1304 1399 mesticos,
1344 1367 1501 1392 externas
1527 1361 1706 1400 nationes,
1742 1368 1774 1394 et
1799 1362 1965 1394 adversus
1987 1358 2111 1393 Eccle-

1124 1411 1210 1443 siam
1237 1410 1274 1441 in
1294 1409 1438 1450 Iudaea,
1465 1422 1554 1454 quae
1580 1411 1791 1444 mediocrem
1818 1411 2110 1455 tranquillitatem

1124 1467 1156 1493 et
1174 1460 1271 1505 quasi
1292 1459 1485 1505 Halcyonia
1505 1458 1691 1500 habuerat,
1718 1462 1859 1494 tandem
1881 1461 1955 1504 ipse
1979 1472 1998 1493 a
2023 1473 2112 1505 quo-

1123 1511 1203 1543 dam
1229 1522 1291 1543 suo
1313 1512 1401 1544 duce
1418 1511 1619 1545 interfectus
1638 1519 1697 1545 est.
1753 1511 1858 1544 Initio
1886 1511 2114 1553 gubernatio-

1123 1561 1178 1594 nis
1196 1558 1365 1594 Sidonem
1383 1561 1585 1605 proditione
1604 1562 1737 1605 coepit,
1763 1562 1824 1594 ubi
1842 1573 1920 1594 cum
1938 1561 2112 1604 supplices

1125 1611 1369 1651 interfecisset,
1412 1612 1491 1644 irati
1518 1612 1677 1651 Sidonii,
1708 1612 1772 1654 ipsi
1796 1613 1918 1644 urbem
1945 1611 2112 1643 incende-

1123 1668 1218 1693 runt.
1279 1661 1331 1692 Ac
1356 1661 1499 1703 periisse
1525 1660 1572 1693 ibi
1597 1662 1827 1705 ‹piadraginta
1852 1661 1963 1694 millia
1995 1659 2113 1693 homi-

1123 1721 1208 1742 num
1237 1710 1413 1745 scribitur.
1482 1710 1603 1744 Postea
1626 1709 1821 1754 Evagoram
1845 1710 1954 1756 Cypri
1984 1723 2113 1754 regem,

1123 1761 1165 1792 de
1182 1772 1251 1804 quo
1269 1766 1360 1793 extat
1377 1759 1538 1794 Isocratis
1556 1762 1685 1803 oratio,
1710 1774 1788 1795 cum
1813 1762 1934 1795 suisset
1957 1762 2033 1795 eius
2053 1773 2112 1794 so-

1124 1810 1219 1850 cius,
1246 1810 1433 1847 interfecit.

1098 1905 1099 1911 ¹
1125 1895 1193 1928 De
1217 1897 1433 1928 saevicia
1454 1894 1568 1930 Oclti
1589 1895 1820 1930 adversus
1838 1897 2111 1932 Ecclesiam,

1225 1959 1460 2004 Recuperavit
1484 1959 1608 1994 Ochus
1632 1969 1664 1996 et
1688 1960 1897 2007 Aegyptum.
1948 1962 2111 2008 Cumque

1124 2012 1159 2043 in
1187 2011 1314 2043 vicinia
1340 2011 1489 2044 Iudaeae
1511 2012 1642 2044 bellum
1664 2020 1816 2055 gereret,
1855 2013 2038 2045 saeviciam
2072 2013 2109 2046 in

1126 2061 1274 2093 ludaeos
1303 2062 1408 2095 etiam
1437 2062 1605 2102 exercuit,
1651 2063 1779 2107 quibus
1808 2063 1850 2095 ad
1875 2063 1909 2096 id
1932 2070 2068 2107 tempus
2090 2075 2110 2097 a

1123 2111 1344 2154 Longimano
1372 2123 1483 2157 usque
1504 2113 1601 2145 Deus
1633 2113 1923 2158 tranquillitatem
1955 2114 2113 2155 dederat,

1124 2169 1161 2195 ut
1188 2162 1376 2194 instaurari
1402 2163 1524 2202 urbes,
1559 2163 1747 2206 templum,
1775 2164 1955 2196 doctrinae
1980 2164 2111 2204 studia,

1124 2219 1156 2245 et
1182 2219 1277 2245 totus
1300 2214 1389 2245 ordo
1412 2214 1681 2254 gubernationis
1707 2220 1856 2256 possent.
1917 2212 1987 2247 Sed
2012 2221 2109 2247 tanta

1125 2269 1173 2295 est
1200 2260 1376 2295 humanae
1394 2270 1539 2296 naturae
1568 2264 1772 2301 iufirmitas,
1805 2269 1843 2296 ut
1870 2263 1906 2295 in
1929 2264 2033 2297 rebus
2054 2276 2108 2297 sc·

1124 2314 1251 2346 cundis
1275 2313 1412 2347 laeticia
1439 2314 1560 2346 all'erat
1588 2314 1838 2355 negligentiam
1865 2314 1901 2346 in
1927 2315 2109 2348 frenandis

1124 2364 1390 2407 cupiditatibus.
1457 2363 1657 2406 Coeperunt
1691 2364 1797 2406 igitur
1820 2363 1889 2396 iam
1918 2366 2041 2398 fratres
2064 2367 2110 2398 de

1098 2449 1099 2454 ¹
1123 2426 1263 2446 summo
1280 2415 1477 2447 sacerdotio
1493 2421 1637 2448 certare.
1671 2413 1839 2448 Summus
1849 2414 2021 2448 Sacerdos
2037 2423 2107 2448 erat

1097 2461 1099 2489 ἶ
1126 2462 1311 2499 lohannes.
1377 2463 1481 2497 Ilunc
1504 2471 1541 2497 ut
1566 2465 1673 2498 frater
1696 2465 1771 2498 eius
1798 2465 1893 2499 lesus
1924 2473 2110 2503 excuteret,

1097 2521 1099 2553 ζ
1124 2516 1206 2558 petit
1227 2527 1245 2547 a
1267 2514 1402 2555 Vagose
1422 2515 1562 2547 Persico
1581 2515 1741 2558 praeside
1764 2516 1955 2552 auxilinm,
1990 2523 2024 2550 et
2048 2528 2106 2548 co-

1096 2563 1098 2614 }
1122 2572 1228 2598 natur
1244 2565 1275 2596 vi
1294 2577 1466 2608 occupare
1483 2566 1666 2608 templum.
1711 2565 1765 2599 lbi
1781 2579 1798 2599 a
1817 2568 1924 2600 fratre
1947 2564 2104 2598 [ohanna

1096 2619 1098 2664 Ι
1122 2616 1229 2648 frate:-
1255 2616 1289 2647 in
1317 2616 1447 2656 templo
1475 2616 1678 2650 trucidatur.
1734 2616 1835 2650 Talia
1865 2624 1998 2660 peccata
2026 2615 2106 2647 irri-

1122 2671 1240 2699 tarunt
1263 2666 1350 2698 iram
1374 2664 1454 2702 Dei,
1508 2666 1612 2701 Venit
1641 2667 1751 2710 igitur
1774 2666 2025 2711 lerosolymam
2043 2664 2113 2698 Va-
