2324 2955
122 105 219 143 1005
690 110 717 145 1.

124 197 330 237 oppugnant
348 204 384 226 re
403 192 496 238 ipsa,
524 205 562 227 ac
582 194 710 229 ludunt
734 196 882 229 nomine
899 208 1104 237 consensus,

124 254 203 275 cum
221 242 424 286 intelligunt
439 250 576 277 tantum
591 245 782 279 recentium
801 253 998 290 temporum
1020 260 1105 280 con-

123 292 347 326 suetudinem
367 301 579 337 pugnantem
602 306 681 327 cum
706 297 926 341 antiquitate.
985 297 1106 330 Mani-

122 341 248 375 festum
273 349 322 376 est
346 344 439 375 enim
463 344 573 377 multa
599 351 685 378 tetra
712 346 838 380 deliria
865 353 999 391 recepta
1032 359 1106 380 esse

122 391 242 433 ignota
261 392 434 426 vetustati.
494 392 571 427 Etsi
599 402 714 429 autem
742 396 826 429 fides
851 397 978 430 nititur
998 398 1105 430 verbo

121 439 217 482 Dei,
241 448 275 475 et
294 453 416 475 norma
434 442 555 477 iudicii
572 456 645 478 esse
662 445 790 480 debent
807 446 934 491 scripta
953 444 1106 490 propbe-

125 491 191 526 tica
213 498 245 525 et
268 493 458 535 apostoliea
485 500 517 527 et
538 495 714 539 symbola:
759 503 874 529 tamen
897 509 1017 530 vocem
1040 508 1106 540 pu-

120 541 225 575 rioris
246 539 421 576 Ecclesiae
444 545 602 577 docentis
628 552 661 579 et
683 547 1025 580 commonefacientis
1042 558 1104 579 au-

117 591 195 625 dire
210 591 308 636 pium
325 599 394 633 est,
423 593 516 628 iuxta
534 595 680 628 dictum:
716 595 792 629 Nisi
809 597 968 630 arassetis
986 596 1105 636 vitula,

119 653 215 683 mea,
243 654 316 675 non
336 644 576 679 invenissetis,

218 698 494 735 Consideremus
511 709 627 735 autem
653 710 781 736 aetates
804 703 1035 747 scriptorum,
1071 709 1103 736 et

119 750 190 783 fide
209 750 335 793 dignos
352 751 592 785 discernamus
608 754 652 785 ab
672 753 831 797 impuriS.
872 753 976 787 Aetas
985 750 1103 786 Theo-

119 800 210 833 dosii
228 798 352 835 habuit
369 801 528 835 laudatos
546 803 752 847 scriptores:
797 802 967 836 Basilium
979 830 988 844 ,
1016 803 1102 835 Am-

117 849 295 892 brosium,
331 850 609 896 Nazianzenum,
652 851 929 888 Theodoretum.
998 850 1102 886 Extat

117 906 152 934 et
169 899 379 946 Hieronymi
397 902 569 935 confessio
587 903 629 935 ad
650 901 851 937 Damasum.

220 957 317 993 Vixit
336 966 451 993 autem
471 959 718 1004 Hieronymus
744 971 854 992 annos
873 959 998 1000 viginti
1020 966 1100 1003 post

119 1005 383 1049 Theodosium,
410 1016 442 1042 et
461 1016 620 1042 mortuus
644 1016 695 1042 est
720 1009 757 1041 in
776 1006 985 1042 Bethlehem
1006 1021 1101 1042 anno

117 1058 238 1091 aetatis
260 1058 486 1101 nonagesimo
508 1058 640 1101 primo,
669 1070 762 1091 anno
778 1055 911 1092 Christi
930 1059 1098 1104 quadrin-

117 1108 309 1150 gentesimo
326 1108 511 1148 vicesimo,
538 1109 596 1141 die
615 1107 736 1141 Martii
757 1108 895 1142 ultimo.

223 1164 425 1199 Interfuisse
448 1166 614 1199 scribitur
634 1165 779 1210 Synodo
797 1165 999 1199 Trevirensi
1022 1179 1100 1200 cum

118 1213 276 1249 Martino
293 1215 496 1248 Turonensi
518 1222 552 1249 et
569 1213 759 1249 Ambrosio
772 1242 781 1256 ‚
815 1228 895 1250 cum
919 1217 1100 1262 aliquanto

118 1272 200 1299 ante
216 1263 413 1299 Damasus
430 1272 518 1299 esset
537 1272 710 1300 mortuus„

220 1322 304 1357 Post
319 1321 509 1356 Damasum
524 1322 708 1356 Romanus
717 1320 912 1367 Episcopus
926 1319 1101 1357 suitCiri-

120 1370 218 1413 cius,
261 1373 321 1418 qui
349 1372 575 1418 Presbyteros
601 1372 770 1413 coelibes,
813 1385 892 1406 cum
926 1374 1100 1406 ducebant

117 1434 262 1461 uxores,
295 1424 497 1456 removebat
527 1435 546 1456 a
577 1422 792 1462 ministerio,
827 1430 859 1456 et
884 1422 1101 1468 Presbyteris

118 1473 256 1507 maritis
276 1470 461 1517 prohibuit
481 1472 771 1506 consuetudinem
795 1473 1035 1516 coniugalem,
1069 1479 1102 1506 et

120 1534 195 1555 non
210 1524 490 1567 obtemperantes
505 1522 654 1555 removit
669 1534 687 1555 a
706 1522 913 1555 ministerio.
970 1521 1101 1556 Extant

119 1573 228 1606 verba
250 1573 324 1607 eius
348 1574 385 1605 in
411 1573 504 1605 libro
528 1573 746 1605 decretorum
772 1571 935 1606 Distinet.
951 1573 1010 1607 82.
1039 1573 1101 1606 ubi

121 1629 244 1656 contra
280 1622 486 1665 coniugium
526 1628 560 1654 et
603 1621 810 1655 declamatio
847 1623 1101 1656 contumeliosa

121 1672 236 1705 edicto
261 1672 448 1711 inseritur,
473 1678 506 1704 et
527 1671 658 1704 insulse
682 1671 811 1705 citatur
834 1673 966 1705 dictum
984 1672 1100 1703 Pauli:

121 1720 195 1763 Qui
224 1722 261 1754 in
288 1733 391 1754 carne
419 1727 518 1759 sunt,
562 1719 637 1753 Deo
665 1721 801 1763 placere
835 1732 908 1753 non
944 1727 1101 1763 possunt.

121 1770 191 1805 Hic
215 1771 386 1813 cogitetur
416 1776 588 1814 quantum
613 1769 724 1801 scelus
749 1770 793 1802 sit
816 1770 877 1802 tali
911 1767 1101 1813 sophistica

120 1822 244 1855 ludere
262 1822 299 1853 in
318 1820 486 1854 Ecclesia.
538 1817 682 1852 Certum
709 1825 758 1851 est
784 1819 877 1851 enim
898 1820 991 1863 apud
1008 1819 1102 1852 Pau-

120 1872 195 1905 lum
213 1871 304 1909 dici,
331 1871 366 1903 iu
384 1882 487 1903 carne
505 1880 562 1902 eos
587 1879 676 1907 esse,
711 1869 771 1912 qui
794 1876 964 1910 reguntur
987 1880 1102 1909 carne,

122 1933 197 1955 non
213 1921 349 1966 Spiritu
365 1927 483 1954 sancto
495 1946 503 1960 ‚
530 1925 563 1951 et
580 1918 776 1951 amittentes
798 1917 901 1951 fidem
919 1926 952 1952 et
970 1919 1101 1952 bonam

121 1971 371 2005 conscientiam
408 1971 651 2012 obtemperant
686 1968 937 2011 cupiditatibus
976 1970 1102 2008 carnis,

122 2022 179 2054 vel
195 2033 267 2055 non
283 2022 422 2054 frenant
437 2020 645 2064 cupiditates
668 2019 802 2059 carni5‚
831 2031 920 2064 quae
945 2026 1103 2063 pugnant

122 2083 202 2106 cum
218 2072 292 2115 lege
312 2070 389 2104 Dei.

224 2137 309 2172 Post
331 2136 502 2172 Ciricium
536 2137 674 2169 decreta
708 2136 750 2168 de
782 2135 957 2168 coelibatu
992 2135 1103 2178 magis

125 2190 229 2224 etiam
254 2194 451 2232 exasperata
473 2193 565 2220 sunt.
620 2185 708 2219 Nam
735 2192 768 2219 et
786 2184 980 2228 Gregorius
1003 2185 1103 2219 iussit

124 2239 298 2274 removeri
338 2239 382 2272 ab
415 2238 532 2271 officio
567 2235 793 2281 Presbyteros
828 2236 991 2274 maritos,
1042 2236 1103 2280 qui

125 2290 359 2324 ostendebant
386 2300 420 2321 se
455 2288 550 2320 nolle
585 2286 761 2320 abstinere
794 2298 812 2319 a
850 2286 1103 2319 consuetudine

126 2340 326 2382 coniugum.
393 2337 469 2371 Hae
490 2337 734 2371 distractiones
760 2336 993 2380 praesentium
1019 2348 1103 2368 con-

127 2390 304 2433 iugiorum
338 2394 371 2421 et
408 2386 665 2432 prohibitiones
701 2387 899 2419 futurorum
940 2398 999 2429 per
1033 2398 1104 2419 sese

127 2451 252 2483 magna
271 2445 408 2483 peccata
427 2439 586 2475 suerunt,
621 2444 654 2470 et
671 2447 793 2469 causae
813 2437 955 2469 fuerunt
975 2436 1104 2469 multo-

128 2502 208 2524 rum
228 2490 407 2523 scelerum.
467 2488 535 2521 Sed
557 2490 599 2521 de
621 2487 846 2531 sequentibus
870 2486 1017 2519 decretis
1041 2498 1103 2520 suo

130 2541 207 2574 loco
223 2540 370 2573 dicetur.
423 2538 688 2571 Consideranda
715 2537 806 2569 enim
829 2542 911 2569 sunt
938 2543 1105 2580 tempora,

130 2597 168 2624 ut
184 2589 319 2624 ostendi
338 2589 464 2633 possit,
500 2589 589 2631 leges
604 2589 646 2620 de
665 2588 837 2620 coelibatu
860 2594 937 2630 post
953 2585 1105 2631 Aposto-

131 2641 183 2674 los
198 2638 353 2674 humana
369 2638 513 2673 audacia
533 2638 689 2672 conditas
707 2649 789 2672 esse.

769 109 1059 148 CHRONICON
1085 110 1326 151 CARIONIS.
1376 114 1500 152 PARS
1528 117 1572 156 11.

2043 131 2059 164 1
2066 132 2137 167 006

1209 195 1314 232 Anno
1332 201 1454 233 mundi
1473 209 1595 246 quater
1615 203 1802 240 millesimo
1820 212 2061 247 trecentesimo
2085 227 2138 249 se-

1360 251 1534 293 xagesimo
1553 255 1719 290 secundo.

1209 298 1314 332 Anno
1342 299 1478 357 Romae
1501 302 1688 338 millesimo
1712 308 2136 360 centesimosquinquage-

1363 361 1464 384 Slmo.

1209 397 1313 431 Anno
1333 397 1464 434 Christi
1486 401 1844 447 quadringentesimo.

1259 471 1404 506 Mortuo
1434 472 1637 509 Theodosio
1666 489 1904 517 successerunt
1933 485 1997 518 filii
2019 485 2132 522 Arca-

1159 517 1241 553 dius
1257 521 1292 554 in
1311 521 1478 564 Oriente,
1505 532 1536 558 et
1552 525 1742 561 Honorius
1759 530 1792 562 in
1811 529 2018 577 Occidente,
2045 551 2132 583 quos

1157 571 1255 604 vivos
1285 570 1506 607 Theodosius
1539 583 1716 610 consortes
1749 577 1891 623 Imperii
1920 585 2065 628 fecerat,
2099 597 2131 624 et

1158 620 1384 664 imperatores
1415 630 1447 656 et
1461 624 1636 666 Angustos
1657 628 1908 666 nominaverat.
1959 634 2027 669 Sed
2053 650 2134 681 pro-

1156 678 1233 713 pter
1263 678 1406 705 aetatem
1431 673 1591 708 adiunxit
1623 682 1753 710 tutores
1779 681 1982 724 praecipuos
2017 687 2119 721 duces

1156 719 1309 753 Arcadio
1324 720 1527 763 Rusfinum‚
1554 724 1715 758 Honorio
1740 727 1977 774 Stilliconem,
2005 716 2132 770 Gildo-5

1156 782 1235 802 nem
1263 771 1402 804 Africae
1430 784 1585 816 praeesse
1610 776 1733 811 voluit.
1792 777 1866 812 Hos
1889 793 1966 815 cum
1996 792 2131 827 putaret

1155 820 1242 852 fidos
1257 821 1348 861 fore,
1374 834 1573 867 quanquam
1593 825 1728 868 sapiens
1754 828 1915 874 princeps
1933 839 2047 867 tamen
2070 838 2130 870 de-

1157 877 1276 913 ceptus
1300 879 1360 905 est.
1414 871 1560 915 Impulit
1577 875 1670 907 enim
1697 888 1754 910 eos
1773 879 1816 910 ad
1837 881 2014 922 perfidiam
2033 888 2130 929 regni

1155 920 1346 963 cupiditas,
1380 928 1419 954 ut
1446 922 1505 955 ille
1531 923 1661 968 inquit:
1698 926 1735 959 Si
1761 928 1965 964 violandum
1997 942 2045 968 est
2078 937 2131 971 ius

1155 970 1324 1012 regnandi
1342 971 1452 1012 gratia
1472 972 1600 1013 violes,
1626 975 1662 1006 in
1682 976 1759 1008 aliis
1781 978 1877 1020 pium
1898 992 1967 1015 esse
1985 984 2092 1020 decet.

1256 1025 1308 1060 Ac
1331 1028 1463 1071 primus
1486 1028 1652 1064 Rusfinus
1677 1040 1778 1067 natus
1810 1036 1846 1068 in
1870 1047 1970 1080 gente
1995 1041 2132 1078 Gallica

1154 1077 1295 1111 attraxit
1328 1076 1511 1113 Alaricum
1545 1091 1662 1122 regem
1694 1081 1904 1127 Gottorum,
1940 1090 2000 1133 qui
2033 1101 2131 1127 antea

1155 1128 1300 1159 duxerat
1333 1126 1472 1161 Gottica
1504 1130 1633 1163 auxilia
1665 1133 1730 1165 sub
1762 1132 1964 1171 Theodosio
1995 1151 2132 1182 gerente

1155 1177 1287 1209 bellum
1304 1177 1470 1210 adversus
1486 1177 1697 1221 Eugenium.
1737 1181 1908 1219 Terrebat
1926 1189 2018 1222 enim
2039 1200 2132 1226 metu

1156 1226 1290 1259 Gottici
1308 1228 1477 1260 exercitus
1497 1226 1702 1270 Arcadium,
1731 1239 1763 1265 et
1788 1237 1984 1276 postulabat
2003 1251 2037 1273 se
2058 1242 2132 1276 fieri

1155 1277 1323 1319 collegam
1341 1275 1495 1318 Arcadii,
1517 1285 1549 1312 et
1568 1278 1816 1323 Imperatorem
1833 1287 2021 1322 nominari.
2063 1292 2132 1326 Sed

1155 1324 1221 1359 hoc
1237 1333 1410 1369 petentem
1427 1334 1506 1360 ante
1521 1329 1675 1363 tribunal
1698 1330 1806 1365 Italici
1830 1335 1957 1371 milites
1980 1341 2131 1376 trucida-

1155 1383 1248 1410 runt.
1303 1375 1370 1409 Hic
1389 1377 1499 1410 exitus
1516 1379 1680 1422 perfidiae
1694 1381 1759 1414 fuit
1777 1382 1923 1422 Rusfini.

1256 1433 1339 1467 Post
1355 1433 1492 1468 Rusfini
1509 1443 1656 1470 mortem
1673 1446 1705 1472 et
1721 1440 1810 1473 alius
1832 1443 1901 1476 dux
1922 1444 2082 1482 Gotticus
2101 1458 2132 1485 et

1155 1484 1311 1517 Arianus
1334 1486 1478 1518 nomine
1495 1482 1686 1528 Cainnas,
1728 1491 1935 1526 seditionem
1964 1497 2132 1534 adversus

1154 1533 1347 1568 Arcadium
1381 1535 1511 1575 movit,
1561 1537 1597 1569 in
1630 1550 1697 1582 qua
1731 1542 1923 1576 manifestis
1955 1547 2132 1583 miraculis

1155 1584 1250 1618 Deus
1278 1585 1432 1619 ostendit
1457 1596 1492 1618 se
1517 1587 1640 1620 urbem
1657 1587 1992 1636 Constantinopolin
2017 1605 2047 1631 et
2064 1597 2131 1632 Ar-

1154 1635 1293 1667 cadium
1310 1635 1512 1678 protexisse.
1549 1636 1742 1672 Antecessit
1759 1647 1873 1674 autem
1892 1640 1984 1678 hunc
2002 1650 2132 1681 tumul-

1155 1690 1229 1714 tum
1249 1683 1523 1725 ingensCometa
1537 1710 1545 1723 ‚
1569 1687 1629 1729 qui
1647 1688 1803 1721 flammas
1822 1693 1864 1722 ad
1884 1698 2008 1728 terram
2024 1708 2132 1742 usque

1155 1732 1289 1775 sparsit.
1353 1730 1406 1765 Ac
1429 1733 1556 1767 diserte
1574 1734 1689 1779 inquit
1718 1735 1921 1774 historicus:
1957 1747 2132 1781 neminem

1155 1782 1279 1820 fuisse,
1308 1782 1369 1826 qui
1385 1783 1490 1815 talem
1508 1783 1688 1818 cometam
1707 1793 1807 1821 antea
1825 1789 1977 1827 vidisset.

1256 1839 1415 1872 Primum
1433 1848 1546 1874 autem
1566 1854 1644 1875 cum
1667 1843 1854 1879 incendere
1879 1850 2008 1893 regiam
2024 1851 2133 1888 Arca-

1155 1889 1205 1922 dii
1229 1889 1266 1922 in
1290 1890 1378 1922 urbe
1399 1888 1708 1936 Constantinopoli
1725 1893 1878 1929 Caianus
1899 1908 2005 1934 noctu
2028 1915 2133 1938 cona-

1155 1945 1273 1978 retur,
1313 1946 1518 1982 conspectus
1544 1948 1593 1975 est
1617 1943 1785 1977 exercitus
1810 1948 2032 1990 angelorum,
2072 1956 2132 1999 qui

1155 1989 1291 2022 ‹lebulit
1325 1988 1448 2022 Caiani
1490 1991 1631 2025 milites.
1709 1992 1898 2031 Constabat
1934 2001 2027 2034 enim
2069 2006 2132 2037 do-

1155 2051 1252 2072 mum
1282 2051 1354 2072 non
1388 2040 1596 2074 custoditam
1628 2053 1700 2075 esse
1738 2041 1902 2080 humanis
1940 2053 2131 2094 praesidiis.

1155 2088 1244 2123 Cum
1283 2095 1398 2122 autem
1433 2091 1582 2133 cognitis
1615 2093 1771 2126 consiliis
1804 2094 1925 2131 Caiani
1959 2098 2131 2138 Arcadius

1156 2140 1327 2184 praesidia
1344 2147 1546 2181 accerseret,
1573 2149 1691 2185 aperte
1708 2144 1841 2178 bellum
1858 2146 2009 2184 Caianus
2029 2155 2132 2186 moli-

1156 2197 1232 2230 tur,
1267 2197 1413 2233 occupat
1430 2188 1638 2236 Phrygiam,
1673 2200 1703 2226 et
1723 2196 1849 2238 passim
1867 2199 2082 2243 direptiones
2101 2213 2132 2240 et

1157 2240 1366 2273 vastationes
1383 2240 1472 2274 facit.
1515 2240 1675 2275 Tandem
1693 2245 1827 2278 ratibus
1843 2248 1885 2280 ad
1906 2250 2027 2284 urbem
2038 2253 2132 2287 Con-

1157 2290 1412 2332 stantinopolin
1431 2291 1573 2324 accedit.
1620 2291 1711 2325 Huic
1728 2294 1843 2328 classis
1854 2298 1995 2334 Arcadii
2012 2314 2132 2337 occur-

1157 2341 1221 2377 rit,
1250 2351 1338 2384 quae
1355 2337 1478 2373 habuit
1501 2348 1622 2374 ventos
1648 2346 1839 2385 secundos,
1868 2350 1928 2392 qui
1957 2358 2047 2385 rates
2066 2353 2134 2387 Ca·

1158 2390 1229 2423 iani
1247 2396 1457 2429 everterunt,
1485 2396 1516 2422 et
1535 2392 1720 2425 exercitum
1740 2394 1812 2428 eins
1832 2397 1867 2429 in
1887 2410 1980 2433 mare
1996 2403 2130 2437 demer-

1158 2447 1290 2474 serunt.
1358 2438 1434 2482 lpse
1465 2451 1543 2472 cum
1574 2443 1755 2483 evasisset,
1797 2454 1913 2488 postea
1946 2450 1982 2483 in
2012 2454 2132 2487 xicinis

1158 2490 1338 2522 montibus
1353 2488 1589 2533 deprehensus
1613 2492 1813 2528 interfectus
1838 2504 1898 2531 est.
1961 2500 2054 2535 llaec
2078 2506 2131 2535 di—

1158 2540 1239 2572 vina
1261 2540 1458 2572 testimonia
1488 2542 1781 2577 confirmaverunt
1804 2547 1879 2589 pios
1908 2549 1943 2581 in
1970 2563 2045 2585 vera
2071 2556 2131 2585 ‹lo-

1159 2591 1289 2630 ctrina‚
1322 2596 1355 2623 et
1381 2590 1602 2624 autoritatem
1629 2593 1770 2626 Arcadii
1794 2607 1982 2635 auxerunt.
2017 2603 2074 2645 qui
2102 2612 2131 2637 et

1159 2640 1231 2684 ipse
1250 2646 1451 2674 constanter
1470 2641 1613 2675 retinuit
1631 2644 1828 2688 symbolum
1847 2646 2036 2691 Nicetium,
2073 2665 2134 2686 nec

1452 2687 1529 2724 64*
