2324 2955
107 123 177 157 981
663 121 691 156 Ι.

106 208 207 240 leiam
230 207 461 250 pervenisset,
485 205 617 250 praelio
639 205 750 239 victus
778 212 864 239 esta
881 204 1081 239 Constantis

105 256 275 290 exercitu:
306 264 339 291 et
358 269 437 290 cum
464 267 574 301 equus
590 256 795 289 vulneratus
811 255 1083 290 Constantinum

105 307 330 346 excussisset,
369 306 490 340 multis
522 307 650 340 ictibus
673 307 855 340 confossus
878 313 947 347 est,
988 317 1082 338 anno

104 358 225 391 aetatis
249 357 413 391 vicesimo
438 356 583 402 quinto,
623 357 763 401 imperii
797 358 957 390 nondum
982 355 1081 389 finito

103 407 268 441 triennio.

321 524 553 559 Constans
588 526 861 569 imperator.

201 607 431 641 Accesserunt
455 606 563 649 igitur
586 602 787 640 Constanti
807 609 849 641 ad
874 618 971 640 suam
997 617 1077 649 par—

100 666 169 692 tem
196 668 318 691 omnes
344 657 567 700 provinciae,
594 669 680 702 quas
703 659 810 691 frater
825 656 1076 692 Constantinus

99 715 269 742 tenuerat.
320 706 498 750 Regnavit
523 719 634 741 annos
657 709 841 748 tredecim,
863 707 948 740 vixit
964 717 1074 740 annos

101 758 256 801 triginta.
316 755 476 790 Fratrem
508 758 591 791 vicit
614 770 707 792 anno
735 759 856 793 aetatis
877 769 958 791 suae
983 759 1074 789 vice-

97 808 198 842 simo.
252 807 335 841 Fuit
357 807 458 840 initio
478 808 588 841 iustus
605 816 638 842 et
654 816 832 843 strenuus:
871 809 929 841 sed
954 814 1072 851 postea
1097 814 1100 850 1

97 864 241 902 propter
258 858 422 891 morbum
441 859 664 892 articularem
681 860 819 893 deditus
834 858 1073 901 voluptatibus

96 908 247 951 neglexit
264 909 574 951 gubernationem,
601 916 635 942 et
648 910 757 942 multa
775 910 962 942 crudeliter
980 907 1071 942 fecit.
1097 917 1098 927 ³

96 958 215 1001 Quare
236 959 273 991 in
296 959 383 992 urbe
402 956 571 1002 Augusta
586 956 745 991 Rhetica
771 966 892 992 contra
917 970 995 990 eum
1020 958 1071 989 sa-
1096 963 1098 997 ἐ

96 1016 171 1042 ctus
187 1015 236 1042 est
253 1009 443 1052 imperator
453 1005 714 1051 Magnentius,
731 1009 791 1053 qui
810 1015 893 1041 tunc
913 1013 1071 1050 praeerat

94 1056 276 1093 Rheticae.
329 1057 397 1090 Hie
428 1058 602 1091 interfecit
629 1057 856 1092 Constantem
888 1058 1071 1101 quiescen-

94 1115 164 1142 tem
180 1108 217 1141 in
241 1108 415 1142 cubiculo.
466 1106 599 1152 Estque
622 1120 716 1141 mors
740 1108 814 1141 eins
833 1121 872 1141 eo
890 1107 1072 1150 insignior,

95 1159 190 1204 quod
208 1157 454 1201 RIagnentium
482 1164 583 1190 antea
607 1158 644 1190 in
665 1157 807 1204 Illyrico
824 1159 896 1202 ipse
912 1169 1072 1190 servave-

94 1217 167 1250 rat,
192 1215 322 1243 tectum
350 1219 410 1240 sua
436 1219 592 1251 purpura
614 1220 692 1241 cum
719 1210 848 1242 milites
865 1221 944 1241 eum
962 1208 1073 1241 inter-
1097 1231 1099 1247 ,

93 1259 219 1292 secturi
239 1264 362 1291 essent.
400 1256 504 1290 Nunc
521 1258 623 1291 talem
642 1259 786 1299 gratiam
806 1258 973 1291 servatori
992 1258 1072 1290 red-
1098 1268 1100 1285 ’-

93 1309 204 1348 didit,
246 1308 384 1353 qualem
405 1306 546 1341 Cassius
575 1315 608 1342 et
633 1308 764 1342 Brutus
791 1308 881 1343 lulio
908 1308 1074 1341 reddide-
1098 1302 1100 1350 i]

94 1366 190 1393 runt.
242 1358 310 1392 Sed
336 1358 489 1401 seipsum
512 1370 652 1404 quoque
669 1359 849 1404 aliquanto
872 1366 949 1402 post
966 1359 1073 1392 inter-

91 1409 171 1443 fecit
183 1436 192 1451 ,
219 1415 257 1444 ut
273 1420 352 1442 mox
368 1409 494 1442 dicam.

280 1528 596 1561 Constantius
637 1530 907 1571 imperator.
1100 1525 1102 1565 ἐ

744 117 1035 156 CHRONICON
1059 116 1303 157 CARlONlS.
1356 120 1482 156 PARS
1510 120 1557 157 11.

2043 123 2114 158 982

1136 211 1251 238 autem
1284 206 1390 239 foelix
1421 205 1458 237 in
1488 206 1590 240 bellis
1620 206 1794 241 civilibus.
1856 205 1980 240 Postea
2011 208 2111 241 duxit

1136 255 1323 289 exercitum
1341 258 1506 289 adversus
1523 256 1731 297 Alemanos,
1759 268 1837 289 cum
1858 257 2004 301 quibus,
2030 269 2108 290 cum

1134 316 1252 347 pacem
1272 313 1445 349 peterent,
1472 306 1595 340 foedus
1618 308 1710 343 fecit.
1764 306 1803 339 ld
1831 314 1947 340 actum
1973 318 2046 340 esse
2070 308 2107 340 in

1132 351 1322 389 Rauracis
1339 356 1459 389 scribit
1477 355 1716 390 Marcellinus.
1770 356 1841 390 Nec
1858 369 1939 390 vero
1956 357 2105 390 dubium

1134 412 1202 446 est,
1231 404 1409 440 Rauracos
1427 406 1550 448 fuisse,
1576 408 1638 440 ubi
1654 420 1748 440 nunc
1773 408 1857 440 urbs
1881 415 1931 441 est
1947 405 2105 440 Basilea

1131 456 1173 487 ad
1190 453 1368 492 Rhenum.
1410 456 1533 489 Postea
1551 458 1784 491 nominantur
1800 469 1896 500 reges
1912 457 2105 490 Alemano-

1130 517 1208 538 rum
1226 508 1269 539 ad
1286 506 1561 550 Argentoratum
1579 506 1766 540 Festradus
1783 514 1816 540 et
1833 507 2104 543 Gnademarius.

1130 554 1372 602 Undecunque
1398 557 1504 599 igitur
1529 557 1717 601 appellatio
1740 556 2002 590 Alemanorum
2025 557 2102 597 fuit,

1129 612 1211 640 tunc
1232 618 1288 640 eas
1309 614 1428 650 gentes
1452 608 1630 650 complexa
1654 614 1722 646 est,
1749 619 1838 653 quae
1861 608 1957 641 sedes
1981 615 2103 641 tenue-

1128 663 1211 690 runt
1234 658 1277 690 ab
1300 657 1454 701 Alpibus
1480 657 1522 688 ad
1548 657 1771 700 Moguntiam
1798 669 1917 702 usque.
1972 658 2003 689 A
2020 656 2103 690 Mo-

1127 707 1244 748 guntia
1256 705 1375 741 Rheni
1394 708 1505 750 ripam
1524 714 1556 740 et
1566 706 1882 749 BelgicumFranci
1899 714 2101 740 tenuerunt.

1126 755 1200 789 Hae
1224 758 1313 790 duae
1338 757 1589 802 appellationes
1618 758 1689 790 illis
1720 758 1937 801 temporibus
1969 757 2103 800 praeci-

1126 819 1212 849 puae
1230 808 1372 841 suerunt
1390 809 1424 840 in
1444 805 1508 840 hac
1527 808 1679 850 regione,
1708 819 1796 852 quae
1814 809 1857 841 ab
1873 808 2025 851 Alpibus
2044 807 2101 839 in-

1097 857 1099 866 *
1126 855 1355 891 terRhenum
1376 866 1408 891 et
1427 857 1804 900 SaltumTuringicum
1822 869 1931 902 usque
1946 858 1988 890 ad
2006 869 2101 889 mare

1126 908 1329 949 porrigitur.
1383 907 1435 941 Ac
1460 920 1561 951 saepe
1587 920 1665 941 cum
1684 908 1857 942 Romanis
1881 907 2043 940 Alemani
2069 914 2101 939 et

1124 956 1250 990 Franci
1268 958 1493 991 dimicarunt.
1528 957 1651 990 Postea
1670 959 1762 992 inter
1779 970 1850 991 sese
1868 969 1992 1000 magna
2012 957 2103 990 bella

1123 1014 1314 1049 gesserunt,
1343 1008 1454 1040 donec
1472 1007 1689 1040 Francorum
1706 1009 1845 1041 fortuna
1863 1009 1929 1041 fuit
1944 1008 2078 1040 victrix.

1226 1073 1294 1106 Sed
1323 1074 1428 1105 redeo
1454 1074 1495 1105 ad
1521 1072 1780 1106 Constantium.
1834 1071 1867 1104 Is
1893 1084 1933 1104 ex
1956 1070 2105 1104 Oriente

1123 1123 1304 1155 discedens
1327 1124 1492 1155 adversus
1510 1122 1774 1164 Magnenfium,
1821 1133 1977 1165 praeesse
1999 1122 2098 1154 iussit

1097 1192 1098 1197 =
1126 1171 1267 1207 Orienti
1284 1173 1394 1206 filium
1409 1173 1621 1212 Constantii,
1651 1172 1711 1216 qui
1729 1172 1795 1205 fuit
1814 1172 1919 1205 frater
1930 1172 2104 1205 Constan-

1124 1223 1189 1255 tini
1208 1223 1348 1266 Magni,
1373 1223 1516 1256 nomine
1533 1220 1701 1260 Gallum,
1731 1234 1880 1266 eumque
1899 1223 2102 1265 adoptatum

1126 1275 1310 1306 Caesarem
1344 1274 1444 1308 dixit.
1497 1273 1564 1306 Sed
1592 1274 1702 1305 multa
1730 1273 1919 1305 crudeliter
1945 1279 1977 1306 et
2004 1280 2105 1315 petu-

1126 1325 1239 1358 lanter
1265 1324 1448 1357 facientem
1478 1324 1578 1356 iussit
1602 1322 1769 1363 interfici,
1795 1334 1873 1354 cum
1891 1334 2002 1355 annos
2018 1334 2105 1366 qua-

1128 1382 1209 1408 tuor
1219 1372 1362 1407 Orienti
1381 1373 1597 1417 praefuisset.
1651 1370 1995 1406 DeindeIult'anum
2008 1371 2103 1404 Galli

1127 1425 1290 1464 fratrem,
1318 1432 1438 1457 natum
1464 1430 1562 1467 patre
1579 1423 1807 1462 Constantio,
1836 1423 1896 1468 qui
1923 1423 1989 1456 fuit
2007 1422 2104 1455 Con-

1127 1475 1271 1508 stantini
1289 1474 1411 1517 Magni
1427 1475 1534 1507 frater
1551 1473 1605 1519 (ut
1630 1474 1697 1506 iam
1715 1474 1845 1506 dictum
1870 1471 1937 1517 est)
1957 1474 2104 1516 adopta-

1127 1533 1201 1558 tum
1220 1527 1402 1559 Caesarem
1429 1525 1533 1564 dixit,
1561 1536 1709 1568 eumque
1735 1525 1900 1556 adversus
1915 1522 2106 1555 Alemanos

1100 1590 1102 1596 ·
1127 1576 1240 1614 misit,
1266 1586 1353 1620 quos
1375 1575 1531 1608 lulianus
1556 1586 1683 1616 magno
1707 1574 1839 1618 praelio
1865 1574 1908 1606 ad
1927 1572 2101 1615 Argento-

195 1605 441 1644 Conslanlius·
463 1609 556 1642 enim
583 1609 706 1642 tertius
729 1610 852 1649 frater,
877 1617 916 1643 ut
934 1610 1076 1653 puniret
1101 1622 1102 1630 ¹

97 1661 353 1704 Magnenfium,
381 1660 599 1702 septuaginta
617 1660 726 1692 millia
745 1657 931 1692 hominum
949 1661 1075 1692 adver—
1099 1657 1102 1681 i

94 1724 151 1746 sus
166 1723 246 1744 eum
262 1709 373 1743 duxit.
415 1707 481 1740 His
500 1710 652 1743 occurrit
671 1710 707 1742 in
725 1709 865 1754 Illyrico
880 1721 959 1741 cum
978 1720 1077 1741 exer·
1099 1709 1102 1737 ⁴1

94 1763 165 1796 citu
183 1760 326 1804 triginta
345 1758 497 1791 millium
518 1757 754 1800 Magnentius,
782 1759 932 1791 confisus
949 1759 1076 1791 robore

94 1812 234 1847 Gallico
266 1817 298 1844 et
326 1808 553 1842 Germanico.
605 1806 681 1841 Etsi
710 1814 825 1840 autem
862 1809 975 1841 victor
1009 1809 1075 1841 suit

92 1861 322 1898 Constantius
333 1879 348 1899 ,·
369 1866 486 1892 tamen
510 1857 631 1891 caedes
656 1864 751 1891 tanta
777 1858 865 1891 sacta
882 1865 950 1896 est,
978 1865 1017 1891 ut
1038 1859 1074 1891 in

93 1926 133 1947 eo
158 1912 291 1957 praelio
318 1911 409 1942 vires
423 1907 579 1942 Rotnani
604 1908 742 1952 imperii
769 1908 815 1941 ita
832 1908 997 1941 cecidisse
1019 1909 1073 1940 di-
1100 1926 1101 1929 =

93 1971 187 1998 ctum
210 1963 274 2001 sit,
308 1967 346 1994 ut
369 1959 573 2004 peregrinae
597 1966 736 2001 gentes,
779 1971 867 2002 quae
892 1965 1010 2002 postea
1037 1959 1074 1991 in

96 2013 250 2047 Galliam
269 2019 302 2045 ct
323 2011 458 2043 ltaliam
480 2010 614 2042 infusae
631 2017 729 2049 sunt,
758 2010 900 2051 reprimi
921 2021 992 2041 non
1011 2021 1074 2052 po-
1099 2014 1101 2039 ξ

94 2064 238 2098 tuerint.
305 2058 552 2106 thgnentias
586 2060 697 2092 victus
726 2061 944 2101 Lugdunum
976 2054 1101 2102 sugit„¹

94 2115 153 2149 ubi
173 2126 251 2147 cum
270 2119 423 2146 necasset
441 2111 588 2149 amicos,
618 2123 768 2155 quorum
793 2110 821 2142 ei
851 2110 935 2142 fides
954 2121 1074 2154 suspe-
1099 2137 1101 2152 ,

94 2172 147 2200 cta
164 2165 248 2202 suit,
277 2170 392 2208 postea
411 2162 476 2194 sibi
497 2162 569 2204 ipse
589 2168 733 2194 mortem
752 2161 932 2194 conscivit.
1099 2175 1100 2207 i

162 2255 166 2260 ι
196 2215 301 2248 Solus
327 2213 434 2255 igitur
453 2206 696 2245 Constantius
722 2209 924 2244 monarchia
944 2211 1075 2255 potitus

96 2266 253 2309 regnavit
275 2275 387 2298 annos
415 2262 539 2305 viginti
565 2270 727 2307 quatuor.
788 2260 953 2294 Mortuus
978 2274 1072 2295 anno

95 2316 217 2351 aetatis
242 2327 325 2349 snae
349 2313 616 2359 quadragesimo
642 2313 766 2356 primo.

96 2375 153 2401 tur
183 2366 272 2410 patri
302 2366 522 2405 adolescens,
565 2364 704 2396 circiter
732 2374 863 2395 annum
897 2362 1072 2395 decimum
1099 2353 1101 2403 Ι

96 2424 258 2451 octavum
276 2415 397 2450 aetatis
412 2427 514 2455 suae,
544 2427 611 2459 qua
629 2414 664 2446 in
679 2420 789 2446 aetate
805 2412 906 2445 facile
920 2414 963 2445 ab
980 2420 1076 2446 astu·
1099 2406 1100 2420 ¹

97 2469 140 2502 tis
157 2465 350 2513 hypocritis
366 2467 528 2509 deceptus
552 2472 612 2499 est.

97 2571 140 2602 ad
166 2569 320 2601 Arianos
348 2566 546 2606 inflexerat,
588 2564 692 2598 liuius
725 2564 892 2608 principis
915 2565 1072 2597 animum

98 2620 140 2652 :nl
175 2629 233 2651 eos
265 2618 417 2656 inflexit,
462 2618 542 2661 quia
578 2624 691 2649 custos
723 2615 918 2648 testsnnenti
967 2615 1074 2657 patris

99 2671 224 2702 suerat.
261 2667 368 2713 ldquc
386 2667 538 2712 primum
555 2666 761 2700 Constantio
781 2663 948 2698 exhibuit.
993 2665 1073 2698 Fuit

1100 1798 1101 1806 1
1127 1782 1165 1808 ut
1191 1774 1422 1807 Marcellinus
1446 1774 1541 1808 dicit.

818 2312 989 2345 Successit
1010 2312 1074 2354 igi·
1098 2304 1102 2351 Ῑ

667 2465 716 2496 Λα
737 2464 826 2496 idem
846 2463 905 2495 ille
922 2463 1073 2509 Prcsliy-
1098 2448 1101 2514 l

98 2526 166 2558 ter,
194 2518 253 2562 qui
272 2516 514 2550 Constantiam
533 2528 687 2548 sororem
706 2514 929 2547 Constantini
952 2514 1074 2556 Magni
1099 2515 1101 2586 ἱ

1127 1633 1239 1659 ratum
1258 1626 1354 1659 vicit.
1393 1625 1487 1658 ldem
1506 1632 1621 1668 postea
1639 1625 1851 1657 descendens
1870 1624 1912 1656 ad
1932 1623 2101 1666 Agrippi-

1128 1688 1208 1707 nam
1225 1676 1429 1716 Coloniam,
1456 1675 1578 1717 recipit
1598 1687 1693 1712 eam,
1721 1681 1922 1716 occupatam
1950 1685 1968 1705 a
1990 1672 2103 1705 Fran-

1127 1726 1175 1757 cis
1193 1737 1280 1769 quos
1297 1722 1425 1757 Salios
1445 1725 1643 1762 nominant,
1670 1736 1688 1756 a
1708 1724 1854 1756 ssumine
1870 1720 1967 1755 Sala
1985 1723 2108 1760 dictos,

1596 1773 1641 1805 Ili
1672 1773 1900 1815 Tungrorum
1927 1774 2043 1811 sedes,
2071 1772 2106 1804 id

2037 1821 2106 1854 Po-

1128 1832 1194 1865 est,
1233 1825 1414 1867 regionem
1439 1825 1666 1856 luliacensem
1700 1831 1782 1856 tnnc
1807 1823 1983 1856 tenebant.

1100 1896 1101 1899 =
1127 1882 1195 1907 stea
1226 1882 1257 1907 et
1283 1875 1436 1907 Francos
1457 1874 1638 1907 Attuarios
1663 1874 1766 1913 vicit,
1794 1874 1854 1917 qui
1878 1874 2020 1905 suerunt
2046 1873 2106 1904 ubi

1128 1937 1220 1957 nunc
1240 1924 1408 1958 Leodium
1437 1931 1496 1958 cst.

1234 1991 1369 2025 lntcrea
1404 1990 1634 2023 Constantius
1670 1990 1861 2032 imperator
1896 1989 1985 2021 bella
2029 2001 2107 2021 cum

1127 2043 1296 2076 Sarmatis
1314 2048 1346 2074 et
1362 2041 1478 2074 Persis
1496 2041 1608 2082 gessit.
1664 2041 1756 2072 Cum
1772 2046 1888 2072 autem
1908 2039 2108 2078 audivisset,

1130 2093 1304 2126 lulianum
1324 2093 1569 2135 imperatorem
1589 2098 1621 2123 et
1639 2089 1837 2132 Augustum
1864 2089 1952 2130 dici,
1978 2096 2011 2122 ct
2028 2101 2106 2121 cum

1099 2159 1100 2173 ÷
1127 2144 1278 2176 exercitu
1303 2144 1345 2175 ad
1371 2142 1578 2187 Byzantium
1604 2142 1787 2177 act-edere,
1821 2140 1943 2172 relicto
1967 2138 2106 2172 Persico

1128 2194 1221 2226 bello
1240 2194 1428 2226 exercitum
1450 2199 1668 2225 contraeunt
1687 2191 1799 2224 duxit.
1850 2190 1918 2223 Sed
1938 2190 1972 2221 in
1992 2190 2107 2223 reditu

1127 2245 1161 2276 in
1173 2245 1296 2276 Cilicia
1312 2245 1406 2276 febre
1424 2243 1580 2275 exinctus
1597 2249 1660 2281 est,
1675 2253 1769 2273 auno
1788 2240 1925 2284 imperii
1943 2240 2106 2273 vicesimo

1127 2302 1270 2340 quarto,
1297 2294 1419 2327 aetatis
1437 2292 1705 2337 quadragesimo
1724 2290 1851 2334 primo.

1231 2362 1304 2404 lpse
1329 2360 1503 2397 narravit,
1529 2370 1565 2391 se
1588 2359 1737 2401 speciem
1754 2369 1859 2401 quam
1877 2365 1976 2390 autea
1998 2358 2033 2389 in
2052 2369 2106 2390 se—

1126 2412 1252 2444 cundis
1287 2412 1392 2443 rubus
1430 2421 1530 2452 saepe
1560 2409 1684 2441 laetam
1715 2408 1855 2440 vidisset
1869 2434 1877 2445 ,
1915 2414 1997 2440 tunc
2028 2420 2104 2440 cuin

1127 2468 1340 2505 aegrotaret,
1374 2460 1501 2494 vidisse
1525 2465 1711 2498 moestam,
1746 2465 1777 2491 et
1796 2458 1927 2499 lugenti
1944 2458 2106 2492 similent.

1127 2514 1205 2555 Qua
1232 2514 1274 2544 de.
1300 2524 1337 2544 re
1369 2511 1497 2543 eruditi
1531 2510 1774 2552 disputarunt,
1816 2509 1922 2540 fuisse
1947 2508 2102 2541 (leniunt

1128 2564 1249 2607 ipsius,
1265 2562 1325 2607 qui
1343 2561 1467 2594 solitus
1484 2560 1588 2593 suerit
1607 2560 1719 2603 ipsum
1735 2559 1910 2590 comitari:
1940 2565 1970 2590 et
1991 2559 2100 2590 ritan-

1127 2613 1316 2648 turGrat-ci
1335 2623 1467 2644 versus:
1487 2609 1643 2644 ‘Anam
1660 2608 1807 2653 Saltum*
1825 2607 1932 2651 duty}
1954 2611 2002 2652 '‘s'
2017 2620 2101 2652 yet*—

1129 2662 1281 2709 ιάῃιέινῳ
1300 2662 1481 2699 ‘'Anmwog
1504 2659 1579 2695 ἐστὶ
1603 2658 1851 2706 Α[ιυσιαγιυγὸς
1878 2661 1939 2692 1017
1956 2656 2053 2700 βίυικ
