2324 2955
107 111 130 145 9
634 108 792 146 DECL.
835 108 908 146 DE
942 108 1250 145 CALUMNIA
1286 110 1585 151 OSIANDRI.

104 193 153 229 Et
174 206 265 228 unus
283 195 337 227 vir
358 207 429 228 non
455 195 551 229 videt
574 194 704 230 omnia.
758 194 880 228 Minus
904 205 1021 228 severe
1043 195 1087 227 de

104 246 234 280 nostris
263 246 533 289 cogitationibus
563 245 776 287 iudicamus,
813 252 846 279 et
874 245 976 278 nobis
1001 245 1085 289 ipsis

103 296 319 331 blandimur.
372 296 491 338 Quare
509 296 634 329 melius
654 303 702 329 est
724 307 788 329 nos
806 296 1003 329 diffidentes
1019 307 1086 328 no-

103 347 184 380 stris
203 346 358 385 iudiciis,
385 347 537 380 aliorum
562 347 755 390 peritorum
777 346 921 379 consilia
946 357 1085 391 quoque

102 397 235 430 audire.
288 396 495 430 Traduntur
516 409 596 440 ergo
619 395 702 430 haec
724 404 903 440 praecepta
925 397 962 428 in
980 396 1085 441 Syra-

103 448 178 480 cide
195 459 268 491 cap.
283 446 335 482 6.:
372 447 408 481 Si
439 448 589 481 libenter
611 448 750 487 audies,
777 447 922 490 accipies
946 447 1085 491 sapien-

101 497 198 532 tiam.
249 497 289 532 In
320 498 545 531 multitudine
566 498 752 531 Seniorum
774 497 972 537 consistito,
1006 504 1038 530 et
1056 497 1083 529 si

101 547 180 592 quis
199 554 248 581 est
264 549 419 592 sapiens,
447 549 478 580 ei
493 555 524 581 te
540 548 730 590 adiungito.
766 547 804 580 Si
823 547 952 580 videris
968 547 1082 579 virum

98 597 374 641 intelligentem,
397 610 498 631 mane
524 598 663 632 festines
682 598 724 630 ad
748 609 845 636 eum,
873 604 906 631 et
929 598 1014 630 fiant
1031 604 1083 631 at—

99 649 174 682 triti
194 649 322 692 gradus
343 649 465 681 ianuae
482 649 557 681 eius
582 648 650 681 tuis
669 648 832 691 vestigiis.
884 646 935 680 Ac
954 647 1083 680 Paulus

98 699 280 732 manifeste
297 698 428 744 inquit:
456 698 494 732 Si
510 699 615 732 suerit
635 699 769 732 sedenti
794 699 1002 736 revelatum,
1030 704 1081 730 ta-

97 756 172 782 ceat
191 749 297 793 prior.
349 747 394 782 Et
413 749 487 783 vult
505 747 718 793 Episcopum
735 761 807 782 non
822 760 892 782 esse
916 745 1078 793 αὐθάδη.

97 798 192 833 Haec
218 799 334 832 omnia
361 799 539 833 verissime
564 806 763 842 congruunt
783 811 861 832 cum
883 797 947 832 hac
964 806 1080 832 nostra

98 850 442 891 commonefactione‚
469 862 556 895 qnae
575 851 767 883 deliberare
784 862 862 882 cum
879 849 955 882 aliis
972 850 1080 890 iubet,

96 912 170 933 non
195 900 291 934 iubet
309 913 380 934 esse
403 899 535 947 κωφὸν
557 898 773 947 πρόσωπον,
802 906 835 933 et
859 900 1007 944 pedibus
1030 900 1079 932 ire

95 951 134 983 in
160 951 309 984 alienam
333 952 558 991 sententiam,
586 959 624 985 ut
649 950 732 985 haec
758 952 953 984 accumulat
973 949 1078 984 homo

95 1009 128 1036 et
146 999 318 1046 αὐθάδης
334 1009 366 1036 et
381 1014 501 1036 amans
518 1003 774 1036 calumniarum
796 1003 859 1036 iste
877 1002 999 1036 Cleon.

195 1051 340 1094 lubent,
374 1053 508 1098 inquit,
538 1055 733 1086 deliberare
758 1065 836 1086 cum
860 1054 957 1094 aliis,
996 1064 1075 1095 ergo

94 1110 223 1145 cogunt
254 1104 331 1136 aliis
366 1105 546 1139 adsentiri.
600 1104 675 1138 Hoc
710 1104 830 1138 attexit
865 1105 1078 1137 calumniose

93 1151 195 1199 παρὰ
211 1151 252 1187 τὸ
270 1151 459 1198 ἑπόλιιενον,
488 1162 526 1188 ut
542 1155 609 1188 alia
624 1154 743 1189 multa.
796 1154 866 1187 Nec
889 1155 1077 1197 cogitemus

93 1205 197 1237 nobis
222 1205 388 1238 adsentiri
416 1218 634 1250 quenquam,
673 1217 737 1238 nec
761 1203 816 1238 his
838 1206 1077 1245 adversamur,

91 1254 153 1299 qui
173 1255 370 1288 testimonia
385 1255 537 1299 Spiritus
554 1257 663 1289 sancti
681 1254 829 1295 habent,
853 1256 911 1288 sed
931 1256 966 1288 in
986 1256 1075 1288 iudi-

93 1306 204 1338 cando
223 1306 450 1347 diligentiam,
474 1306 721 1346 contationem,
747 1306 964 1346 modestiam,
986 1307 1075 1338 addo

92 1355 196 1387 etiam
214 1356 506 1388 consociationem
525 1356 732 1398 flagitamus.
779 1355 951 1388 Nolumus
969 1357 1075 1388 auda-

92 1405 142 1436 cia
160 1411 193 1437 et
217 1402 404 1438 αὐθαδεία
422 1405 600 1439 iuniorum
618 1406 726 1438 deleri
743 1404 918 1438 Ecclesiae
936 1406 1076 1446 iudicia,

90 1454 128 1486 in
152 1466 218 1498 qua
243 1454 345 1488 etiam
366 1468 442 1487 cum
465 1456 529 1487 uni
556 1455 660 1488 aiicui
685 1457 722 1489 fit
749 1456 932 1495 revelatio,
959 1464 1074 1489 tamen

89 1506 258 1538 accedunt
284 1505 499 1545 testimonia,
535 1506 662 1550 quibus
689 1507 876 1539 flectuntur
900 1506 1009 1551 aliqui
1031 1508 1072 1540 ad

89 1555 304 1598 agnitionem
321 1555 495 1598 veritatis,
524 1568 566 1589 ne
585 1557 698 1590 desint
718 1557 972 1599 suffragatores,

193 1604 248 1638 An
273 1606 376 1638 talem
393 1607 468 1640 vult
490 1618 562 1639 esse
585 1605 776 1640 Ecclesiam
801 1607 863 1639 iste
880 1606 1009 1648 Cleon,
1036 1615 1075 1641 ut

87 1657 251 1689 describit
268 1655 408 1690 Silenus
422 1656 592 1702 Cyclopas
618 1657 867 1702 interrogatus,
896 1658 1009 1703 qualis
1030 1658 1075 1691 sit

88 1707 311 1750 gubernatio,
339 1719 417 1741 cnm
438 1708 502 1741 ait:

235 1754 383 1795 νομάδες,
403 1754 506 1786 ἀκούει
529 1755 628 1791 oddag
651 1754 738 1786 οὐδὲν
762 1755 894 1792 οὐδενός.

86 1807 124 1842 Si
141 1807 219 1853 quis
241 1808 344 1841 talem
359 1808 601 1841 confusionem
622 1815 734 1849 amat,
760 1809 888 1851 cogitet
904 1809 1073 1853 scriptum

86 1869 174 1899 esse,
207 1857 303 1891 Deus
333 1871 404 1892 non
431 1865 480 1891 est
509 1865 611 1892 antor
640 1856 922 1897 ἀκαταστασίας.
988 1859 1071 1892 Item

87 1909 205 1942 omnia
233 1910 357 1942 decore
381 1916 414 1943 et
437 1909 563 1942 ordine
585 1909 678 1942 fiant.
731 1909 847 1952 Quam
871 1910 981 1943 multa
1002 1910 1070 1943 dici

85 1966 225 2004 possent
240 1960 282 1992 de
300 1959 442 1992 vitanda
465 1958 726 2004 praecipitantia
752 1960 789 1992 in
807 1960 1013 2001 indicando,
1040 1968 1072 1995 et

86 2011 129 2042 de
147 2010 296 2043 utilitate
314 2010 609 2043 deliberationum
629 2023 705 2043 cum
723 2010 811 2050 aliis,
837 2011 864 2043 si
881 2023 968 2054 opus
986 2019 1071 2044 esset

85 2060 244 2100 longiore
263 2060 431 2095 oratione.
495 2060 563 2093 Sed
590 2061 624 2093 in
649 2073 685 2093 re
708 2062 889 2095 manifesta
915 2074 986 2094 non
1011 2075 1069 2094 ero

84 2110 264 2154 prolixior.
318 2109 471 2143 Tantum
491 2109 556 2143 lioc
574 2119 669 2154 peto,
694 2119 732 2144 nt
750 2109 842 2144 hunc
867 2113 1071 2155 praestigia-

85 2169 192 2195 torem
212 2161 354 2204 propius
373 2162 610 2199 consideretis,
639 2174 676 2194 ac
695 2163 954 2204 perversitatem
974 2165 1070 2196 dete—

83 2211 241 2251 stemini,
269 2223 335 2256 qna
359 2219 480 2244 contra
500 2212 746 2245 conscientiam
765 2225 862 2245 snam
883 2211 1069 2256 sophistice

81 2263 247 2306 depravat
266 2274 396 2294 morem
417 2262 473 2305 pio
492 2270 523 2295 et
541 2262 618 2295 utili
636 2263 782 2295 consilio
803 2263 1012 2304 institutum,
1037 2271 1069 2297 et

82 2313 202 2346 multis
221 2312 303 2344 viris
326 2313 467 2356 optimis
491 2313 696 2356 probatum,
730 2325 880 2356 qnorum
907 2315 1068 2348 salutaris

82 2369 131 2396 est
157 2363 363 2405 gubernatio
394 2364 520 2407 passim
548 2364 582 2395 in
610 2362 774 2396 Ecclesiis
800 2372 831 2398 et
858 2362 1067 2400 Aradi-iniis.

82 2413 119 2447 Si
144 2413 254 2446 voluit
279 2425 349 2446 esse
373 2420 423 2447 tot
446 2412 680 2447 Ecclesiarnm
708 2425 851 2453 censor,
884 2417 1065 2447 candidio-

81 2475 153 2496 rem
171 2464 326 2496 animum
343 2465 383 2495 ad
402 2464 488 2496 alios
505 2466 681 2496 docendos
698 2465 831 2496 adferre
848 2466 981 2505 debuit,
1007 2468 1064 2498 scd

80 2520 242 2546 naturam
265 2526 361 2546 suam
387 2515 518 2558 pingit,
555 2527 631 2547 cnm
651 2516 735 2546 adeo
756 2526 854 2558 saepe
879 2529 914 2547 ea
936 2528 1023 2560 quae
1047 2528 1065 2549 a

81 2565 181 2596 nobis
206 2571 295 2597 recte
320 2564 409 2597 dicta
439 2573 497 2598 aut
522 2572 593 2598 acta
619 2572 716 2602 sunt,
751 2566 1008 2607 suspicionibus
1033 2573 1065 2599 et

79 2615 263 2647 calumniis
290 2615 396 2648 flectit
426 2616 460 2648 in
483 2616 653 2655 deterius,
688 2615 954 2648 malevolentiae
984 2629 1064 2649 suae

79 2677 210 2697 morem
228 2678 358 2708 gerens.

2079 122 2126 156 10

1239 194 1363 230 Astute
1385 206 1497 232 autem
1523 197 1700 235 Osiander
1724 203 1767 236 de
1793 204 2006 247 obligatione
2030 212 2062 239 et
2078 207 2122 239 de

1138 246 1305 280 servitute
1323 247 1427 280 initio
1442 257 1604 293 quaestus
1621 259 1689 295 est,
1716 254 1797 298 quia
1822 253 1911 288 hanc
1927 256 2122 289 orationem

1137 296 1201 329 scit
1225 297 1345 330 multis
1368 305 1499 340 gratam
1524 312 1610 342 esse,
1638 304 1696 335 sed
1717 304 1789 348 ipse
1815 302 1898 338 haec
1923 318 2065 349 paterga
2088 313 2122 339 et

1138 347 1315 390 prooemia
1339 348 1482 381 alterius
1509 361 1642 393 pugnae
1673 365 1743 386 esse
1767 355 1888 390 voluit.
1950 356 2121 389 DiSsensit

1137 410 1154 430 a
1173 396 1475 431 nostrisEcclesiis
1489 411 1561 432 non
1578 403 1682 435 modo
1699 405 1740 436 de
1758 403 1910 445 Insticia,
1937 407 1996 438 sed
2014 407 2119 439 etiam

1137 446 1377 486 deSacriiiciQ
1403 450 1493 482 utin
1511 453 1729 485 sermonibus
1744 456 1813 487 suis
1831 467 1929 499 saepe
1946 457 2121 499 significa-

1136 498 1196 531 vit.
1248 496 1294 531 Et
1318 496 1440 533 habuit
1464 500 1529 532 alia
1553 503 1720 545 quaedam
1743 506 1896 545 somnia,
1924 518 2010 550 qnae
2030 519 2122 539 non-

1136 549 1218 581 dum
1236 549 1392 592 proferre
1409 561 1512 582 ausus
1529 557 1589 585 est.
1628 551 1708 584 ldeo
1725 552 1985 588 Confessionem
1998 555 2122 599 Angu-

1134 606 1269 632 stanam
1298 606 1451 632 evertere
1476 608 1618 634 conatus
1643 609 1701 635 est.
1754 602 1806 636 De
1830 615 1964 638 summa
1990 607 2120 639 doctri-

1135 661 1198 682 nae
1221 649 1353 682 bellum
1377 650 1506 691 movit,
1533 663 1604 683 non
1626 659 1761 685 tantum
1786 654 1828 686 de
1856 655 2019 697 parergi&
2075 656 2120 690 [ἶ

1134 706 1248 733 autem
1268 698 1521 733 Demosthenes
1539 704 1718 745 respondit
1735 702 1912 745 Aeschini,
1939 712 2022 738 tunc
2040 718 2118 738 cnm

1133 749 1291 794 Respub.
1314 757 1393 783 ante
1417 751 1548 783 bellum
1576 753 1696 795 petivit
1724 754 1932 796 consilium,
1959 756 2120 788 debuisse

1134 812 1213 833 eur..
1236 801 1444 834 sententiam
1472 801 1605 842 dicere,
1642 810 1717 846 post
1746 804 1781 836 id
1810 811 1945 848 tempus
1973 806 2119 849 perinde

1133 863 1212 884 eum
1233 851 1361 889 facere,
1387 857 1425 884 ut
1449 852 1530 884 facit
1554 854 1708 886 medicus
1730 855 1914 888 accersitus
1936 857 1977 888 ad
1998 867 2120 899 aegro-

1131 908 1224 940 tum,
1252 914 1331 935 cum
1350 899 1441 934 nihil
1457 902 1553 935 dedit
1570 904 1726 944 consilii,
1753 905 1881 937 deinde
1897 917 2045 950 sequens
2063 907 2120 938 sn-

1131 963 1217 993 nus,
1244 952 1308 986 ait:
1344 951 1383 986 Si
1408 952 1471 985 iste
1490 949 1595 986 homo
1621 951 1686 987 hoc
1713 961 1745 988 et
1770 952 1835 988 hoc
1861 955 2012 997 fecisset,
2047 969 2119 989 non

1131 1010 1219 1038 esset
1237 1010 1406 1039 mortuus.

1230 1068 1282 1105 Ita
1299 1069 1477 1105 Osiander
1494 1078 1576 1107 tunc
1596 1084 1673 1105 cum
1692 1074 1735 1106 de
1752 1074 1968 1107 confessione
1984 1075 2119 1108 delibe-

1130 1121 1282 1155 rationes
1299 1129 1423 1160 essent,
1449 1134 1521 1155 non
1539 1124 1720 1166 proposuit
1736 1136 1815 1156 suas
1832 1126 2030 1166 sententias,
2055 1138 2117 1158 nec

1129 1172 1276 1205 formam
1303 1173 1457 1217 aliquam
1481 1174 1636 1217 scripsit,
1672 1185 1734 1206 nec
1757 1175 1948 1208 scribentes
1971 1176 2118 1208 adiuvit.

1130 1222 1285 1255 Tantum
1310 1230 1348 1256 ut
1369 1223 1429 1255 alii
1446 1223 1588 1267 quidam
1612 1224 1701 1257 ebrii
1719 1225 1755 1257 in
1775 1226 1966 1267 conviviis,
1995 1227 2118 1258 mode-

1130 1273 1238 1306 ratius
1255 1274 1346 1308 dicta
1363 1274 1503 1307 taxavit.

1230 1339 1332 1373 Tunc
1354 1340 1389 1372 in
1413 1340 1560 1375 articulo
1585 1349 1700 1376 tantae
1723 1343 2006 1385 deliberationis,
2042 1357 2114 1378 non

1128 1390 1248 1423 debuit
1271 1388 1445 1424 Ecclesiae
1470 1394 1606 1432 deesse,
1635 1405 1713 1425 cum
1738 1395 1878 1438 quidem
1903 1395 2112 1428 sententiam

1128 1441 1243 1473 dicere
1268 1442 1379 1473 iussus
1403 1449 1503 1491 esset.
1555 1442 1606 1475 Ne
1623 1450 1739 1486 postea
1761 1445 1902 1488 quidem
1922 1456 1955 1476 se
1976 1446 2113 1488 aperuit

1128 1491 1230 1523 annis
1253 1491 1389 1533 viginti.
1442 1492 1545 1524 Nunc
1568 1493 1708 1525 tandem
1734 1505 1772 1526 ex
1799 1494 1903 1537 longo
1928 1495 2114 1527 intervallo

1128 1542 1222 1575 velut
1248 1553 1288 1573 ex
1311 1548 1413 1575 antro
1437 1540 1636 1587 Trophonii
1666 1544 1831 1586 prodiens
1858 1556 1949 1577 nova
1973 1546 2114 1579 oracula

1127 1592 1255 1632 adfert,
1287 1599 1319 1625 et
1347 1592 1528 1625 exorditur
1554 1591 1643 1625 hanc
1670 1605 1768 1627 suam
1798 1593 2070 1642 μυσταγωγίαν
2095 1608 2114 1628 a

1127 1642 1372 1674 criminatione
1394 1641 1632 1676 Ecclesiarum
1655 1651 1871 1685 nostrarum,
1898 1657 1915 1677 a
1934 1646 2115 1678 venenatis

1126 1692 1294 1725 conviciis
1333 1699 1365 1725 et
1404 1693 1601 1727 calumniis.
1661 1692 1705 1727 Et
1742 1700 1858 1727 tamen
1886 1696 1914 1727 si
1946 1696 2115 1739 explicate

1127 1743 1253 1775 diceret
1270 1743 1352 1787 quid
1371 1743 1507 1783 sentiat,
1531 1744 1728 1776 audiendus
1742 1753 1838 1778 esset.
1881 1745 1949 1778 Sed
1967 1746 2044 1779 talis
2064 1753 2114 1779 est

1126 1794 1318 1826 obscuritas
1342 1793 1380 1826 in
1404 1794 1473 1825 illis
1495 1794 1661 1833 oraculis,
1690 1801 1727 1827 ut
1753 1795 1804 1827 illi
1834 1795 1936 1828 etiam
1955 1797 2013 1840 qni
2032 1809 2113 1829 enm

1127 1850 1263 1883 amant,
1299 1843 1497 1877 desiderent
1520 1845 1779 1887 explicationes.
1841 1845 1980 1880 Possem
2004 1847 2113 1879 multa

1125 1894 1311 1932 sciscitari,
1338 1895 1396 1927 sed
1416 1906 1458 1926 ne
1476 1895 1677 1927 saucientur
1693 1908 1792 1928 verae
1817 1903 1967 1936 mentes,
1996 1899 2112 1930 πιῦια

1123 1957 1185 1989 μοι
1204 1943 1365 1988 εὔστομα
1382 1942 1542 1985 κείσθω,
1571 1952 1607 1978 ut
1626 1944 1827 1979 Herodotus
1844 1947 1960 1980 dicere
1978 1947 2076 1981 solet.

1228 2011 1361 2046 lactitat
1391 2024 1425 2045 se
1450 2013 1543 2046 velut
1570 2011 1775 2045 Promethea
1811 2014 1923 2055 ignem
1950 2015 1992 2046 de
2016 2015 2113 2048 coelo

1123 2063 1297 2102 attulisse,
1332 2075 1456 2095 novam
1487 2063 1643 2095 iusticiae
1668 2063 1917 2098 definitionem.
1972 2064 2111 2097 iusticia

1124 2122 1190 2155 cst,
1215 2126 1302 2158 quae
1323 2114 1426 2146 efficit
1444 2120 1480 2146 nt
1499 2114 1584 2146 iusta
1603 2114 1778 2147 faciamus.
1834 2113 1876 2147 Et
1898 2114 1971 2146 eius
1991 2112 2113 2148 ‹let-15-

1123 2162 1356 2211 ραγωνίσῖης
1388 2164 1456 2195 iam
1492 2164 1631 2197 deducit
1659 2176 1723 2195 nos
1751 2165 1792 2196 ad
1825 2163 2111 2202 Iurisconsultus,

1123 2222 1293 2251 monstrat
1311 2221 1459 2246 veterem
1472 2214 1664 2247 Simonidis
1682 2214 1938 2247 definitionem:
1969 2215 2110 2248 iusticia

1122 2273 1171 2300 est
1191 2271 1352 2298 constans
1369 2271 1401 2297 et
1421 2271 1584 2308 perpetua
1603 2265 1763 2297 voluntas
1780 2277 1882 2297 snum
1904 2266 2028 2310 cuique
2047 2266 2111 2298 tri-

1122 2319 1243 2350 buens.
1298 2314 1363 2347 llis
1381 2315 1482 2347 dictis
1498 2326 1580 2346 snus
1601 2315 1694 2347 locus
1713 2326 1794 2347 sane
1813 2315 2004 2355 tribuatur,
2032 2328 2110 2348 cnm

1121 2369 1163 2400 de.
1190 2366 1343 2399 novitate
1369 2377 1427 2397 scu
1459 2366 1500 2397 de
1523 2365 1721 2397 obedientia
1749 2365 1888 2398 dicitnr.
1943 2365 2010 2397 Sed
2038 2379 2108 2398 non

1121 2418 1296 2461 pertinent
1318 2416 1359 2448 ad
1389 2415 1536 2447 dictum:
1569 2413 1743 2447 iustificati
1772 2416 1836 2447 tide
1863 2428 1979 2458 pacem
2002 2414 2110 2448 liabe-

1120 2480 1206 2503 mns.
1262 2466 1301 2499 ln
1328 2478 1409 2498 vero
1433 2477 1543 2506 agone.
1569 2472 1599 2497 ct
1632 2477 1733 2498 sensu
1761 2466 1830 2497 irae
1855 2466 1914 2499 Dei
1945 2478 2015 2498 non
2044 2464 2109 2498 lioc

1120 2520 1337 2562 disputatur,
1370 2527 1413 2548 an
1442 2516 1529 2548 insta
1555 2515 1738 2555 faciamus,
1773 2518 1830 2547 sed
1863 2517 2012 2548 fatcmur
2043 2528 2106 2548 nos

1119 2570 1279 2601 miseram
1299 2572 1330 2598 et
1349 2566 1517 2609 pollutam
1537 2577 1682 2597 massam
1700 2578 1782 2603 esse,
1810 2573 1840 2599 et
1859 2567 1991 2611 quaerit
2011 2579 2109 2598 nwtlS

1117 2619 1294 2664 quomodo
1315 2616 1460 2659 accipiat
1478 2616 1716 2648 remissionom
1738 2623 1968 2659 peccatorum,
1996 2629 2033 2648 ac
2053 2630 2106 2648 rc.-

1115 2668 1408 2703 conciliationem.
1451 2666 1487 2699 ln
1507 2663 1569 2698 ltac
1591 2667 1680 2699 lucta
1703 2667 1878 2700 Mediator
1896 2667 2106 2704 ostenditur,
