2324 2955
188 147 261 181 991

189 230 393 275 sponsiones
431 221 681 258 inconcinnae,
724 223 963 255 coacervatae,
1005 217 1096 251 inter
1129 228 1164 250 se
1215 227 1337 251 rursus
1358 216 1508 249 condere
1528 216 1702 260 templum
1717 215 1898 260 cepissent.

189 280 395 315 dissidentes
419 281 453 306 et
475 272 550 305 sine
573 270 708 304 ordine.
767 267 857 311 Quis
878 267 1015 310 singula
1037 267 1166 300 descri-

189 330 272 364 bat?
323 324 446 358 Talem
467 322 541 354 vidi
567 327 647 354 ante
669 320 778 359 facta,
806 318 945 363 qualem
963 329 1034 351 esse
1051 324 1168 362 postea

190 381 278 412 sacta
308 376 381 419 ipsa
412 373 651 407 ostenderunt.
711 367 789 402 Etsi
817 369 977 402 adessent
1003 368 1064 413 qui
1086 375 1170 401 tunc

192 438 328 461 mecum
350 426 511 463 fuerunt,
539 428 572 455 et
592 422 711 453 eadem
733 418 915 456 viderunt,
940 425 1043 452 testes
1059 424 1171 451 essent

193 476 299 510 huius
328 486 423 508 meae
446 470 679 509 narrationis,
713 469 775 513 qui
797 469 1036 502 meminerunt
1058 468 1173 508 etiam,

193 538 248 560 me
268 525 416 559 edidisse
432 521 523 556 hanc
538 533 674 555 vocem:
702 516 928 566 Quanquam
945 522 1076 561 pestem
1093 514 1174 551 Ro-

195 587 308 609 mana
326 570 542 608 monarchia
561 582 654 604 nunc
671 568 740 603 alit
752 568 770 600 J'

295 625 379 660 Fuit
393 630 509 658 autem
524 620 710 656 Athanasii
726 619 930 653 vaticinium
947 629 1087 658 verum,
1115 616 1176 662 qui

198 689 277 711 cum
298 673 473 709 Ecclesiae
504 673 631 716 passim
662 671 699 703 in
729 681 855 713 magno
881 669 1002 702 dolore
1024 674 1059 701 et
1082 674 1178 701 metu

199 733 330 766 essent,
373 724 462 758 dixit
497 721 592 756 hunc
630 728 819 766 tyrannum
857 716 1071 752 nubeculam
1107 729 1178 750 esse

200 778 269 810 cito
291 775 527 809 transituram.
578 771 749 813 Congruit
772 770 864 803 enim
882 770 992 802 exitus
1010 769 1083 802 eius
1100 779 1179 801 cum

200 826 326 859 Psalm.
345 822 421 858 55.:
451 822 529 855 Viri
552 822 762 864 sanguinum
787 826 821 853 et
847 819 960 852 dolosi
982 830 1055 852 non
1075 818 1181 852 attin-

201 883 282 919 gent
314 873 503 908 dimidium
536 872 671 905 dierum
705 881 860 904 suorum.
933 867 1182 902 Cumulaverat

201 926 346 965 scelera,
373 924 504 957 cultum
522 922 716 961 idolorum,
743 917 998 963 blasphemias,
1021 919 1182 961 magiam,

202 975 385 1009 saeviciam
405 984 485 1016 erga
495 970 732 1010 Christianos,
757 969 965 1003 seditionem
980 975 1100 1002 contra
1115 968 1183 1000 im-

201 1031 409 1069 peratorem.
468 1022 681 1065 Quanquam
704 1019 810 1062 igitur
832 1026 932 1052 antea
955 1030 1033 1051 cnm
1057 1017 1183 1051 Caesar

204 1082 309 1115 esset,
334 1072 505 1106 foeliciter
527 1076 737 1114 represserat
753 1069 942 1101 Alemanos
962 1074 992 1100 et
1010 1066 1182 1100 Francos:

204 1132 321 1158 tamen
353 1123 446 1156 solus
476 1120 624 1164 imperio
656 1118 787 1162 potitus
818 1117 885 1149 cito
914 1117 1027 1160 periit.
1094 1115 1184 1149 Nam

204 1175 338 1208 bellum
362 1183 483 1215 gerens
507 1183 584 1203 cum
609 1169 741 1208 Persis,
776 1168 813 1199 in
837 1167 969 1210 praelio
995 1166 1122 1199 vulnus
1148 1165 1185 1197 in

206 1231 303 1266 epate
323 1222 454 1266 accepit
478 1233 495 1254 a
519 1219 646 1257 milite,
679 1218 739 1263 qui
762 1217 839 1262 quis
862 1217 986 1257 suerit,
1019 1216 1185 1250 nescitur.

205 1273 352 1307 Relatus
376 1272 413 1304 in
438 1278 546 1304 castra
566 1269 770 1311 sanguinem
789 1278 871 1300 cava
889 1278 996 1299 manu
1012 1266 1186 1309 excipiens

206 1334 343 1356 sursum
358 1321 498 1366 sparsit,
525 1319 691 1352 clamans:
720 1317 844 1350 Vicisti
861 1317 1000 1349 tandem
1019 1316 1186 1349 Galilaea.

206 1373 281 1406 Hac
297 1384 379 1405 voce
396 1371 531 1410 emissa,
559 1381 626 1414 qua
642 1366 771 1402 fatetur
787 1367 930 1410 impiam
948 1377 1044 1400 suam
1058 1367 1187 1399 volun-

207 1430 332 1462 tatem,
359 1428 392 1455 et
414 1419 568 1455 ostendit
593 1419 768 1462 ingentem
796 1417 975 1450 fremitum
999 1423 1031 1450 et
1045 1428 1187 1450 sensum

209 1484 418 1517 poenarum,
453 1470 624 1504 extinctus
653 1475 722 1509 est,
756 1479 850 1501 anno
882 1466 1003 1500 aetatis
1029 1478 1110 1500 suae
1134 1479 1187 1500 se-

209 1523 324 1556 cundo
344 1528 376 1555 et
392 1521 578 1555 tricesimo.

308 1571 460 1605 Narrant
477 1569 667 1615 Didymum
684 1568 965 1601 Alexandrinum
988 1567 1025 1601 in
1051 1567 1188 1600 somnio

210 1623 337 1655 vidisse
360 1621 526 1655 candidos
553 1631 681 1663 equos,
709 1626 742 1652 et
763 1618 799 1650 in
823 1616 877 1651 his
899 1618 1033 1663 equites
1055 1618 1187 1650 dicere:

208 1672 353 1705 Narrate
373 1670 545 1716 Didymo,
574 1667 638 1702 hac
663 1667 748 1701 hora
765 1668 942 1702 Iulianum
968 1668 1188 1700 intersectum

210 1734 292 1757 esse.

312 1770 383 1803 lam
420 1770 529 1802 lector
568 1769 736 1810 integram
762 1764 892 1799 Iuliani
920 1763 1102 1800 historiam
1133 1764 1189 1796 in-

211 1827 365 1860 tueatur,
394 1830 482 1863 quae
500 1818 622 1861 exiguo
641 1825 794 1861 tempore
811 1816 963 1858 insignes
979 1815 1189 1848 mutationes

210 1869 345 1904 habuit.
406 1868 584 1901 Decennio
617 1879 695 1900 cnm
727 1867 858 1908 collega
883 1872 969 1898 esset
992 1863 1188 1898 Constantii

210 1921 247 1952 in
273 1919 374 1953 bellis
396 1918 558 1961 legitimis
582 1918 746 1950 adversus
765 1914 956 1948 Alemanos
974 1922 1006 1948 et
1023 1914 1189 1955 Francos,

210 1970 278 2004 fuit
302 1968 417 2004 foelix.
470 1967 591 2001 Postea
614 1967 724 1999 movit
742 1965 969 2005 seditionem,
993 1972 1026 1998 et
1041 1976 1190 2008 occupa-

211 2021 260 2053 vit
285 2018 481 2053 Constantii
511 2017 740 2062 provinciam.
808 2013 976 2049 Ostendit
999 2027 1033 2048 se
1055 2012 1188 2048 hostem

214 2081 284 2103 esse
314 2067 465 2109 Christi,
504 2067 687 2101 saeviciam
721 2065 873 2099 exercuit
905 2065 942 2097 in
970 2063 1191 2098 Christianos

216 2119 329 2163 gladio
342 2146 350 2160 ,
378 2119 467 2164 stylo
486 2125 518 2152 ct
537 2118 642 2150 variis
660 2114 813 2154 technis,
841 2116 1016 2149 bonorum
1033 2121 1065 2148 et
1082 2117 1191 2149 facul-

216 2176 324 2202 tatum
362 2169 556 2213 ereptione,
599 2175 631 2201 et
668 2166 820 2200 incitatis
854 2165 1003 2201 Iudaeis.
1072 2165 1190 2199 Palam

217 2220 319 2252 etiam
343 2219 495 2252 exercuit
522 2218 673 2260 magicas
696 2224 798 2253 artes,
857 2215 953 2250 Haec
975 2215 1104 2250 scelera
1127 2217 1192 2251 tri-

216 2270 276 2302 stis
293 2270 402 2304 exitus
420 2270 486 2302 cito
505 2274 671 2313 sequutus
689 2274 750 2302 est.

478 2400 529 2430 De
555 2404 700 2440 templo
728 2398 936 2439 Delphico.

319 2471 549 2507 Utilissimum
567 2480 615 2506 est
631 2480 745 2507 autem
764 2471 800 2504 in
819 2469 964 2505 historia
984 2469 1111 2505 Iuliani
1127 2469 1192 2505 hoc

218 2524 457 2561 considerare,
485 2524 575 2566 quod
597 2522 688 2555 Deus
713 2523 849 2555 (luobus
868 2521 1065 2555 illustribus
1086 2522 1192 2555 mira-

219 2574 303 2607 culis
334 2573 501 2611 ostendit,
535 2574 652 2603 eodem
687 2580 862 2615 tempore,
895 2583 992 2604 suam
1022 2573 1108 2605 iram
1131 2574 1193 2606 ad-

221 2634 337 2656 versus
357 2622 499 2655 ludaeos
517 2629 547 2654 et
566 2619 743 2654 Ethnicos.
794 2621 875 2655 Dixi
900 2628 1001 2655 antea
1026 2623 1111 2667 quid
1135 2635 1191 2656 ac—

220 2675 339 2707 ciderit
350 2672 485 2707 Iudaeis
501 2684 577 2705 cum
590 2670 819 2715 lerosotymae
833 2673 1042 2706 concedente
1053 2672 1190 2706 Iuliano
1216 2696 1217 2699 =

436 135 644 176 SCRIPTA
671 133 749 170 PH.
776 90 892 168 lllEL.
922 130 988 166 AD
1016 131 1142 168 HIST.
1170 129 1312 167 PROF.
1339 128 1405 166 ET
1431 128 1621 167 PHlLOS.
1649 128 1968 167 SPECTANTIA.

2122 131 2197 166 992

1967 215 2200 250 Terraemotu

1218 267 1379 301 disiectae
1403 272 1486 300 sunt
1507 266 1635 307 moles,
1668 273 1701 300 et
1723 267 1879 311 absorpti
1901 266 2005 300 multi
2026 264 2200 306 homines,

1220 324 1252 351 et
1275 328 1354 361 pars
1380 327 1525 360 operum
1548 323 1581 349 et
1605 314 1848 351 machinarum
1867 323 1902 351 et
1918 316 2022 351 multi
2039 314 2200 350 homines

1221 366 1430 403 fulminibus
1446 366 1581 400 accensi
1597 366 1787 410 perierunt.

1324 423 1459 459 Eodem
1484 432 1641 469 tempore
1661 424 1696 457 in
1717 424 1785 457 alia
1803 425 1899 459 orbis
1915 431 2088 460 terrarum
2106 433 2202 469 parte

1225 473 1439 520 Delphicum
1462 476 1652 520 templum,
1680 475 1775 519 quod
1790 472 1953 508 Ethnicis
1976 476 2203 520 praecipuum

1225 526 1309 565 suit,
1336 525 1524 567 divinitus,
1549 537 1622 559 non
1639 523 1824 558 hominum
1841 525 2022 564 manibus,
2050 527 2204 560 deletum

1228 583 1277 610 est
1299 581 1511 611 terraemotu
1533 582 1566 609 et
1589 575 1816 613 fulminibus,
1844 586 1922 608 cum
1940 574 2098 608 Iulianus
2113 576 2207 618 lega-

1229 635 1281 661 tos
1314 638 1354 659 eo
1384 626 1552 666 misisset,
1586 625 1866 668 interrogaturos
1892 626 1951 658 de·r
1971 633 2097 660 eventu
2122 626 2207 659 belli

1230 676 1371 711 Persici.
1423 675 1534 719 Saepe
1552 681 1653 708 antea
1669 675 1844 719 direptum
1856 702 1866 717 ,
1893 682 1926 708 et
1942 675 2127 720 aliquoties
2145 676 2210 709 de·-

1231 728 1339 761 letum
1372 732 1423 760 est
1444 723 1657 769 Delphicum
1687 727 1879 770 templum,
1913 726 1969 759 sed
2004 737 2124 759 rursus
2151 737 2208 759 ex-

1232 784 1384 811 tructum
1410 783 1443 809 et
1467 782 1642 809 ornatum.
1711 773 1760 809 At
1780 782 1859 820 post
1881 773 1971 809 hanc
1994 776 2210 809 eversionem

1233 827 1403 861 divinitus
1426 827 1572 867 factam,
1598 824 1730 859 Iuliani
1747 833 1923 871 tempore,
1949 837 2131 871 nunquam
2151 826 2211 859 de-

1234 878 1350 921 inceps
1368 877 1600 910 instauratum
1617 882 1678 910 est.

1335 934 1447 968 Primi
1472 941 1680 974 narrantur,
1727 930 1902 978 Phlegyae
1925 933 1986 978 qui
2008 933 2150 967 fuerunt
2175 932 2214 965 in

1235 983 1417 1018 Thessalia
1444 982 1621 1027 lapithae,
1645 983 1874 1016 combussisse
1889 980 2101 1027 Delphicum
2127 990 2216 1017 tem-

1236 1035 1345 1076 plum.
1410 1032 1548 1066 Deinde
1578 1040 1693 1076 partes
1725 1033 1876 1077 aliquas,
1917 1032 2043 1065 Xerxis
2076 1033 2215 1068 milites,

1236 1083 1319 1117 Post
1347 1081 1442 1115 hunc
1467 1080 1665 1115 Phocenses
1696 1081 1781 1124 ipsi,
1813 1082 1940 1114 deinde
1962 1082 2097 1115 Brenni
2120 1094 2216 1116 exer-

1237 1133 1326 1166 citus
1350 1132 1519 1165 accendit.
1570 1130 1691 1164 Toties
1712 1131 1982 1165 instaurationes
1999 1132 2108 1165 factae
2123 1140 2214 1167 sunt.

1237 1183 1284 1215 At
1301 1189 1380 1226 post
1397 1181 1573 1215 lulianum
1592 1182 1689 1214 nulla
1707 1181 1794 1214 facta
1811 1188 1860 1215 est
1876 1181 2094 1215 instauratio.

1341 1239 1479 1272 Horum
1505 1239 1656 1272 duorum
1680 1238 1892 1282 templorum
1916 1238 2049 1272 Iudaici
2075 1246 2107 1273 et
2132 1238 2218 1273 Del-

1238 1288 1334 1335 phici
1358 1289 1490 1322 eversio
1515 1288 1685 1322 divinitus
1703 1289 1793 1322 facta
1811 1289 1933 1321 eodem
1951 1296 2107 1333 tempore
2121 1290 2219 1323 inso-

1238 1340 1384 1374 lentiam
1411 1338 1619 1372 Iudaeornm
1644 1345 1676 1372 et
1700 1336 1936 1372 Ethnicorum
1959 1340 2059 1373 valde
2084 1351 2220 1384 repres-

1240 1391 1295 1432 sit,
1322 1398 1355 1424 et
1368 1390 1444 1434 pios
1461 1389 1689 1422 confirmavit.
1740 1387 1836 1421 Haec
1847 1389 2016 1424 miracula
2034 1389 2072 1423 in
2091 1389 2220 1424 Iuliani

1240 1439 1387 1474 historia
1404 1440 1624 1474 considerare
1641 1439 1744 1472 valde
1761 1439 1915 1484 prodest.

1291 1564 1397 1600 Anno
1418 1566 1544 1599 mundi
1568 1570 1691 1609 quater
1706 1564 1894 1597 millesimo
1909 1565 2151 1600 trecentesimo
2169 1568 2222 1600 vi·

1444 1615 1571 1648 cesimo
1591 1625 1699 1649 nono.

1291 1664 1398 1698 Anno
1419 1664 1553 1698 Romae
1583 1663 1770 1696 millesimo
1799 1663 1988 1696 centesimo
2012 1665 2147 1700 decimo
2169 1678 2222 1701 se-

1452 1714 1572 1756 ptimo.

1292 1762 1398 1797 Anno
1415 1760 1548 1796 Christi
1563 1761 1808 1795 trecentesimo
1825 1763 2035 1806 sexagesimo
2051 1767 2210 1810 septimo.

1590 1838 1884 1871 Iovinianus.

1343 1911 1565 1947 Iovinianus
1589 1912 1742 1946 militum
1764 1912 1938 1956 suffragiis
1959 1913 2069 1948 factus
2086 1923 2137 1950 est
2154 1917 2223 1950 im-

1243 1971 1393 2010 perator.
1447 1962 1543 1996 Vixit
1565 1963 1602 1995 in
1628 1962 1776 2006 imperio
1799 1969 1930 2007 septem
1952 1975 2097 1999 menses.
2149 1965 2224 2001 No-

1243 2022 1298 2049 tus
1322 2015 1415 2048 enim
1440 2013 1507 2047 suit
1528 2013 1718 2054 militibus,
1745 2019 1778 2046 et
1797 2013 1878 2058 quia
1896 2014 2022 2048 ductor
2037 2016 2150 2052 fuerat
2165 2029 2223 2051 or-

1244 2065 1338 2100 dinis
1364 2063 1654 2104 domesticorum‚
1696 2070 1728 2096 et
1753 2064 1835 2108 quia
1858 2070 1957 2108 pater
1980 2064 2223 2102 Varronianus

1245 2117 1358 2150 clarus
1382 2114 1467 2155 fuit,
1495 2113 1555 2158 qui
1571 2113 1639 2147 fuit
1654 2113 1899 2154 Pannonicus,
1927 2127 2041 2149 comes
2056 2117 2223 2151 ordinum

1245 2166 1318 2209 agri
1336 2164 1626 2208 Singidunensis,
1653 2163 1714 2209 qui
1737 2176 1808 2197 non
1834 2165 1956 2208 procul
1981 2166 2077 2201 abest
2092 2167 2141 2200 'ab
2156 2165 2223 2201 Ul-

1245 2217 1302 2261 pia
1319 2216 1494 2255 Traiana,
1521 2226 1608 2259 quae
1622 2212 1865 2248 nuncCorona
1881 2214 2095 2252 nominatur.
2148 2216 2223 2250 Ini—

1246 2268 1295 2300 tio
1321 2266 1494 2310 professus
1519 2271 1620 2298 estse
1636 2262 1876 2298 Christianum
1894 2276 1984 2305 esse,
2011 2272 2042 2299 et
2061 2267 2222 2311 amplecti

1245 2317 1412 2350 Nicenam
1424 2315 1620 2361 Synodum.
1672 2314 1796 2348 Pacem
1813 2315 1891 2348 fecit
1904 2326 1980 2347 cum
1991 2314 2116 2358 Persis,
2142 2319 2223 2351 red-

1247 2368 1318 2401 dita
1350 2366 1432 2411 ipsis
1459 2365 1725 2409 Mesopotamia.
1795 2364 1866 2407 Qui
1888 2376 1965 2397 cum
1991 2366 2091 2400 sciret
2112 2367 2222 2412 impe-

1246 2418 1338 2451 rium
1370 2429 1388 2450 a
1414 2415 1551 2449 Iuliano
1580 2416 1758 2449 turbatum
1782 2425 1871 2453 esse,
1904 2415 2078 2461 redire-in
2100 2415 2221 2450 Asiam

1246 2468 1437 2511 cogitabat,
1471 2472 1511 2499 ut
1540 2465 1827 2510 tranquillitatem
1849 2462 2016 2498 Ecclesiis
2045 2472 2078 2499 et
2102 2468 2222 2501 multis

1246 2518 1408 2561 gentibus
1431 2516 1636 2549 restitueret.
1696 2514 1798 2547 Iussit
1820 2515 1976 2548 revocari
1999 2516 2133 2556 exules,
2161 2519 2221 2562 qui

1245 2568 1336 2612 pulsi
1359 2573 1456 2600 erant
1480 2572 1622 2609 propter
1646 2576 1761 2597 veram
1787 2565 2049 2608 professionem.
2115 2567 2221 2601 Man-

1244 2619 1339 2652 davit
1356 2616 1519 2651 Ecclesiis
1542 2614 1675 2648 restitui
1697 2621 1829 2658 partem
1847 2615 2042 2657 redituum,
2068 2629 2154 2662 quos
2172 2618 2220 2651 eis

1242 2667 1399 2702 Iulianus
1421 2668 1618 2706 ademerat,
1643 2676 1681 2698 ac
1702 2671 1844 2699 testatus
1865 2672 1914 2699 est
1937 2673 2081 2711 propter
2095 2668 2219 2701 famem
