2324 2955
208 104 280 139 705

309 184 402 220 Ilaec
419 181 557 216 collatio
575 178 661 211 iuris
677 175 832 211 Romani
852 186 928 209 cum
940 174 1097 208 Mosaico
1114 186 1187 208 non

208 246 258 273 est
282 233 434 272 inutilis3
473 236 575 273 auget
596 228 689 261 enim
712 226 919 270 dignitatem
943 232 977 259 et
1000 225 1063 259 alit
1083 237 1187 258 reve—

208 288 355 323 rentiam
376 280 609 326 praesentium
627 279 756 319 legum,

308 332 509 368 Insaniebat
525 330 632 372 igitur
643 323 940 366 Carolostadius,
967 325 1028 370 qui
1044 331 1188 358 conten-

208 387 329 424 debat,
356 393 410 416 res
433 380 581 414 iudicari
605 385 766 422 oportere
789 389 829 410 ex
853 375 989 421 Moyse.
1041 374 1188 408 Insaniit

208 444 241 470 et
265 429 496 479 Viglephus,
523 429 584 474 qui
608 428 733 465 sensit,
760 426 888 470 impios
912 426 1051 459 nullum
1074 425 1188 458 domi-

207 487 307 519 nium
326 483 454 516 habere
472 491 583 525 posse.

309 531 460 567 Plinius
483 537 574 564 recte
597 528 701 568 dicit,
728 527 806 560 ideo
830 526 952 558 lunam
978 524 1015 557 in
1040 524 1189 557 coniun-

209 586 325 620 ctione
360 595 432 616 non
461 581 575 620 cerni,
614 579 696 624 quia
730 575 896 610 haustum
927 586 1069 608 omnem
1101 574 1189 607 lueis

209 646 329 670 aversa
356 633 418 666 illo
442 636 595 674 regerat,
628 628 723 662 unde
747 625 884 670 accipit.
942 623 989 658 Et
1010 624 1092 669 quia
1116 635 1189 656 non

209 692 304 720 totus
328 683 424 717 orbis
447 680 572 725 accipit
595 680 735 716 lumen,
768 677 846 710 ideo
872 676 956 709 luna
978 686 1051 708 non
1076 674 1190 717 statim

210 736 346 778 integra
361 738 515 778 apparet.

551 843 677 892 (XII.)
727 845 848 879 Alia.

441 899 541 940 (opp.
564 898 657 930 Basa.
684 897 722 928 T.
739 896 796 927 111.
821 909 851 937 p.
865 890 955 937 334.)

216 979 365 1019 Veritas
392 988 442 1013 est
464 979 531 1013 Dei
554 979 709 1017 donum,
745 983 777 1010 et
800 975 941 1021 quidem
968 973 1193 1017 praecipuum

213 1038 249 1068 in
268 1041 390 1067 natura
408 1029 573 1064 hominis.

314 1077 542 1123 Philosophia
574 1084 624 1111 est
653 1076 797 1114 veritas,
839 1085 947 1117 quare
968 1071 1085 1105 hostes
1106 1068 1194 1118 phi·
1219 1084 1221 1102 ÷

215 1129 405 1178 losoplziae
433 1129 683 1172 belligerantur
706 1136 785 1158 cum
807 1121 882 1156 Deo
909 1129 942 1156 et
965 1134 1044 1155 cum
1069 1128 1195 1179 natura
1219 1124 1221 1162 J

211 1183 412 1218 hominum.
464 1178 553 1212 Nam
577 1183 609 1210 et
630 1176 757 1209 veritas
779 1185 833 1206 res
855 1180 905 1206 est
927 1172 1068 1212 divina,
1102 1177 1135 1204 et
1157 1182 1195 1203 in
1219 1191 1221 1203 ι,

214 1233 339 1279 primis
354 1237 498 1264 naturae
514 1227 700 1261 hominum
714 1224 935 1258 conveniens.

211 1281 213 1283 ’
315 1281 404 1315 Cum
418 1286 533 1313 autem
543 1274 764 1311 Christianos
776 1273 960 1318 praecipue
972 1272 1091 1305 deceat
1103 1272 1196 1304 dona

214 1334 281 1369 Dei
306 1341 433 1365 ornare
456 1336 489 1362 et
512 1337 737 1364 conservare,
772 1325 869 1357 decet
889 1324 993 1357 etiam
1013 1321 1197 1365 praecipue

217 1395 274 1417 eos
298 1377 541 1426 philosophiae
562 1376 732 1411 studium.
783 1372 829 1408 Et
853 1374 996 1417 prodest
1019 1372 1135 1416 aliqua
1156 1383 1197 1404 ex

217 1440 315 1478 parte
345 1426 591 1476 philosophiae
615 1425 767 1469 cognitio
789 1425 831 1458 ad
852 1423 1046 1457 docendam
1070 1429 1104 1456 et
1126 1428 1198 1455 tra-

219 1483 380 1518 ctandam
398 1478 624 1514 christianam
641 1476 848 1511 doctrinam.

320 1527 550 1573 Philosophia
565 1527 602 1560 in
620 1525 742 1572 primis
756 1525 874 1558 videre
888 1523 1001 1563 debet,
1025 1533 1113 1567 quae
1128 1521 1199 1555 sint

221 1590 311 1618 certa
335 1592 422 1626 quae
444 1579 588 1612 incerta.
638 1576 719 1610 Non
737 1582 787 1609 est
804 1574 896 1608 enim
914 1569 1200 1617 philosophicum

222 1634 396 1668 affirmare
418 1630 549 1663 incerta
570 1639 634 1672 pro
653 1626 775 1664 certis,
803 1631 862 1659 aut
879 1624 1050 1657 affirmare
1065 1621 1199 1666 aliquid

581 86 1067 130 DISPUTATIONES
1101 86 1362 124 PHILIPPI
1396 85 1847 130 MELANTHONIS.

2144 96 2216 130 704

1240 180 1360 208 contra
1375 172 1545 207 iudicium
1562 175 1718 211 rationis.
1763 176 1884 221 Itaque
1898 179 2027 213 multae
2043 186 2124 214 sunt
2140 181 2217 224 opi-

1239 225 1364 257 niones
1396 230 1590 266 sectarum,
1622 238 1710 270 quae
1744 225 1834 259 nihil
1864 227 1984 262 minus
2007 237 2089 264 sunt
2112 241 2217 275 quam

1240 271 1475 319 philosophia.

1339 320 1549 356 Academici
1563 336 1634 356 non
1652 333 1742 359 recte
1757 327 1877 361 iubent
1894 327 2032 373 ἐπέχειν
2047 329 2089 361 de
2101 330 2217 362 omni-

1240 375 1306 408 bus
1320 374 1435 414 rebus,
1461 385 1524 407 nec
1538 381 1628 407 recte
1644 375 1833 419 disputant,
1859 379 1977 412 omnia
1991 379 2122 412 incerta
2135 390 2218 414 esse,

1342 421 1459 456 Stoici
1482 436 1555 457 nou
1578 431 1668 458 recte
1691 426 1865 462 affirmant
1890 429 1933 461 de
1954 430 2042 470 fato,
2068 436 2100 462 et
2116 428 2219 462 stulte

1241 474 1369 507 tollunt
1395 474 1668 516 contingentiam
1691 482 1724 508 et
1746 476 1942 512 libertatem
1964 476 2139 512 humanae
2158 489 2219 510 vo-

1241 524 1396 557 luntatis.
1448 521 1496 557 Et
1520 522 1611 557 haud
1638 525 1726 565 scio,
1752 537 1797 558 an
1821 538 1860 559 ex
1879 527 1949 560 illis
1965 527 2082 561 stoicis
2099 528 2220 572 dispu-

1242 574 1434 608 tationibus
1452 574 1615 617 serpserit
1630 574 1667 607 in
1684 573 1876 609 Ecclesiam
1893 577 2082 620 disputatio
2094 604 2104 618 ‚
2132 589 2220 622 quae

1242 624 1335 658 tollit
1367 623 1641 666 contingentiam
1674 632 1707 658 et
1738 625 1935 660 libertatem
1961 624 2134 661 humanae
2159 640 2221 660 vo-

1244 674 1398 708 luntatis.

1345 721 1505 769 Epicuri
1526 724 1698 758 sententia
1722 725 1765 758 de
1788 725 1857 758 fine
1881 725 2058 760 bonorum
2081 738 2154 760 non
2174 734 2223 760 est

1244 772 1504 818 philosophica;
1537 785 1618 807 nam
1651 781 1773 808 contra
1800 781 1963 809 naturam
1982 773 2138 811 hominis
2163 784 2224 817 est,

1246 825 1460 869 voluptatem
1478 824 1585 856 finem
1603 835 1675 857 esse
1690 825 1879 860 bonorum.

1346 873 1575 918 Peripatetica
1600 872 1826 920 philosophia
1848 875 1972 919 purior
1993 883 2044 911 est
2066 875 2143 909 aliis
2170 887 2222 909 se-

1245 925 1321 959 ctis.
1374 923 1455 958 Non
1481 924 1574 956 enim
1601 925 1750 959 affirmat
1773 937 1831 966 ea,
1867 937 2019 970 quorum
2039 927 2129 960 ratio
2151 938 2224 959 non

1245 972 1351 1007 habet
1378 974 1711 1013 demonstrationes,
1745 982 1784 1009 ut
1807 976 1849 1008 de
1874 976 2078 1011 aeternitate
2100 976 2223 1009 mundi

1247 1030 1281 1057 et
1299 1023 1378 1056 aliis
1393 1023 1587 1056 nonnullis.

1348 1071 1429 1105 Non
1453 1080 1556 1114 negat
1578 1070 1789 1105 Aristoteles
1815 1074 2093 1118 providentiam,
2118 1082 2151 1109 et
2175 1082 2225 1109 ta-

1246 1133 1328 1154 men
1355 1121 1457 1164 ponit
1483 1121 1770 1164 contingentiam.
1831 1121 2061 1167 Philosophia
2084 1126 2227 1158 moralis

1247 1169 1447 1205 Aristotelis
1463 1182 1543 1203 vera
1561 1177 1611 1204 est
1626 1177 1660 1204 et
1676 1171 1779 1214 plena
1794 1168 2037 1206 humanitatis.

1349 1218 1424 1254 Etsi
1446 1232 1568 1253 verum
1591 1227 1658 1261 est,
1685 1218 1946 1265 philosophiam
1963 1223 2129 1256 moralem
2149 1235 2227 1266 par-

1248 1277 1317 1305 tem
1345 1282 1416 1304 esse
1443 1268 1534 1315 legis
1560 1267 1725 1311 divinae,
1752 1277 1868 1304 tamen
1893 1271 2086 1314 plurimum
2111 1273 2227 1306 diffeit

1248 1333 1267 1354 a
1290 1321 1364 1364 lege
1386 1321 1518 1355 divina.
1572 1319 1659 1354 Item
1680 1321 1759 1365 plus
1784 1320 1888 1355 etiam
1910 1321 2028 1355 differt
2048 1323 2092 1355 ab
2109 1320 2229 1356 Evan-

1249 1371 1358 1415 gelio,
1384 1377 1417 1405 et
1433 1370 1592 1415 impietas
1609 1377 1676 1412 est,
1703 1368 1787 1404 haec
1803 1371 1981 1405 doctrinae
1995 1383 2121 1415 genera
2139 1373 2231 1406 inter

1250 1433 1286 1455 se
1301 1421 1526 1455 confundere.

1352 1470 1459 1514 Quod
1481 1468 1711 1516 Augustinus
1742 1471 1811 1511 ait,
1845 1471 1963 1504 omnia
2001 1482 2035 1504 se
2069 1472 2230 1513 dogmata

1249 1519 1436 1564 Evangelii
1465 1522 1587 1565 legisse
1618 1522 1712 1566 apud
1736 1521 1938 1554 Platonicos
1964 1528 2100 1564 praeter
2124 1521 2228 1554 illud:

1251 1579 1285 1606 et
1306 1571 1454 1605 verbum
1481 1583 1560 1605 caro
1585 1572 1714 1606 sactum
1741 1577 1808 1611 est,
1835 1577 1894 1604 aut
1911 1571 2154 1605 obscurissime
2172 1578 2228 1604 ant

1251 1622 1338 1656 salso
1357 1621 1490 1656 dictum
1507 1629 1567 1656 est.
