2324 2955
198 131 272 165 227

200 212 349 256 impulsa
367 221 428 243 suo
444 209 573 241 seratur
594 214 631 234 ac
651 208 749 241 ruat,
775 212 819 232 an
838 211 919 232 vero
942 204 1067 232 conatu
1088 209 1170 241 pro-

200 263 351 308 pellatur
373 265 528 291 naturae.
587 251 774 285 Distinctio
799 248 926 283 horum
953 249 1106 291 rigorum
1131 259 1171 279 ex

201 315 353 356 ipsarum
368 314 417 340 est
433 303 579 349 petenda
594 301 744 334 febrium
761 300 872 333 causis
887 311 925 332 ac
941 305 1075 332 natura.
1110 295 1172 329 Bi-

202 364 306 395 liosae
330 358 441 390 febres
466 360 524 388 aut
539 351 715 385 continuis
731 363 769 383 ac
790 348 1030 383 servidissimis
1048 347 1173 380 calori-

201 414 267 445 bus
283 409 457 446 infestant,
483 416 522 437 ac
538 414 625 446 pene
642 402 795 434 deurunt
811 410 947 443 corpus,
973 404 1012 432 ut
1028 393 1173 430 καύσω-

200 472 279 499 γες,
317 468 429 501 neque
463 453 738 497 interquiescunt
771 456 830 483 aut
857 455 999 483 cessant.
1059 446 1174 480 Semel

202 510 297 543 enim
325 508 484 539 incensae
515 504 638 536 ardent
669 501 907 539 continenter,
949 499 1061 531 donec
1089 508 1175 529 con-

202 565 358 602 sumpta,
385 567 488 601 quam
512 552 680 596 corripuit
701 550 921 589 incendium,
948 546 1091 581 materia
1115 546 1176 578 de·-

203 611 349 652 ssagrent
364 619 402 639 ac
419 605 591 638 deficiant.
644 601 716 635 Aut
737 597 830 634 κατὰ
850 595 1040 645 περιόδους
1060 593 1174 635 τινὰς,

203 658 358 703 repetitis
385 667 445 700 per
468 653 650 687 intervalla
676 650 890 695 paroxysmis
914 655 1018 692 atque
1039 656 1177 679 exacer-

204 708 406 744 bationibus
428 705 606 747 affligunt,
633 701 852 744 extinctoque
873 698 1036 730 incendio
1060 706 1098 727 ac
1119 706 1177 727 so-

204 760 278 804 pito
294 759 423 791 abeunt
438 762 540 799 atque
555 757 782 790 evanescunt,
808 749 959 788 scilicet,
986 746 1048 780 ubi
1069 751 1178 778 mate-

204 811 267 849 ria,
285 819 373 852 quae
390 811 553 847 concepta
571 815 610 835 ex
622 801 806 845 putredine
823 799 976 838 ssamma,
996 800 1177 832 exarserat,

205 856 432 899 conflagravit
457 860 559 897 atque
582 862 720 885 excussa
742 857 810 889 est,
842 844 1029 885 καύσωνες
1051 851 1110 879 aut
1135 846 1177 877 de

205 906 422 942 vehementia
444 904 603 936 flammae
627 898 720 932 nihil
747 899 949 938 remittunt,
973 897 1034 942 qui
1058 902 1090 928 et
1113 907 1178 928 κα-

205 957 353 1003 κοηθεῖς
376 962 407 988 et
431 951 591 997 ὀλέθριοι
616 957 800 990 vocantur,
834 955 893 983 aut
915 959 977 980 ceu
998 945 1179 979 destinatis

204 1007 426 1045 circuitibus,
466 1003 527 1036 ubi
555 1000 816 1045 aliquantulum
842 998 956 1042 spacio
990 997 1108 1040 aliquo
1136 995 1179 1026 de.

204 1066 301 1092 aestu
316 1055 542 1092 remiserunt,
569 1063 640 1084 non
656 1058 771 1084 tamen
787 1048 1078 1093 conquieverunt,
1102 1050 1179 1087 post

204 1119 325 1143 rursus
341 1103 529 1149 exasperati
547 1100 785 1134 vehementius
804 1099 989 1140 insurgunt
1005 1102 1108 1139 atque
1125 1094 1180 1126 in-

206 1160 419 1196 tenduntur,
440 1153 498 1198 qui
514 1160 547 1186 et
572 1148 818 1194 inmm‘onpoa
841 1155 932 1182 sunt.
984 1144 1097 1187 Origo
1112 1142 1181 1176 ha-

207 1221 286 1242 rum
308 1205 458 1239 febrium
476 1202 634 1236 omnium
652 1213 669 1233 e
687 1199 872 1244 putredine
897 1203 947 1229 est
966 1196 1048 1229 bilis
1073 1194 1181 1226 flavae

207 1255 436 1303 putrescentis
452 1254 488 1286 in
510 1252 600 1285 vasis
615 1251 670 1283 vel
687 1249 795 1293 epatis
809 1248 917 1291 ipsius
931 1246 985 1279 vel
1002 1245 1081 1277 inde
1098 1255 1181 1298 pro-

207 1307 339 1353 pagatis
366 1302 573 1348 propinquis
607 1306 666 1333 aut
698 1297 957 1331 remotioribus.
1018 1294 1055 1327 Si
1087 1303 1181 1324 emm

207 1364 307 1392 aucta
341 1355 431 1387 iusto
462 1350 612 1393 amplius
637 1349 725 1380 flava
761 1346 860 1384 bilis,
898 1344 1113 1385 modumque
1143 1352 1182 1372 ac

206 1416 406 1442 mensuram
433 1408 578 1434 naturae
600 1396 866 1431 convenientem
894 1393 1079 1428 excedens,
1107 1396 1139 1422 et
1163 1401 1182 1422 a

208 1469 289 1492 suae
316 1453 441 1499 speciei
467 1461 589 1484 norma
611 1449 843 1491 degenerans,
876 1449 997 1476 oneret
1023 1447 1181 1495 naturam

208 1506 375 1551 corporis,
397 1501 481 1536 haec
496 1500 632 1532 irritata
648 1504 679 1530 et
694 1507 798 1529 onere
816 1492 992 1536 gravantis
1009 1496 1183 1546 materiae,

209 1567 242 1592 et
266 1554 428 1589 acredine
456 1547 644 1594 pungentis
674 1558 712 1580 ac
737 1542 946 1580 vellicantis,
979 1545 1087 1596 exerit
1116 1549 1183 1577 eas,

209 1608 336 1653 quibus
362 1613 436 1636 sese
459 1600 546 1642 regit
562 1610 600 1631 ac
623 1601 808 1634 sustentat,
832 1593 942 1631 vires,
967 1603 1005 1624 ac
1025 1599 1182 1647 primum

208 1654 423 1701 experiundo
446 1649 639 1683 coctionem
659 1658 698 1679 ac
723 1643 975 1688 separationem
1000 1653 1035 1672 Vl
1059 1639 1184 1672 caloris

210 1706 339 1746 nativi,
365 1716 383 1736 a
401 1707 473 1736 tota
490 1696 720 1732 redundantis
743 1694 825 1727 bilis
841 1703 951 1726 massa
976 1687 1017 1724 τὸ
1040 1689 1184 1734 ἲχωρῶ-

210 1756 269 1795 dec
298 1751 506 1800 περίττωμα
537 1745 831 1792 impurissimum,
871 1741 965 1786 quod
998 1740 1096 1772 nulla
1125 1750 1184 1771 co-

211 1808 324 1841 ctione
347 1800 525 1837 emendari
549 1803 678 1842 potest,
703 1802 742 1828 ut
765 1793 920 1837 corporis
945 1790 1024 1824 usui
1047 1788 1184 1827 serviat,

211 1855 357 1891 secernit
380 1865 417 1886 ac
441 1849 607 1887 secludit,
632 1847 737 1890 idque
755 1856 833 1877 cum
855 1842 954 1875 fortis
975 1840 1070 1873 calor
1092 1838 1184 1871 nati-

212 1919 276 1940 vus
300 1906 408 1947 viget,
440 1900 550 1939 eiicit,
582 1898 637 1930 vel
663 1897 700 1928 in
731 1895 875 1928 sudores
899 1896 1122 1925 extenuatum
1146 1899 1184 1921 ac

211 1956 437 1992 dissolutum,
466 1950 520 1983 vel
542 1949 723 1982 detrusum
746 1945 782 1976 in
808 1944 943 1982 alvum,
969 1941 1023 1973 vel
1046 1939 1184 1981 ablega-

210 2015 284 2042 tum
302 2006 344 2038 ad
362 2002 484 2037 urinae
500 2005 643 2032 meatus.
695 1995 733 2029 Si
751 1994 861 2027 exitus
887 1991 1098 2035 impediatur
1120 1989 1185 2021 ob—

210 2053 460 2091 structionibus
478 2048 698 2083 interclusus,
725 2047 903 2078 detentum
921 2039 1038 2074 haeret
1055 2040 1091 2071 in
1109 2050 1185 2072 cor-

209 2119 314 2154 pore,
348 2111 380 2137 et
403 2101 484 2147 qnia
510 2098 633 2132 caloris
657 2095 768 2129 nativi
789 2092 956 2136 regimine
972 2089 1187 2129 destituitur,

210 2162 254 2190 ab
269 2156 382 2189 alieno
402 2153 678 2185 circumventum
699 2152 801 2189 atque
819 2148 1024 2185 occupatum
1050 2146 1187 2183 putres-

211 2208 269 2240 cit.
325 2201 530 2239 Putredinis
547 2197 736 2231 laesionem
760 2200 883 2226 natura
908 2191 1007 2224 sortis
1033 2189 1186 2223 sentiens

211 2255 395 2302 (tantisper
414 2252 505 2284 enim
522 2250 634 2282 donec
657 2246 793 2290 ἰχῶρας
811 2248 946 2286 separat
964 2246 1106 2296 natura,
1133 2239 1186 2271 vi-

213 2313 268 2347 get
292 2300 471 2348 valetqnsss
497 2305 628 2344 quanto
648 2301 760 2340 potest
782 2299 909 2327 conatu
931 2298 1034 2335 atque
1054 2295 1186 2346 impetu

213 2353 385 2389 incumbit
420 2352 457 2383 in
491 2347 729 2392 expulsionem
756 2343 920 2377 materiae
949 2346 1186 2385 putrescentis.

212 2405 289 2439 lloc
307 2402 458 2446 impulsu
474 2405 620 2432 naturae
637 2396 762 2439 agitata
778 2393 934 2432 materia,
961 2388 1089 2423 halitus
1106 2389 1186 2434 qui-

213 2458 293 2490 dam
317 2452 460 2485 subtiles
484 2462 522 2483 ex
545 2447 731 2492 putredine
748 2444 892 2484 fervidi,
915 2439 1184 2475 concitatissimo

211 2512 309 2539 motu
333 2514 394 2546 per
418 2511 522 2533 venas
543 2498 648 2531 delati
675 2497 711 2528 in
735 2506 854 2528 omnes
876 2491 1032 2536 corporis
1061 2496 1185 2533 partes,

211 2554 387 2589 musculos
406 2551 500 2584 illisu
516 2548 632 2580 valido
655 2545 867 2591 percellunt,
895 2542 1056 2588 quatiunt
1073 2551 1112 2572 ac
1131 2540 1184 2572 vi-

213 2608 334 2644 brant,
357 2614 434 2635 cum
453 2612 521 2645 qua
537 2598 762 2631 concussione
786 2595 849 2628 etsi
873 2594 931 2626 illa
947 2605 965 2625 a
990 2591 1182 2625 calidorum

211 2663 314 2701 atque
343 2651 475 2687 acrium
503 2650 679 2683 fumorum
714 2647 817 2680 citato
845 2645 977 2689 impetu
1004 2640 1183 2681 excitatur,

685 120 842 156 DECL.
873 116 947 153 DE
980 115 1159 152 FEBRI
1191 115 1310 151 NON
1343 112 1696 151 INTERMITT.

2115 111 2189 146 228

1221 207 1341 230 sensus
1363 202 1480 228 tamen
1505 194 1775 238 infrigidationls
1794 199 2024 227 extremorum
2043 192 2193 225 coniun-

1222 248 1315 290 gitur
1331 251 1507 289 perpetuo,
1531 246 1625 289 quod
1643 257 1702 278 cor
1717 250 1877 288 percepto
1893 243 2112 287 putridorum
2130 241 2194 275 ha-

1223 298 1349 330 litunm
1370 293 1452 327 hinc
1469 295 1550 326 inde
1565 295 1833 327 discurrentium
1852 299 2081 332 nocumento,
2111 304 2194 336 pro-

1224 347 1317 380 tinus
1341 345 1385 378 ab
1409 344 1637 377 exterioribus
1660 346 1824 378 omnibus
1853 344 2002 377 calorem
2035 342 2127 374 intro
2150 343 2194 374 ad

1224 407 1296 429 sese
1318 400 1466 429 revocat.
1527 393 1560 426 Is
1583 395 1721 428 tandem
1748 395 1808 427 ubi
1834 394 1964 427 asssuxn
1990 402 2196 435 accessuque

1225 445 1446 490 putridorum
1484 441 1656 476 halitunm
1693 445 1859 477 adauctus
1899 450 2002 487 atque
2036 452 2197 476 accensus

1225 501 1417 534 exaestuat,
1443 500 1545 538 atque
1569 494 1780 533 effervescit,
1807 505 1866 526 cor
1889 492 2072 535 impatiens
2097 493 2198 525 flam-

1226 558 1318 585 mae,
1345 550 1514 588 quantum
1534 550 1644 587 potest
1659 551 1692 577 et
1707 543 1853 587 repulsis
1871 540 2037 576 balitibus
2054 543 2196 576 fervidis

1227 603 1261 629 et
1279 595 1396 627 effusis
1419 593 1599 637 spiritibus
1623 606 1710 638 quos
1729 599 1907 626 contactus
1928 592 2197 637 commixtioque

1227 644 1400 678 halitunm
1430 643 1655 686 appulsorum
1685 643 1878 683 fervesecit,
1919 653 1992 675 sese
2027 648 2143 675 tuetur
2166 649 2199 675 et

1227 695 1400 733 vindicat,
1428 693 1509 725 inde
1533 700 1644 726 aestus
1667 700 1778 727 toturn
1803 704 1928 736 corpus
1951 698 2113 735 occupat,
2140 692 2201 736 qui

1228 757 1246 778 e
1262 746 1365 778 corde
1390 744 1502 776 ssuens
1519 749 1662 776 vocatur
1678 743 1793 776 febris.
1843 741 1927 775 Pars
1942 742 2107 775 materiae
2129 754 2200 785 pu-

1228 795 1407 829 trescentis
1437 805 1476 826 eo
1500 799 1598 825 motu
1612 805 1672 836 per
1690 791 1798 837 hepar
1820 792 1857 824 in
1875 792 2037 825 intestina
2055 791 2202 835 depelli-

1228 853 1303 886 tur,
1329 845 1479 888 indeque
1501 843 1528 875 si
1546 843 1656 875 levior
1676 851 1725 876 est
1744 852 1880 875 sursum
1906 842 1941 874 in
1968 842 2201 875 ventriculum

1228 896 1356 934 fertur,
1390 900 1422 926 et
1447 893 1608 926 acredine
1633 892 1861 926 mordicando
1885 892 2036 925 vomitus
2059 892 2140 925 ciet:
2173 891 2199 924 si

1229 944 1368 988 gravior
1388 943 1537 976 subsidit
1562 943 1596 974 in
1616 943 1732 975 alvum
1754 942 1984 979 decumbens,
2012 948 2044 974 et
2065 941 2204 974 turbata

1229 995 1308 1028 alvo
1329 994 1538 1027 deiectiones
1554 999 1758 1027 commovet.
1812 990 1904 1025 Hinc
1919 991 2204 1036 praecordiorum

1231 1044 1362 1083 tensio,
1397 1044 1518 1086 capitis
1545 1043 1647 1075 dolor
1673 1055 1710 1075 ac
1740 1042 1892 1083 vertigo,
1926 1052 2092 1080 nauseae,
2130 1048 2204 1074 tor-

1230 1096 1326 1127 mina
1341 1093 1471 1126 ventris
1490 1093 1668 1125 interdum
1687 1092 1848 1125 existunt.
1900 1090 2040 1124 Halitus
2058 1091 2204 1124 crassio-

1231 1155 1284 1177 res
1298 1149 1476 1176 aestuante
1494 1143 1560 1174 iam
1579 1149 1650 1175 toto
1669 1154 1824 1186 corpore,
1844 1148 1941 1174 motu
1959 1142 2105 1174 lentiore
2122 1153 2205 1184 pro-

1231 1193 1342 1226 trudit
1378 1199 1502 1225 natura
1531 1193 1572 1223 ad
1606 1199 1737 1232 cutem,
1775 1204 1878 1235 quam
1908 1192 2054 1224 laxatam
2091 1191 2205 1223 calore

1231 1243 1378 1286 ideoque
1396 1240 1574 1274 hiantibus
1593 1242 1686 1284 poris
1697 1241 1849 1284 perviam
1868 1241 2206 1284 illiperrumpentes,

1232 1292 1293 1324 ubi
1308 1302 1452 1322 occursu
1470 1291 1574 1332 paulo
1592 1291 1769 1321 remissius
1787 1290 1929 1322 calentis
1951 1290 2042 1322 a‘e'ris
2057 1291 2208 1322 densan-

1232 1347 1290 1373 tur
1306 1346 1409 1383 atque
1426 1345 1615 1380 coguntur,
1641 1338 1679 1371 in
1694 1340 1836 1371 sudores
1854 1339 2030 1374 diffluunt.
2069 1339 2208 1374 Desinit

1232 1390 1349 1433 itaque
1364 1389 1480 1421 fervor
1497 1400 1633 1420 excussa
1652 1388 1781 1421 talibus
1804 1396 1946 1422 naturae
1963 1389 2116 1422 motibus
2133 1401 2207 1423 ma-

1233 1440 1330 1478 teria,
1357 1450 1444 1482 quae
1462 1445 1620 1480 coeperat
1639 1445 1845 1481 putrescere,
1872 1444 1905 1471 et
1922 1439 2010 1471 redit
2027 1439 2208 1482 tantisper,

1232 1490 1342 1521 donec
1359 1488 1412 1520 vel
1429 1487 1544 1519 omnis
1559 1487 1601 1520 sit
1616 1495 1777 1521 evacuata
1795 1494 1898 1531 atque
1915 1484 2080 1521 exhausta
2099 1495 2208 1522 mate-

1232 1539 1283 1571 ria
1302 1537 1459 1581 putrida,
1487 1537 1541 1569 vel
1560 1543 1681 1570 natura
1693 1537 1814 1596 &icat
1830 1549 1869 1570 ac
1886 1538 2097 1572 dominetur.
2134 1538 2208 1573 Re-

1233 1589 1286 1621 dit
1308 1593 1422 1620 autem
1447 1587 1599 1619 collectis
1618 1587 1756 1628 denuo,
1781 1599 1868 1632 quos
1886 1594 2009 1620 natura
2032 1596 2208 1631 separarat

1234 1635 1432 1676 ichoribus‚
1465 1644 1497 1670 et
1520 1636 1695 1670 derelictis
1723 1650 1741 1670 a
1766 1638 1880 1670 calore
1915 1638 2034 1670 nativo
2059 1638 2208 1683 ideoque

1232 1687 1524 1731 putrescentibus,
1539 1699 1616 1719 cum
1633 1694 1807 1730 separatos
1821 1688 1873 1720 vel
1892 1695 2032 1732 propter
2047 1688 2209 1733 obseptos

1234 1744 1384 1775 meatus,
1412 1736 1466 1769 vel
1491 1737 1584 1781 quod
1606 1737 1651 1770 ob
1676 1735 1948 1771 imbecillitatem
1966 1739 2063 1771 oneri
2080 1739 2124 1772 sit
2141 1739 2208 1772 im-

1235 1800 1315 1832 par,
1344 1787 1525 1819 extrudere
1541 1787 1583 1819 ad
1603 1788 1813 1830 potentiores
1830 1795 1962 1822 meatus
1979 1795 2137 1833 nequeat.

1336 1836 1372 1870 Si
1398 1848 1480 1869 vero
1504 1843 1626 1869 natura
1653 1837 1821 1880 languens
1844 1845 1877 1872 et
1895 1850 1935 1871 ex
1957 1839 2080 1872 caloris
2098 1840 2209 1874 nativi

1235 1886 1403 1920 imbecilli
1427 1887 1597 1930 praesidio
1622 1885 1789 1920 nonnihil
1813 1888 1976 1921 deficiens
2000 1900 2072 1922 non
2100 1890 2209 1933 possit

1235 1943 1488 1982 putrescentem
1513 1949 1531 1969 e
1547 1937 1635 1970 vasis
1653 1938 1826 1981 depellere
1851 1939 2053 1978 materiam,
2078 1940 2209 1973 retine-

1236 1995 1293 2022 tur
1314 1999 1352 2020 ea
1373 1987 1464 2020 intra
1489 1998 1566 2020 vasa
1592 1994 1623 2020 et
1647 1985 1843 2026 καύσωνας
1870 1989 2014 2029 excitat,
2039 2001 2126 2033 quos
2149 1996 2209 2024 aut

1237 2038 1403 2071 continuo
1421 2043 1480 2070 aut
1497 2037 1679 2080 paululum
1703 2039 1898 2072 remittente
1916 2038 2080 2072 incendio
2103 2040 2208 2076 fovet.

1236 2088 1287 2122 De
1309 2087 1432 2133 quovis
1454 2087 1547 2119 enim
1572 2085 1719 2121 humore
1748 2096 1915 2133 perpetuo
1947 2096 2072 2123 natura
2096 2091 2208 2123 donec

1237 2139 1346 2178 valet,
1374 2137 1468 2182 quod
1484 2137 1656 2181 optimum
1674 2145 1723 2172 est
1739 2150 1777 2172 ac
1795 2139 1932 2182 corpori
1950 2139 2209 2173 convenientis-

1237 2189 1383 2229 simum,
1409 2194 1526 2221 tuetur
1549 2199 1587 2221 ac
1609 2188 1765 2223 defendit
1787 2202 1806 2222 a
1825 2190 2064 2232 corruptione,
2089 2189 2208 2222 seiun-

1237 2239 1300 2272 ctis
1313 2250 1352 2271 ac
1369 2238 1542 2271 destitutis
1558 2238 1671 2282 primo
1689 2237 1887 2279 ichoribus,
1914 2239 2047 2271 etiamsi
2066 2237 2208 2273 hebeta-

1236 2296 1291 2323 tos
1308 2288 1404 2322 calor
1423 2288 1561 2321 nativus
1579 2289 1730 2333 coeperit
1752 2290 1926 2332 languere.
1978 2288 2016 2322 Si
2039 2301 2120 2332 ergo
2143 2302 2209 2334 pu-

1236 2340 1333 2373 tredo
1350 2338 1541 2372 retineatur
1564 2338 1655 2372 inter
1671 2350 1769 2380 vasa,
1795 2338 1963 2382 tantisper
1978 2339 2088 2372 donec
2106 2347 2209 2374 natu-

1236 2402 1293 2422 rae
1311 2396 1463 2432 superest
1478 2395 1613 2423 tantum
1631 2389 1769 2429 virium,
1789 2396 1829 2422 ut
1845 2389 2028 2433 coquendo
2044 2401 2208 2434 separan-

1236 2441 1352 2484 doqne
1368 2450 1543 2472 asservare
1562 2439 1696 2483 aliquid
1713 2450 1750 2472 ac
1774 2438 1863 2472 tueri
1881 2439 2006 2483 possit,
2034 2440 2097 2474 etsi
2114 2440 2208 2473 calor

1235 2490 1368 2523 febrilis
1390 2501 1462 2521 non
1485 2489 1700 2532 extinguitur
1728 2499 1889 2532 prorsus,
1920 2490 2060 2523 sedatur
2090 2496 2207 2523 tamen

1235 2540 1336 2573 certis
1357 2539 1551 2572 intervallis
1574 2545 1686 2571 aestus
1708 2538 1984 2583 aliquantulum,
2011 2546 2043 2573 et
2059 2541 2207 2583 putredo

1235 2590 1273 2623 fit
1292 2589 1420 2628 mitior,
1448 2590 1542 2622 unde
1564 2584 1751 2626 καύσωνες
1770 2587 2017 2634 ἐπιεικέστεροι
2043 2590 2207 2626 existunt.

1235 2639 1273 2674 Si
1296 2639 1480 2683 profligato
1506 2644 1721 2683 prostratove
1746 2650 1889 2683 prorsus
1911 2646 1971 2673 aut
2001 2641 2206 2674 conculcata
