2324 2955
185 112 254 146 179

185 198 232 230 ris
256 204 435 242 corrupta,
464 197 499 229 id
525 202 594 235 est,
622 201 754 228 mutata
778 195 813 228 in
838 195 988 239 igneam.
1049 197 1167 241 Quare

645 110 801 146 DECL.
845 110 919 145 DE
959 110 1164 148 CAUSIS
1204 112 1742 150 PUTREFACTIONIS.

186 256 218 281 et
252 260 340 293 quae
375 251 598 292 putrescunt,
641 245 792 278 sormam
826 259 968 290 prorsus
1003 249 1196 293 amittunt}

188 299 358 343 priorem,
396 308 649 340 progressuque
674 296 710 328 in
739 297 908 331 elementa
930 299 1169 333 resolvuntur.
1195 304 1196 309 ’

186 349 223 382 Si
244 356 365 381 natura
388 347 432 379 sit
457 353 597 389 gravata
620 353 678 380 aut
697 344 900 393 πληθώρᾳ,
930 357 989 382 aut
1010 362 1170 395 κακοχυ-

187 397 274 444 μίᾳ,
310 396 476 430 humores
500 405 683 440 gravantes
704 398 793 430 affici
821 400 1025 442 putredine,
1061 409 1094 434 et
1116 402 1171 434 in-

189 451 335 482 cendere
355 448 485 480 febrem
503 454 660 491 possunt.
715 448 783 481 Sed
803 450 903 482 aliter
928 451 966 482 in
989 450 1170 498 πληθώρᾳ

188 560 277 584 mus.
344 548 460 582 Massa
491 549 681 592 sanguinea
704 561 791 593 quae
814 550 944 584 virtute
974 549 1108 596 hepatis
1132 565 1171 586 ex

190 598 292 645 cli-vlo
320 611 381 643 per
405 600 588 632 mesaricas
610 606 754 633 attracto
781 602 1004 646 excoquitur,
1038 611 1172 638 constat

190 648 399 683 humoribus
423 657 575 695 quatuor
593 651 747 683 confusis
771 651 862 684 inter
880 664 933 693 se,
960 660 993 686 et
1014 654 1172 697 singulo—

190 713 268 734 rum
292 698 490 739 ichoribus,
519 701 579 746 qui
601 708 639 734 ut
657 698 821 734 humores
838 702 904 746 ipsi
922 704 1015 736 inter
1030 716 1064 736 se
1084 717 1172 749 quo-

190 764 257 796 que
273 752 409 784 confusi
423 758 593 784 vocantur
611 751 714 796 ὄρρος
731 759 763 784 et
781 751 936 797 ὂῤῥῶδες
949 752 1173 799 περίττωμα.

190 801 311 846 Neque
335 808 385 835 est
402 800 557 846 ὂῤῥιῦδες
578 801 790 847 περίττωμα
809 804 906 837 aliud
930 817 1035 849 quam
1057 807 1174 839 tenuis

190 864 304 885 serosa
322 859 355 885 et
372 864 500 897 aquosa
521 853 760 896 superfluitas,
788 866 876 898 quae
892 856 934 888 de
957 862 1027 889 tota
1047 854 1174 890 humo-

192 914 270 935 rum
297 913 406 935 massa
432 909 605 946 separata,
649 910 753 947 atque
781 906 822 937 ad
849 917 948 939 renes
973 913 1117 940 attrecta
1142 914 1175 941 et

192 1004 371 1037 tenuiores
389 1010 422 1036 et
441 1004 642 1048 aquosiores
666 1012 780 1047 partes
803 1005 1024 1049 singulorum
1049 1006 1175 1041 bumo-

192 1110 378 1147 purgatur,
405 1104 583 1149 reliquum
602 1117 679 1137 cum
695 1107 918 1149 sanguinein
934 1121 1039 1142 venas
1056 1111 1175 1143 distri-

191 1155 330 1195 buitur,
363 1155 425 1187 ubi
449 1155 600 1199 amplius
631 1157 807 1200 coquitur.
876 1158 915 1191 ln
947 1172 986 1192 ea
1018 1161 1176 1193 coctione

193 1206 286 1250 quod
306 1206 433 1238 melius
451 1213 519 1245 est,
548 1213 745 1240 reservatur
760 1209 802 1240 ad
819 1220 921 1241 usum
935 1237 943 1249 ,
968 1212 1062 1254 quod
1082 1212 1176 1244 dete-

193 1256 266 1288 rius
284 1263 352 1297 est,
382 1256 428 1289 ita
454 1263 491 1288 ut
516 1268 580 1289 nec
597 1258 780 1301 percoqui,
809 1270 922 1302 neque
940 1261 976 1292 in
992 1272 1093 1293 usum
1111 1274 1178 1293 nu-

192 1306 331 1339 tritioni
356 1307 579 1339 commodum
603 1308 758 1339 converti
783 1310 910 1350 possit,
935 1317 1059 1342 natura
1079 1312 1179 1343 sortis

192 1356 296 1389 eiicit.
364 1355 553 1388 lmbecillis
576 1368 648 1388 non
675 1356 806 1399 integre
839 1365 993 1393 evacuat.

192 1407 333 1439 tandem
349 1406 385 1439 id
402 1406 577 1446 lentescit,
604 1406 717 1439 aliove
735 1408 839 1440 modo
858 1408 1008 1442 afficitur
1025 1418 1084 1444 aut
1102 1422 1178 1443 cor-

192 1457 380 1501 rumpitur.
433 1456 528 1489 Hinc
543 1462 602 1488 aut
621 1457 720 1500 copia
743 1459 1000 1497 redundantes,
1026 1467 1084 1493 aut
1101 1472 1178 1492 cor-

193 1508 290 1551 rupti
306 1508 445 1552 ἰχῶρες.
487 1505 578 1539 Cum
597 1518 677 1549 ergo
691 1506 859 1550 xvfltcn'oet
877 1510 1032 1542 confecta
1051 1517 1084 1543 et
1100 1522 1180 1542 san-

192 1558 298 1601 guine
315 1570 333 1590 a
348 1557 543 1601 praecipuis
561 1557 859 1600 superfluitatibus
878 1567 1077 1602 expurgato,
1106 1573 1180 1593 me-

194 1609 265 1641 lior
287 1620 399 1641 massa
417 1619 493 1640 sero
511 1619 621 1651 aqueo
649 1608 759 1640 diluta
787 1609 966 1642 derivatur
991 1622 1030 1643 ex
1056 1609 1179 1655 hepate
1205 1629 1206 1633 =

194 1660 231 1691 in
255 1670 380 1691 venam
406 1670 543 1695 cavam,
578 1658 786 1691 transfertur
810 1659 845 1691 in
869 1672 968 1693 renes
992 1662 1178 1705 praecipua

193 1721 273 1753 pars
293 1709 378 1749 seri,
405 1721 493 1753 quae
512 1714 562 1741 est
578 1716 836 1742 excrementum
857 1722 895 1742 ex
912 1713 1029 1744 crudis
1048 1710 1179 1745 ichori—

194 1761 260 1793 bus
291 1760 450 1792 omnium
479 1756 669 1791 humorum
695 1761 897 1799 confusum,
939 1762 1091 1807 indeque
1118 1775 1179 1796 ceu

195 1811 272 1843 colo
289 1810 461 1843 transfusa
486 1809 674 1853 depellitur
695 1810 731 1842 in
757 1811 926 1853 vesicam,
960 1820 998 1846 ut
1021 1814 1180 1847 eiiciatur

194 1873 211 1893 e
227 1872 383 1904 corpore.
437 1859 477 1892 In
495 1856 677 1905 πληθώρη(
699 1867 736 1893 ut
756 1864 983 1904 proportione
1004 1862 1179 1904 humores,

194 1911 242 1944 sic
266 1918 297 1944 et
320 1911 449 1955 ἰχῶρες
465 1908 654 1943 humorum
672 1912 764 1944 aucti
785 1914 1002 1954 redundant,
1029 1916 1087 1947 sed
1113 1916 1179 1947 mi-

194 1973 260 1994 nus
283 1962 405 1994 viciosi
431 1973 536 2006 quam
563 1961 599 1993 in
626 1960 837 2007 κακοχυμίᾳ
858 1971 952 1998 suut.

194 2019 318 2045 natura
342 2012 444 2045 sortis
467 2017 534 2051 est,
562 2018 594 2044 et
618 2012 728 2055 viget,
754 2020 903 2047 secretos
927 2028 944 2047 a
969 2028 1078 2049 massa
1098 2029 1174 2049 san-

193 2063 316 2105 guinea
341 2062 485 2106 depellit
508 2063 549 2094 ad
575 2074 692 2102 renes,
720 2061 784 2096 hos
802 2066 987 2109 propulsos
1004 2079 1103 2099 renes
1123 2080 1177 2100 ar-
1205 2073 1206 2106 ᾗ
1233 2069 1384 2102 febrium
1411 2080 1529 2102 causas
1551 2068 1724 2111 explicare
1746 2068 1891 2111 longum
1914 2069 1974 2109 sit,
2007 2075 2040 2102 et
2062 2069 2214 2103 instituti

191 2113 327 2157 ripiunt
343 2125 381 2145 ac
398 2113 583 2156 recipiunt.
628 2112 667 2146 Si
686 2110 723 2145 hi
743 2115 876 2148 maiore
895 2118 994 2160 copia
1011 2119 1101 2150 vires
1119 2126 1179 2151 aut

193 2171 368 2207 superant,
395 2171 453 2196 aut
468 2169 627 2206 gravant,
654 2171 788 2207 separat
805 2177 863 2198 eos
881 2168 1023 2211 quidem
1041 2176 1179 2210 natura,

194 2215 339 2246 sednon
357 2214 515 2257 expellit,
543 2214 636 2258 quod
658 2215 755 2247 oneri
780 2218 987 2251 succumbit.
1042 2218 1090 2253 Ita
1117 2221 1178 2253 de-

195 2264 304 2297 stituti
323 2273 465 2296 naturae
483 2265 726 2297 imbecillioris
742 2267 911 2309 regimine
928 2277 1131 2311 putrescunt
1146 2278 1177 2304 et
1204 2270 1206 2307 ,¹
1232 2286 1336 2318 quam
1354 2270 1514 2305 humoris
1534 2272 1618 2304 boui
1643 2271 1872 2305 substantiam
1890 2271 2004 2314 primo
2023 2271 2213 2305 destituere

193 2315 326 2347 febrem
349 2316 560 2353 accendunt,
605 2328 708 2359 quam
734 2313 894 2362 σύνοχον
916 2318 1008 2362 ,aad
1033 2318 1178 2366 σήψεως
1204 2315 1205 2321 ¹

193 2371 330 2404 vocant,
357 2377 444 2409 quae
462 2365 527 2397 nisi
546 2366 752 2409 profligetur
768 2378 915 2409 mature,
941 2373 1087 2414 putredo
1105 2384 1175 2405 ser-

194 2427 280 2458 pens
303 2416 444 2448 tandem
467 2422 501 2450 et
525 2413 689 2449 humores
714 2418 807 2460 ipsos
832 2420 979 2456 invadit.
1046 2420 1176 2456 Evenit

193 2463 259 2498 hoc
275 2466 396 2506 etiam,
423 2479 500 2499 cum
518 2467 765 2510 impedimenta
784 2477 962 2505 meatuum
979 2473 1174 2516 expulsioni

192 2517 343 2550 obstant.

292 2566 364 2600 Nec
389 2567 425 2600 fit
457 2563 613 2611 σύιόχος
637 2576 675 2601 ut
702 2570 943 2606 existimarunt
966 2574 1073 2618 aliqui
1098 2575 1173 2619 ipso

189 2618 360 2661 sanguine
386 2624 616 2661 putrescente.
679 2618 865 2665 Nunquam
898 2624 991 2657 enim
1023 2626 1057 2657 in
1085 2627 1173 2659 vasis

190 2669 375 2702 putredine
392 2669 532 2712 sanguis
548 2670 715 2711 afficitur,
744 2673 810 2705 nisi
835 2686 874 2705 eo
892 2675 936 2708 sit
953 2677 1088 2710 redacta
1107 2677 1172 2709 im-

1200 2615 1201 2621 *
1229 2579 1368 2611 nativus
1393 2578 1617 2610 convertitur.

2137 116 2208 150 180

1221 199 1421 233 becillitatis
1436 206 1578 241 natura,
1603 208 1641 234 ut
1664 199 1760 234 hunc
1782 200 1885 233 etiam
1912 201 2003 234 vitae
2024 201 2149 234 caloris
2174 207 2208 233 et

1221 251 1408 294 spirituum
1440 247 1642 283 thesaurum
1681 259 1824 295 cogatur
1857 251 2063 290 destituere,
2111 252 2206 297 quod

1223 314 1300 334 cum
1319 301 1371 338 fit,
1399 306 1432 332 et
1449 300 1612 333 interitus
1633 314 1713 335 mox
1733 302 1907 347 sequitur,
1935 308 1968 334 et
1992 308 2207 335 caeterorum

1224 350 1413 384 humorum
1442 351 1704 394 corruptionem
1728 352 1951 396 praecessisse
1982 363 2120 385 necesse
2147 359 2215 385 est.

1196 428 1198 443 ζ
1226 401 1387 443 intelligo
1405 408 1518 434 autem
1537 413 1598 444 per
1613 403 1818 444 sanguinem
1844 400 2028 435 humorem
2052 403 2100 435 sic
2125 414 2210 446 pro-

1197 476 1198 483 ,
1225 453 1299 496 prie
1314 452 1464 492 dictum,
1491 452 1697 485 distinctum
1717 465 1736 485 a
1753 453 1896 497 reliquis
1913 460 2063 498 quatuor
2081 451 2213 486 humo-

189 500 291 532 aliter
314 499 350 530 in
369 496 599 543 κακοχυμίᾳ,
630 497 668 531 ld
693 500 871 543 quomodo
896 501 956 534 fiat
981 502 1172 545 explicabi-
1197 509 1199 517 ¹

1225 504 1344 542 ribus,
1388 502 1449 546 qui
1479 503 1790 546 temperatissimus
1819 510 1852 536 et
1881 511 2026 537 naturae
2060 503 2211 536 maxime

1198 562 1199 598 ξ
1226 553 1438 586 conveniens
1455 560 1515 588 est.
1557 552 1641 596 Agit
1655 566 1727 586 uno
1749 553 1942 598 eodemque
1958 555 2063 587 modo
2084 561 2210 588 natura

1226 610 1404 648 perpetuo.
1448 602 1487 636 ln
1505 601 1686 649 πληθώρᾳ
1704 605 1764 637 ubi
1782 604 1939 637 coctione
1956 616 2029 637 non
2047 611 2096 637 est
2113 616 2213 648 opus,

1228 655 1339 687 utitur
1367 656 1587 697 separatione
1617 655 1790 698 primum,
1838 655 1966 687 deinde
1997 655 2213 698 expulsione,

1227 706 1293 737 nisi
1317 703 1554 749 prohibeatur.
1611 693 1887 753 Ιηφκοχυμίᾳ
1913 717 1984 738 uno
2009 705 2213 749 pluribusve

1227 756 1367 788 viciosis
1387 753 1595 788 humoribus
1619 756 1710 788 vires
1732 757 1960 789 onerantibus
1979 756 2093 800 primo
2112 767 2214 800 expe-

1227 807 1318 839 ritur
1336 807 1529 839 coctionem
1542 833 1549 846 ‚
1576 818 1645 851 qua
1662 807 1733 839 sive
1751 804 1842 838 nibil
1854 833 1863 846 ‚
1890 807 1962 839 sive
1978 807 2113 851 aliquid
2131 818 2214 850 pro-

1200 880 1202 887 .
1227 857 1338 895 ficiat,
1365 855 1509 890 adhibet
1527 857 1679 890 secundo
1699 857 1970 900 separationem,
1996 858 2103 902 idque
2119 858 2214 902 quod

194 953 368 996 perCOIata
384 953 421 986 fit
444 953 546 985 urina
594 953 664 986 Nec
686 954 815 999 273]th
840 964 921 989 sum
950 958 1045 990 alind
1070 971 1174 1003 quam
1201 946 1202 971 ἶ
1229 915 1373 940 naturae
1394 908 1474 940 usui
1498 915 1530 940 et
1555 908 1767 940 conveniens
1792 914 1841 940 est
1862 908 1974 948 elicit,
2001 909 2150 941 secernit
2176 920 2215 940 ac

558 978 567 991 5
712 990 720 997 ,
799 978 813 992 ³

1228 958 1386 1002 reponit,
1431 958 1604 1002 reliquum
1641 958 1809 991 viciosum
1847 958 1902 990 vel
1936 958 2074 999 abiicit,
2112 965 2216 1002 atque

1201 1026 1203 1052 ι1
1231 1009 1377 1049 excutit,
1405 1009 1460 1041 vel
1487 1009 1514 1041 si
1538 1009 1637 1053 copia
1657 1016 1716 1042 aut
1738 1009 1875 1041 malicia
1900 1009 2108 1042 excrementi
2125 1009 2215 1041 victa

192 1066 290 1094 rum,
322 1066 341 1087 a
365 1066 515 1099 quorum
539 1055 688 1087 maxima
712 1063 807 1099 parte
830 1058 956 1090 melior
980 1071 1090 1091 massa
1118 1072 1176 1092 ex—
1202 1057 1203 1078 ἶ

1230 1067 1290 1093 aut
1310 1059 1445 1092 viarum
1463 1060 1713 1092 interclusione
1741 1059 1905 1102 impedita
1924 1059 2082 1097 deficiat,
2109 1059 2216 1092 desti-

1230 1110 1308 1143 tuit.
1365 1109 1402 1142 ld
1422 1118 1618 1154 putrescere
1638 1121 1774 1143 necesse
1794 1117 1856 1143 est.
1908 1109 1979 1143 Nec
1995 1111 2038 1142 de
2056 1110 2129 1143 ullo
2148 1121 2217 1143 un-

1231 1173 1334 1204 quam
1356 1158 1502 1193 bumore
1520 1162 1613 1205 quod
1633 1161 1765 1193 bonum
1783 1168 1833 1194 est
1850 1167 1883 1194 et
1900 1161 1996 1200 utile,
2023 1160 2137 1204 primo
2155 1161 2216 1192 de-

1231 1211 1331 1248 serit,
1358 1212 1416 1243 sed
1437 1218 1511 1254 post
1529 1217 1694 1244 tentatam
1715 1211 1906 1243 coctionem
1922 1211 2051 1255 ἶχιῦρες
2067 1210 2217 1244 secludit

1232 1261 1355 1301 initio,
1390 1258 1425 1293 hi
1450 1261 1510 1293 ubi
1537 1268 1740 1304 putrescunt
1762 1269 1855 1293 extra
1879 1273 1983 1293 venas
2010 1262 2045 1293 in
2071 1261 2158 1293 laxis
2185 1268 2217 1293 et

1204 1320 1206 1355 j
1232 1311 1325 1341 cavis
1349 1311 1474 1353 spaciis
1499 1311 1787 1353 quibuscunque,
1822 1311 2016 1343 incendunt
2040 1309 2218 1355 πυρετοῦς

1060 1359 1178 1401 Quare
1205 1362 1206 1366 ’

1232 1358 1502 1397 δια).είποντας;
1530 1360 1591 1392 uhi
1611 1360 1701 1392 iutra
1727 1371 1831 1392 venas
1855 1358 2033 1406 πυρετοὺς
2056 1362 2219 1405 συνεχεῖς

1233 1409 1277 1443 οὔ
1294 1408 1490 1454 διηνεκεῖς,
1517 1410 1579 1454 qui
1601 1410 1663 1442 etsi
1684 1422 1757 1442 non
1773 1410 1939 1444 desinunt
1963 1411 2000 1442 in
2017 1409 2218 1456 ἀπυρεξίαν

1232 1458 1389 1500 πέλειαν,
1419 1466 1534 1492 tamen
1551 1461 1734 1492 remittunt
1749 1460 2008 1504 aliquantulum
2030 1468 2064 1494 et
2086 1473 2148 1505 per
2165 1463 2218 1494 vi-

1232 1522 1286 1543 ces
1310 1511 1573 1543 exacerbantur.
1642 1509 1697 1543 Fit
1718 1517 1833 1543 autem
1861 1508 1927 1543 hoc
1958 1523 2037 1544 cum
2068 1518 2217 1557 uterque

1233 1561 1327 1593 calor
1344 1567 1378 1594 et
1395 1559 1583 1593 humorum
1608 1568 1640 1593 et
1664 1561 1818 1593 influens
1841 1573 1913 1594 non
1938 1568 1988 1595 est
2014 1569 2218 1606 prostratus.

1233 1611 1285 1644 Ac
1302 1612 1416 1644 calore
1432 1618 1581 1656 utroque
1598 1618 1654 1644 aut
1672 1617 1860 1655 prostrato,
1887 1613 2006 1646 aurita
2025 1620 2218 1653 attenuato,

1205 1682 1206 1693 η
1232 1669 1270 1695 ut
1288 1663 1415 1695 frustra
1433 1663 1469 1694 in
1487 1662 1681 1695 coctionem
1699 1669 1731 1695 et
1748 1663 2002 1706 separationem
2022 1663 2217 1705 incumbat,

1233 1713 1380 1756 putredo
1413 1725 1485 1745 non
1517 1713 1653 1758 ἰχῶρας
1682 1719 1818 1746 tantum
1844 1711 2055 1755 humorum,
2095 1715 2156 1747 sed
2184 1722 2217 1748 et

1232 1764 1463 1797 substantiam
1494 1763 1602 1807 ipsam
1634 1776 1738 1808 quam
1764 1763 1951 1797 imbecillis
1973 1764 2068 1798 calor
2092 1765 2217 1798 defen-

1232 1816 1313 1847 dere
1339 1827 1356 1847 a
1380 1815 1606 1857 corruptione
1627 1814 1768 1859 nequit,
1795 1822 1958 1859 occupat,
1985 1814 2079 1849 Hinc
2101 1816 2215 1849 febres

1233 1866 1394 1909 συνεχεῖς
1408 1863 1584 1910 διηνεκεῖς
1601 1862 1652 1909 μὴ
1667 1861 1847 1903 παύοντες
1864 1866 1913 1904 εἷς
1929 1864 2129 1911 παρακμὴν
2146 1878 2216 1900 πυ-

1204 1942 1206 1958 2
1233 1913 1391 1962 ρετώδη,
1420 1927 1507 1961 quos
1529 1913 1726 1960 κακοήθεις
1749 1922 1892 1957 vocant,
1925 1923 1958 1950 et
1984 1924 2151 1960 perpetuo
2175 1929 2215 1949 ex

1007 1966 1125 2007 Quare
1150 1967 1178 1999 si
1204 1967 1206 1994 ἶ

1233 1979 1358 2009 magno
1388 1967 1552 2000 incendio
1586 1964 1794 2007 humorum,
1833 1974 1866 2000 et
1894 1968 2058 2010 prostrati
2087 1967 2216 2000 caloris

1233 2018 1458 2061 corruptione
1483 2024 1686 2051 nascuntur.
1740 2017 1829 2051 Cum
1853 2024 1970 2050 autem
1995 2018 2214 2061 singularum

1232 2120 1343 2153 nostri
1358 2131 1430 2152 non
1450 2120 1510 2159 sit,
1536 2119 1659 2151 desino
1676 2119 1848 2163 prolixius
1866 2117 1950 2152 haec
1965 2119 2143 2164 persequi,
2171 2119 2214 2152 He

1233 2171 1362 2216 quibus
1389 2168 1455 2203 hoc
1478 2177 1596 2204 tenere
1615 2171 1697 2204 satis
1720 2176 1787 2210 est,
1830 2171 1923 2215 quod
1949 2170 2084 2213 negocii
2110 2176 2213 2214 caput

1232 2229 1300 2262 est,
1334 2227 1493 2254 naturam
1519 2223 1629 2254 donec
1657 2221 1748 2264 viget
1773 2221 1953 2265 valetque,
1987 2220 2121 2253 nullius
2143 2232 2213 2253 un-

1232 2322 1411 2357 icboribus
1436 2330 1468 2355 et
1491 2323 1717 2356 excrementis
1740 2321 1940 2359 asservatis,
1968 2328 2000 2354 et
2026 2334 2066 2354 eo
2085 2322 2211 2354 ordine

1231 2387 1330 2417 agere
1346 2386 1499 2417 semper,
1525 2374 1585 2419 qui
1612 2380 1662 2407 est
1687 2373 1872 2416 expositus.
1928 2371 1975 2405 Ut
1992 2379 2211 2406 revertamur

1231 2438 1311 2469 ergo
1343 2427 1386 2458 ad
1415 2437 1534 2457 causas
1557 2423 1770 2468 putredinis,
1807 2420 1989 2456 Aristoteli
2013 2429 2045 2456 et
2071 2423 2209 2457 Galeno

1230 2488 1330 2509 causa
1354 2476 1618 2520 putrefactionis
1637 2473 1807 2518 privativa
1827 2480 1876 2506 est
1892 2474 2072 2518 corruptio
2098 2474 2210 2507 nativi

1229 2528 1372 2568 caloris,
1398 2527 1545 2571 positiva
1569 2525 1725 2570 proxima
1750 2524 1872 2566 igneus
1894 2525 2008 2565 calor,
2042 2525 2080 2556 in
2106 2536 2209 2569 quem

1684 2574 1847 2608 Blutatur
1869 2583 1982 2608 autem
2009 2575 2146 2608 nativus
2171 2575 2207 2606 in

1199 2631 1201 2673 J
1228 2629 1387 2671 igneum,
1415 2635 1488 2661 tum
1507 2628 1691 2660 destitutus
1716 2626 1841 2658 caloris
1865 2626 2043 2659 influentis
2067 2626 2208 2663 auxilio,

1198 2682 1200 2711 l
1226 2686 1299 2712 tum
1317 2680 1574 2713 circumventus
1597 2684 1628 2711 et
1655 2688 1840 2722 oppressus
1864 2683 2038 2711 extraneo.

2095 2675 2209 2721 Atque
