2324 2955
164 110 238 148 423

168 202 302 230 centur.
354 190 519 226 Proverb.
540 187 612 220 10.:
639 181 843 216 Benedictio
857 178 1004 214 Domini
1022 179 1149 214 divites

169 247 261 282 facit.

271 303 448 336 Postremo
464 297 501 329 in
521 292 723 339 precatione
738 290 914 325 dominica
932 301 950 323 a
968 288 1043 323 Deo
1058 288 1149 333 peti-

171 366 249 389 mus
266 362 391 396 panem
409 345 655 392 quotidianum
668 370 678 384 ,
705 348 744 376 ut
759 348 791 375 et
808 339 894 375 haec
912 341 1005 374 bona
1021 351 1101 373 vere
1117 346 1150 373 et

171 402 349 437 liberrime
368 412 385 431 a
403 397 479 432 Deo
498 395 574 430 dari
591 403 831 437 agnoscamus.
882 390 978 425 Haec
1003 396 1036 424 et
1050 390 1150 424 simi-

174 456 218 487 lia
242 449 440 486 testimonia
466 447 570 481 nobis
591 456 691 489 saepe
722 453 978 488 proponamuS,
1014 447 1054 474 ut
1084 451 1150 474 nos

173 503 411 540 consolemur,
438 506 470 532 et
488 506 723 542 repugnemus
740 493 857 528 stoicis
871 492 1062 530 furoribus,
1090 490 1151 536 qui

174 566 244 588 non
262 552 385 586 leviter
402 550 546 583 laedunt
562 553 705 580 mentes.

274 611 434 646 Secunda
451 619 552 642 causa
569 613 629 646 est,
644 602 837 638 CumDeus
846 600 1037 635 Ecclesiam
1053 611 1151 633 suam

172 665 210 697 in
238 661 302 695 hac
326 660 466 694 mortali
491 659 580 698 vita,
613 663 647 689 et
673 654 815 696 colligat
839 659 871 686 et
892 658 1022 691 servet,
1053 651 1151 683 addit

173 713 440 758 promissiones,
482 716 521 743 ut
547 707 696 740 sciamus
719 716 792 737 non
824 702 1048 736 interituram
1081 711 1152 733 esse

172 763 363 798 Ecclesiam
383 762 417 793 in
435 760 540 793 tantis
557 755 841 794 difficultatibus,
868 753 964 786 iuxta
989 749 1075 784 haec
1098 751 1153 784 di-

176 822 250 854 cta,
287 809 415 846 Manli.
441 811 493 844 6.:
526 809 685 841 Primum
717 805 873 850 quaerite
901 814 1048 845 regnum
1076 800 1154 842 Dei,

174 872 207 898 et
231 870 362 897 caetera
387 868 449 894 etc.
504 859 607 892 Item:
636 856 708 891 Scit
734 862 833 899 pater
862 860 974 886 vester
997 852 1154 885 coelestis

174 927 235 947 vos
266 914 422 955 indigere
456 910 541 943 istis.
595 907 662 941 Hic
692 913 808 939 autem
842 905 944 936 valde
975 903 1062 936 utile
1086 909 1155 945 est,

175 977 276 1008 saepe
300 963 451 1005 cogitare
480 961 572 993 dicta
595 960 637 991 de
653 956 829 995 Ecclesia,
852 966 941 999 quae
959 954 1155 993 adfirmant,

176 1027 310 1058 semper
337 1022 538 1046 mansuram
566 1020 637 1042 esse
661 1006 874 1043 Ecclesiam,
903 1005 1007 1038 etiam
1030 1003 1066 1035 in
1092 1002 1157 1035 hac

173 1065 313 1099 mortali
339 1064 425 1102 vita,
449 1068 483 1095 et
510 1061 654 1098 docent,
681 1069 788 1101 quae,
812 1063 844 1088 et
859 1054 922 1088 ubi
938 1054 981 1087 sit
1001 1052 1156 1086 Ecclesia

176 1118 212 1148 in
229 1122 324 1150 tanta
340 1111 567 1147 multitudine
583 1107 857 1146 contumacium,
884 1110 918 1137 et
934 1104 1025 1136 inter
1042 1109 1157 1136 tantos

175 1168 312 1200 furores
330 1163 562 1197 Diabolorum
577 1158 796 1193 turbantium
816 1166 926 1200 genus
949 1151 1158 1193 humanum,

176 1217 299 1256 bellis,
327 1214 502 1251 dissidiis,
531 1218 562 1245 et
581 1210 658 1243 aliis
682 1207 806 1241 modis.
860 1205 969 1248 Saepe
994 1203 1158 1236 dubitant

176 1268 300 1307 etiam,
332 1277 375 1298 an
401 1262 515 1298 adhuc
550 1271 698 1305 usquam
732 1258 777 1291 sit
796 1254 951 1290 Ecclesia
975 1254 1064 1295 Dei,
1098 1260 1158 1287 aut

176 1322 349 1362 quaerunt
366 1326 455 1359 quae
474 1320 506 1346 et
522 1311 584 1343 ubi
608 1310 663 1344 sit.

277 1381 344 1415 Hic
367 1380 437 1413 sint
465 1383 599 1411 mentes
626 1375 717 1408 bene
747 1371 903 1404 munitae
933 1368 1159 1407 testimoniis,

178 1431 349 1467 Matthaei
371 1431 450 1465 ult.:
483 1427 573 1461 Ecce
597 1436 657 1467 ego
678 1423 858 1456 vobiscum
882 1432 957 1454 sum
984 1432 1093 1464 usque
1117 1420 1159 1451 ad

177 1482 515 1518 consummationem
534 1476 653 1509 seculi.
707 1469 836 1505 Manli.
853 1470 931 1505 24:
959 1470 1039 1503 Duo
1058 1476 1159 1502 erunt

179 1537 215 1567 in
241 1540 349 1571 tecto,
388 1541 480 1562 unus
504 1531 719 1560 assumetur,
753 1529 786 1554 et
810 1532 903 1553 unus
928 1520 1159 1562 relinquetur.

177 1584 225 1618 Et
241 1583 365 1616 Esaiae
384 1580 460 1614 59.:
496 1577 573 1609 Hoc
590 1582 639 1608 est
656 1573 778 1605 foedus
796 1583 912 1603 meum
932 1582 1010 1602 cum
1028 1569 1087 1606 eis,
1106 1569 1159 1601 (li-

180 1636 226 1668 cit
252 1632 438 1669 Dominus,
481 1627 633 1671 Spiritus
660 1634 774 1661 meus,
817 1621 876 1665 qui
901 1627 951 1653 est
976 1620 1013 1651 in
1039 1627 1093 1656 te,
1130 1625 1162 1652 et

179 1685 288 1716 verba
315 1694 409 1720 mea,
438 1691 526 1724 quae
552 1676 650 1719 posui
674 1675 709 1705 in
727 1684 787 1705 ore
803 1678 883 1709 tut),
910 1682 989 1722 nonv
1000 1670 1162 1702 recedent

181 1737 225 1768 ab
243 1745 303 1766 ore
321 1739 401 1769 tuo,
428 1738 458 1763 ct
477 1730 520 1762 ab
539 1739 598 1759 ore
613 1724 758 1758 seminis
774 1722 823 1755 tui
843 1728 904 1755 etc.
959 1720 1028 1754 Ubi
1046 1726 1162 1753 autem

183 1787 245 1825 sit,
271 1785 397 1816 docent
413 1780 496 1814 haec
515 1779 605 1810 dicta
626 1772 746 1808 1011311.
769 1772 839 1804 10-;
868 1769 966 1804 Oves
984 1782 1083 1803 meae
1101 1782 1164 1802 vo-

183 1848 254 1869 cem
280 1845 392 1865 meam
418 1830 578 1864 audiunt.
633 1825 742 1864 Item,
768 1819 893 1856 lohan.
922 1821 993 1855 10.:
1030 1820 1165 1864 Siquis

182 1886 296 1927 diligit
329 1894 400 1923 me,
441 1889 636 1914 sermonem
670 1886 784 1908 meum
819 1872 982 1906 servabit.
1039 1872 1069 1906 1.
1095 1869 1163 1903 Co-

183 1933 292 1969 rinth.
310 1934 344 1968 3.
398 1932 682 1966 Fundamentum
708 1924 803 1957 aliud
830 1922 915 1965 poni
944 1934 1016 1954 non
1043 1927 1166 1965 potest,

183 1993 319 2031 praeter
339 1984 375 2017 id
396 1984 490 2027 quod
510 1979 660 2024 positum
687 1982 747 2010 est.
800 1971 908 2008 Rom,
929 1973 976 2007 1,;
1004 1969 1166 2014 Evange-

183 2038 270 2069 lium
305 2041 355 2067 est
393 2031 550 2078 potentia
587 2028 656 2061 Dei
691 2027 735 2059 ad
772 2024 921 2057 salutem
962 2023 1057 2056 omni
1093 2034 1167 2055 cre-

185 2087 279 2121 denti
298 2093 361 2120 etc.

287 2143 408 2176 Tertia
425 2151 525 2173 causa
544 2143 605 2175 est,
634 2135 720 2168 Vult
737 2134 836 2166 Deus
856 2131 1006 2164 exerceri
1026 2130 1167 2162 invoca-

188 2197 317 2228 tionem
342 2200 371 2225 et
396 2192 499 2224 fidem
527 2188 696 2234 petitione
719 2185 895 2216 bonorum
922 2180 1170 2225 corporalium,

189 2247 281 2277 iuxta
309 2242 390 2275 haec
416 2242 526 2277 dicta,
554 2238 697 2271 Psalmo
723 2234 800 2269 50.:
833 2232 959 2265 luvoca
985 2231 1096 2263 mein
1113 2230 1169 2262 die

187 2293 437 2328 tribulationis,
491 2290 594 2324 Item:
629 2286 760 2320 Panem
796 2290 956 2316 nostrum
981 2280 1169 2326 ·quotidia-

192 2357 277 2378 num
293 2344 336 2376 da
364 2342 465 2374 nobis
484 2339 600 2373 hodie.

304 2400 437 2442 Quarta
453 2409 564 2437 causa,
590 2395 676 2427 Vult
689 2393 788 2426 Deus
805 2393 839 2424 in
860 2391 1028 2435 petitione
1046 2401 1170 2432 corpo-

190 2451 317 2487 ralium
346 2449 448 2482 simul
475 2446 622 2480 exerceri
647 2445 770 2482 fidem,
798 2455 865 2488 qua
887 2441 1075 2484 accipimus
1091 2451 1170 2482 gra-

918 90 1412 130 PROPOSITIONES.

2099 94 2175 132 424

1197 179 1446 225 promissiones
1463 178 1661 224 corporales
1679 185 1821 224 propter
1838 186 2013 215 aeternam
2027 181 2174 215 traditas

1197 243 1286 271 esse,
1318 236 1351 263 et
1381 236 1524 273 propter
1550 229 1779 264 mediatorem
1805 237 1896 264 ratas
1926 241 2008 265 esse.
2072 231 2175 266 Valet

1196 281 1303 324 igitur
1327 280 1447 324 petitio
1470 279 1723 323 corporalium,
1761 281 1944 314 nominato
1974 281 2176 323 mediatore,

1197 338 1230 364 et
1244 331 1370 364 fiducia
1388 330 1516 374 ipsius,
1542 329 1637 363 iuxta
1659 330 1791 364 dictum
1808 329 1932 367 Iohan.
1954 330 2029 365 16.:
2065 329 2175 373 Quic-

1198 381 1283 426 quid
1306 380 1476 425 petieritis
1498 386 1632 424 patrem
1654 380 1692 412 in
1714 381 1857 414 nomine
1874 393 1970 420 meo,
1997 381 2096 414 dabit
2113 393 2178 414 vo-

1197 432 1263 467 his.
1314 430 1409 464 Haec
1425 430 1585 465 doctrina
1600 431 1644 463 de
1659 430 1950 473 promissionibus
1966 438 1998 465 et
2013 431 2178 476 praemiis

1198 482 1458 526 corporalibus,
1487 482 1586 514 valde
1603 480 1703 514 utilis
1719 486 1786 522 est,
1812 488 1845 515 et
1869 493 1969 526 saepe
1985 482 2179 526 cogitanda,

1199 540 1238 566 ut
1261 533 1298 565 in
1326 530 1381 565 his
1406 532 1510 566 tantis
1534 531 1684 564 miseriis
1706 531 1798 564 vitae
1822 543 2039 566 exerceamus
2064 533 2180 572 fidem,

1200 591 1233 617 et
1257 589 1417 627 petamus
1440 581 1714 625 mitigationem,
1747 581 1836 614 sicut
1859 582 2016 615 omnium
2044 589 2181 615 sancto-

1199 645 1279 668 rum
1296 633 1451 677 exempla
1469 633 1677 674 ostendunt,
1703 632 1862 666 mulier1s
1879 631 2090 670 Cananaeaffi
2108 632 2184 665 Da·-

1200 685 1303 717 niclis
1315 711 1324 724 ,
1350 691 1383 717 et
1401 683 1571 716 similium
1589 690 1656 717 etc.

1302 733 1414 768 LXII.
1441 733 1642 767 Necessaria
1658 733 1891 766 consideratio
1909 740 1971 777 est,
1998 743 2182 776 agnoscere

1201 785 1399 819 Dominum
1421 791 1582 818 nostrum
1608 782 1722 816 Iesum
1747 782 1945 824 Christum,
1989 784 2183 817 secundum

1202 842 1362 868 naturam
1388 832 1579 868 humanam
1606 840 1639 868 et
1655 834 1831 872 divinam,
1859 835 2094 867 redemtorem
2112 844 2184 866 esse

1203 886 1327 919 merito
1353 897 1434 926 suo,
1462 892 1494 918 et
1519 896 1590 917 esse
1616 885 1808 917 secundum
1834 884 1990 917 divinam
2008 892 2040 918 et
2058 882 2184 916 huma-

1203 948 1285 969 nam
1300 942 1463 969 naturam
1479 935 1739 968 iustificatorem
1757 934 1882 968 merito
1900 941 1932 967 et
1949 934 2187 967 communica-

1203 987 1298 1020 tione
1316 986 1387 1026 sui,
1414 992 1446 1020 et
1462 997 1638 1019 summum
1656 985 1883 1020 sacerdotem.
1917 984 2011 1017 Haec
2028 983 2189 1017 conside-

1203 1037 1314 1070 randa
1339 1043 1437 1074 sunt,
1463 1043 1503 1070 ut
1525 1036 1597 1068 filio
1614 1035 1683 1069 Dei
1707 1036 1846 1068 debitus
1870 1033 1982 1068 honos
2002 1035 2190 1074 tribuatur,

1204 1094 1238 1120 et
1252 1098 1316 1119 nos
1332 1093 1512 1119 teneamus
1527 1097 1647 1118 veram
1663 1092 1696 1118 et
1713 1086 1848 1117 firmam
1866 1085 2154 1118 consolationem.

1305 1134 1437 1169 LXIII.
1465 1134 1534 1168 Pro
1554 1135 1724 1168 vocabulo
1741 1135 1870 1175 meriti,
1895 1147 1964 1167 vox
1981 1135 2100 1166 divina
2119 1134 2190 1167 uti-

1205 1194 1263 1221 tur
1278 1184 1333 1219 his
1349 1186 1529 1218 vocabulis
1544 1185 1658 1217 multo
1676 1185 1907 1228 plenioribus,
1925 1182 2070 1229 λυτρὸν,
2090 1182 2191 1218 ἄντί-

1205 1239 1360 1282 λυτρον,
1390 1242 1424 1269 et
1444 1231 1714 1281 ἀπολύτρωσις,
1734 1241 1773 1268 ut
1791 1233 1962 1268 Matthaei
1979 1235 2055 1269 20.:
2086 1234 2192 1268 Venit

1205 1288 1296 1319 filius
1308 1284 1475 1324 hominis,
1491 1287 1573 1317 dare
1588 1285 1742 1316 animam
1757 1296 1853 1317 suam
1871 1282 2005 1329 λύτρον
2023 1297 2084 1328 pro
2098 1286 2192 1317 mul-

1205 1337 1259 1371 tis.
1311 1334 1359 1369 Et
1377 1336 1407 1368 1.
1426 1332 1650 1369 Timum-20
1679 1333 1750 1377 Qui
1768 1335 1866 1368 dedit
1884 1346 1955 1367 sese
1973 1332 2193 1380 ὐνῑίλυτρον

1206 1398 1269 1431 pro
1302 1385 1479 1420 omnibus.
1531 1383 1579 1418 Et
1611 1383 1717 1420 Rom.
1748 1385 1800 1419 3.:
1843 1384 1910 1418 Per
1940 1385 2192 1418 redemtionem

1207 1448 1296 1481 quae
1312 1443 1361 1468 est
1378 1436 1416 1467 in
1432 1433 1573 1468 Christo
1593 1434 1681 1468 lesu.
1718 1434 1896 1476 Significat
1913 1435 2006 1466 enim
2023 1435 2192 1467 redemtio

1207 1487 1312 1519 talem
1328 1485 1583 1524 liberationem,
1610 1494 1698 1527 quae
1715 1483 1750 1516 fit
1765 1484 1882 1527 aliqua
1897 1485 2194 1526 compensatione,

1209 1547 1269 1568 seu
1288 1535 1425 1578 precio,
1450 1545 1510 1567 seu
1529 1534 1666 1566 merito.
1722 1533 1845 1566 Voluit
1864 1534 1956 1566 enim
1976 1535 2074 1567 Deus
2094 1535 2193 1568 iusti-

1210 1586 1283 1619 ciae
1312 1596 1393 1618 suae
1418 1581 1485 1617 hoc
1503 1585 1607 1616 modo
1625 1583 1804 1624 satisfieri,
1831 1591 1869 1617 ut
1885 1596 1996 1628 poena
2015 1585 2193 1618 derivare·

1210 1644 1267 1670 tur
1284 1636 1321 1667 in
1338 1635 1490 1679 aliquem
1503 1661 1512 1674 ,
1539 1634 1599 1678 qui
1617 1640 1703 1666 esset
1720 1634 1944 1678 aequivalens
1961 1635 2130 1677 precium.

1311 1684 1440 1720 LXIV.
1467 1683 1529 1717 Est
1548 1684 1651 1726 igitur
1666 1685 1844 1717 Dominus
1860 1691 1978 1717 noster
1988 1683 2196 1718 IesusChri-

1211 1743 1283 1770 stus
1304 1736 1498 1772 redemtor,
1527 1735 1608 1778 quia
1632 1740 1702 1767 tota
1731 1734 1839 1777 ipsius
1856 1735 2054 1768 obedientia
2076 1736 2111 1767 in
2131 1733 2195 1768 hac

1212 1786 1343 1819 visibili
1361 1784 1642 1825 conversatione,
1670 1790 1720 1817 est
1737 1784 1892 1828 precium
1911 1797 1973 1829 pro
1990 1786 2113 1825 nobis,
2141 1786 2196 1819 id-

1213 1848 1280 1882 que
1291 1842 1381 1869 recte
1392 1835 1620 1878 intelligatur.
1659 1834 1870 1880 Quanquam
1883 1836 1976 1868 enim
1987 1836 2058 1869 sola
2071 1842 2197 1869 natura

1214 1885 1367 1920 humana
1384 1887 1557 1919 laceratur
1581 1892 1613 1918 et
1635 1885 1802 1926 moritur,
1828 1885 1916 1919 sicut
1931 1885 2054 1920 Petrus
2080 1887 2197 1931 inquit

1218 1939 1249 1972 1.
1273 1936 1348 1972 Pet.
1374 1937 1409 1970 3.
1437 1935 1561 1969 Passus
1587 1942 1635 1968 est
1658 1935 1694 1967 in
1724 1947 1844 1976 carne,
1882 1942 1996 1969 tamen
2021 1937 2198 1970 redemtor

1216 1995 1284 2027 est,
1318 1999 1390 2019 non
1415 1994 1549 2020 tantum
1574 1987 1768 2019 secundum
1802 1993 1964 2019 naturam
1997 1985 2198 2027 humanam,

1216 2039 1275 2071 scd
1292 2038 1483 2071 secundum
1500 2043 1661 2070 naturam
1680 2036 1839 2070 divinam
1857 2043 1889 2070 et
1907 2034 2098 2071 humanam
2117 2050 2198 2081 pro-

1217 2095 1293 2133 pter
1309 2088 1465 2133 quinque
1482 2098 1612 2121 causas.

1318 2138 1454 2178 Prima,
1482 2137 1584 2171 lIanc
1605 2136 1794 2171 humanam
1820 2145 1997 2177 naturam,
2032 2138 2067 2170 in
2093 2149 2196 2181 quam

1217 2201 1330 2234 poena
1346 2188 1536 2222 derivanda
1554 2195 1644 2228 erat,
1671 2190 1853 2232 oportebat
1870 2200 1941 2222 esse
1956 2189 2031 2220 sine
2049 2195 2198 2231 peccato,

1219 2247 1251 2274 ct
1270 2240 1393 2279 talem,
1420 2239 1456 2271 iu
1475 2251 1541 2284 qua
1559 2247 1643 2273 esset
1661 2239 1797 2273 iusticia
1818 2238 2059 2272 immutabilis.

1323 2289 1496 2328 Secunda,
1506 2287 1702 2333 Oportebat
1712 2300 1782 2322 esse
1797 2289 2020 2334 aequivalens
2032 2288 2198 2332 precium.

1321 2339 1453 2379 Tertia,
1470 2339 1574 2373 Nulla
1591 2346 1703 2373 creata
1720 2346 1843 2373 natura
1862 2339 1933 2372 sola
1948 2339 2112 2383 potuisset
2125 2351 2199 2372 sus-

1219 2391 1330 2424 tinere
1355 2388 1444 2423 hanc
1469 2403 1629 2434 poenam.

1322 2440 1473 2483 Quarta,
1501 2440 1605 2474 Nulla
1625 2446 1782 2473 creatura
1808 2440 1903 2473 videt
1927 2451 2093 2473 arcanum
2114 2453 2198 2473 cou-

191 2504 292 2542 tiam,
334 2512 393 2544 per
418 2498 608 2531 Dominum
643 2501 799 2526 nostrum
834 2492 947 2525 lesum
978 2488 1171 2524 Christum.
1195 2524 1196 2541 ἢ
1220 2491 1337 2524 silium
1361 2492 1494 2525 aeterni
1521 2491 1628 2535 patris
1650 2491 1693 2523 de
1720 2490 1866 2532 singulis
1889 2487 2112 2530 hominibus,
2140 2492 2197 2523 sed

190 2553 280 2587 Nam
305 2551 342 2582 in
368 2549 463 2582 omni
490 2547 656 2591 petitione
679 2545 780 2576 fidem
809 2543 1007 2587 praelucere
1024 2546 1172 2584 oportet,
1195 2550 1197 2574 ι
1219 2542 1311 2575 filius
1333 2543 1427 2575 solus
1453 2542 1650 2584 ingreditur
1673 2540 1708 2572 in
1734 2547 1889 2573 sanctum
1915 2548 2135 2576 sanctorum,
2164 2541 2198 2572 id

194 2605 288 2636 iuxta
305 2599 371 2634 hoc
390 2600 541 2631 dictum:
569 2594 749 2628 lustificati
772 2594 838 2626 fide
856 2604 973 2636 pacem
990 2590 1171 2631 habemuS,
1220 2598 1289 2632 est,
1315 2592 1352 2624 in
1370 2604 1534 2625 arcanum
1550 2590 1737 2624 consilium
1753 2591 1883 2624 aeterni
1906 2591 2030 2635 patris,
2057 2598 2089 2624 et
2107 2591 2199 2623 videt

192 2661 225 2687 et
248 2662 421 2686 accessum
446 2650 490 2682 ad
507 2648 630 2682 Deum.

684 2642 731 2676 Et
754 2644 934 2677 sciendum
954 2648 1023 2680 est,
1049 2652 1172 2676 omnes
1194 2635 1198 2682 ε’
1220 2642 1498 2685 magnitudinem
1530 2641 1600 2675 irae
1635 2640 1762 2685 patris,
1796 2647 1830 2675 et
1854 2642 1955 2675 offert
1987 2653 2038 2683 se,
2075 2641 2107 2674 id
2133 2647 2199 2681 est,
