2324 2955
142 113 215 147 909

141 208 240 236 rum,
280 202 318 229 ut
354 203 471 238 postea
505 195 662 228 deleatur
698 201 769 228 tota
801 195 924 240 politia
951 193 1120 227 Mosaica.

140 246 238 280 llaec
263 247 453 291 praedictio
479 245 660 289 perspicue
682 246 809 280 refutat
824 246 952 279 multos
972 244 1122 277 ludaeo-

141 309 220 330 rum
246 308 393 330 errores.
443 295 581 338 Negant
603 302 726 329 natum
753 308 825 330 esse
845 295 1031 335 Messiam,
1057 306 1122 327 ne-

141 353 221 390 gant
239 358 420 392 passurum
437 357 519 386 esse,
544 346 708 389 ignorant
725 346 922 380 doctrinam
939 346 982 378 de
998 345 1122 378 remis-

140 398 250 436 sione,
269 397 360 430 etde
380 396 514 429 iusticia
533 409 636 441 quam
654 396 927 436 donatMessias,
943 395 1121 428 somniant

141 448 418 481 instauraturum
461 458 533 479 esse
573 448 733 490 politiam
769 447 976 480 Mosairam.
1044 444 1121 477 Hae

139 494 376 541 blasphemiae
405 509 525 529 omnes
557 498 782 530 resumantur
813 496 1014 531 testimonio
1045 496 1120 529 Da-

139 547 260 588 nielis,
287 548 381 592 qnod
402 554 492 580 extat
519 547 555 579 in
579 559 653 590 cap.
668 547 702 583 9.
721 546 775 580 his
795 548 927 580 verbis:

241 621 470 665 Septuaginta
487 618 726 654 hebdomades
742 621 943 664 praefinitae
961 626 1041 653 sunt
1059 631 1113 651 su-

191 683 254 716 per
270 672 439 715 populum
456 678 555 704 tuum
570 698 578 712 ‚
614 678 646 704 et
665 683 770 715 super
787 672 909 704 urbem
928 669 1116 703 sanctuarii

190 722 254 761 tui,
274 728 311 755 ut
329 722 470 754 liniatur
489 722 753 764 praevaricatio,
768 728 800 754 et
817 721 1021 763 obsignetur
1039 731 1117 763 pec—

191 779 318 812 catum,
345 778 378 804 et
394 771 451 804 fiat
469 772 676 815 propiciatio
694 784 757 816 pro
776 772 973 816 iniquitate,
997 776 1030 803 ct
1055 770 1118 801 ad-

192 824 340 856 ducatur
357 821 492 854 iusticia
504 822 726 865 sempiterna,
744 828 777 854 et
794 822 1013 865 compleatur
1028 820 1116 853 visio

191 880 221 906 et
242 869 453 915 Prophetia,
480 879 511 905 et
525 879 678 914 ungatur
694 872 842 905 Sanetus
870 878 1083 904 sanctorum.

244 923 339 956 Scito
365 923 491 964 igitur,
524 929 557 955 et
581 922 779 964 intelligito.
834 921 890 953 Ab
916 921 1008 953 exitu
1044 931 1117 951 ser-

191 973 319 1012 monis,
336 979 375 1005 ut
391 973 508 1005 redeat
530 972 691 1015 populus,
713 978 746 1004 et
760 971 961 1003 aedificetur
978 968 1115 1002 Ierusa-

190 1024 258 1055 lem
282 1033 392 1066 usque
419 1022 462 1054 ad
486 1019 667 1054 Christum
689 1020 842 1061 Ducem,
878 1017 1116 1052 hebdomades

188 1079 338 1116 septem,
371 1077 403 1104 et
424 1068 659 1104 hebdomades
682 1071 858 1111 sexaginta
890 1071 978 1102 duae
1001 1076 1114 1103 erunt.

189 1121 238 1155 Et
274 1120 512 1160 habitabitur,
553 1127 586 1153 et
616 1121 896 1153 aedificabuntur
921 1120 1054 1163 plateae
1084 1126 1117 1152 et

190 1172 283 1204 muri
309 1172 344 1203 in
370 1171 529 1213 angustia
550 1177 758 1214 temporum.

242 1220 289 1255 Et
305 1228 383 1265 post
399 1219 636 1254 hebdomades
653 1220 828 1263 sexaginta
845 1227 878 1253 et
896 1220 982 1252 ‹luas
999 1219 1117 1252 excin-

191 1272 293 1305 detur
309 1269 481 1306 Christus.
533 1270 579 1304 Et
597 1283 671 1303 non
688 1271 754 1304 erit
771 1271 800 1303 ei
819 1271 969 1314 populus
985 1277 1017 1302 et
1036 1281 1117 1302 san-

191 1321 377 1355 ctuarium.
430 1319 478 1354 Et.
501 1322 651 1354 vastabit
676 1321 845 1364 populum
868 1322 939 1353 dux
963 1320 1117 1354 veniens.

190 1369 237 1404 Et
251 1372 329 1404 finis
347 1371 419 1404 eius
433 1371 469 1403 in
486 1371 728 1405 inundatione.
756 1370 803 1404 Et
818 1377 894 1414 post
912 1371 1017 1402 finem
1034 1370 1116 1403 belli

192 1420 335 1454 definita
358 1422 538 1454 desolatio.

241 1470 288 1505 Et
311 1472 532 1505 confirmabit
554 1477 798 1504 testamentum
831 1470 951 1503 multis
983 1468 1117 1502 hebdo-

192 1523 293 1554 made
318 1534 400 1556 una.
454 1520 501 1554 Et
524 1521 560 1553 in
588 1521 737 1553 dimidio
758 1519 988 1553 hebdomadis
1008 1532 1118 1552 cessa-

191 1573 282 1606 bunt
300 1570 413 1604 hostia
430 1578 463 1604 et
487 1571 709 1605 sacrificium.
761 1569 808 1603 Et
824 1582 928 1613 super
945 1571 1034 1601 alam
1053 1570 1118 1601 erit

191 1622 408 1655 abominatio
426 1621 628 1655 desolatrix.
674 1619 721 1654 Et
743 1632 853 1664 usque
870 1621 911 1653 ad
932 1621 1034 1652 linem
1052 1620 1119 1652 du-

191 1672 281 1704 rabit
298 1671 478 1714 praefinita
499 1670 681 1704 desolatio.

140 1746 312 1791 Expresse
343 1745 474 1790 inquit:
523 1743 608 1776 Post
643 1742 879 1776 hebdomades
919 1749 1050 1786 septem
1087 1749 1120 1776 et

142 1797 318 1840 sexaginta
349 1796 455 1834 duas,
490 1794 525 1826 id
548 1800 614 1834 est,
655 1800 735 1837 post
758 1792 994 1826 hebdomades
1023 1803 1120 1825 sexa-

140 1849 236 1891 ginta
255 1857 381 1879 novem
398 1856 581 1890 passurum
599 1855 670 1876 esse
688 1839 886 1876 llIessiam.
927 1840 974 1877 Et
991 1842 1118 1883 insigni

141 1899 250 1931 verbo
268 1908 351 1929 usus
369 1902 429 1936 est,
452 1892 585 1928 Karatb
600 1895 695 1938 quod
712 1893 882 1936 significat
899 1892 1095 1924 excindere.

246 1946 493 1989 intelligantur
516 1951 632 1978 autem
658 1955 839 1976 annorum
870 1940 1120 1981 hebdomades,

147 2006 188 2033 ut
212 1997 360 2031 Levitici
387 1996 550 2029 vicesimo
574 1995 698 2039 quinto
728 1994 839 2037 eapite
868 1993 922 2025 lex
954 1992 1120 2036 loquitur.

147 2049 218 2082 Nec
234 2049 276 2081 de
289 2047 390 2081 initio
406 2044 533 2079 horum
547 2056 719 2078 annorum
734 2044 866 2088 prolixe
884 2043 1083 2086 disputabo.

248 2096 324 2131 Etsi
355 2096 468 2142 Cyrus
497 2102 711 2128 concesserat
740 2093 876 2128 Iudaeis
908 2093 1058 2127 reditum
1084 2092 1119 2124 in

147 2149 309 2194 patriam,
324 2154 439 2181 tamen
458 2147 600 2180 absente
617 2157 657 2178 eo
674 2156 728 2178 res
744 2144 910 2188 impedita
929 2150 989 2177 est.
1026 2142 1119 2185 Quia

146 2200 335 2244 Cambyses
371 2208 517 2230 movens
549 2196 682 2229 bellum
713 2196 879 2228 adversus
914 2194 1121 2238 Aegyptios,

149 2247 262 2283 voluit
281 2248 427 2282 Iudaeos
449 2259 527 2280 cum
553 2246 733 2292 Aegyptiis
756 2245 933 2287 coniungi.
986 2244 1122 2278 Rursus

150 2307 265 2333 autem
287 2305 363 2342 post
385 2309 496 2331 annos
514 2297 744 2342 quadraginta
757 2308 835 2337 sex,
862 2307 941 2328 cum
959 2306 1051 2327 atino
1070 2306 1122 2327 50-

151 2350 267 2383 01111110
285 2348 494 2391 Longimani
519 2349 696 2380 decretum
721 2353 827 2387 esset,
852 2352 891 2379 ut
906 2345 1044 2379 ludaeis
1068 2356 1123 2377 rc-

152 2402 247 2435 ditus
271 2400 541 2439 concederetur,
575 2397 767 2430 aedificatio
791 2396 911 2440 templi
936 2402 967 2429 et
991 2395 1124 2429 reditus

152 2456 407 2496 processerunt.
459 2448 549 2482 Nam
566 2460 659 2482 anno
676 2447 885 2490 Longimani
905 2452 1013 2486 sexto,
1037 2452 1124 2479 tem-

152 2502 251 2545 plum
272 2500 486 2544 completum
504 2506 563 2534 est.
614 2498 667 2532 Eo
686 2506 839 2542 tempore
857 2509 918 2542 per
932 2494 1126 2540 Prophetas

154 2549 361 2585 Zachariam
394 2557 427 2584 et
449 2550 648 2593 Haggaeum
680 2550 872 2593 promissus
904 2554 953 2580 est
982 2547 1126 2582 reditus.

154 2603 208 2636 Ac
223 2602 350 2636 rectius
368 2608 417 2634 est
434 2612 569 2634 sumere
584 2601 726 2634 initium
752 2598 1014 2633 hebdomadum
1035 2609 1053 2630 a
1072 2598 1126 2630 di-

155 2653 238 2686 vino
265 2663 443 2691 sermone,
484 2651 645 2685 videlicet
666 2649 891 2695 prophetico,
933 2661 952 2682 a
975 2649 1126 2682 secundo

712 110 740 146 Ι.
782 106 1072 145 CIIRONICON
1100 104 1346 143 CARIONIS.
1401 106 1526 142 PARS
1553 106 1597 141 ll.

2084 113 2158 147 910

1176 203 1270 224 anno
1293 191 1523 235 Longimani‚
1563 199 1621 226 aut
1647 205 1664 224 a
1696 200 1801 229 sexto.
1855 193 1947 228 Sunt
1970 201 2084 228 autem
2111 199 2154 229 ab

1175 254 1267 274 anno
1286 242 1495 285 Longimani
1515 244 1687 283 secundo,
1723 244 1815 277 iuxta
1837 243 2088 278 Metasthenem
2107 250 2149 279 ad

1174 292 1314 324 initium
1334 291 1544 332 Alexandri,
1571 300 1709 326 centum
1737 296 1965 338 quadraginta
1989 304 2149 340 quatuor.

1175 340 1232 374 Ab
1253 342 1354 374 initio
1372 343 1505 374 Alexan
1515 342 1583 382 zlri,
1619 351 1694 386 post
1710 343 1809 376 Darii
1828 352 1974 378 mortem
1992 346 2085 380 iuxta
2105 348 2147 379 li-

1173 392 1255 425 bros
1274 392 1546 425 Macabaeorum
1573 400 1605 425 et
1629 392 1836 437 losephum,
1863 402 1944 429 sunt
1974 398 2058 429 anni
2077 405 2147 430 tre-

1174 443 1264 475 centi
1283 449 1316 475 et
1333 444 1451 475 decem
1472 454 1581 486 usque
1597 444 1639 475 ad
1659 442 1837 476 Christum
1856 452 1988 480 natum.
2043 449 2145 481 Adde

1172 493 1315 535 triginta
1340 504 1450 525 annos
1475 504 1493 524 a
1516 490 1656 525 Christo
1683 500 1764 527 nato
1790 506 1899 539 usque
1926 496 1968 527 ad
1993 497 2064 529 eius
2084 499 2145 530 ba-

1173 543 1351 586 ptismum.
1410 541 1526 575 Erunt
1563 543 1670 584 igitur
1701 555 1718 575 a
1753 546 1906 577 secundo
1934 545 2143 588 Longimani

1171 605 1264 626 anno
1287 604 1399 637 usquo
1423 593 1465 625 ad
1491 592 1702 635 baptismum
1719 591 1869 634 Christi,
1897 597 2142 638 quadringenti

1171 643 1346 686 octoginta
1371 649 1533 686 quatuor.
1586 642 1676 675 Sunt
1701 650 1815 675 autem
1841 641 2077 679 hebdomades
2092 659 2144 678 se-

1170 694 1308 735 xaginta
1326 704 1463 729 novem,
1483 692 1566 724 anni
1585 694 1830 736 quadringenti
1848 696 2044 735 octuaginta
2062 698 2142 729 dun.

1171 742 1307 776 Deinde
1323 743 1358 774 111
1378 742 1525 774 dimidio
1544 743 1719 786 sequentis
1734 741 1963 778 hebdomadis
1973 742 2143 778 Chrislus

1170 793 1396 826 concionatus
1414 799 1445 825 et
1462 803 1581 836 passus
1600 799 1659 826 est.
1685 792 1755 826 Nec
1772 806 1895 835 magna
1914 795 2144 839 discrepantia

1170 844 1235 876 erit
1259 843 1579 886 eomputationum,
1606 843 1633 875 si
1658 844 1821 876 certiores
1841 842 2002 878 historias
2019 858 2143 891 sequa-

1170 905 1269 932 mur,
1297 893 1431 925 etiamsi
1450 893 1591 934 exiguae
1607 893 1825 927 differentiae
1841 903 2034 936 occurrent,
2063 898 2144 941 quia

1170 944 1207 975 in
1227 953 1347 984 regum
1375 942 1475 973 annis
1492 942 1668 974 interdum
1687 955 1766 986 pars
1785 945 1869 976 anni
1886 946 2023 978 duobus
2043 948 2143 980 attri-

1169 993 1300 1028 buitur.
1352 990 1447 1024 Haec
1461 1003 1634 1024 annorum
1645 991 1804 1026 Danielis
1820 997 2046 1037 congruentia
2066 1009 2143 1029 011111

1169 1051 1325 1085 tempore
1350 1043 1521 1074 adventus
1544 1039 1675 1074 Christi
1701 1043 1767 1085 piis
1797 1050 1894 1085 grata
1924 1045 1985 1084 sit,
2019 1047 2145 1078 deinde

1170 1093 1344 1126 excidium
1362 1092 1459 1124 urbis
1478 1090 1663 1124 Ierusalem
1681 1094 1862 1136 perspicue
1878 1101 2031 1135 testatur,
2051 1096 2145 1128 Mes-

1170 1144 1255 1176 siam
1279 1139 1473 1174 exhibitum
1500 1153 1592 1182 esse,
1636 1154 1712 1175 cum
1739 1141 1896 1177 exhiberi
1927 1156 2005 1177 eum
2033 1145 2144 1178 adhuc

1171 1199 1283 1227 stante
1306 1192 1426 1235 politia
1447 1190 1586 1225 Iudaica
1608 1194 1822 1236 oportuerit,
1850 1195 1887 1226 in
1911 1207 1977 1239 qua
1995 1208 2072 1228 cum
2095 1208 2146 1228 es-

1171 1250 1220 1276 set
1246 1240 1409 1275 inchoata
1428 1241 1610 1284 Evangelii
1638 1243 1869 1285 praedicatio,
1895 1252 2012 1287 postea
2031 1247 2144 1279 deleto

1170 1291 1238 1327 hoc
1257 1293 1387 1336 populo
1407 1291 1561 1325 Ecclesia
1579 1293 1756 1335 colligitur
1772 1306 1811 1326 ex
1828 1295 2000 1336 gentibus.

1273 1342 1340 1375 1110
1363 1342 1658 1374 considerandum
1681 1349 1747 1381 cst,
1772 1350 1805 1376 et
1829 1356 1917 1388 quae
1933 1345 2003 1379 siut
2020 1346 2144 1377 discri-

1171 1393 1265 1425 mina
1290 1393 1529 1425 doctrinarum
1554 1392 1638 1433 legis
1671 1399 1703 1425 et
1728 1391 1931 1436 Evangelii,
1973 1396 2066 1440 quod
2103 1397 2147 1428 sit

1172 1443 1361 1475 discrimen
1392 1453 1493 1475 verae
1515 1440 1691 1475 Ecclesiae
1721 1454 1739 1475 a
1769 1445 1890 1487 politia
1917 1443 2076 1483 Iudaica,
2113 1453 2145 1479 et

1171 1494 1349 1537 quomodo
1372 1491 1527 1525 Ecclesia
1560 1492 1640 1524 inde
1670 1505 1781 1538 usque
1811 1495 1855 1527 ab
1882 1495 1985 1527 initio
2010 1496 2144 1539 generis

1173 1541 1318 1576 humani
1336 1542 1479 1575 collecta
1502 1542 1556 1574 sit.

1272 1592 1379 1626 Anno
1398 1590 1531 1625 Christi
1550 1592 1724 1625 tricesimo
1743 1594 1878 1637 quinto,
1905 1606 1997 1626 anno
2010 1594 2143 1627 Tiberii

1171 1643 1307 1675 decimo
1331 1654 1445 1682 nono,
1469 1639 1615 1674 Paulus
1637 1644 1703 1676 iter
1724 1644 1853 1676 faciens
1875 1645 1918 1677 ad
1935 1646 2146 1678 Damascum

1172 1703 1360 1725 conversus
1375 1698 1424 1724 est
1441 1692 1483 1723 ad
1499 1692 1712 1733 agnitionem
1730 1691 1882 1736 Christi,
1903 1706 1980 1726 cum
1997 1696 2064 1728 iam
2082 1707 2147 1728 an-

1173 1754 1239 1775 nus
1272 1748 1349 1785 post
1377 1739 1510 1774 Christi
1545 1743 1833 1776 resurrectionem
1869 1751 2006 1777 exactus
2048 1753 2145 1779 esset.

1172 1792 1418 1826 Commoratus
1434 1792 1568 1836 aliquot
1584 1793 1707 1825 diebus
1722 1793 1758 1825 in
1771 1794 1856 1825 urbe
1867 1792 2048 1833 Damasco,
2068 1808 2147 1827 011111

1173 1844 1371 1874 ostenderet
1387 1854 1483 1874 suam
1500 1842 1752 1875 consessionem
1768 1844 1889 1876 ludaei
1906 1842 2020 1877 hostes
2030 1844 2146 1878 Evan-

1172 1892 1255 1935 gelii
1281 1898 1484 1924 struxerunt
1507 1892 1536 1923 ei
1563 1892 1719 1927 insidias.
1772 1892 1951 1926 Demissus
1978 1895 2084 1936 igitur
2107 1907 2145 1927 ex

1174 1954 1274 1974 muro
1296 1942 1332 1973 in
1348 1939 1483 1974 calatho
1501 1942 1656 1976 discessit
1674 1943 1709 1974 iu
1726 1941 1906 1981 Arabiam,
1924 1951 1955 1977 et
1973 1945 2021 1977 ibi
2039 1946 2147 1977 trien-

1174 1992 1232 2024 nio
1264 1992 1395 2026 docuit.
1455 1991 1577 2024 Postea
1609 1993 1704 2026 venit
1735 1992 2006 2038 lerosolymam,
2041 2003 2072 2028 et
2099 1996 2147 2028 ibi

1173 2042 1374 2087 quindecim
1399 2041 1471 2074 dies
1497 2043 1589 2085 apud
1613 2041 1756 2076 Petrum
1779 2044 1917 2077 mansit.
1970 2044 2037 2077 llic
2061 2057 2146 2077 con-

1173 2103 1308 2135 gressus
1322 2091 1417 2124 Petri
1434 2099 1466 2125 et
1482 2091 1601 2132 Pauli,
1627 2093 1736 2126 sactus
1755 2092 1994 2139 lerosolymae,
2023 2095 2146 2130 incidit

1173 2150 1232 2176 aut
1256 2143 1292 2174 in
1316 2142 1480 2175 ultimum
1502 2154 1635 2175 annum
1655 2143 1812 2182 Tiberii,
1840 2152 1898 2178 aut
1916 2144 1951 2176 in
1968 2144 2145 2187 Caligulae

1174 2193 1285 2234 inilia,
1302 2193 1462 2225 videlicet
1479 2193 1513 2225 iu
1531 2205 1663 2225 annum
1674 2191 1803 2227 Christi
1823 2195 2035 2227 tricesimum
2052 2203 2146 2229 octa-

1174 2256 1270 2277 vum.
1304 2242 1440 2276 Deinde
1456 2242 1587 2276 Paulus
1604 2241 1765 2276 Tarsum
1783 2246 1955 2287 profectus
1972 2252 2032 2285 est,
2053 2248 2146 2279 unde

1175 2294 1279 2327 rediit
1304 2294 1339 2325 iu
1357 2293 1493 2337 Syriam
1516 2301 1681 2335 regnante
1700 2294 1866 2335 Claudio,
1893 2307 1970 2328 cum
1989 2295 2146 2329 Herodes

1176 2343 1332 2388 Agrippa
1351 2341 1537 2387 phthiriasi
1562 2350 1721 2376 mortuus
1745 2351 1851 2385 esset,
1873 2351 1905 2378 et
1929 2346 1964 2377 iu
1989 2346 2145 2379 Seleucia

1177 2402 1210 2429 et
1234 2397 1270 2427 in
1293 2393 1409 2439 Cypro
1432 2393 1563 2428 docuit.
1616 2393 1706 2427 Sunt
1730 2402 1845 2428 autem
1871 2395 1954 2428 anni
1978 2397 2022 2429 ab
2046 2397 2145 2429 initio

1176 2445 1354 2488 Caligulae
1382 2456 1492 2488 usque
1525 2445 1567 2477 ad
1601 2451 1750 2478 mortem
1786 2444 1937 2478 llerodis
1971 2445 2146 2491 Agrippae

1177 2503 1275 2536 octo,
1301 2495 1461 2528 videlicet
1475 2506 1584 2539 usque
1598 2496 1638 2528 ad
1657 2507 1789 2529 annum
1807 2494 1937 2529 Christi
1955 2499 2147 2541 quadrage-

1178 2548 1305 2580 simum
1334 2552 1487 2586 sextum,
1525 2546 1584 2590 qui
1617 2552 1667 2580 est
1689 2558 1801 2579 annus
1825 2546 1963 2580 Claudii
1995 2555 2148 2591 quartus.

1179 2597 1332 2630 Tamdiu
1358 2595 1488 2630 Paulus
1519 2596 1554 2628 iu
1587 2608 1647 2630 ora
1680 2597 1796 2630 vicina
1819 2596 1929 2630 Tarso
1969 2598 2002 2629 in
2025 2597 2147 2630 Cilicia

1180 2648 1310 2681 docuit.

1563 2696 1639 2732 58*
