2324 2955
214 108 287 145 951

217 252 249 278 et
269 242 401 277 Meletii
417 250 568 272 errorem
588 242 802 280 sparserunt.

269 341 374 373 Anno
400 337 524 370 mundi
549 341 673 380 quater
697 333 903 373 millesime,
945 333 1195 374 ducentesimo,

420 387 583 420 vicesimo
610 384 724 418 tertio.

268 439 376 473 Anno
397 437 533 471 Romae
552 435 738 468 millesimo
757 433 958 466 undecimo.

269 489 374 523 Anno
395 486 527 521 Christi
551 485 790 519 ducentesimo
807 483 1018 526 sexagesimo
1044 482 1169 526 primo.

580 602 838 636 Gallienus.

322 687 521 723 Gallienus
541 686 632 718 filius
648 684 828 717 Valeriani
846 692 941 727 patre
958 690 1057 726 capto
1075 694 1198 726 regna—

223 744 272 776 vit
288 751 399 775 annos
416 737 598 773 undecim,
625 735 749 768 similis
765 734 899 767 Neroni
918 740 976 767 aut
993 732 1198 766 Domitiano

221 792 359 826 deditus
377 787 560 822 obscoenis
580 785 821 828 voluptatibus
840 790 872 816 et
889 783 1052 818 crudelis.
1081 783 1199 826 Quare

222 855 299 876 cum
317 840 463 873 ducibus
480 845 512 869 et
530 835 736 869 exercitibus
756 834 889 867 invisus
913 841 981 874 est,
1009 846 1200 866 numeran-

221 900 278 926 tur
302 891 374 924 eius
394 896 549 931 tempore
576 885 717 928 triginta
744 886 866 924 duceS,
894 885 956 929 qui
979 897 996 916 a
1016 884 1085 917 suis
1104 896 1200 917 exer-

221 942 348 976 citibus
369 939 451 972 facti
477 943 558 970 sunt
588 936 830 978 imperatores,
870 935 929 978 qui
955 935 1082 978 partim
1109 935 1201 967 inter

220 1004 292 1025 sese
311 990 541 1023 dimicarunt,
569 986 695 1028 partim
713 997 731 1017 a
747 986 817 1017 suis
836 985 1007 1017 militibus
1028 984 1201 1017 interfecti

222 1048 313 1075 sunt.
364 1039 458 1072 Haec
486 1036 623 1069 laniena
651 1036 778 1067 ducum
797 1035 887 1066 vires
907 1035 1045 1077 imperii
1065 1035 1201 1067 duriter

222 1091 357 1130 afflixit,
380 1096 412 1121 et
427 1085 714 1130 gubernationem
733 1084 861 1127 ubique
880 1084 1045 1117 turbavit.

222 1142 289 1176 fuit
307 1153 346 1174 ex
361 1138 510 1171 ducibus
526 1135 695 1168 excellens
712 1134 765 1166 vir
781 1130 1015 1173 Posthumus,
1043 1133 1103 1177 qui
1116 1132 1204 1165 Gal-

224 1193 306 1225 liam
325 1189 422 1223 rexit.
476 1186 543 1219 Hic
562 1197 640 1217 cum
658 1191 787 1227 septem
810 1195 920 1216 annos
939 1190 1073 1216 teneret
1091 1183 1203 1226 impe-

225 1241 394 1275 ratorium
423 1247 571 1275 nomen,
599 1241 631 1267 et
649 1233 834 1267 Gallienus
863 1234 1051 1266 exercitum
1078 1234 1204 1265 adver-

224 1303 280 1326 sus
300 1301 378 1323 eum
394 1286 552 1325 misisset,
579 1281 747 1317 Francos
765 1284 829 1316 sibi
849 1284 1021 1321 adiunxit,
1044 1283 1104 1328 qui
1120 1290 1204 1316 tunc

225 1343 268 1375 ad
293 1338 459 1374 Rhenum
483 1341 706 1368 accesserant.
759 1333 827 1366 Hic
852 1334 1004 1377 primum
1031 1334 1069 1367 fit
1092 1333 1205 1366 Fran-

225 1402 350 1426 corum
370 1387 503 1420 mentio
522 1385 558 1417 in
585 1384 685 1417 bellis
702 1383 885 1418 Romanis.

337 1438 482 1482 Semper
506 1441 622 1468 autem
648 1435 836 1478 prudentes
864 1434 931 1466 viri
957 1433 1205 1478 quaesiverunt
1230 1457 1232 1460 s

225 1489 402 1535 gentium,
430 1499 468 1520 ac
485 1485 687 1530 praesertim
705 1485 876 1517 maiorum
902 1496 1046 1517 suorum
1063 1484 1204 1528 stirpes:

226 1549 259 1576 et
284 1540 366 1586 quia
386 1534 522 1583 στοργὴ
550 1536 675 1568 invitat
696 1535 738 1567 ad
758 1535 1003 1577 cogitationem
1021 1535 1063 1567 de
1081 1546 1207 1578 paren-

226 1593 336 1626 tibus:
377 1596 410 1622 et
434 1587 515 1632 quia
544 1593 680 1628 gratum
705 1591 773 1624 est,
807 1585 972 1618 virtutem
1000 1592 1031 1618 et
1061 1583 1206 1617 honesta

227 1640 382 1683 exempla
402 1638 573 1671 maiorum
592 1635 741 1674 intueri,
769 1641 801 1667 et
827 1635 908 1678 quia
928 1633 1071 1667 honesta
1089 1641 1208 1676 gentes

229 1690 451 1734 disciplinam
471 1687 600 1718 maiore
617 1696 698 1717 cura
715 1685 950 1716 retinuerunt.

342 1738 464 1771 Fuisse
497 1742 611 1768 autem
646 1733 869 1766 excellentem
902 1733 1065 1766 virtutem
1097 1733 1208 1775 gentis

230 1789 438 1826 Francicae,
477 1784 629 1818 ostendit
653 1783 858 1825 magnitudo
884 1795 999 1815 rernm
1025 1790 1210 1826 gestarum,

232 1840 328 1885 quod
345 1838 382 1870 in
401 1836 518 1871 Gallia
537 1845 682 1876 regnum
699 1833 973 1871 constituerunt,
997 1846 1066 1877 quo
1089 1833 1209 1865 multis

230 1889 356 1924 seculis
370 1887 508 1919 nullum
527 1891 576 1917 est
598 1884 633 1915 in
654 1895 778 1925 genere
800 1881 956 1915 humano
983 1884 1087 1925 magis
1106 1895 1210 1915 orna·

230 1948 301 1974 tam
322 1937 476 1980 legibus,
504 1933 673 1967 doctrinis
698 1940 729 1966 et
756 1933 913 1965 iudiciis:
949 1940 981 1965 et
999 1937 1092 1977 quod
1110 1934 1209 1966 Italia

231 1990 355 2032 dignos
377 1998 449 2020 esse
472 1985 623 2023 censuit,
659 1983 693 2015 in
719 1995 806 2028 qnos
830 1983 1032 2017 transferret
1056 1982 1210 2017 Romani

232 2037 453 2083 imperatoris
470 2035 694 2077 dignitatem,
723 2041 756 2066 et
773 2034 867 2077 quod
886 2033 998 2066 voluit
1016 2035 1121 2067 totius
1138 2032 1211 2067 Eu-

232 2101 336 2134 ropae
354 2087 557 2131 praecipuos
575 2085 733 2117 custodes
750 2095 833 2117 esse.

235 2189 419 2223 Francicae
436 2186 545 2230 gentis
562 2184 735 2227 originem
751 2184 1013 2228 quaesiverunt.
1041 2183 1110 2217 Sed
1126 2185 1212 2218 iuste

235 2237 542 2283 reprehenduntur
568 2235 674 2277 inepti
700 2234 903 2277 scriptores,
931 2235 989 2278 qui
1016 2235 1152 2267 fabulas
1174 2247 1213 2267 ex
1238 2240 1240 2271 ἔ
1264 2234 1408 2276 Ξωῑῖῡί),
1445 2236 1506 2268 ubi
1532 2237 1648 2270 tabula
1675 2238 1711 2270 in
1737 2239 1843 2272 veteri
1870 2237 2079 2271 monasterio
2104 2243 2239 2280 reperta

237 2301 306 2322 sese
330 2290 502 2321 finxerunt
526 2287 568 2319 de
590 2286 669 2317 filiis
688 2284 866 2322 Hectoris,
903 2297 988 2330 quas
1014 2285 1156 2326 omitto,
1183 2293 1213 2318 et

237 2351 275 2372 ex
297 2339 404 2371 Troia
422 2337 574 2370 Francos
592 2337 755 2367 educunt.

338 2388 473 2421 Nomen
491 2386 708 2420 Francorum
735 2385 870 2418 celebre
896 2397 967 2418 esse
991 2385 1104 2429 coepit
1128 2393 1215 2419 tem-

238 2451 321 2483 pore
345 2437 497 2471 Gallieni
530 2436 768 2479 imperatoris,
810 2435 891 2480 qnia
913 2434 1127 2469 Postbumus
1158 2448 1215 2470 eos

240 2488 387 2523 armavit
415 2494 532 2520 contra
558 2485 774 2520 Gallienum.
827 2485 896 2519 Sed
922 2493 1005 2519 tunc
1031 2486 1135 2519 fuisse
1158 2498 1216 2520 eos

239 2541 277 2572 in
294 2539 367 2582 ripa
379 2535 516 2575 Rheni,
545 2543 577 2568 et
599 2536 730 2567 viciuos
750 2535 887 2569 Galliae
901 2534 1086 2570 posthumi
1104 2534 1215 2570 histo-

240 2590 291 2622 ria
317 2587 479 2621 ostendit.
531 2583 666 2618 Deinde
693 2597 850 2628 expresse
882 2587 1064 2624 scribitur,
1101 2586 1215 2620 Aure-

240 2640 374 2672 lianum
400 2637 541 2679 triginta
566 2635 675 2667 millia
692 2634 909 2668 Francorum
934 2649 1042 2681 prope
1059 2636 1215 2680 Mogon-

455 102 660 143 SCRIPTA
686 100 761 135 PH.
787 96 906 134 MEL.
933 96 1002 133 AD
1029 96 1154 135 HIST.
1181 97 1323 135 PROF.
1347 94 1412 132 ET
1440 93 1631 133 PHILOS.
1658 95 1977 133 SPECTANTIA.

219 193 485 236 Anabaptistas‚
519 187 579 232 qui
608 191 727 218 nostro
754 191 910 227 tempore
934 183 1037 216 etiam
1063 182 1190 217 Novati
1243 183 1324 215 iiam
1356 181 1554 214 trucidasse.

1100 1083 1201 1117 Unus
1227 1093 1229 1104 ·

2143 96 2217 132 952

1614 181 1737 215 Postea
1761 181 2012 216 Constantinus
2037 181 2218 215 dimicavit

1245 245 1322 266 cum
1339 231 1483 264 Francis
1499 238 1532 265 et
1549 231 1749 271 Alemanis,
1777 238 1811 265 et
1834 243 1930 274 reges
1954 244 2073 265 eorum
2100 238 2218 275 captos

1246 282 1372 316 obiecit
1391 282 1520 320 bestiis,
1560 280 1605 314 Et
1619 281 1859 327 Hieronymus
1878 283 1913 314 in
1933 282 2002 314 vit-‘1
2023 281 2218 314 Hilarionis

1248 332 1376 376 inquit:
1422 331 1514 364 lnter
1529 331 1683 365 Saxones
1706 341 1737 364 et
1762 333 1953 365 Alemanos
1977 331 2104 364 Franci
2129 338 2220 371 sunt,

1247 394 1329 426 gens
1346 394 1416 414 non
1434 389 1503 415 tam
1521 382 1587 414 lata
1605 393 1708 426 quam
1728 383 1854 417 valida.

1351 432 1541 464 Alemanos
1564 439 1678 464 antem
1705 432 1902 464 nominatos
1931 443 2021 471 esse,
2056 431 2115 476 qui
2140 438 2220 464 sunt

1249 484 1340 516 inter
1356 482 1487 527 sylvam
1506 480 1730 521 Martianam,
1760 482 1866 525 Alpes
1885 488 1918 514 ct
1935 481 2121 521 Noricum,
2148 492 2221 514 non

1250 533 1396 566 dubium
1422 539 1491 573 est,
1525 533 1778 575 propemodum
1802 532 1861 564 ubi
1890 544 1984 564 nunc
2007 539 2088 564 sunt
2105 531 2223 564 Suevi.

1252 583 1427 616 Interiecti
1443 589 1558 615 autem
1577 582 1668 616 inter
1689 581 1822 615 Suevos
1837 580 2024 615 e'tNoricos
2041 588 2073 614 et
2090 581 2222 625 sylvam

1252 633 1478 675 Turingicam
1502 639 1583 665 sunt
1612 632 1738 665 Franci
1762 644 1856 664 nunc
1878 644 2035 676 quoque,
2078 631 2167 663 sicut
2192 637 2225 663 et

1252 684 1377 717 Strabo
1395 683 1528 728 inquit,
1550 681 1705 715 Francos
1724 694 1796 715 esse
1817 682 1908 714 inter
1924 681 2072 714 Noricos
2088 688 2120 714 et
2138 679 2226 713 Vin-

1252 735 1399 773 delicos,
1426 741 1463 766 ut
1482 733 1572 766 inter
1586 730 1650 765 hos
1667 745 1760 765 nunc
1775 744 1914 777 quoque
1937 732 2109 764 interiecti
2133 737 2226 765 sunt.

1252 784 1297 817 Et
1314 796 1441 817 nomen
1453 783 1627 816 Francum
1644 790 1695 816 est
1709 783 1830 825 ἣῗςϊθῐ),
1846 783 1939 826 quod
1956 783 2106 814 liberum
2118 780 2226 823 signi—

1252 836 1338 870 ficat.
1391 832 1436 866 Et
1456 833 1653 876 principum
1673 834 1816 865 nomina
1835 839 1913 865 sunt
1932 839 2071 865 nostrae
2088 832 2227 873 linguae

1253 897 1363 922 voces,
1391 885 1588 924 Quonam),
1612 883 1755 928 ssubmig,
1783 881 1949 929 spetft‘rid),
1974 891 2005 916 et
2023 883 2089 915 alia
2108 881 2227 914 multa.

1353 935 1444 968 Satis
1471 935 1577 976 igitur
1603 935 1824 977 perspicuum
1850 941 1919 973 est,
1954 945 2024 964 non
2050 932 2228 965 transiisse

1253 985 1405 1018 Francos
1423 997 1461 1016 ex
1480 984 1598 1016 Gallia
1618 985 1654 1016 in
1671 992 1808 1017 nostras
1823 984 2000 1026 regiones,
2028 983 2118 1015 inter
2130 979 2229 1015 Rhe-

1255 1047 1338 1066 num
1357 1042 1388 1066 et
1404 1034 1539 1066 Saltum
1560 1034 1808 1076 Turingicum:
1837 1035 1895 1065 sed
1922 1034 2098 1065 transiisse
2114 1043 2171 1064 eos
2189 1043 2227 1063 ex

1254 1083 1381 1115 nostris
1399 1083 1600 1125 regionibus
1619 1095 1636 1115 a
1655 1083 1754 1116 Saltu
1775 1082 1971 1125 Turingico
1989 1084 2031 1115 ad
2047 1080 2230 1120 Rhenum,

1255 1140 1286 1165 et
1303 1134 1384 1165 inde
1400 1133 1436 1164 in
1455 1131 1620 1166 Galliam.

1358 1183 1424 1216 Sed
1443 1194 1530 1226 quae
1550 1182 1661 1225 prima
1678 1183 1774 1214 sedes
1792 1181 2008 1215 Francorum
2027 1182 2144 1220 suerit,
2166 1182 2231 1214 du-

1256 1233 1396 1266 bitatur.
1449 1231 1576 1265 Beatus
1594 1231 1790 1265 Rhenanus
1814 1232 1948 1265 vicinos
1966 1231 2087 1265 Frisiis
2113 1232 2231 1271 fuisse,

1229 1306 1231 1313 .
1255 1290 1288 1316 et
1304 1284 1385 1316 inde
1401 1283 1441 1314 ad
1462 1282 1573 1326 ripam
1592 1281 1710 1315 Rheni
1727 1282 1921 1315 ascendisse
1941 1282 2124 1321 existimat,
2152 1281 2232 1325 qnia

1257 1346 1328 1366 non
1357 1333 1505 1365 dubium
1532 1339 1599 1371 est,
1639 1332 1865 1366 Constantini
1895 1339 2052 1376 tempore
2080 1331 2234 1364 Francos

1256 1383 1407 1417 tenuisse
1439 1382 1712 1427 Sycambrorum
1744 1382 1942 1425 regionem,
1979 1389 2012 1415 et
2044 1381 2235 1419 Bataviam,

1256 1435 1290 1467 id
1328 1440 1394 1472 est,
1434 1431 1674 1467 Hollandiam.
1728 1430 1775 1466 Et
1803 1432 2021 1467 Claudianus
2046 1432 2165 1466 scribit
2192 1433 2234 1464 ad

1257 1484 1493 1518 Stilliconem:

1786 1535 1987 1576 Rhenumque
2014 1537 2158 1565 minacem

1359 1586 1507 1616 Cornibus
1531 1586 1663 1614 infractis
1687 1587 1760 1615 adeo
1783 1590 1935 1616 mitescere
1959 1589 2050 1625 cogis,

1360 1636 1400 1665 [t
1415 1635 1514 1665 Salius
1538 1639 1596 1664 iam
1618 1647 1686 1665 rura
1711 1639 1792 1673 cola,
1820 1639 1976 1676 flexosque
2000 1636 2157 1675 Sycambri

1359 1685 1394 1715 In
1409 1687 1515 1715 falcem
1531 1693 1651 1715 curvent
1669 1688 1782 1725 gladios
1795 1710 1801 1722 ,
1830 1689 2020 1726 geminasque
2046 1688 2140 1715 viator

1361 1735 1438 1765 Cum
1455 1737 1551 1764 videat
1569 1739 1646 1774 ripas
1659 1759 1666 1770 ,
1695 1747 1769 1776 quae
1791 1739 1828 1765 sit
1843 1736 1979 1766 Romana
1996 1739 2134 1776 requirat,

1361 1785 1400 1815 Ut
1419 1789 1477 1814 iam
1493 1792 1572 1814 trans
1589 1788 1715 1815 fluvium
1740 1797 1801 1815 non
1822 1788 1994 1825 indignante
2015 1786 2114 1826 Cayco

1362 1835 1464 1865 Pascat
1481 1835 1574 1875 Belga
1596 1848 1702 1875 pecus:
1722 1838 1912 1878 mediumque
1927 1840 2054 1877 ingressa
2071 1849 2122 1876 per
2134 1837 2238 1866 Albim

1363 1884 1474 1915 Gallica
1491 1887 1674 1916 Francorum
1694 1896 1809 1917 montes
1831 1895 1961 1917 armenta
1977 1895 2136 1928 pererrent.

1236 1961 1238 1985 i
1263 1932 1415 1976 intelligi
1441 1942 1555 1968 autem
1581 1942 1612 1967 et
1639 1932 1766 1968 Salios
1791 1935 1944 1969 Francos
1971 1948 2009 1968 ex
2028 1935 2237 1968 Marcellino

1263 1990 1385 2017 notum
1404 1991 1463 2019 est.
1518 1983 1623 2026 Quod
1646 1997 1776 2018 nomen
1801 1998 1878 2019 cum
1895 1999 1912 2018 a
1931 1986 2010 2020 Sala
2027 1986 2173 2019 flumine
2189 1986 2240 2018 sa-

1263 2041 1356 2066 ctum
1377 2046 1448 2067 esse
1475 2035 1666 2075 scribatur,
1691 2043 1774 2069 tunc
1801 2049 1939 2081 quoqne
1956 2036 2109 2070 Francos
2127 2036 2240 2079 regio·

1238 2124 1240 2133 ἱ
1263 2096 1342 2116 nem
1363 2087 1403 2116 ad
1421 2085 1537 2118 Salam
1555 2097 1672 2118 versus
1684 2086 1830 2119 Menum
1849 2095 1881 2121 et
1900 2085 2068 2120 Rhenum
2087 2087 2238 2120 tenuisse

334 2137 526 2172 Laudanda
552 2141 601 2167 est
625 2134 731 2176 igitur
757 2133 938 2175 diligentia
973 2146 1115 2172 eorum,
1152 2135 1211 2178 qui
1238 2140 1239 2151 ¹

1264 2142 1422 2178 apparet,
1451 2136 1544 2168 unde
1562 2143 1594 2168 et
1611 2134 1767 2182 Salingi
1784 2133 1931 2170 Franci
1943 2138 2027 2170 dicti
2046 2144 2136 2170 sunt.

1364 2183 1547 2229 Oppidum
1573 2194 1623 2220 est
1646 2199 1662 2219 e
1684 2188 1824 2230 regione
1841 2187 2008 2222 Coloniae
2025 2186 2239 2230 Agrippinae

1265 2293 1333 2325 est,
1361 2287 1396 2318 in
1414 2299 1479 2330 qua
1499 2288 1667 2330 scriptum
1685 2288 1768 2328 fuit,
1796 2301 1869 2321 eam
1896 2299 2006 2320 arcem
2025 2300 2042 2320 a
2063 2287 2239 2321 Constan-

1265 2336 1341 2370 tino
1365 2343 1554 2370 extructam
1581 2350 1651 2370 esse
1684 2339 1720 2371 in
1745 2346 1835 2373 terra
1854 2338 2090 2377 Francorum,
2127 2344 2165 2371 ut
2190 2337 2239 2370 ibi

1265 2387 1480 2431 praesidium
1506 2389 1548 2420 ad
1576 2389 1814 2422 defensionem
1838 2387 2006 2421 Coloniae
2022 2387 2239 2432 Agrippinae

1266 2437 1511 2471 collocaretur.

1367 2489 1424 2520 An
1443 2495 1558 2521 autem
1577 2489 1817 2522 descenderint
1837 2500 1853 2520 a
1874 2489 1947 2531 ripa
1966 2487 2099 2527 Moeni,
2118 2489 2236 2533 quaeri

1267 2539 1400 2581 potest?
1427 2537 1612 2571 Strabonis
1628 2546 1657 2571 et
1670 2537 1878 2583 Hieronymi
1899 2539 1988 2571 dicta
2006 2539 2113 2581 magis
2130 2539 2238 2581 signi-

1266 2589 1370 2622 ficant
1385 2589 1601 2622 descendisse
1619 2600 1675 2621 eos
1690 2590 1732 2621 ad
1753 2587 1934 2629 Rhenum,
1962 2601 2066 2633 quam
2087 2589 2236 2632 primum

1267 2639 1303 2671 in
1324 2639 1439 2672 littore
1459 2638 1611 2671 Frisiaco
1628 2645 1728 2671 natos
1745 2651 1827 2673 esse.
