2324 2955
224 125 297 160 839

228 208 442 245 Alexander,
477 216 511 237 se
541 203 690 236 ducibus
710 200 781 234 suis
804 198 1011 234 relicturum
1035 212 1106 235 esse
1131 213 1205 235 ma-

230 269 333 301 gnam
349 256 476 302 ᾰγιῦιά
493 250 697 299 ἐπιτάφιον.

341 363 406 396 De
436 355 792 395 successoribus
819 355 1095 393 Alexandri.

332 436 430 471 Sicut
446 435 572 469 Daniel
596 446 635 467 ex
655 431 791 466 Graeco
815 443 894 475 rege
913 439 1063 476 quatuor
1078 445 1208 467 cornua

233 488 319 521 oriri
348 487 455 527 vidit,
488 486 535 519 ita
564 483 702 517 accidit.
754 482 919 515 Lacerata
943 489 992 516 est
1017 483 1111 516 enim
1136 485 1209 517 eius

232 533 436 571 monarchia
455 536 492 568 in
511 535 694 579 praecipua
714 539 747 566 et
763 533 911 565 maxima
926 544 1031 575 regna
1049 540 1208 577 quatuor.

232 586 309 621 Etsi
340 586 451 627 enim,
485 592 522 618 ut
551 586 604 624 fit,
638 584 704 616 alia
726 594 831 626 parva
854 593 959 625 regna
982 583 1073 616 inter
1096 590 1209 618 tantos

234 637 405 671 tumultus
435 642 510 669 orta
541 641 640 674 sunt,
673 640 789 666 tamen
820 632 1046 666 cultissimam
1078 640 1210 677 partem

235 687 370 730 generis
408 684 555 719 hnmani
585 690 735 728 quatuor
767 694 871 725 regna
904 683 1081 726 complexa
1114 691 1210 717 sunt:

234 739 429 781 Aegyptus,
477 735 598 780 Syria,
636 732 759 766 Minor
794 733 878 765 Asia
917 739 952 765 et
993 732 1211 767 Macedonia.

235 788 446 829 Quanquam
477 791 592 818 autem
621 783 737 815 variae
769 782 859 814 vices
888 788 921 815 et
952 782 989 814 in
1019 780 1073 815 his
1096 784 1212 827 regnis

234 838 397 875 suerunt,
424 843 541 868 tamen
559 833 777 866 Ptolemaeus
800 839 832 865 et
850 832 923 864 eius
941 833 1124 876 posteritas
1143 833 1212 867 Ae-

233 893 377 931 gyptum
396 884 559 923 retinuit,
584 893 694 926 usque
710 883 752 914 ad
767 881 894 914 lulium
905 881 1098 918 Caesarem.
1151 884 1213 917 Se-

237 937 353 969 leucus
377 942 410 968 et
434 935 506 967 eius
526 933 708 974 posteritas
725 931 875 977 Syriam.
927 931 1127 974 Antigonus
1145 934 1213 965 ini-

234 987 283 1018 tio
310 985 487 1018 Minorem
509 981 628 1016 Asiam
653 981 777 1016 tenuit.
837 980 1024 1025 Antipater
1047 982 1213 1016 Macedo-

235 1036 342 1069 niam.
395 1034 518 1067 Postea
542 1033 655 1064 deleta
676 1029 853 1073 Antipatri
880 1032 1079 1073 posteritate
1096 1033 1215 1065 Mace-

236 1085 378 1118 doniam
400 1088 587 1117 tenuerunt
604 1081 729 1124 posteri
743 1080 930 1122 Antigoni,
955 1082 1065 1113 donec
1082 1081 1215 1115 Roma-

237 1136 272 1167 ni
289 1147 362 1167 eam
380 1137 653 1177 occupaverunt,
680 1141 758 1172 rege
775 1129 901 1162 Perseo
917 1136 1028 1172 capto.

338 1192 500 1224 Fuerunt
515 1196 628 1222 autem
647 1187 738 1220 inter
755 1185 818 1219 hos
835 1187 926 1230 ipsos
943 1188 1047 1220 duces
1063 1187 1215 1222 Alexan-

236 1243 292 1276 dri
315 1242 429 1275 statim
454 1246 530 1283 post
555 1239 629 1270 eius
652 1244 800 1270 mortem
819 1236 974 1279 ingentia
992 1238 1104 1277 bella,
1131 1240 1214 1272 dum

235 1292 386 1337 quilibet
418 1291 512 1323 solus
542 1284 746 1321 monarchia
777 1298 812 1319 se
845 1288 1040 1330 potiturum
1066 1300 1137 1322 esse
1158 1302 1215 1322 co-

235 1344 329 1385 gitat.

336 1398 454 1431 Prima
495 1395 700 1429 deliberatio
737 1401 813 1437 post
843 1402 990 1428 mortem
1023 1394 1216 1431 Alexandri

236 1449 321 1483 haec
353 1449 438 1487 fuit,
477 1453 516 1479 ut
545 1447 651 1478 frater
682 1443 895 1485 Alexandri,
936 1443 1111 1485 Aridws,
1156 1461 1215 1481 rex

238 1506 341 1539 esset,
363 1505 397 1531 et
417 1503 454 1530 ut
475 1501 712 1539 expectaretur
730 1493 850 1527 haeres
869 1507 907 1527 ex
924 1493 1103 1537 Roxane,
1132 1511 1216 1531 con-

238 1551 315 1591 iuge
342 1546 544 1581 Alexandri.
605 1543 652 1578 Et
675 1545 756 1588 quia
779 1541 970 1578 Perdiccae
996 1558 1129 1580 summa
1152 1550 1217 1582 suit

239 1598 427 1637 autoritas,
453 1594 510 1628 hic
533 1595 740 1638 praecipuus
763 1595 869 1627 totius
887 1596 1023 1639 imperii
1043 1598 1217 1639 guberna-

238 1657 294 1682 tor
316 1654 405 1687 erat,
431 1646 511 1690 quia
528 1645 563 1676 in
583 1644 715 1677 Arideo
734 1650 807 1676 erat
822 1646 950 1677 mentis
967 1658 1075 1678 error.
1129 1648 1216 1690 Spe-

238 1710 319 1732 1-ans
342 1697 447 1739 igitur
464 1694 663 1733 Perdiccas,
689 1704 723 1725 se
744 1693 893 1736 imperio
917 1695 1113 1737 potiturum
1136 1708 1218 1738 esse,

240 1747 442 1788 coniugium
467 1744 591 1788 petivit
613 1742 835 1786 Cleopatrae,
862 1745 990 1776 sororis
1015 1744 1219 1787 Alexandri,

240 1806 271 1831 et
297 1797 495 1830 Ptolemaeo
517 1793 714 1838 Aegyptum
738 1792 870 1836 eripere
896 1802 1040 1828 conatus
1065 1804 1122 1828 est.
1177 1796 1216 1830 ld

243 1848 381 1880 initium
409 1845 588 1877 foederum
621 1850 654 1876 et
685 1843 859 1876 bellorum
891 1844 982 1877 inter
1013 1845 1116 1878 duces
1141 1847 1218 1880 suit.

242 1897 295 1930 lbi
320 1896 411 1929 enim
428 1894 646 1927 Ptolemaeus
669 1899 701 1925 et
718 1891 905 1936 Antipater
924 1894 1076 1937 primum
1095 1896 1218 1929 foedus

241 1949 333 1980 inter
357 1956 426 1978 sese
451 1945 619 1978 fecerunt.
677 1940 766 1975 Cum
790 1943 896 1985 igitur
918 1943 1099 1978 Perdiccas
1123 1958 1219 1980 exer-

242 1999 349 2030 citum
376 1995 412 2027 in
432 1992 630 2039 Aegyptum
647 1993 817 2033 duxisset,
844 2000 877 2026 et
896 1994 939 2026 ad
953 1993 1139 2039 Memphin
1158 2008 1218 2030 us-

243 2060 308 2092 que.
328 2044 540 2084 accessisset,
567 2053 645 2075 cum
662 2042 872 2076 infoeliciter
889 2052 1092 2088 pugnasset,
1114 2059 1132 2080 a
1149 2048 1219 2081 suis

243 2096 418 2141 equitibus
440 2094 643 2127 interfectus
667 2099 727 2127 est.
785 2092 873 2126 Nam
895 2101 928 2126 et
952 2102 1052 2128 antea
1077 2097 1113 2129 in
1137 2098 1218 2131 odio

243 2154 312 2179 erat
336 2151 478 2189 propter
502 2142 761 2182 crudelitatem,
787 2151 819 2177 et
834 2143 1053 2178 Ptolemaeus
1079 2155 1220 2191 propter

245 2196 415 2229 iusticiam
438 2201 470 2226 et
492 2192 756 2226 beneficentiam
780 2194 1000 2237 diligebatur.
1059 2195 1108 2230 Ita
1134 2197 1219 2230 Per-

244 2247 371 2284 diccas,
395 2244 455 2288 qui
474 2243 606 2287 primus
623 2243 713 2275 inter
728 2243 832 2277 duces
847 2245 978 2278 bellum
993 2248 1120 2287 movit,
1147 2249 1220 2291 pri-

244 2307 322 2328 mus
352 2294 553 2327 interfectus
580 2299 641 2327 est.
702 2292 920 2327 Adiunxerat
943 2295 1010 2328 sibi
1034 2296 1219 2342 Antipater

245 2342 454 2383 Craterum,
482 2344 537 2375 cui
561 2343 658 2375 dedit.
672 2343 796 2381 filiam,
821 2345 963 2378 nomine
979 2343 1135 2388 Philam,
1158 2361 1219 2381 cu-

246 2396 299 2427 ius
320 2394 386 2426 suit
411 2393 578 2425 excellens
602 2393 722 2427 virtus.
776 2393 833 2427 Sic
856 2395 950 2428 enim
975 2397 1017 2428 de
1038 2409 1075 2431 ea
1098 2399 1220 2432 scribit

244 2444 434 2477 Diodorus:
466 2441 561 2475 Haec
582 2442 709 2475 mulier
730 2443 858 2478 virtute
877 2446 1055 2487 excelluit,
1076 2449 1220 2482 seditio—

246 2506 305 2527 nes
324 2494 360 2525 in
379 2492 497 2525 castris
513 2492 666 2531 sedavit,
691 2495 870 2528 sororibus
886 2502 919 2529 et
935 2496 1073 2531 filiabus
1088 2510 1219 2542 paupe-

245 2556 322 2577 rum
340 2542 491 2575 militum
511 2542 608 2574 dotes
625 2543 739 2583 dedit,
761 2544 847 2578 falso
866 2554 1041 2580 accusatos
1058 2546 1220 2582 homines

247 2593 406 2627 liberavit
430 2591 602 2635 periculis.
656 2592 765 2635 Saepe
789 2602 821 2628 et
844 2596 1000 2630 consiliis
1016 2598 1089 2632 eius
1104 2600 1139 2632 in
1157 2611 1220 2643 gu-

244 2644 450 2679 bernatione
470 2647 567 2685 pater
583 2651 664 2674 usus
683 2649 741 2675 est.

466 118 672 158 SCRIPTA
699 116 776 153 PH.
802 113 916 150 MEL.
945 113 1009 150 AD
1036 114 1165 151 IllST.
1192 114 1334 152 PROF.
1363 112 1428 150 ET
1453 113 1646 151 PHILOS.
1674 112 1991 153 SPECTANTIA.

1244 2101 1247 2150 1

1244 2538 1247 2563 Ι

1245 2579 1247 2608 4

1245 2611 1247 2632 ι

1244 2638 1248 2666 t

1245 2667 1248 2677 =
1274 2650 1318 2683 ab
1334 2650 1521 2693 Antipatro
1544 2648 1687 2685 missus,
1713 2650 1830 2692 egredi
1854 2661 1932 2682 eum
1952 2646 2125 2682 bortatur.

2161 117 2233 152 840

1497 202 1679 236 Bellum
1706 204 1988 237 Lamiacum.

1360 264 1554 313 Antipater
1569 273 1602 300 et
1614 261 1788 301 Craterus
1798 266 1949 301 Atticam
1967 267 2140 301 civitatem
2152 278 2232 300 rur-

1260 329 1318 352 sus
1335 324 1535 351 moventem
1558 318 1690 351 bellum
1715 319 1878 352 adversus
1895 316 2126 358 Macedonas,
2152 329 2235 361 pro-

1260 369 1353 401 ximo
1378 380 1472 400 anno
1497 374 1575 411 post
1600 366 1791 401 Alexandri
1817 375 1965 401 mortem
1989 370 2175 410 coegerunt
2190 368 2233 399 ad

1260 418 1453 451 faciendam
1475 417 1710 458 deditionem,
1743 418 1892 451 exercitu
1916 418 1953 450 in
1980 417 2145 450 viciniam
2172 417 2234 450 ad—

1262 469 1378 504 ducto.
1439 467 1486 501 Ut
1516 468 1609 500 enim
1642 480 1741 511 saepe
1773 474 1875 500 antea
1903 468 2091 500 multitudo
2119 465 2236 500 Attica

1261 520 1439 551 somnians
1466 525 1615 551 veterem
1641 518 1835 551 libertatem
1862 523 1895 550 et
1913 516 2078 550 Graeciae
2101 516 2235 560 princi-

1262 576 1402 613 patum,
1428 569 1637 602 tumultuata
1661 574 1726 601 est:
1754 568 1801 601 ita
1820 574 1903 601 tunc
1927 573 2065 599 mortuo
2082 566 2237 599 Alexan-

1264 621 1327 652 dro
1345 630 1486 663 sperans
1503 618 1668 662 repressis
1680 618 1936 651 Macedonibus
1952 627 2071 649 rursus
2087 627 2158 649 sese
2174 617 2237 648 do-

1265 671 1472 702 minaturam
1491 681 1561 702 esse
1572 667 1751 708 Graeciae,
1772 667 1916 701 Aetolos
1931 674 1963 700 et
1978 674 2109 711 partem
2125 663 2239 698 Thes-

1264 720 1416 752 salorum
1442 720 1509 751 sibi
1533 719 1710 758 adiunxit,
1737 725 1769 751 et
1791 717 2018 761 Antipatrum
2044 717 2239 758 ingressum

1264 771 1301 802 in
1325 768 1541 803 Thessaliam
1566 770 1664 809 vicit,
1698 775 1730 802 et
1753 769 1789 800 in
1817 768 1938 801 urbem
1963 767 2119 800 Lamiam
2143 766 2241 807 fuge-

1265 832 1302 852 re
1326 820 1455 862 co'e‘git‚
1489 831 1593 864 quam
1617 816 1829 852 Leosthenes
1857 819 1926 851 dux
1951 817 2088 850 Atticus
2120 816 2239 849 cinxit.

1265 868 1445 914 Erantque
1465 870 1564 902 initia
1584 869 1665 902 belli
1685 867 1960 902 Atheniensibus
1974 867 2123 900 foelicia.
2171 866 2241 898 Sed

1266 932 1344 952 cum
1369 921 1438 952 dux
1463 918 1600 953 Atticus
1622 917 1835 952 Leosthenes
1863 923 1943 950 ante
1970 918 2094 949 urbem
2126 916 2241 959 lapide

1267 970 1355 1002 ictus
1382 969 1418 1001 in
1443 970 1554 1012 capite
1581 969 1708 1001 vulnus
1732 968 1934 1011 accepisset,
1968 974 2000 1000 et
2024 973 2099 1010 post
2114 976 2242 1009 pancos

1268 1020 1341 1051 dies
1358 1026 1516 1052 mortuus
1532 1025 1638 1058 esset,
1665 1019 1806 1052 fortuna
1824 1024 1955 1050 mutata
1979 1023 2038 1051 est.
2090 1014 2241 1058 Antipa-

1268 1075 1319 1101 ter
1343 1069 1434 1100 enim
1458 1069 1641 1101 obsidione
1665 1069 1831 1101 liberatus
1855 1074 1916 1100 est.
1969 1065 2128 1110 Cumque
2145 1065 2243 1097 brevi

1268 1124 1346 1161 post
1369 1118 1410 1149 ad
1432 1129 1511 1150 eum
1529 1116 1692 1150 Craterus
1715 1118 1853 1149 firmum
1876 1116 2064 1148 exercitum
2079 1115 2244 1147 adduxis-

1269 1174 1318 1201 set
1344 1179 1383 1200 ex
1403 1165 1510 1209 Asia,
1544 1179 1669 1209 magno
1688 1167 1820 1210 praelio
1845 1166 1928 1199 vicit
1951 1163 2183 1199 Athenienses
2200 1165 2244 1196 ad

1269 1213 1494 1255 Cranoneuz,
1527 1218 1651 1250 urbem
1677 1215 1889 1250 Thessaliae.
1952 1215 2038 1247 Inde
2059 1214 2246 1258 Antipater

1270 1274 1302 1301 et
1324 1267 1488 1301 Craterus
1513 1268 1699 1300 exercitum
1726 1268 1762 1299 in
1783 1266 1964 1299 Boeotiam
1989 1267 2133 1298 ducunt.
2191 1263 2245 1296 Ibi

1269 1318 1460 1351 multitudo
1493 1316 1628 1356 Attica,
1672 1330 1759 1361 quae
1791 1323 1893 1348 antea
1929 1312 2179 1347 Demosthenis
2215 1319 2247 1345 et

1269 1368 1417 1400 aliorum
1454 1367 1692 1410 inquietorum
1734 1365 1878 1399 consilia
1911 1365 2133 1409 probaverat,
2175 1374 2247 1395 me-

1270 1423 1370 1450 tuens
1398 1417 1635 1457 obsidionem,
1665 1428 1782 1460 pacem
1809 1415 1985 1460 expetivit.

1372 1480 1568 1514 Mittuntur
1597 1492 1677 1524 ergo
1708 1480 1830 1523 legati,
1865 1479 2053 1518 Demades,
2087 1475 2245 1511 Phocion

1270 1539 1303 1565 et
1330 1531 1542 1564 Xenocrates
1566 1529 1819 1574 Philosophus,
1855 1530 1914 1574 qui
1942 1540 2075 1572 semper
2101 1527 2247 1561 consilia

1270 1582 1354 1615 belli
1380 1582 1675 1625 improbaverant.
1736 1580 1810 1613 Hos
1833 1591 1911 1612 cum
1937 1579 2125 1612 audivisset
2143 1576 2247 1610 Anti-

1270 1638 1388 1674 pater,
1414 1631 1613 1674 respondit,
1641 1642 1674 1662 se
1691 1642 1762 1662 non
1785 1630 1885 1663 aliter
1902 1640 2146 1662 concessurum
2165 1639 2247 1663 esse,

1270 1680 1339 1712 nisi
1361 1691 1401 1712 ea
1425 1680 1626 1712 conditione
1649 1692 1683 1712 se
1701 1681 1885 1716 dederent,
1912 1690 2016 1722 quam
2036 1674 2248 1710 Leosthenes

1271 1731 1315 1763 ad
1337 1730 1493 1763 Lamiam
1526 1730 1592 1772 ipsi
1624 1730 1779 1768 tulisset,
1813 1736 1851 1761 ut
1873 1740 1936 1761 suo
1961 1727 2105 1760 arbitrio
2130 1727 2248 1760 omnia

1271 1780 1567 1824 permitterentur.
1629 1778 1781 1822 Cogebat
1807 1778 1992 1811 necessitas
2014 1775 2248 1810 Athenienses

1271 1841 1413 1874 quoquo
1436 1829 1541 1861 modo
1565 1840 1684 1872 pacem
1709 1829 1840 1869 facere,
1873 1828 2121 1872 permittebant
2142 1827 2249 1870 igitur

1272 1880 1304 1913 ei
1319 1879 1455 1919 omnia,
1482 1885 1521 1912 ut
1537 1885 1701 1912 statueret
1718 1880 1760 1912 de
1776 1879 1824 1912 eis
1837 1878 2005 1923 quicquid
2022 1878 2136 1910 vellet.
2179 1876 2248 1910 Sed

1272 1928 1452 1974 Antipatri
1476 1930 1668 1962 moderatio
1690 1929 1851 1963 salutaris
1876 1929 1942 1962 fuit
1966 1928 2059 1962 urbi.
2112 1927 2249 1960 Praesi-

1272 1981 1371 2013 dium
1398 1978 1668 2012 Macedonicnm
1701 1980 1737 2011 in
1764 1980 1852 2013 urbe
1875 1979 2084 2012 collocatum
2115 1985 2180 2017 est,
2217 1984 2249 2010 et

1273 2041 1472 2064 concessum
1492 2027 1787 2067 Atheniensibus,
1813 2036 1852 2063 ut
1868 2029 1939 2062 suis
1955 2029 2090 2072 legibus
2107 2034 2248 2061 uteren-

1272 2087 1346 2118 tur,
1373 2081 1432 2113 sed
1459 2080 1524 2119 ita,
1550 2087 1589 2113 ut
1614 2092 1685 2113 non
1710 2081 1978 2114 admitterentur
2002 2080 2045 2113 ad
2064 2078 2248 2121 Magistra·

1272 2138 1327 2164 tus
1354 2131 1550 2168 tenuiores,
1586 2131 1646 2174 qui
1679 2143 1819 2164 censum
1852 2143 1924 2164 non
1953 2128 2143 2163 habebant.
2202 2126 2246 2160 Et

1272 2181 1393 2214 multis
1409 2181 1543 2214 civibus
1559 2181 1772 2214 turbulentis
1790 2182 1988 2215 volentibus
2005 2180 2153 2222 migrare
2172 2177 2247 2210 An-

1272 2231 1399 2274 tipater
1418 2242 1517 2273 agros
1542 2231 1578 2263 in
1597 2229 1748 2264 Thracia
1772 2232 1876 2264 dedit.
1929 2230 2117 2264 Pecuniam
2139 2240 2182 2260 ne
2199 2229 2247 2260 ci-

1273 2282 1360 2315 vitas
1378 2280 1565 2325 Antipatro
1584 2283 1770 2325 penderet,
1796 2281 1993 2325 impetravit
2012 2277 2181 2312 Phocion.

1373 2347 1591 2381 Nominatim
1609 2348 1712 2381 etiam
1735 2348 1858 2392 petivit
1874 2345 2060 2390 Antipater
2083 2345 2165 2379 dedi
2179 2345 2246 2378 sibi

1272 2396 1543 2432 Demosthenem
1571 2404 1603 2431 et
1636 2397 1849 2443 Hyperidem
1882 2404 2037 2430 oratores
2049 2423 2058 2436 ‚
2096 2406 2247 2441 quorum

1273 2449 1360 2482 alter
1375 2448 1589 2493 Hyperides,
1615 2455 1693 2492 post
1707 2449 1822 2490 fugam
1848 2447 1884 2479 in
1903 2446 2037 2490 Aegina
2053 2453 2172 2490 captus
2188 2451 2247 2484 est,

1273 2506 1305 2532 et
1321 2511 1400 2532 cum
1417 2500 1460 2531 ad
1476 2497 1702 2542 Antipatrum
1721 2498 1844 2531 missus
1863 2505 1966 2538 esset,
1994 2497 2114 2539 lingua
2138 2497 2169 2529 ei
2190 2507 2247 2528 ex—

1274 2549 1342 2582 cisa
1360 2556 1428 2588 est,
1456 2555 1574 2593 postea
1591 2548 1781 2582 trucidatus
1799 2555 1859 2582 est.
1899 2545 2151 2581 Demosthenes
2167 2557 2245 2579 cum

1274 2600 1311 2631 in
1333 2599 1411 2642 fuga
1425 2599 1614 2632 secessisset
1637 2598 1673 2629 in
1692 2599 1859 2642 templum
1879 2599 2075 2643 quoddam,
2099 2593 2246 2630 Archias

2176 2646 2244 2680 Sed
