2324 2955
172 131 210 164 11

172 216 212 247 de
238 224 306 257 quo
327 210 457 243 dictum
485 213 548 240 est:
577 204 712 238 Noticia
738 201 826 235 servi
845 201 913 234 mei
939 201 1020 234 iusti
1047 201 1147 234 iusti-

171 264 284 297 ficabit
300 261 438 294 multos.

271 319 346 354 Etsi
370 324 482 350 autem
513 325 590 345 cum
615 309 679 344 hac
704 309 940 344 consolatione
970 309 1060 341 filius
1082 307 1147 342 Dei

174 373 244 414 ipse
263 370 365 402 corda
390 365 488 407 erigit
505 370 538 396 et
555 363 723 402 vivificat,
749 373 786 394 ac
804 360 972 403 Spiritum
991 366 1147 392 sanctum

174 422 208 454 in
229 419 319 453 hunc
333 416 393 460 qui
416 415 482 447 fide
498 419 728 451 sustentatur,
755 410 924 449 effundit,
949 410 1018 441 iam
1035 409 1149 441 domi·

173 471 290 504 cilium
316 474 347 500 et
366 465 532 508 templum
554 461 618 495 Dei
644 468 693 494 est
717 459 821 493 homo
848 466 1006 500 renatus,
1033 466 1150 492 tamen

174 517 394 553 anteferenda
415 521 463 547 est
481 512 678 546 obedientia
701 511 761 543 filii
780 509 863 547 Dei,
891 508 944 542 his
962 509 1044 553 ipsis
1060 508 1151 541 divi-

176 571 229 603 nis
254 566 449 600 actionibus
468 575 666 608 quanquam
683 560 946 599 excellentibus,
975 559 1092 602 quales
1114 558 1150 590 in

173 619 253 653 Elia
270 624 330 650 aut
340 614 456 649 Eliseo
473 615 573 653 fiunt,
597 619 628 646 et
646 611 824 644 retinenda
841 610 1043 647 consolatio,
1071 621 1153 652 pro-

175 678 251 713 pter
267 666 498 700 Mediatorem
515 662 627 695 Deum
645 669 676 694 et
693 659 869 693 hominem
882 687 890 699 ,
917 660 981 692 tibi
998 658 1153 692 credenti

176 717 340 763 imputari
358 714 539 748 iusticiam.
585 710 720 745 Omitto
741 718 853 743 autem
871 710 1154 753 disputationem,

178 766 377 814 praesertim
394 776 470 797 cum
487 770 521 796 et
539 763 646 795 multa
663 760 838 793 miscuerit
850 758 1024 792 Osiander
1043 760 1155 791 aliena

178 833 195 852 a
219 815 414 862 proposito,
450 821 483 846 et
510 812 667 846 consulto
694 812 863 855 quaedam
894 810 1052 843 involuta
1078 816 1155 842 tan-

178 880 282 914 quam
300 866 492 907 aenigmata
507 862 695 895 lectoribus
712 860 912 900 tradiderit,
941 871 1028 904 quae
1044 865 1157 892 essent

178 921 293 964 μῆλον
314 912 442 961 ἔριδος.

279 973 347 1006 Hic
372 983 453 1004 vero
478 981 556 1003 cum
585 979 708 1010 genera
735 967 972 1000 doctrinarum
1006 968 1158 1006 consero,

178 1026 288 1059 vicem
304 1021 536 1056 Ecclesiarum
554 1025 752 1051 nostrarum
772 1018 892 1057 doleo,
921 1017 956 1048 in
975 1029 1060 1061 quas
1076 1029 1157 1060 pro-

182 1082 258 1119 pter
284 1075 370 1106 duas
394 1081 511 1103 causas
535 1068 697 1101 facillime
722 1068 907 1100 incurrunt
920 1064 1081 1099 homines
1099 1079 1158 1100 cu-

179 1125 284 1164 riosi,
315 1117 527 1168 φιλόνεικοι,
556 1125 589 1151 et
606 1118 870 1151 contentionum
888 1117 1000 1156 avidi,
1024 1117 1105 1161 quia
1126 1123 1159 1149 et

179 1182 290 1208 totum
317 1171 495 1205 doctrinae
516 1179 640 1211 corpus
666 1168 868 1204 ediderunt,
895 1179 934 1199 ac
949 1168 1044 1200 velut
1067 1168 1160 1200 inte-

179 1236 279 1267 grum
295 1221 488 1255 aedificium
505 1219 728 1262 spectandum
746 1218 947 1257 ostendunt,
974 1224 1006 1250 et
1024 1217 1160 1260 simpli—

181 1275 317 1307 citatem
335 1270 590 1316 quaesiverunt,
617 1274 655 1300 ut
670 1268 767 1311 quasi
784 1268 908 1306 nudae,
935 1279 1006 1299 non
1025 1267 1160 1311 possint

181 1336 216 1357 se
242 1322 401 1363 ambigue
424 1319 525 1352 dictis
548 1318 746 1356 involvere„
774 1329 851 1349 cum
869 1318 1025 1349 membra
1043 1317 1159 1361 aliqua

179 1371 459 1407 cavillationibus
482 1368 742 1401 concutiuntur.

279 1429 395 1462 Facile
414 1432 463 1460 est
479 1431 594 1459 autem
613 1425 785 1467 integrum
803 1424 997 1457 aedificium
1020 1425 1161 1458 intuen-

181 1491 230 1516 tes
256 1478 412 1512 invenire
440 1476 572 1520 aliquid
588 1475 681 1519 quod
706 1471 915 1517 reprehendi
943 1475 1061 1517 possit.
1115 1472 1162 1507 Et

180 1531 317 1565 facilius
333 1535 382 1561 est
405 1538 483 1560 cum
507 1525 623 1558 omnia
643 1524 780 1557 evoluta
803 1531 835 1556 et
852 1525 949 1568 quasi
971 1525 1065 1557 nuda
1084 1536 1161 1567 spe-

182 1587 330 1615 ctantur.
394 1577 437 1610 At
463 1576 515 1608 illi
533 1574 653 1608 Critici
676 1581 786 1607 astute
810 1581 952 1612 cavent,
980 1586 1023 1606 ne
1048 1581 1161 1607 totum

183 1642 308 1674 corpus
327 1627 504 1660 doctrinae
521 1626 634 1664 edant,
664 1636 707 1656 ne
722 1625 765 1656 de
781 1624 863 1667 ipsis
880 1624 1025 1656 iudicari
1043 1625 1162 1668 possit,

184 1682 310 1714 deinde
337 1678 438 1710 etiam
461 1677 489 1708 si
508 1675 592 1719 quid
619 1675 759 1714 dicunt,
787 1674 931 1706 miscent
949 1675 1109 1717 ambigua
1129 1681 1162 1706 et

182 1734 326 1773 figuras,
355 1735 393 1760 ut
418 1724 567 1758 habeant
583 1732 739 1767 receptus
757 1731 788 1756 et
805 1721 1053 1771 κρησφύγετα.
1089 1723 1162 1757 *Nos

181 1780 297 1814 miseri
317 1777 510 1821 plectimur,
530 1775 609 1818 quia
627 1775 711 1807 tales
729 1774 878 1806 latebras
894 1786 966 1806 non
983 1772 1161 1807 habemus.

283 1836 329 1871 Ut
346 1842 459 1868 autem
477 1833 611 1866 facilius
630 1840 659 1864 et
678 1833 786 1865 tutius
803 1839 851 1864 est
870 1844 979 1865 unum
997 1839 1056 1865 aut
1075 1833 1163 1865 alte—

182 1900 260 1922 rum
297 1898 434 1918 versum
470 1885 504 1915 in
536 1882 677 1923 Vergilii
708 1881 861 1916 Aeneide
895 1880 1160 1924 reprehendere,

183 1950 285 1983 quam
318 1937 485 1975 integram
512 1932 699 1965 Aeni-'idem
732 1933 898 1972 scribere,
933 1932 978 1965 ita
1003 1933 1103 1965 facile
1130 1940 1163 1966 et

183 1990 258 2021 sine
278 1986 429 2030 periculo
454 1983 628 2026 arripiunt
644 1983 703 2014 alii
721 1984 786 2015 alia
811 1983 964 2015 membra
983 1995 1022 2015 ex
1045 1989 1161 2015 nostra

182 2038 351 2075 doctrina,
378 2041 410 2067 et
427 2046 465 2066 ea
483 2033 700 2071 cavillantur,
720 2045 757 2064 ac
773 2044 872 2076 saepe
889 2030 1072 2065 horribilia
1090 2033 1162 2064 dis—

182 2088 267 2121 sidia
288 2085 476 2118 multarum
502 2083 656 2125 gentium
681 2083 844 2116 oriuntur
870 2083 971 2115 initio
989 2095 1006 2115 a
1029 2083 1163 2114 levissi-

181 2138 246 2169 mis
263 2135 464 2172 calumniis‚
491 2140 529 2166 ut
554 2130 637 2165 haec
657 2133 744 2165 mala
764 2133 800 2165 in
820 2145 919 2165 versu
940 2131 1163 2176 Empedoclis

181 2187 440 2220 describuntur:

288 2243 378 2281 ᾳοιιᾶ
403 2240 438 2278 61}
463 2239 648 2278 p'poniioyog
670 2237 730 2277 ἔρις
752 2239 852 2269 κενεὸν
875 2241 1018 2278 λελακῆα.

181 2294 304 2329 Edidit
328 2300 406 2324 ante
427 2291 614 2323 triennium
636 2290 812 2323 Osiandrr
833 2292 999 2331 scriptum
1020 2292 1164 2324 seditio-

182 2357 257 2378 sum
271 2372 278 2383 ,
306 2344 365 2376 ubi
387 2353 449 2374 suo
466 2353 574 2379 more,
602 2348 638 2373 ut
658 2340 806 2381 Gorgias
823 2349 880 2373 aut
895 2340 1043 2384 Hippias
1063 2342 1163 2374 initio

182 2407 283 2438 preco
312 2401 359 2426 est
383 2403 462 2423 suae
485 2391 693 2431 sapientiae,
722 2397 755 2422 et
777 2391 863 2423 alios
889 2391 1081 2434 vituperat,
1108 2392 1162 2423 in-

184 2445 316 2489 quiens,
343 2454 376 2474 se
392 2442 560 2481 legentem
580 2439 727 2471 aliorum
746 2441 869 2483 scripta
886 2441 927 2472 de
949 2441 1088 2483 politico
1106 2453 1162 2474 or-

183 2496 265 2528 dine
285 2500 315 2525 et
336 2491 609 2533 Magist.i·atil›=.15,
635 2489 761 2521 vidisse
778 2502 833 2521 eos
852 2488 942 2523 nihil
959 2491 1161 2533 intelligere,

285 2551 352 2584 Sed
393 2561 426 2581 se
469 2547 629 2592 mysteria
667 2544 749 2578 haec
790 2549 1039 2590 patefacturum
1080 2562 1161 2583 esse.

184 2603 306 2635 Postea
326 2600 458 2643 inquit,
479 2598 586 2629 solius
602 2597 662 2629 Dei
680 2607 752 2628 esse
770 2597 925 2641 imperia,
947 2606 979 2631 et
996 2600 1163 2642 tantisper

185 2652 343 2685 homines
369 2649 567 2682 tolerandos
593 2658 663 2679 esse
688 2647 722 2678 in
746 2648 1016 2690 gubernatione,
1053 2651 1163 2683 donec

698 115 855 154 DECL.
897 111 970 150 DE
1003 112 1388 152 REVERENTIA
1423 113 1640 152 LEGUM.

2129 118 2175 152 12

1199 208 1279 234 sunt
1295 212 1422 243 organa
1441 199 1518 234 Dei.
1570 199 1659 234 Cum
1675 212 1746 233 non
1764 207 1844 234 sunt
1862 212 1989 243 organa
2007 200 2092 240 Dei,
2121 212 2177 233 ar-

1201 253 1265 283 niis
1283 263 1340 284 eos
1357 250 1578 283 excutiendos
1595 262 1676 285 esse.
1727 249 1803 283 Etsi
1829 252 2004 284 subtiliter
2026 249 2091 284 hoc
2108 251 2178 283 dici

1199 301 1356 341 videtur,
1383 308 1498 333 tamen
1525 300 1714 343 periculosa
1741 309 1789 334 est
1814 302 1941 334 oratio:
1970 302 2027 334 sed
2051 302 2080 333 si
2100 301 2178 345 quis

1200 351 1468 390 contradiceret,
1493 357 1635 393 propter
1658 351 1918 395 ambiguitatem
1939 363 2008 384 non
2024 352 2179 384 deessent

1200 402 1352 434 latebrae
1369 408 1400 434 et
1417 397 1664 447 κρησφύγετα.

1302 459 1390 492 Cum
1407 459 1513 501 igitur
1529 456 1704 491 Osiander
1723 471 1785 491 nec
1810 460 1983 502 integrum
2002 460 2180 493 doctrinae

1203 521 1327 553 corpus
1352 509 1565 548 recitaverit,
1594 521 1655 540 nec
1680 520 1712 540 se
1732 510 1917 549 evolverit,
1945 517 1976 543 et
1999 511 2034 542 in
2050 522 2181 542 sermo-

1204 561 1307 592 nibus
1330 559 1398 592 suis
1416 559 1658 601 significaverit
1682 571 1716 591 se
1738 559 1770 590 in
1791 560 1907 591 multis
1925 560 2026 594 rebus
2045 572 2061 592 a
2079 559 2181 592 nobis

1206 610 1409 649 dissentire,
1444 621 1514 641 non
1538 621 1740 641 moveamur
1765 610 1836 641 eius
1859 621 2018 648 censura,
2052 617 2090 643 ut
2115 607 2182 641 hoc

1206 660 1349 702 simplex
1365 666 1396 692 et
1415 659 1633 702 perspicuum
1651 659 1829 692 doctrinae
1847 671 1964 701 genus,
1981 661 2073 704 quod
2089 660 2182 691 mul-

1206 717 1318 743 tarum
1342 708 1576 742 Ecclesiarum
1602 710 1800 742 testimonia
1833 708 1954 751 habet,
1989 722 2076 755 quae
2103 716 2184 742 sunt

1207 772 1272 792 vox
1289 759 1440 803 Spiritus
1456 759 1562 791 sancti
1574 786 1582 799 ‚
1606 759 1820 795 abiiciamus.

1307 817 1374 851 Sed
1396 817 1459 860 piis
1478 817 1652 849 mentibus
1670 814 1736 849 hoc
1753 817 1929 850 doctrinae
1947 830 2071 861 corpus
2088 825 2185 851 tuea-

1208 879 1306 907 mur,
1334 875 1367 900 et
1389 867 1498 900 filium
1515 866 1576 900 Dei
1599 878 1753 907 oremuS,
1781 868 1842 911 qui
1861 863 2010 910 *protulit
2025 867 2185 911 Evange-

1210 919 1295 951 lium
1314 930 1352 950 ex
1371 917 1450 949 sinu
1469 917 1597 949 aeterni
1621 918 1744 960 patris,
1772 924 1804 950 et
1821 924 1868 950 est
1888 919 2008 951 doctor
2025 926 2056 951 et
2073 926 2186 952 custos

1210 967 1382 1001 Ecclesiae
1398 979 1497 1005 suae,
1525 974 1562 999 ut
1582 967 1651 1010 ipse
1670 979 1733 999 nos
1748 969 1868 1000 doceat
1885 975 1915 1000 et
1942 969 2127 1011 gubernet,
2155 976 2186 1002 et

1210 1018 1344 1061 Spiritu
1368 1029 1430 1050 suo
1456 1024 1572 1050 sancto
1592 1018 1730 1060 copulet
1751 1018 1886 1050 animos
1902 1019 2122 1059 docentium,
2149 1026 2188 1052 ut

1211 1069 1247 1100 in
1273 1069 1346 1112 ipso
1369 1079 1477 1101 unum
1501 1067 1625 1106 simus,
1657 1079 1720 1100 nec
1743 1068 1894 1101 dissidiis
1919 1069 2054 1102 ledatur
2077 1070 2188 1112 gloria

1210 1118 1293 1157 Dei,
1322 1130 1383 1151 nec
1400 1118 1559 1151 turbetur
1577 1117 1769 1157 invocatio,
1796 1119 1853 1151 sed
1872 1130 2005 1162 semper
2020 1119 2111 1152 inter
2126 1131 2188 1152 nos

1211 1169 1349 1211 colligat
1373 1166 1581 1205 Ecclesiam,
1607 1168 1661 1200 cui
1690 1168 1726 1200 in
1750 1169 1844 1200 omni
1871 1170 2070 1202 aeternitate
2092 1181 2188 1202 suam

1212 1219 1428 1262 sapientiam,
1455 1218 1624 1250 iusticiam
1646 1224 1678 1250 et
1700 1219 1868 1251 laeticiam
1887 1220 2129 1259 communicet,
2157 1228 2190 1252 et

1212 1281 1299 1312 quae
1319 1268 1469 1300 vicissim
1493 1280 1571 1300 euin
1590 1280 1668 1299 vera
1694 1269 1905 1311 gratitudine
1925 1269 2012 1302 laeta
2031 1270 2190 1310 celebret,

1213 1317 1338 1352 Amen.
1390 1317 1480 1350 Dixi.

2021 1487 2069 1506 an.
2088 1477 2178 1507 1553.

1430 1562 1503 1601 De
1529 1567 1780 1601 reverentia
1805 1564 1972 1615 legum.

1282 1647 1310 1672 ln
1330 1648 1417 1672 select.
1435 1647 1554 1672 Declam.
1572 1646 1601 1670 T.
1614 1645 1661 1670 IV.
1681 1656 1704 1677 p.
1722 1647 1768 1672 101
1781 1656 1857 1681 sqq.,
1875 1647 1987 1674 Seri-est.
2004 1648 2035 1673 Τ.
2050 1650 2096 1674 lV.
2116 1659 2140 1684 p.
2150 1649 2192 1677 92.

1315 1686 1339 1706 et
1357 1681 1481 1706 [ticam-d.
1495 1681 1528 1706 T.
1541 1681 1570 1705 ιι.
1593 1690 1617 1713 p.
1631 1680 1687 1704 457.

1215 1761 1341 1793 Oratio
1366 1760 1410 1792 de
1437 1761 1481 1793 D.
1510 1761 1629 1792 Hier.
1658 1759 1922 1804 Sclzurplzio
1954 1764 2194 1808 Sangallenso'

1214 1809 1343 1844 habita
1380 1813 1418 1844 in
1451 1812 1679 1853 promotione
1708 1811 1753 1843 D.
1782 1813 1933 1846 Ioannis
1969 1824 1991 1845 a
2018 1814 2192 1856 Borclfen,

1594 1862 1819 1895 Bremensis.

1214 1925 1316 1964 xsero
1341 1939 1477 1975 pectore
1502 1940 1533 1965 et
1558 1933 1654 1965 firma
1680 1934 1746 1965 fide
1766 1935 1910 1967 adfirmo
1938 1934 2097 1970 homines
2123 1950 2193 1970 non

1216 1994 1293 2014 casu
1311 1983 1447 2020 vivere,
1475 1984 1531 2014 sed
1551 1982 1661 2015 Deum
1685 1992 1860 2017 aeteruum
1875 2012 1883 2025 ,
1908 1987 2016 2030 quise
2037 1989 2195 2031 patefecit

1217 2033 1320 2064 misso
1340 2033 1426 2071 filio,
1450 2032 1601 2064 Domino
1619 2040 1737 2066 nostro
1756 2033 1830 2068 Iesu
1849 2034 2008 2076 Christo,
2035 2039 2195 2071 condito-

1216 2094 1286 2114 rem
1304 2083 1437 2124 generis
1457 2080 1598 2115 humani
1612 2111 1620 2123 ,
1649 2097 1726 2116 vere
1745 2097 1815 2117 csse
1839 2086 1968 2118 fontem
1989 2094 2021 2120 et
2037 2089 2193 2120 datorem

1216 2133 1325 2171 xitae,
1359 2133 1445 2164 sicut
1473 2134 1638 2176 seriptum
1666 2141 1729 2167 est:
1774 2134 1848 2178 lpse
1881 2143 1932 2169 est
1955 2137 2023 2169 vita
2052 2144 2129 2178 tua,
2163 2146 2194 2172 et

1217 2183 1397 2224 longitudo
1419 2183 1551 2215 diez-nm
1579 2191 1731 2218 tuorum.

1316 2240 1407 2273 Huic
1427 2240 1499 2273 Deo
1518 2243 1690 2274 conditori
1708 2243 1831 2285 gratias
1850 2253 1932 2283 agO,
1957 2245 2050 2287 quod
2070 2252 2100 2278 et
2117 2253 2194 2278 tan-

1218 2299 1288 2324 tum
1305 2292 1395 2323 vitae
1419 2291 1568 2334 spacium
1593 2291 1679 2324 mihi
1703 2293 1842 2332 tribuit,
1867 2299 1898 2324 et
1922 2305 1976 2324 me
1994 2296 2128 2328 vocavit
2151 2298 2191 2328 ad

1217 2341 1426 2383 agnitionem
1446 2342 1506 2373 filii
1531 2343 1584 2373 sui
1602 2342 1745 2376 Domini
1765 2343 1873 2375 nostri
1894 2342 1968 2375 lesu
1984 2342 2134 2385 Christi,
2163 2354 2196 2379 et

1216 2393 1257 2423 ad
1286 2392 1437 2431 labores,
1472 2389 1636 2425 honestae
1658 2393 1902 2435 gubernationi
1931 2390 2114 2428 hominum
2140 2408 2195 2429 sa-

1218 2442 1356 2475 lutareS.
2028 2450 2030 2453 '

1317 2499 1390 2533 Etsi
1407 2508 1519 2534 autem
1535 2501 1642 2533 multa
1656 2512 1729 2532 mea
1747 2508 1880 2543 peccata
1897 2513 2055 2543 agnosce,
2070 2511 2102 2537 et
2114 2517 2194 2538 vero

1217 2551 1337 2583 dolore
1365 2552 1529 2594 deploro,
1563 2557 1676 2583 tamen
1709 2552 1775 2583 fide
1804 2549 1948 2583 Domini
1980 2554 2088 2586 nostri
2118 2554 2195 2588 lesu

1217 2598 1346 2634 Christi
1367 2613 1419 2633 me
1437 2607 1589 2634 sustento
1603 2627 1611 2640 ,
1639 2607 1671 2633 et
1690 2600 1799 2633 Deum
1824 2602 1968 2642 invoco,
1996 2616 2034 2636 ac
2050 2616 2131 2645 oro,
2157 2612 2196 2638 ut

1217 2647 1305 2682 hanc
1325 2659 1495 2684 senectam
1514 2662 1624 2682 meam
1643 2658 1748 2693 regat,
1776 2659 1808 2685 et
1824 2652 1943 2692 saciat,
1966 2660 2004 2686 ut
2019 2655 2086 2687 mei
2098 2655 2196 2688 labo-
