2324 2955
87 132 160 168 253

87 228 192 263 quam
215 216 477 260 navigationum
501 229 643 251 suarum
669 218 857 251 terminum
883 230 946 251 suo
971 229 1071 250 exor-

87 279 185 301 nasse
204 268 367 308 nomine,
394 269 486 313 quod
504 275 620 301 tamen
637 269 862 302 verisimilius
880 275 931 302 est
948 269 992 302 ab
1008 280 1071 301 an-

86 319 292 364 tiquissimis
323 317 447 351 Baltici
481 319 609 352 littoris
641 321 767 353 accolis
800 319 988 353 Germanis
1019 318 1070 350 illi

87 369 260 403 tributum
283 380 371 409 esse,
399 369 498 410 inde,
525 371 620 414 quod
646 371 752 404 fuerit
775 371 872 403 limes
897 369 1071 413 vergentis

87 420 122 452 in
147 418 296 453 Boream
321 420 439 463 plagae
466 421 601 456 mundi.
671 421 832 454 Limitem
859 421 952 453 enim
980 420 1070 454 Ger-

86 470 182 503 mani
197 468 448 504 vocantThuel
460 498 468 511 ,
495 472 602 505 veteri
620 471 798 506 Saxonum
816 471 946 514 lingua.
1001 470 1070 504 Nec

85 520 187 553 video
213 521 249 552 in
271 533 375 566 quem
392 522 500 555 alium
519 534 620 555 usum
637 522 821 556 inusitatae
838 534 876 555 ac
892 522 1070 566 prodigio-

85 582 140 603 sae
164 571 380 612 altitudinis,
407 585 445 605 ac
469 573 570 606 molis
586 573 782 618 pyramides
801 574 906 606 tantis
923 572 1071 616 sumpti-

85 622 150 654 bus
175 633 270 665 reges
287 620 451 668 Aegyptii
477 624 756 664 construxerint,
783 624 851 656 nisi
873 631 912 657 ut
936 635 974 656 ex
1000 623 1069 655 illis
1096 661 1097 664 Ἴ

85 672 122 704 111
139 672 280 716 regione
295 674 397 717 plana
413 673 571 718 alioquin
589 687 627 708 ac
644 681 803 718 patente,
830 675 964 707 coelum
981 685 1070 718 quo-

84 734 155 767 quo
174 735 294 756 versus
312 724 459 757 liberius
476 726 755 770 conspiceretur,
781 732 813 759 et
830 725 1070 758 considerare-

83 779 142 806 tur
164 774 334 807 artificum
357 775 539 819 diligentia
561 776 731 816 exactius,
757 787 969 819 organorum
985 787 1068 808 con-

84 824 302 858 venientium
326 837 403 869 ope.
457 825 543 859 Inde
567 827 795 871 Aesculapius
820 826 989 859 medicam
1014 837 1070 858 ar-

83 880 153 907 tem
172 875 208 907 in
221 873 405 909 Graeciam
424 877 572 920 invexit,
599 878 696 910 cuius
712 878 843 922 posteri
859 877 971 910 avitae
987 888 1070 920 pro-

82 924 243 959 fessionis
267 928 518 970 possessionem
539 929 638 973 quasi
657 940 717 971 per
731 939 857 961 manus
873 926 1070 961 haeredita-

83 975 135 1008 ria
160 976 349 1010 traditione
372 985 565 1020 acceptam,
585 990 609 1015 a
626 979 819 1012 maioribus
837 979 1071 1018 retinuerunt,

82 1028 350 1061 succedentibus
376 1029 413 1060 in
436 1029 578 1071 vestigia
605 1037 790 1073 parentum
817 1030 938 1062 liberis
968 1029 1070 1062 annis

82 1077 234 1120 amplius
257 1078 354 1111 mille
378 1080 557 1118 ducentis,
584 1080 745 1114 instituto
770 1080 1018 1124 proculdubio
1036 1086 1069 1113 et

82 1127 230 1160 consilio
263 1127 481 1173 Aesculapii,
516 1130 578 1175 qui
609 1128 699 1164 hanc
734 1144 797 1164 ceu
832 1131 1069 1174 alligationcm

82 1178 279 1212 studiorum
297 1181 339 1213 ad
359 1192 440 1214 suae
457 1181 610 1215 familiae
621 1188 780 1225 posteros
796 1182 892 1215 velut
906 1181 943 1215 in
953 1179 1071 1226 Aegy-

81 1234 142 1272 pto
168 1230 211 1262 ad
226 1228 382 1273 Collegia
402 1232 622 1266 sacerdotum
647 1233 825 1276 prospexit
850 1233 1070 1275 profuturam

83 1290 173 1319 esse,
207 1280 441 1314 vindicandae
464 1283 683 1325 tuendaeque
708 1282 852 1324 puritati
878 1282 1072 1321 doctrinae,

83 1336 116 1361 et
145 1330 306 1361 arcendis
333 1336 437 1374 atque
463 1331 673 1363 amoliendis
697 1331 940 1363 occasionibus
963 1343 1071 1363 nova-

85 1391 163 1411 rum
194 1380 484 1423 corruptelarum.
554 1380 690 1413 Nomen
722 1379 923 1423 Aesculapii
957 1379 1071 1424 Aegy-

85 1430 196 1473 ptium
215 1441 356 1471 prorsus
373 1437 442 1469 est,
470 1430 643 1474 quidquid
657 1429 782 1462 Graeci
799 1431 1071 1462 comminiscan-

83 1486 157 1519 tur,
183 1485 218 1511 et
234 1478 288 1511 vel
305 1490 344 1511 ex
361 1490 424 1513 oez
434 1478 570 1522 Keleph
587 1480 777 1519 conflatum
790 1504 798 1517 ,
828 1480 881 1512 vel
899 1492 937 1512 ex
958 1479 1071 1513 aesch

83 1526 239 1572 Keleph,
273 1529 400 1562 alludit
430 1530 473 1562 ad
505 1542 563 1569 ea,
597 1541 687 1574 quae
718 1531 761 1562 de
787 1542 889 1573 capra
917 1536 949 1562 et
975 1542 1071 1569 cane,

83 1591 234 1624 quorum
260 1579 320 1612 illa
345 1580 518 1621 nutritus,
546 1578 612 1613 hoc
635 1581 829 1613 custoditus
851 1581 1010 1623 fingitur,
1039 1587 1071 1613 et

83 1632 126 1663 de
147 1630 288 1663 flamma
310 1643 399 1675 quae
417 1643 456 1664 ex
475 1643 514 1664 eo
532 1631 676 1664 invento
697 1631 850 1675 primum
868 1643 906 1664 ac
925 1643 1071 1674 conspe-

83 1688 136 1714 cto
161 1681 296 1724 erupit,
332 1681 368 1714 in
393 1680 610 1715 Graecorum
633 1694 693 1715 seu
716 1682 904 1721 fabulosis,
932 1693 992 1715 seu
1015 1679 1071 1714 bi-

83 1731 219 1765 storicis
251 1732 428 1765 annotatis
461 1739 795 1766 commemorantur.
866 1732 951 1765 Filii
981 1733 1070 1766 cele-

83 1783 232 1815 brantur
246 1782 321 1816 eius
337 1784 407 1816 duo
425 1782 636 1828 Podalyrius
652 1790 684 1816 et
695 1781 872 1816 Machaon
883 1811 891 1825 ‚
919 1796 1069 1828 quorum

83 1839 231 1878 uterque
256 1834 472 1878 expeditioni
496 1834 672 1867 Troianae
697 1834 876 1874 interfuit,
899 1835 957 1867 sed
983 1835 1071 1868 alter

83 1883 295 1929 Podalyrius
315 1897 393 1918 cum
414 1884 480 1917 llio
497 1885 611 1918 deleto
628 1885 784 1919 redirent
805 1884 954 1928 Graeci,
984 1893 1070 1919 tem-

84 1941 213 1978 pestate
230 1934 366 1981 Syron,
393 1947 483 1981 quae
503 1936 540 1968 in
560 1936 756 1970 continenti
773 1935 895 1970 Cariae
913 1937 996 1969 urbs
1012 1943 1072 1975 est,

84 1985 272 2018 incolumis
289 1987 446 2027 delatus,
472 1987 520 2019 ibi
539 1987 735 2020 consedisse
752 1988 914 2021 traditur.
971 1986 1072 2019 Alter

86 2033 261 2069 Machaon
280 2037 316 2069 in
336 2038 447 2080 prelio
465 2038 508 2070 ab
520 2036 692 2083 Euripylo
704 2036 852 2082 Telepbi
872 2039 943 2070 filio
961 2038 1070 2070 inter-

82 2087 192 2119 fectus
215 2094 275 2120 est.
326 2086 413 2121 Eius
438 2088 539 2121 liberi
561 2089 632 2121 nati
660 2096 770 2122 matre
793 2088 954 2123 Anticlea
983 2087 1071 2121 Dio-

83 2136 145 2170 clis
173 2137 265 2178 filia,
300 2138 359 2183 qui
387 2136 519 2172 Pbaras
544 2139 579 2171 in
606 2138 818 2173 Messeniaca
845 2140 975 2180 tenuit,
1008 2139 1071 2172 Ni-

83 2185 286 2228 comachus,
315 2188 511 2231 Gorgasus,
539 2188 734 2233 Alexauor,
761 2189 940 2237 Spbyrus,
970 2191 1069 2235 potiti

82 2235 184 2271 avitis
222 2239 480 2283 principatibus
520 2241 556 2273 in
591 2240 822 2281 Messeniae-a,
873 2240 1070 2286 Epidaurio

83 2289 304 2334 Aesculapii,
338 2288 509 2324 Pbarensi
534 2290 686 2331 Dioclis,
719 2299 825 2325 artem
860 2294 895 2325 in
922 2292 1069 2326 Graecia

85 2339 213 2373 avitam
245 2347 277 2374 et
303 2341 463 2375 docendo
493 2350 525 2376 et
552 2343 758 2376 medicando
786 2344 988 2378 factitarunt
1012 2355 1071 2376 us-

83 2402 151 2434 que
176 2392 219 2423 ad
247 2392 397 2427 reditum
423 2392 690 2427 Heraclidarum
716 2394 751 2426 in
776 2393 1071 2439 Peloponnesum.

83 2440 293 2475 Heraclidae
335 2444 427 2475 enim
471 2445 620 2488 repetito
661 2451 692 2477 et
732 2453 935 2489 recuperato
976 2446 1069 2478 avito

85 2503 213 2536 regno,
259 2505 297 2525 ex
330 2506 399 2538 quo
431 2495 568 2529 fuerant
601 2497 644 2529 ab
677 2493 875 2540 Eurystheo
907 2498 1071 2541 primum,

84 2544 273 2580 etldeinde
305 2541 370 2577 hoc
401 2545 444 2577 ab
473 2545 568 2580 lolao
602 2548 637 2579 in
665 2544 778 2579 Attica
805 2548 994 2586 trucidato,
1027 2547 1070 2580 ab

85 2592 220 2627 Atridis
255 2601 291 2628 ut
323 2595 570 2630 invadentibus
602 2610 640 2631 ac
674 2598 890 2642 rapientibus
925 2610 1068 2641 regnum

86 2642 298 2687 Argivorum
329 2647 481 2689 excussi,
516 2662 594 2682 cum
627 2648 714 2681 alios
740 2648 974 2693 Peloponnesi
1005 2651 1070 2681 do-

85 2696 218 2736 minos,
253 2704 291 2730 ut
315 2696 537 2732 Tisamenem
562 2698 700 2734 Orestis
731 2700 842 2732 filium
868 2701 1012 2746 Spartae
1036 2707 1067 2733 et

547 129 704 167 DECL.
747 131 820 167 DE
855 129 1093 174 STUD1218
1130 127 1254 164 VET.
1288 129 1642 167 PHILOSOPH.

2034 134 2109 171 254

1124 214 1354 260 Mycenarum
1380 228 1514 260 regem,
1550 226 1581 252 et
1606 217 1749 252 Nelidas
1772 217 1930 253 Nestoris
1953 226 2109 263 posteros

1123 266 1230 309 partis
1255 265 1490 300 Messeniacae
1513 270 1695 310 dominos,
1722 277 1797 303 tum
1821 267 1884 303 hos
1907 268 2109 315 Aesculapii

1096 326 1099 361 ρ
1123 324 1265 359 nepotes
1297 317 1447 351 deiectos
1479 320 1519 351 de
1544 320 1681 363 fastigio
1709 321 1973 364 gubernationis
1998 328 2029 355 et
2054 321 2109 354 di-

1096 370 1098 382 *
1122 367 1218 399 tione
1242 380 1279 400 ac
1303 368 1444 401 sedibus
1468 377 1588 403 exutos
1614 378 1684 404 tota
1702 372 1914 415 pepulerunt
1931 371 2108 416 Pelopon-

1122 429 1216 452 neso,
1270 417 1428 452 Transiit
1455 419 1658 454 Tisameues
1682 422 1717 454 in
1745 420 1935 460 Achaiam,
1963 434 2109 467 eamque

1121 474 1325 512 occupatam
1352 470 1530 504 comitatui
1550 484 1612 504 suo
1630 473 1828 510 distribuit,
1859 473 1992 507 colonis
2011 472 2109 506 Ioni-

1122 520 1186 552 bus
1213 519 1337 562 partim
1363 522 1486 561 caesis,
1516 523 1641 565 partim
1666 523 1791 566 pulsis,
1819 524 1945 566 partim
1965 524 2109 556 servatis

1122 570 1283 614 quidem,
1319 571 1377 603 sed
1403 573 1539 616 aequali
1562 573 1741 606 sortitioni
1767 574 1941 607 subiectis.
2009 573 2106 607 Neli-

1122 622 1186 653 dae
1202 619 1360 654 Athenas
1377 623 1670 666 commigrarunt,
1698 630 1728 656 et
1746 624 1875 667 recepti
1893 636 2004 668 aequo
2021 624 2108 662 iure,

1122 672 1180 703 sed
1197 672 1240 704 ab
1257 672 1355 704 omni
1373 674 1573 718 principatu
1584 674 1711 706 exclusi
1725 674 1760 706 in
1774 674 1841 707 vita
1852 675 1986 718 privata
1997 674 2108 706 Paeo—

1123 723 1286 755 nidaruiu
1320 731 1353 756 et
1384 722 1719 757 Alcmaeonidarum
1757 724 1908 758 familias
1942 725 2109 757 condide-

1123 780 1221 813 runt,
1257 774 1345 807 sicut
1370 775 1550 819 aliquanto
1574 782 1653 808 ante
1679 774 1796 808 Aiacis
1821 775 1950 818 posteri
1978 775 2107 808 ibidem

1122 824 1371 865 consederant,
1406 837 1423 858 a
1454 826 1583 870 quibus
1612 824 1740 860 Cimon
1772 833 1804 859 et
1828 825 2010 859 Miltiades
2041 826 2109 858 orti

1121 875 1231 910 suere.
1297 873 1499 919 Aesculapii
1528 883 1671 920 nepotes
1699 876 1855 910 contenti
1877 877 1960 909 artis
1985 877 2109 914 avitae,

1123 923 1338 959 haereditate
1361 923 1498 959 scholas
1523 934 1592 960 tres
1616 927 1768 960 medicas
1786 935 1999 972 aperuerunt
2020 927 2109 959 cele—

1122 976 1310 1017 berrimas,
1338 977 1375 1008 in
1398 973 1472 1010 Coo
1499 990 1624 1017 uuam,
1651 978 1795 1011 alteram
1817 979 1854 1010 in
1878 976 2011 1017 Cnido,
2039 985 2109 1010 ter—

1122 1027 1206 1060 tiam
1235 1027 1273 1059 in
1297 1039 1357 1060 ora
1385 1027 1503 1061 infima
1522 1027 1660 1069 Italiae,
1693 1040 1798 1072 quam
1826 1028 2011 1061 Graeciam
2037 1040 2109 1060 ma-

1121 1089 1223 1121 gnam
1241 1084 1422 1112 vocarunt.

1224 1127 1359 1162 Harum
1387 1129 1485 1162 tertia
1504 1129 1621 1162 minus
1638 1129 1698 1162 diu
1715 1129 1854 1169 floruit,
1881 1129 2037 1162 fortassis
2055 1140 2110 1162 ar-

1122 1180 1188 1212 mis
1208 1179 1393 1212 crescentis
1409 1178 1564 1213 Romani
1583 1180 1722 1223 imperii
1741 1179 1916 1223 dissipata,
1971 1179 2011 1212 ln
2029 1180 2111 1212 reli-

1123 1230 1201 1274 quis
1223 1231 1377 1270 duabus,
1401 1237 1440 1263 ut
1462 1231 1535 1262 dixi
1552 1231 1703 1275 amplius
1719 1231 1816 1263 mille
1833 1231 1992 1264 ducentis
2009 1231 2111 1264 annis

1122 1281 1237 1312 studia
1261 1281 1394 1312 medica
1417 1288 1451 1313 et
1470 1278 1713 1314 mathematica
1734 1282 1940 1323 viguerunt,
1964 1281 2111 1325 posteris

1123 1330 1322 1371 Aesculapii
1339 1341 1376 1361 ea
1393 1331 1672 1371 gubernantibus
1688 1338 1721 1364 et
1737 1332 1899 1374 religiosa
1918 1332 1983 1364 fide
2000 1332 2111 1364 maio-

1122 1391 1200 1411 rum
1225 1380 1385 1421 dogmata
1413 1386 1445 1412 et
1471 1381 1608 1413 decreta
1627 1381 1807 1414 tuentibus
1825 1393 1863 1414 ac
1880 1381 2110 1415 custodienti—

1122 1429 1197 1463 bus.
1253 1428 1293 1461 111
1311 1428 1384 1462 Coo
1407 1437 1528 1462 natum
1546 1429 1797 1474 Hippocratem
1823 1432 1996 1465 decimum
2015 1439 2112 1466 octa-

1122 1491 1204 1510 vum
1228 1480 1272 1511 ab
1295 1476 1504 1522 Aesculapio
1528 1481 1693 1514 referunt.
1752 1480 1833 1515 Post
1859 1481 2110 1525 Hippocratem

1123 1540 1210 1570 pene
1234 1529 1380 1561 ultimos
1403 1530 1540 1572 reperio
1563 1529 1795 1573 Praxagoram
1821 1539 1854 1565 et
1876 1532 2111 1573 Aristotelem,

1122 1578 1159 1611 in
1190 1579 1319 1623 quibus
1352 1579 1505 1612 familiae
1536 1581 1733 1622 desierunt,
1769 1583 1825 1615 vel
1857 1583 2112 1623 deficientibus,

1122 1630 1177 1662 vel
1203 1630 1498 1673 degenerantibus
1521 1632 1687 1674 posteris,
1715 1639 1747 1666 et
1769 1633 1893 1666 alienis
1919 1634 1954 1665 in
1976 1631 2112 1667 scholas

1122 1681 1216 1721 illas,
1251 1693 1290 1714 ac
1321 1681 1518 1714 societatem
1548 1682 1745 1715 studiorum
1779 1684 1912 1724 ascitis,
1946 1685 2007 1729 qui
2033 1697 2110 1717 cum

1123 1744 1194 1765 non
1221 1738 1333 1764 essent
1358 1732 1401 1765 ab
1428 1732 1571 1766 ineunte
1595 1740 1704 1767 aetate
1727 1734 1763 1766 in
1789 1733 1843 1767 his
1867 1735 2002 1768 educati
2026 1735 2112 1768 arti-

1122 1784 1207 1824 bus,
1234 1795 1297 1816 nec
1323 1783 1496 1827 principia
1521 1784 1617 1818 velut
1641 1796 1718 1817 cum
1745 1785 1832 1819 lacte
1856 1786 2033 1819 nutricum
2053 1798 2112 1819 su-

1122 1835 1269 1874 xissent,
1296 1834 1487 1867 rectissime
1505 1835 1710 1878 explicatam
1727 1836 1941 1877 doctrinam,
1969 1837 2023 1869 vel
2039 1848 2111 1869 non

1122 1885 1299 1930 assequuti
1332 1885 1474 1918 inventa
1507 1886 1680 1919 maiorum
1711 1886 1851 1920 inscitia
1882 1900 1920 1921 ac
1950 1887 2113 1925 ruditate,

1123 1937 1177 1968 vel
1203 1943 1240 1968 ut
1267 1936 1386 1979 potius
1411 1948 1509 1975 reor,
1544 1943 1575 1969 et
1600 1943 1638 1969 ut
1663 1949 1757 1970 nunc
1778 1938 1832 1978 fit,
1860 1939 2052 1971 ambitione
2074 1949 2113 1970 ac

1122 1987 1259 2019 malicia
1286 1993 1532 2030 corruperunt,
1603 1986 1651 2019 lta
1675 1988 1822 2028 sactum,
1855 1996 1892 2021 ut
1918 2001 1994 2021 cuni
2022 1988 2108 2021 exci-

1122 2038 1228 2070 disset
1253 2037 1388 2070 cultura
1414 2043 1445 2070 et
1474 2037 1643 2079 professio
1665 2038 1748 2070 artis
1767 2039 1922 2071 medicae
1941 2039 2112 2071 limitibus

1121 2089 1274 2121 familiae
1291 2086 1490 2131 Aesculapii
1510 2095 1541 2121 et
1559 2089 1712 2121 cessisset
1731 2088 1854 2121 alienis
1867 2116 1875 2129 ,
1902 2102 1982 2122 mox
2003 2090 2038 2122 in
2057 2089 2111 2122 di-

1122 2151 1237 2172 versas
1263 2139 1333 2171 imo
1359 2139 1552 2171 contrarias
1570 2139 1733 2172 distracta
1752 2140 1958 2183 opiniones,
1985 2152 2022 2172 ac
2039 2140 2110 2172 dis-

1122 2190 1284 2224 sensione
1309 2196 1339 2222 et
1364 2190 1595 2233 discrepantia
1619 2191 1819 2223 docentium
1845 2191 1945 2223 foede
1962 2191 2110 2224 lacerata

1122 2253 1210 2285 pene
1240 2240 1443 2275 conciderit.
1510 2238 1642 2284 Estque
1676 2241 1819 2274 incertis
1853 2242 1974 2276 iactata
2005 2248 2110 2286 atque

1122 2293 1247 2336 agitata
1266 2291 1455 2336 dubiisque
1471 2292 1653 2324 sententiis
1669 2303 1723 2324 ars
1739 2292 1958 2325 nobilissima
1976 2294 2018 2325 ad
2036 2291 2109 2325 Ga-

1122 2345 1240 2376 lenum
1264 2354 1374 2387 usque
1397 2343 1457 2386 qui
1481 2342 1643 2375 discussis
1670 2354 1707 2375 ac
1724 2343 1881 2376 refutatis
1898 2343 2110 2377 deliramen-

1121 2395 1165 2428 tis
1189 2395 1306 2438 inepte
1329 2393 1599 2429 medicantium,
1632 2392 1902 2438 Hippocraticae
1927 2394 2108 2428 doctrinae

1121 2446 1273 2479 nativam
1310 2445 1420 2476 ideam
1452 2456 1490 2476 ex
1525 2443 1619 2475 tricis
1649 2455 1867 2488 aspersarum
1902 2452 1933 2478 et
1960 2446 2109 2478 circum-

1120 2498 1275 2529 fusarum
1293 2494 1501 2538 opinionum
1521 2494 1695 2527 evolutam
1715 2502 1819 2540 atque
1839 2497 2033 2539 expeditam
2054 2507 2108 2528 re-

1121 2548 1244 2580 stituit.
1296 2546 1363 2579 Sed
1390 2546 1430 2577 ad
1452 2543 1648 2590 Aegyptum
1675 2554 1851 2587 revertor,
1880 2547 1914 2579 in
1932 2547 2107 2592 011331111-

1121 2599 1238 2643 quitus
1264 2596 1525 2638 angustioribus
1549 2596 1723 2629 inclusum
1752 2598 1922 2630 limitibus
1949 2597 2030 2630 solis
2054 2608 2106 2628 sa-

1120 2651 1300 2681 cerdotum
1327 2647 1468 2679 familiis
1488 2654 1519 2680 et
1536 2647 1691 2689 collegiis
1711 2648 1932 2682 incumbebat
1952 2647 2107 2680 studium

1121 2712 1234 2733 rerum
1255 2701 1426 2732 bonarum
1445 2710 1482 2731 ac
1499 2698 1778 2742 disciplinarum.
