2324 2955
133 94 201 128 661

131 184 221 212 certa
247 175 448 210 testimonia
469 175 601 210 divina.
655 174 748 217 Quia
775 188 913 210 necesse
938 183 987 210 est
1010 187 1113 219 regu-

132 230 198 261 lam
234 227 397 260 retineri:
443 226 480 261 Si
505 227 584 271 quis
614 225 710 259 aliud
734 224 968 271 Evangelium
1002 228 1113 268 docet,

130 275 315 312 anathema
338 278 393 313 sit.

233 336 291 372 19.
326 335 484 369 Fuerunt
503 333 638 380 Synodi
663 336 799 381 aliquot
815 349 963 382 quarum
987 348 1112 380 magna

128 389 194 422 fuit
212 386 426 431 frequentia,
453 398 542 431 quae
560 387 724 420 scelerate
740 394 957 420 erraverunt.
994 387 1034 420 ln
1045 388 1112 432 Sy-

128 441 220 472 nodo
238 436 432 482 Syrmiensi
457 443 489 470 et
512 435 733 470 Antiochena
763 449 923 481 praesens
950 439 1016 472 fuit
1043 438 1111 470 lm-

126 494 266 532 perator
280 486 555 527 Constantinus,
583 488 644 520 nbi
662 499 787 531 magna
810 489 1005 534 frequentia
1022 487 1110 532 Epi-

125 550 312 583 scoporum
329 539 482 571 decrevit
500 539 537 571 in
554 536 694 572 Christo
711 546 793 572 nato
812 552 851 572 ex
875 540 1011 581 virgine
1036 551 1107 572 non

125 600 198 622 esse
218 589 374 622 divinam
393 596 568 623 naturam.
612 588 671 622 Sic
689 597 853 623 errarunt
871 597 903 623 et
916 589 1107 623 Arminen-

123 641 169 673 sis
203 647 237 673 et
267 639 499 674 Seleuciensis
528 638 704 684 Synodus.

123 741 318 787 Byzantino
335 740 539 774 defendenti
556 741 736 774 veritatem
757 742 865 775 calces
882 741 1040 780 illiserit,
1067 753 1107 774 ex

122 805 192 837 qno
221 791 294 825 ictu
323 791 414 824 intra
437 791 596 824 triduum
620 790 838 837 Byzantinus
860 790 1021 825 mortuus
1044 798 1106 829 est,

120 854 224 886 qnam
263 842 309 875 ob
343 852 483 875 causam
515 841 575 875 illa
609 840 775 888 Synodus
808 842 1015 876 nominatur
1047 844 1107 886 λη-

119 889 259 937 σνρική.

221 951 280 986 20.
314 948 362 983 Et
385 951 515 983 multae
539 951 738 994 pontificiae
758 949 893 996 Synodi
920 951 1105 984 confirma-
1131 954 1133 989 ,¹

119 1009 200 1036 runt
219 1001 399 1035 manifesta
417 1001 523 1038 idola,
552 1001 793 1034 invocationes
810 999 994 1034 hominum
1011 1014 1106 1034 mor·

118 1061 280 1090 tuorum,
322 1057 355 1084 et
383 1051 625 1084 adorationem
658 1052 759 1096 panis
794 1052 832 1084 in
858 1052 1104 1095 circumgesta-
1130 1064 1131 1089 ;

118 1104 234 1143 tione,
261 1109 325 1136 etc.

219 1160 280 1194 21.
312 1157 401 1192 Cum
419 1158 526 1201 igitur
542 1158 766 1192 manifestum
787 1159 829 1192 sit
855 1171 969 1192 errare
988 1158 1105 1205 Syno-

116 1214 179 1244 dos
197 1221 314 1256 posse,
341 1221 479 1242 necesse
503 1215 553 1242 est
575 1220 742 1252 quaerere
768 1221 929 1243 normam
955 1211 1104 1243 indicio-

116 1274 194 1296 rum
211 1272 284 1294 non
301 1267 496 1297 errantem,
523 1259 654 1292 scilicet
683 1260 811 1303 scripta
837 1258 1042 1304 prophetica
1070 1268 1104 1294 et

116 1311 306 1356 apostolica
319 1336 328 1350 ‚
354 1316 387 1343 et
407 1310 575 1355 symbola.
627 1307 674 1342 Et
692 1322 892 1355 quanquam
909 1311 1101 1355 aliquando

117 1361 311 1396 errantium
327 1360 440 1392 maior
456 1366 506 1393 est
521 1359 732 1403 multitudo,
770 1367 884 1393 tamen
911 1362 1037 1395 veritas
1065 1362 1102 1394 in
1127 1378 1129 1391 ;

117 1411 273 1445 Ecclesia
298 1411 334 1443 in
353 1410 531 1454 aliquibus
555 1416 692 1450 manet,
727 1411 821 1443 iuxta
846 1411 994 1443 dictum:
1025 1411 1101 1444 Nisi

115 1461 292 1496 Dominus
309 1460 505 1504 reliquisset
523 1460 625 1492 nobis
642 1471 759 1492 semen
779 1468 841 1496 etc.
893 1460 982 1494 Cum
1002 1460 1100 1505 Apo-

115 1512 197 1546 stoli
213 1509 354 1545 Christo
371 1510 545 1554 pendente
561 1510 597 1542 in
615 1522 717 1543 cruce
736 1512 949 1543 consternati
974 1518 1100 1552 tacent,
1125 1523 1127 1550 ῑ

114 1563 267 1597 retinent
297 1567 413 1594 tamen
444 1560 555 1593 lucem
592 1560 748 1594 veritatis
779 1567 908 1599 mater,
944 1568 977 1594 et
1000 1573 1100 1595 soror

116 1613 256 1653 matris,
282 1618 314 1645 et
332 1621 521 1643 conversus
536 1610 626 1643 latro
641 1610 678 1642 in
693 1622 812 1650 cruce,
841 1618 874 1644 et
898 1613 998 1655 pauci
1024 1613 1096 1647 alii.
1124 1616 1126 1646 Γ

115 1663 264 1697 Talibus
295 1661 461 1704 exemplis
492 1661 716 1694 consolemur
745 1672 810 1694 nos
838 1673 934 1695 nunc
957 1675 1098 1707 quoque

116 1715 283 1747 adversus
306 1710 568 1743 multitudinem
596 1723 738 1751 eorum,
771 1712 833 1756 qui
857 1713 1096 1746 crudelitatem

115 1770 236 1798 contra
256 1759 577 1794 veramEcclesiam
595 1768 774 1803 exercent,
801 1769 834 1796 et
851 1764 1098 1797 confirmemus

113 1827 178 1849 nos
193 1811 404 1848 testimoniis
420 1811 562 1844 divinis.

212 1881 273 1915 22.
304 1877 434 1911 Veram
449 1878 702 1912 confessionem
726 1879 836 1913 edidit
853 1879 1018 1926 Synodus
1032 1880 1096 1914 Ni-

112 1943 196 1967 cena
215 1933 258 1965 de
275 1930 349 1964 filio
367 1928 452 1968 Dei,
479 1940 567 1973 quae
583 1929 801 1971 adfirmavit,
825 1931 973 1973 intelligi
991 1944 1094 1975 opor·
1121 1942 1123 1962 3»

113 1991 186 2018 tere
212 1978 324 2029 λόγον
349 1976 622 2025 ὑφιστάμενον,
657 1992 734 2014 cum
759 1982 904 2015 dicitur:
939 1981 977 2016 ἐν
1000 1981 1095 2027 ἀρχῇ

113 2085 207 2118 libus
230 2084 464 2116 admonemur
490 2088 521 2115 et
553 2081 821 2124 confirmamur,
863 2091 980 2117 tamen
1011 2084 1095 2117 fides
1120 2105 1122 2111 =

113 2135 241 2169 nititur
263 2132 490 2172 testimoniis,
529 2143 617 2176 quae
645 2140 761 2167 extant
783 2134 819 2166 in
844 2134 981 2178 scriptis
1013 2146 1095 2178 pro-
1120 2161 1121 2164 ,

112 2184 261 2230 pheticis
295 2191 330 2218 et
366 2182 587 2227 apostolici5‚
638 2196 725 2228 quae
757 2184 833 2218 sine
865 2185 1094 2228 ambiguitate

114 2238 203 2270 idem
223 2236 420 2269 adfirmant.

213 2295 272 2329 23.
304 2292 474 2328 Monachi
493 2294 708 2327 contendunt
734 2294 768 2325 in
787 2293 896 2327 Paulo
924 2306 995 2327 non
1023 2306 1094 2327 esse

116 2345 336 2380 retinendum
354 2342 396 2379 τὸ
412 2342 541 2389 ῥητὸν,
573 2356 652 2377 cum
678 2344 823 2377 dicitur:
861 2344 1095 2378 lustiticamur

116 2397 203 2437 tide,
243 2395 348 2438 gratis
381 2396 456 2429 sine
490 2396 655 2439 operibus
685 2395 789 2437 legis,
829 2397 887 2428 sed
913 2396 1095 2438 :ultingnnt

118 2446 334 2490 peregrinam
361 2447 566 2480 sententiam
585 2446 797 2479 contrariam
817 2445 944 2484 Paulo,
972 2446 1095 2479 dicunt

115 2510 187 2531 esse
205 2494 464 2542 synecdochen:
491 2508 742 2542 praeparamur
758 2497 836 2536 fide,
854 2503 892 2530 ut
909 2497 1095 2529 dilectione

118 2548 199 2582 iusti
222 2548 343 2582 simus.
410 2546 504 2582 Haec
530 2545 747 2594 synecdoche
772 2548 945 2581 refutatur
973 2559 1095 2591 perpe.-

116 2607 176 2632 tno
201 2609 370 2632 consensu
396 2596 618 2643 propheticae
645 2605 676 2632 et
707 2598 917 2642 apostolicae
946 2598 1096 2642 scriptu-

116 2662 194 2691 rae,
218 2649 299 2695 quia
321 2660 478 2693 expresse
501 2649 645 2685 dicitur:
683 2648 763 2683 Non
790 2649 1036 2684 iustificabitur
1060 2649 1094 2681 iu

779 89 1041 125 PHILIPPI
1074 87 1523 128 MELANTHOMS.

771 640 811 673 In
836 638 1015 684 Ephesina
1055 652 1108 672 se·
1133 656 1135 660 v

124 692 238 724 cunda
270 690 357 724 tanti
388 691 533 723 fuerunt
565 691 755 729 tumultus,
797 698 837 725 ut
861 688 1107 724 Antio'chenus
1133 735 1134 741 ἵ

2087 105 2159 143 662

1137 183 1143 214 t
1167 183 1353 219 conspectu
1371 184 1431 211 tuo
1452 178 1565 212 omnis
1585 180 1717 215 xivens.
1754 180 1800 217 Et
1812 182 1875 218 Iob
1892 185 1944 219 9.:
1975 186 2065 220 Vere
2082 191 2152 222 scio

1139 220 1141 233 ¹
1166 227 1260 269 quod
1292 240 1365 259 non
1399 229 1444 261 sit
1477 227 1582 263 homo
1614 232 1724 265 iustus
1749 245 1864 267 coram
1889 235 1975 271 Deo.
2037 237 2083 272 Et
2107 244 2151 273 ad

1164 274 1290 309 Roma.
1308 278 1356 310 3.:
1397 277 1440 312 [t
1458 292 1560 313 omne
1579 293 1616 314 os
1631 283 1857 326 obstruatur,
1884 293 1918 320 et
1933 294 2026 321 totus
2044 302 2149 322 mnn-

1138 332 1139 338 ’
1165 326 1229 359 dus
1246 339 1324 360 reus
1340 329 1383 363 sit
1400 328 1484 364 Deo.
1540 330 1614 364 Hac
1632 334 1742 375 posita
1767 337 1949 378 perspicua
1974 337 2150 381 antithesi,

1164 378 1323 421 sequitur
1339 379 1529 413 exclusiva:
1556 381 1638 415 Sola
1655 384 1893 419 misericordia
1912 396 2054 432 propter
2077 403 2151 424 me-

1164 427 1336 461 diatorem
1356 442 1471 462 coram
1493 430 1566 464 Deo
1593 444 1715 466 sumus
1740 435 1842 476 iusti,
1870 440 1963 482 quod
1983 440 2147 475 dicimus:

1163 476 1245 510 Sola
1263 478 1341 513 side.
1370 480 1608 515 SicutPaulus
1626 484 1757 528 inquit:
1786 485 1869 519 Ideo
1890 501 1929 521 ex
1948 489 2014 522 fide
2030 493 2146 533 ,gratisx

1163 534 1200 561 ut
1220 528 1262 562 sit
1280 529 1376 562 firma
1398 533 1595 574 promissio,

1133 611 1135 624 ,
1262 587 1321 622 24.
1364 587 1464 623 Hauc
1496 603 1633 631 veram,
1676 595 1904 627 necessariam
1929 604 1961 630 et
1986 599 2148 633 dulcissi-

1159 649 1251 671 mam
1281 640 1558 673 consolationem
1587 642 1704 676 delent
1728 642 1925 686 I‘ontisicii‚
1960 646 2089 682 Hosius
2114 660 2146 684 et

1160 688 1312 733 similes,
1354 691 1415 735 qui
1439 691 1622 734 adfingunt
1648 691 1758 726 Paulo
1787 696 2033 733 synecdochen
2062 712 2145 733 con-

1160 740 1304 772 trariam
1325 741 1515 774 continuae
1532 742 1641 785 ipsius
1658 734 1904 787 disputationi.

1261 799 1323 834 25.
1355 799 1469 833 Simul
1496 807 1613 834 autem
1639 814 1718 835 cum
1740 803 1808 836 fide
1830 805 2000 848 accipitur
2020 819 2145 842 conso-

1132 881 1133 900 }
1159 848 1263 889 latio,
1291 849 1445 892 Spiritus
1461 858 1601 884 sanctus
1621 859 1672 885 est
1693 855 1818 887 arrabo
1844 857 1995 897 gratiae„
2022 871 2144 893 accen-

1131 927 1133 932 .
1158 899 1213 931 dit
1234 899 1270 931 in
1289 901 1393 932 corde
1410 901 1582 934 laeticiam
1598 904 1873 947 acquiescentem
1894 907 1928 939 in
1948 906 2021 941 Deo
2039 917 2071 943 et
2089 911 2144 943 in-

1158 950 1398 989 vocationem,
1435 963 1503 994 qua
1528 952 1733 986 clamamus:
1769 954 1870 988 Abba
1898 965 2014 1000 pater,
2049 960 2143 994 iuxta

1158 1000 1308 1032 dictum·
1342 998 1535 1033 Effundam
1552 1013 1656 1046 super
1674 1004 1819 1037 domum
1838 1005 1951 1040 Duxid
1970 1010 2142 1052 Spiritum

1158 1057 1288 1092 gratiae
1305 1057 1337 1084 et
1353 1063 1509 1094 precum,

1257 1109 1318 1144 26.
1349 1107 1550 1142 Manichaei
1567 1111 1750 1154 adfingunt
1766 1116 1985 1157 peregrinam
2003 1127 2142 1153 senten-

1157 1159 1239 1192 tiam
1264 1157 1345 1192 huic
1369 1160 1479 1193 dicto:
1515 1160 1595 1194 Scio
1613 1160 1786 1204 Domine,
1818 1177 1889 1198 non
1913 1175 1962 1200 est
1989 1165 2141 1203 hominis

1156 1210 1211 1242 via
1230 1210 1320 1243 eius:
1350 1222 1431 1254 ergo
1447 1211 1627 1256 inquiunt,
1655 1225 1718 1247 nec
1734 1215 1825 1247 bona
1844 1228 1907 1250 nec
1928 1219 2016 1252 mala
2034 1231 2139 1262 agunt

1155 1257 1338 1301 homines,
1380 1262 1439 1294 sed
1473 1262 1707 1306 impelluntur
1734 1267 1854 1301 coacti.
1921 1266 1969 1302 At
2000 1271 2140 1304 collatio

1154 1317 1340 1354 perpetuae
1360 1312 1541 1345 doctrinae
1558 1313 1595 1345 in
1613 1314 1750 1358 scriptis
1771 1315 1985 1359 propheticis
2001 1327 2032 1352 et
2057 1334 2140 1365 apo—

1154 1361 1286 1394 stolicis
1310 1363 1482 1403 ostendit,
1520 1363 1634 1396 Deum
1669 1377 1732 1397 nec
1757 1367 1865 1407 velle,
1909 1379 1973 1401 nec
2004 1371 2138 1404 efficere

1153 1419 1311 1454 peccata,
1339 1412 1428 1445 sicut
1447 1425 1605 1456 expresse
1624 1415 1768 1448 dicitur:
1806 1415 1885 1450 Non
1904 1416 1998 1452 Deus
2017 1422 2137 1456 volens

1153 1461 1365 1504 impietatem
1392 1470 1428 1495 tu
1453 1475 1498 1496 es.
1558 1462 1603 1496 Et
1629 1465 1758 1498 dicitur
1784 1467 1899 1512 aliqua
1927 1482 1998 1502 esse
2024 1475 2137 1506 carnis

1152 1511 1309 1551 iusticia3
1354 1519 1405 1545 est
1438 1525 1519 1554 crgo
1546 1515 1700 1548 delectus
1723 1522 1754 1549 et
1778 1517 1921 1550 libertas
1943 1520 2059 1565 aliqua
2083 1536 2137 1556 re·

1151 1562 1284 1602 gendae
1312 1561 1555 1597 locomotivae.
1621 1563 1692 1598 Nec
1722 1578 1860 1600 necesse
1892 1575 1941 1601 est
1964 1568 2136 1607 Davidem

1151 1623 1273 1654 rapere
1299 1613 1442 1645 alterius
1466 1614 1662 1655 coniugem.
1725 1613 1772 1649 Et
1796 1630 1996 1664 quanquam
2024 1623 2135 1657 honae

1150 1662 1305 1694 actiones
1330 1662 1415 1695 fiunt
1442 1665 1591 1697 ducente
1623 1672 1776 1699 mentem
1807 1676 1838 1702 et
1872 1672 1974 1703 corda
2000 1671 2134 1716 Spiritu

1123 1719 1287 1751 ·sancto‚
1331 1724 1403 1746 non
1438 1721 1557 1747 tamen
1588 1727 1731 1758 prorsus
1765 1718 1880 1752 ociosa
1902 1728 1951 1754 est
1981 1719 2134 1758 humana

1123 1773 1124 1785 ³
1149 1763 1324 1799 voluntas,

1397 1762 1445 1798 Et
1476 1771 1591 1798 tamen
1627 1767 1737 1801 multa
1770 1767 1865 1802 Deus
1898 1771 1934 1803 in
1970 1775 2134 1808 omnihus

1149 1814 1278 1847 sanctis
1309 1814 1398 1857 agit,
1440 1815 1476 1847 in
1508 1815 1637 1860 quibus
1662 1818 1827 1852 voluntas
1852 1832 1972 1855 eorum
1997 1830 2134 1859 mutum

1149 1871 1200 1897 est
1217 1864 1413 1898 subiectum
1431 1866 1577 1909 patiens.
1630 1865 1676 1901 Et
1693 1866 1788 1902 Deus
1810 1871 2022 1907 mirabiliter
2048 1878 2130 1919 regit

1148 1921 1304 1949 eventus.

1250 1972 1309 2006 27.
1344 1973 1427 2006 Ideo
1448 1974 1484 2006 in
1501 1974 1666 2009 Ieremiae
1684 1977 1779 2011 dicto
1803 1992 1875 2013 non
1901 1983 2133 2026 comprehen-

112 2031 159 2079 ‘'i''
175 2029 325 2080 ὁλόγος.
350 2030 425 2064 Etsi
445 2028 550 2063 huius
561 2029 695 2075 Synodi
714 2033 915 2066 testimonio
939 2039 972 2066 et
997 2034 1095 2065 simi..
1120 2046 1122 2064 2
1147 2024 1277 2057 dantur
1302 2024 1413 2056 malae
1433 2025 1605 2066 actiones,
1633 2034 1666 2060 et
1690 2027 1727 2060 in
1749 2029 1852 2064 bonis
1872 2044 1944 2064 non
1970 2036 2131 2070 excluda-

1120 2089 1121 2098 η
1148 2080 1206 2107 tur
1230 2074 1394 2117 cogitatio
1419 2076 1535 2115 verbi,
1563 2077 1811 2121 etdiligentia,
1839 2082 1880 2114 de
1898 2095 1965 2127 qua
1983 2085 2127 2121 dicitur:

1682 2126 1692 2136 s

1147 2122 1311 2171 ἀκριβῶς
1325 2127 1569 2170 περιπατεῖτε,
1596 2125 1647 2172 μὴ
1665 2140 1713 2167 ως
1729 2128 1875 2176 ἄσοᾳοι.

1248 2191 1308 2226 28.
1358 2190 1619 2227 Enthusiastica
1652 2202 1683 2228 et
1718 2195 2001 2234 Stencld'eldiana
2037 2214 2128 2245 sunt,

1147 2243 1262 2275 dicere
1293 2244 1507 2276 manendum
1532 2256 1604 2277 esse
1634 2245 1669 2277 in
1700 2246 1894 2282 diffidentia
1924 2257 1955 2284 et
1986 2253 2127 2290 fremitu

1146 2295 1313 2327 adversus
1339 2293 1472 2334 Deum,
1501 2295 1612 2327 donec
1637 2296 1710 2339 rapi
1733 2303 1765 2330 et
1788 2300 1863 2341 cogi
1888 2307 1919 2334 te
1945 2305 2071 2338 sentias
2097 2315 2127 2341 et

1146 2345 1276 2379 credas,
1328 2343 1402 2377 lino
1421 2345 1539 2386 regula
1557 2347 1706 2380 tenenda
1725 2355 1786 2381 est:
1816 2348 1920 2384 Fides
1943 2364 1982 2386 ex
2006 2358 2128 2392 auditu

1146 2402 1208 2430 ost,
1262 2393 1294 2428 A
1318 2396 1424 2427 verbo
1441 2393 1506 2427 Dei
1538 2397 1792 2431 exordiendum
1819 2408 1886 2445 est,
1923 2409 1954 2436 et
1978 2405 2014 2437 in
2039 2410 2127 2440 veris

1146 2445 1330 2478 doloribus
1358 2452 1591 2479 sustentemus
1622 2459 1685 2480 nos
1714 2451 1945 2492 promissione
1985 2458 2126 2499 gratiae,

1147 2498 1350 2530 intueamur
1383 2496 1443 2528 tilii
1477 2495 1541 2528 Dei
1577 2498 1804 2540 sacrificium,
1843 2509 1875 2536 et
1909 2517 2127 2548 opponmnus

1147 2546 1360 2580 dubitationi
1398 2547 1654 2581 consolationes
1681 2550 1852 2585 divinitus
1885 2556 2048 2597 traditas,
2095 2567 2124 2592 ot

1121 2625 1124 2656 Ι
1148 2597 1251 2630 simul
1269 2597 1474 2629 misceamus
1495 2599 1729 2641 precationes,
1757 2602 1845 2636 sicut
1867 2606 2034 2648 scriptum
2061 2616 2126 2641 est.-

1121 2659 1126 2694 1
1148 2648 1259 2681 l‘etite
1278 2654 1306 2681 et
1326 2648 1511 2691 accipietis,
1563 2648 1657 2684 llaec
1681 2663 1759 2684 cum
1788 2654 1891 2690 siunt,
1929 2664 2058 2690 certum
2077 2669 2124 2694 est

1448 2697 1533 2732 42*
