2324 2955
83 128 159 162 313

84 219 117 245 et
151 221 284 242 moram
310 210 345 241 in
370 206 435 242 hoc
469 209 632 241 incendio
656 209 887 253 perniciosam
912 219 983 241 esse
1008 218 1065 239 co-

83 259 218 305 gitate.”

185 310 280 343 Ilaec
303 322 380 343 cnm
405 310 549 343 dixisset
572 309 754 350 Pontifex,
789 310 886 343 iubet
907 307 1066 347 Carolus,

83 362 166 407 quia
202 363 403 394 decreverat
438 373 509 393 non
546 361 724 393 discedere
752 373 770 393 a
794 374 853 393 sua
881 358 1066 398 sententia,

83 412 330 445 Mercurinum
356 411 504 445 refutate
523 411 704 445 Pontificis
732 412 941 445 orationem.
996 409 1064 443 Sed

83 475 161 496 cum
178 463 294 495 dicere
311 461 538 495 Mercurinus
556 463 733 506 caepisset,
762 460 1066 505 interpellatPon-

82 513 183 553 tifex,
213 513 376 546 torvitate
394 513 510 546 vultus
535 520 567 546 et
585 513 678 545 vocis
702 514 926 557 tyrannidem
949 518 1066 544 osten-

81 565 186 604 dens,
215 571 245 597 et
274 561 328 595 his
356 563 439 606 ipsis
471 564 586 603 verbis
614 565 777 605 obiurgat
802 563 1063 596 Mercurinum:

81 614 230 656 „Quare
258 621 295 648 tu
323 612 411 646 mibi
435 613 612 647 adversari
640 615 767 655 audes,
813 622 845 648 et
871 613 1063 648 Dominum

81 672 200 698 contra
219 677 273 697 uie
291 664 463 697 incitas?''

183 714 250 748 llic
275 715 385 757 surgit
409 716 450 747 ad
476 715 665 748 dicendum
686 714 835 747 Carolus
854 714 938 758 ipse.
993 712 1066 745 Mi-

81 773 204 800 rantur
227 765 426 809 Principes,
467 766 550 810 quid
590 766 727 798 iuvenis
752 766 910 798 dicturus
935 765 997 802 sit,
1034 771 1067 797 et

79 817 204 850 attenti
229 816 379 849 audiunt
402 829 541 857 omnes,
573 817 709 861 fuitque
733 814 816 849 baec
840 815 1065 859 gravissimae

79 874 253 900 oratlonls
280 878 427 902 summa,

183 916 345 960 Agnosco
365 930 416 950 ine
435 918 596 950 iuvenem
617 929 710 957 esse,
737 924 770 950 et
796 915 901 949 liuius
922 915 1065 948 Mercu-

80 969 170 1009 rini,
193 975 225 1001 et
243 969 392 1000 aliorum
411 969 606 1011 sapientum
629 968 785 1000 consiliis
803 968 855 1000 uti
871 978 925 998 me
943 967 1065 1003 fateor,

80 1027 114 1053 et
131 1021 258 1052 debere
277 1031 330 1050 me
348 1019 579 1062 sapientiores
595 1019 717 1050 audire
736 1018 864 1055 iudice,
893 1024 925 1050 et
941 1018 982 1049 de
1001 1015 1065 1050 bac

78 1071 152 1113 ipsa
179 1069 452 1107 deliberatione,
489 1082 592 1114 quam
618 1069 688 1101 scio
713 1069 886 1112 pertinere
913 1069 954 1100 ad
989 1069 1066 1111 glo-

80 1120 167 1153 riam
189 1120 273 1159 Dei,
299 1127 330 1152 et
350 1121 391 1152 ad
412 1121 558 1153 salutem
578 1120 733 1152 universi
755 1120 890 1162 generis
908 1116 1066 1157 lunnani,

79 1183 157 1204 cum
177 1170 299 1203 multis
318 1171 512 1203 collocutus
527 1183 603 1203 sum
616 1196 624 1208 ‚
653 1172 711 1215 qui
732 1171 907 1203 excellunt
924 1171 1063 1213 sapien-

79 1222 147 1261 tia,
183 1221 314 1254 virtute
342 1228 375 1254 et
399 1222 481 1262 fide,
516 1222 575 1266 qui
600 1222 757 1254 sentiunt
778 1220 955 1254 Ecclesiae
978 1233 1065 1264 opus

79 1284 150 1305 esse
166 1271 322 1317 Synodo.
376 1271 449 1304 Nec
466 1280 503 1305 tu
522 1273 662 1314 ignoras
681 1273 880 1305 voluntates
903 1272 1063 1304 omnium

78 1323 275 1364 sapientum
305 1329 338 1352 et
362 1323 538 1352 bonorum
564 1323 600 1351 in
630 1329 698 1352 tota
717 1321 881 1362 Europa,
920 1323 980 1363 qui
1009 1334 1064 1352 as—

79 1372 190 1405 siduis
214 1369 402 1412 gemitibus
428 1371 611 1415 synodum
637 1370 795 1413 flagitant
818 1371 939 1409 talem,
976 1382 1065 1415 quae

81 1429 173 1455 recte
196 1421 422 1462 gubernetur.
477 1421 595 1460 Quare
621 1433 700 1453 cum
727 1433 763 1453 re
780 1421 840 1452 diu
860 1421 1065 1459 deliberata,

77 1478 109 1504 et
126 1471 168 1503 iis
185 1469 419 1510 argumentis,
445 1481 533 1512 quae
552 1476 588 1501 tu
605 1470 774 1512 opponis,
801 1469 990 1510 diligenter
1006 1481 1064 1501 co-

76 1521 193 1565 gitatis
210 1519 316 1552 velim
335 1519 521 1551 convocari
539 1518 741 1563 Synodum,
769 1519 855 1551 scito
872 1525 904 1551 et
922 1518 1062 1551 BIercu-

77 1573 215 1612 rinum‚
243 1581 330 1614 quae
347 1569 453 1612 dixit,
484 1569 569 1602 meis
586 1569 760 1602 mandatis
778 1569 925 1609 dixisse,
953 1576 985 1602 et
1009 1581 1064 1601 me

78 1623 122 1656 ab
139 1619 204 1655 hac
225 1620 416 1658 sententia,
444 1621 557 1653 donec
578 1620 708 1660 vivam,
735 1632 808 1652 non
829 1620 1062 1653 discessurum

78 1685 166 1707 esse.
220 1670 340 1704 Tuum
367 1670 556 1704 consilium
582 1671 778 1714 speciosum
813 1678 845 1704 et
877 1671 1064 1714 plausibile

76 1721 235 1769 profanis
261 1722 372 1754 videri
400 1728 530 1765 potest,
568 1723 627 1754 sed
653 1734 767 1755 meum
798 1729 829 1755 et
854 1722 985 1755 iustum
1014 1729 1064 1755 est

77 1782 111 1809 et
128 1773 304 1808 Ecclesiae
321 1773 605 1813 convenientius,
632 1779 665 1805 et
681 1773 708 1805 si
728 1785 782 1805 me
800 1785 872 1805 non
893 1773 1063 1816 impedie-

76 1825 173 1864 ritis,
200 1823 274 1857 Deo
297 1824 456 1861 iuvante,
485 1835 586 1866 spero
604 1824 721 1865 generi
740 1821 895 1856 hnmano
913 1825 1064 1856 salutare

76 1877 235 1911 futurum
262 1886 347 1908 esse.
402 1873 472 1906 Nec
493 1874 552 1906 illa
578 1874 728 1906 terribili
748 1875 906 1907 oratione
923 1881 981 1907 tua
998 1875 1063 1907 ab-

77 1928 188 1962 ducor
206 1938 223 1958 a
242 1925 424 1965 sententia,
451 1926 543 1969 quod
565 1937 635 1957 non
654 1925 697 1958 sit
715 1926 888 1958 audienda
907 1926 1064 1969 disputa-

76 1979 125 2012 tio
160 1979 202 2010 de
233 1976 396 2009 absurdis
430 1983 461 2009 et
499 1976 814 2011 inextricabilibus,
876 1975 964 2009 Nam
1002 1989 1064 2009 nec

77 2029 216 2067 omnia,
247 2039 335 2072 quae
368 2039 462 2058 nunc
497 2028 742 2070 disputantur,
783 2028 934 2060 absurda
970 2035 1064 2068 sunt,

78 2092 140 2113 nec
158 2085 236 2111 sunt
258 2078 350 2110 ullae
370 2078 627 2111 inextricabiles
645 2079 868 2122 quaestiones
888 2079 922 2110 in
940 2076 1064 2111 Eccle-

77 2131 126 2165 sia
146 2131 189 2162 de
206 2129 311 2161 rebus
329 2129 541 2164 necessariis,
577 2128 708 2162 Audivi
727 2137 758 2163 et
776 2142 837 2172 ego
857 2127 944 2161 milii
964 2142 1064 2173 saepe

76 2180 300 2216 Platonicum
331 2180 418 2212 illud
445 2180 529 2212 dici:
558 2179 637 2223 „Ut
663 2187 847 2223 parentum
873 2181 996 2213 deliria
1014 2182 1063 2213 fe—

76 2233 185 2266 renda
206 2238 305 2270 sunt,
333 2230 379 2263 ita
399 2231 434 2262 in
453 2231 654 2264 civitatibus
672 2238 704 2264 et
728 2232 959 2275 religionibus
980 2232 1063 2265 vitia

76 2284 247 2329 quaedam
263 2281 517 2314 dissimulanda
535 2280 644 2316 esse.’'
698 2281 828 2316 Modus
844 2290 891 2316 est
910 2283 982 2331 cius
1002 2284 1065 2323 rei,

78 2342 110 2368 et
145 2334 181 2366 in
214 2333 371 2376 imperiis
405 2339 437 2366 et
471 2333 506 2365 in
542 2331 712 2366 Ecclesia.
778 2333 1062 2368 Fundamentum

77 2392 168 2420 certe
194 2384 230 2416 in
254 2381 409 2416 Ecclesia
442 2384 585 2417 retineri
619 2391 768 2426 oportet.
821 2384 947 2418 Etliae
975 2387 1065 2427 leges

77 2443 238 2471 aeternae
264 2434 298 2466 in
327 2435 484 2478 imperiis
511 2442 542 2468 et
564 2434 720 2468 Ecclesia
747 2436 948 2468 retinendae
975 2444 1065 2474 sunt,

79 2500 167 2533 quae
194 2482 385 2530 probibent
415 2486 592 2520 idolorum
619 2486 859 2519 invocationes
888 2496 916 2519 et
946 2488 1065 2519 libidi-

78 2550 163 2572 num
192 2536 425 2571 confusiones.

78 2591 163 2623 siam
190 2588 361 2633 quaedam
390 2587 630 2622 invocationes
648 2589 923 2622 contumeliosae
945 2597 1064 2622 contra
1090 2610 1091 2614 =

77 2639 204 2674 Deum-

480 2536 701 2581 lrrepserunt
735 2544 851 2570 autem
883 2539 918 2570 in
947 2538 1092 2571 {flecte—1

258 2637 302 2671 Et
322 2638 505 2681 turpitudo
527 2640 718 2672 libidinum
739 2640 773 2672 in
791 2648 975 2683 conspectu
1006 2648 1065 2674 est.
1090 2660 1091 2667 κ

557 122 717 158 DECL.
764 122 833 158 DE
868 119 1213 157 CONGRESSU
1249 120 1628 157 BONOMENSI.

77 2691 147 2725 Nec
164 2697 299 2724 tantum
318 2687 444 2723 borum
465 2690 638 2724 malorum
659 2692 860 2724 emendatio
879 2692 1063 2738 Synodum
1088 2701 1090 2730 j

2036 123 2108 157 314

1119 207 1280 251 requirit,
1307 208 1365 239 sed
1384 208 1567 240 universae
1584 208 1764 242 doctrinae
1781 209 1956 253 integrum
1975 222 2103 253 corpus

1120 258 1356 298 colligendum
1374 265 1442 297 est,
1471 260 1564 302 quod
1584 270 1653 291 una
1678 272 1760 292 voce
1778 273 1899 293 omnes
1923 268 2040 304 gentes
2066 262 2102 293 in

1119 309 1284 341 omnibus
1301 309 1440 351 templis
1459 316 1594 344 sonent.
1637 310 1712 343 Scis
1729 311 1821 343 enim
1839 324 1933 344 nune
1951 313 1993 344 de
2011 312 2103 344 mul-

1119 359 1163 392 tis
1182 359 1316 401 magnis
1333 360 1448 398 rebus,
1464 360 1565 392 etiam
1584 360 1618 392 in
1636 362 1704 394 tuis
1718 362 1836 394 castris
1854 363 2013 395 dissonos
2031 363 2103 395 cla-

1119 422 1235 442 mores
1260 422 1341 442 esse.
1396 409 1484 443 Cum
1515 412 1678 453 sparserit
1706 410 1787 444 baec
1813 420 1904 445 aetas
1930 414 2101 458 quaedam

1119 462 1289 500 absurda,
1314 468 1466 504 opponat
1483 460 1648 505 Synodns
1664 463 1813 496 illustria
1832 471 1864 496 et
1883 464 1979 496 firma
2006 464 2103 496 testi-

1119 512 1256 551 monia,
1282 519 1320 544 ut
1348 519 1379 545 et
1407 509 1472 544 lioc
1495 519 1650 556 tempore
1679 520 1709 546 et
1731 513 1765 544 in
1791 521 1966 556 posterum
1985 515 2102 546 minus

1119 562 1340 605 decipiantur
1358 560 1528 602 homines,
1558 564 1681 596 moniti
1700 565 1912 606 argumentis
1929 565 2100 603 anfnodo

1119 614 1277 648 ostensis.
1983 604 1992 610 .

1223 663 1284 696 llla
1312 672 1426 697 autem
1450 677 1515 710 voit
1539 663 1707 696 Pontifice
1733 663 1877 706 indigna
1905 671 1974 703 est,
2008 666 2100 708 quod

1122 715 1192 753 ais,
1221 717 1390 759 quaedam
1412 711 1666 747 inextricabilia
1687 726 1768 749 esse.
1822 714 1917 747 Deus
1933 715 2103 746 immensa

1121 766 1276 798 bonitate
1294 778 1328 798 se
1349 766 1527 809 patefecit,
1555 773 1586 798 et
1604 765 1678 797 vult
1699 777 1762 798 nos
1789 766 1951 809 amplecti
1971 765 2103 798 doctri-

1120 829 1200 848 nam
1214 844 1221 856 ,
1251 829 1353 861 quam
1371 817 1534 855 tradidit,
1558 828 1645 860 quae
1666 815 1693 846 si
1713 823 1798 849 esset
1815 816 1976 857 ambigua
1992 843 2000 855 ‚
2026 817 2103 848 ina—

1123 868 1176 899 nis
1195 879 1300 900 sonus
1318 874 1414 900 esset.
1467 866 1583 899 Placet
1602 864 1687 898 mihi
1708 874 1823 900 autem
1849 874 1881 900 et
1905 865 2099 899 Theodosii

1120 918 1325 955 consilium,
1354 918 1413 961 qui
1438 918 1537 950 iussit
1562 918 1597 949 in
1625 916 1768 961 Synodo
1795 918 1935 962 quaeri,
1964 924 1996 949 et
2020 930 2102 961 pro-

1120 969 1210 1000 ferre
1233 969 1430 1001 testimonia
1457 968 1610 999 sincerae
1636 969 1825 1002 vetustatis.
1879 967 1980 1000 Certe
2007 968 2101 999 enirn

1119 1018 1311 1052 Ecclesiam
1337 1018 1525 1051 doctricem
1555 1018 1705 1050 libenter
1729 1019 1853 1057 audio,
1894 1025 1929 1049 ut
1955 1017 2102 1050 Samson

1120 1070 1275 1102 monuit:
1306 1095 1325 1109 ‚‚
1338 1069 1374 1102 Si
1396 1081 1466 1101 non
1485 1068 1645 1101 arassetis
1668 1068 1776 1101 vitula
1794 1081 1888 1109 mea,
1916 1080 1986 1100 non
2005 1068 2103 1100 inve·-

1121 1120 1300 1154 11iss‹›tis.⁷'

1223 1172 1273 1204 De
1292 1171 1554 1214 dispensatione
1567 1197 1575 1210 ‚
1598 1183 1701 1214 quam
1719 1170 1841 1209 offers,
1869 1177 2000 1215 quanto
2020 1167 2104 1201 haec

1118 1222 1174 1255 fiet
1194 1223 1415 1255 commodius
1435 1222 1470 1254 in
1488 1220 1660 1266 Synodo?
1688 1220 1805 1253 Maior
1826 1221 1920 1253 enim
1940 1220 2004 1254 elit
2020 1230 2104 1262 gen-

1119 1274 1206 1306 tium
1225 1273 1432 1310 concordia,
1460 1273 1486 1304 si
1507 1272 1611 1304 simul
1638 1284 1758 1304 omnes
1784 1272 1886 1304 talem
1913 1268 2105 1305 ἐπιείκειαν

1119 1324 1300 1364 recipient.
1355 1323 1401 1355 Et
1427 1323 1488 1355 illo
1514 1323 1607 1354 dicto
1640 1320 1783 1354 liero‘ico
1821 1322 1992 1354 delector:
2029 1319 2104 1360 „ln

1119 1372 1297 1404 communi
1316 1372 1470 1414 pericula
1489 1371 1532 1404 sit
1549 1372 1745 1403 communis
1762 1371 2000 1405 deliberatio,⁰
2035 1370 2104 1404 Nec

1119 1424 1304 1454 defuturus
1319 1434 1394 1454 sum
1413 1434 1490 1454 meo
1510 1422 1624 1454 officio
1655 1423 1759 1454 rebus
1785 1422 1944 1464 cognitis.
1996 1420 2043 1455 Et
2066 1428 2104 1454 ut

1119 1471 1272 1511 cognitio
1294 1471 1401 1513 possit
1417 1471 1541 1503 ordine
1558 1471 1649 1510 fieri,
1676 1478 1834 1503 veterum
1849 1472 2104 1515 imperatorum

1118 1521 1276 1564 exemplo
1293 1521 1480 1553 adfuturus
1491 1532 1587 1557 sum,
1615 1527 1649 1553 et
1666 1528 1837 1564 quantum
1863 1528 1983 1565 potero
2001 1522 2105 1565 perfi-

1118 1570 1226 1614 ciam,
1256 1577 1295 1604 ut
1313 1569 1377 1603 hae
1395 1571 1485 1613 leges
1503 1570 1714 1603 iustissimae
1732 1579 1932 1604 serventur:
1969 1571 2104 1612 „Utra-

1118 1634 1185 1666 que
1201 1634 1279 1665 pars
1297 1621 1428 1665 pariter
1446 1621 1644 1654 audiatur.'’
1691 1620 1752 1654 Et:
1779 1621 2011 1662 „Sententiae
2031 1634 2103 1654 non

1118 1672 1313 1717 tyrannicis
1333 1673 1489 1705 arbitriis
1506 1673 1684 1712 ferantur,
1705 1674 1762 1705 sed
1783 1673 1876 1706 iuxta
1894 1673 2027 1716 leges,
2051 1673 2105 1705 vi-

1118 1724 1243 1756 delicet
1268 1724 1363 1756 iuxta
1389 1723 1607 1762 doctrinam,
1636 1736 1740 1768 quain
1769 1731 1900 1757 certum
1927 1731 2009 1758 esta
2027 1722 2103 1756 Deo

1117 1775 1280 1807 traditam
1306 1786 1388 1808 esse.

1219 1824 1322 1858 Nunc
1341 1826 1433 1869 quod
1455 1825 1570 1865 iubes,
1597 1832 1635 1858 ut
1653 1825 1728 1858 sine
1743 1825 1998 1859 diiudicatione
2014 1826 2106 1858 bona

1118 1883 1150 1908 et
1173 1877 1262 1908 mala
1291 1876 1420 1919 pariter
1451 1876 1603 1916 deleam,
1639 1877 1673 1908 id
1711 1888 1932 1922 nequaquam
1966 1876 2105 1909 faciam.

1117 1926 1208 1959 Nolo
1225 1927 1317 1959 enim
1338 1939 1375 1959 ex
1394 1925 1548 1959 Ecclesia
1565 1927 1689 1960 tollere
1715 1928 1867 1970 legitima
1895 1928 2023 1960 iudicia
2036 1954 2044 1966 ,
2073 1934 2103 1959 et

1117 1978 1331 2010 constituere
1352 1978 1590 2022 tyrannidem.
1652 1977 1833 2010 Declaravi
1858 1985 1974 2010 autem
2003 1984 2103 2010 antea

1117 2041 1189 2061 non
1211 2030 1359 2061 obscure
1384 2029 1419 2060 in
1445 2028 1559 2067 bello,
1594 2040 1707 2060 meam
1739 2029 1999 2061 observantiam
2025 2039 2104 2070 erga

1117 2078 1308 2112 Ecclesiam
1340 2086 1368 2111 et
1397 2091 1474 2119 erga
1502 2079 1617 2110 sedem
1644 2077 1862 2119 Romanam,
1897 2087 1927 2112 et
1957 2090 2035 2121 erga
2061 2085 2105 2116 te,

1120 2143 1223 2175 quam
1243 2137 1280 2163 ut
1299 2130 1463 2172 deinceps
1483 2129 1675 2173 praestabo.

1220 2180 1294 2214 Hac
1321 2182 1481 2214 oratione.
1506 2180 1641 2218 audita,
1680 2187 1712 2213 et
1737 2179 1897 2213 Pontifex
1928 2188 1957 2214 et
1983 2192 2105 2213 omnes

1118 2232 1299 2276 Principes
1318 2232 1499 2274 ingenium
1519 2239 1551 2264 et
1570 2231 1848 2272 magnitudinem
1862 2232 1969 2264 animi
1991 2232 2025 2264 in
2038 2230 2105 2264 Ca-

1119 2284 1194 2316 rolo
1212 2284 1328 2317 mirati
1347 2291 1439 2317 sunt.
1499 2282 1579 2315 ideo
1599 2294 1641 2313 ne
1660 2282 1769 2323 magis
1783 2281 2104 2315 inceiulereturCa—

1120 2336 1227 2372 rolus,
1257 2335 1393 2378 placide
1411 2334 1595 2376 respondet
1616 2332 1790 2371 Pontifex,
1816 2345 1849 2365 se
1868 2346 1945 2366 cuin
1961 2346 2023 2366 suo
2038 2332 2102 2366 Se—

1119 2393 1202 2419 natu
1223 2398 1342 2418 rursus
1361 2386 1636 2417 deliberaturmn
1661 2394 1741 2420 esse.

1222 2436 1313 2469 llaec
1328 2435 1563 2469 Bononiensis
1578 2434 1667 2466 actio
1685 2434 1836 2466 ostendit
1857 2440 1939 2467 tune
1961 2436 2103 2480 quidem

1118 2488 1234 2520 Caroli
1255 2490 1470 2520 moderat-'un
1491 2487 1596 2517 fuisse
1615 2485 1845 2521 xoluntatem,
1872 2486 1926 2517 cui
1944 2488 2103 2529 congruit

1118 2547 1147 2572 et
1170 2538 1253 2577 boc,
1283 2540 1375 2583 quod
1398 2544 1512 2580 postea
1534 2537 1568 2568 in
1595 2543 1771 2569 conventu
1795 2536 2000 2578 Augustano
2019 2550 2103 2569 con-

1119 2591 1304 2622 fessionem
1338 2587 1574 2621 Ecclesiarum
1608 2594 1812 2620 nostrarum
1845 2588 1912 2619 sibi
1947 2586 2102 2620 exbiberi

1121 2642 1234 2678 iussit,
1261 2652 1349 2684 quae
1373 2640 1491 2672 omnia
1516 2638 1708 2680 cogitemus
1734 2639 1778 2671 ita
1794 2639 2011 2680 golmi-uzone
2028 2637 2102 2670 Deo

1118 2693 1204 2725 sarta
1231 2703 1320 2730 esse,
1354 2698 1391 2724 ut
1411 2689 1594 2732 Evangelii
1623 2690 1782 2722 doctrina
1813 2689 2045 2721 illustraretur
2071 2694 2104 2721 et
