2324 2955
115 105 189 144 693

117 191 237 227 Primo
253 190 297 225 de
313 188 568 235 gubernatione
583 199 714 226 rerum.
766 188 856 224 Nam
872 189 1007 225 etiamsi
1022 201 1102 234 per-

116 242 243 284 mittat,
263 243 356 287 quod
367 240 461 275 Deus
473 240 672 274 condiderit
683 251 748 281 res,
770 247 887 274 tamen
901 241 1031 274 offensa
1045 252 1101 274 ra-

116 292 167 327 tio
178 319 188 334 ,
214 293 296 337 quia
313 293 349 325 in
365 292 496 325 mundo
512 297 582 324 tam
598 291 707 324 multa
722 292 850 325 iniuste
865 292 973 334 fiunt,
998 298 1101 334 negat

117 342 223 377 aDeo
241 354 295 376 res
309 341 510 385 gubernari,
532 342 592 374 sed
606 342 768 382 somniat,
789 343 884 386 quod
896 340 991 375 Deus
1006 353 1100 374 nunc

117 394 233 427 ocium
244 390 380 432 habeat,
401 399 433 425 et
449 392 539 425 sinat
555 403 617 425 suo
631 393 783 437 quodam
795 393 926 436 impetu
939 399 1100 426 naturam

116 443 221 482 ferri,
247 441 337 475 sicut
358 442 473 482 faber,
501 443 561 487 qui
584 454 708 475 navem
731 442 830 480 fecit,
854 443 917 475 ubi
937 442 1100 482 absolvit,

114 492 263 526 discedit
286 493 330 525 ab
354 504 393 525 ea
417 499 450 525 et
475 493 661 525 committit
684 503 758 525 eam
782 492 947 526 fluctibus
970 499 1003 525 et
1025 503 1099 525 non

113 542 288 586 gubernat
305 555 392 577 eam,
442 542 510 575 Hic
523 540 723 576 ChristIana
741 543 903 576 doctrina
920 543 1098 576 diversum

113 594 232 632 docet,
260 599 293 626 et
315 599 436 626 monet
461 603 544 633 nos,
570 604 614 625 ne
639 604 701 636 per
723 590 985 637 philosophiam
1003 592 1098 626 deci-

112 643 266 688 piamur.
312 642 407 676 Tum
424 643 515 676 fallit
530 640 770 686 philosophia,
797 644 938 688 quando
955 644 998 676 de
1010 641 1097 682 Deo,

112 700 176 727 aut
196 694 239 726 de
254 693 319 727 Dei
343 692 498 726 consiliis
520 693 646 737 incipit
661 693 832 727 iudicare:
860 693 942 738 quia
960 692 1097 726 anima-

111 743 158 776 lis
180 740 286 777 homo
305 754 378 775 non
397 742 546 787 percipit
563 755 621 782 ea,
645 755 734 789 quae
750 744 819 777 Dei
835 749 927 778 sunt.
977 742 1098 785 Signi-

109 793 191 827 ficat
211 800 326 827 autem
351 793 514 826 animalis
538 791 645 827 homo
662 801 771 828 totam
790 800 951 826 naturam
969 805 1095 836 corpo-

111 843 242 884 ralem,
269 854 344 876 non
368 850 571 877 renovatam
585 856 603 876 a
620 844 746 888 spiritu
762 850 891 878 sancto.
946 841 1011 875 Illa
1029 843 1095 875 ita-

109 905 178 938 que
203 900 330 927 natura
354 894 546 938 corporalis
568 892 660 926 nihil
685 900 797 938 potest
818 895 861 926 de
878 892 943 926 Dei
966 893 1095 925 volun-

107 950 179 978 tate
196 943 393 984 adfirmare,
419 956 508 988 quae
522 950 660 977 tantum
678 944 826 977 discitur
842 955 883 975 ex
898 943 1005 975 verbo
1017 941 1095 983 Dei,

108 994 199 1028 &Icut
213 991 336 1027 Esaias
354 994 424 1034 ait,
448 995 491 1026 ad
511 994 623 1036 legem
639 1000 672 1026 et
687 995 729 1026 ad
746 992 1004 1033 testimonium,
1032 993 1093 1037 qui

107 1055 184 1078 non
200 1044 327 1076 dixerit
343 1044 538 1076 secundum
553 1043 718 1083 verbum,
743 1041 828 1076 huic
844 1055 919 1076 non
935 1043 1000 1077 erit
1018 1055 1094 1076 ma·-

105 1093 221 1128 tutina
237 1093 309 1129 lux.
361 1092 454 1127 Sunt
471 1093 577 1136 igitur
593 1093 785 1127 sententiae
802 1099 914 1126 certae
932 1099 964 1126 et
978 1093 1093 1126 mani-

106 1143 216 1177 festae
249 1155 289 1176 ex
319 1143 492 1186 scriptura
520 1143 716 1185 eligendae,
749 1142 878 1187 quibus
907 1143 1094 1183 discamus,

106 1205 182 1227 non
204 1193 311 1226 modo
333 1204 387 1225 res
406 1204 425 1225 a
441 1192 517 1226 Deo
537 1193 696 1225 conditas
712 1203 805 1235 esse,
832 1193 892 1225 sed
910 1192 1013 1226 etiarn
1029 1204 1093 1236 gu-

104 1243 270 1284 bernari,
295 1242 411 1276 Deum
433 1254 498 1276 nos
519 1243 611 1275 alere
626 1254 665 1275 ac
682 1249 812 1285 tegere,
838 1242 926 1275 alios
942 1254 1093 1284 servare,

106 1294 196 1327 alios
226 1293 374 1336 punire,
408 1304 472 1325 nec
502 1292 698 1325 discessisse
723 1293 842 1326 Deum
873 1299 1041 1337 tanquam
1073 1306 1114 1326 ar

105 1343 191 1376 navi
210 1343 368 1383 fabrum,
394 1343 454 1376 sed
478 1354 597 1386 regere
616 1354 671 1375 res
691 1343 780 1376 sicut
797 1343 1012 1386 gubernator
1029 1355 1092 1376 na-

107 1405 187 1427 vem
211 1393 300 1436 regit
321 1393 497 1437 praesenti
515 1393 667 1437 quadam
685 1394 859 1434 motione,
884 1400 923 1426 ut
940 1394 1091 1437 probant

105 1441 173 1476 hae
188 1443 398 1484 sententiae,
424 1440 597 1476 Matthaei
614 1449 723 1476 sexto:
750 1443 854 1476 Pater
870 1450 1002 1483 vester,
1030 1443 1091 1489 qui

105 1499 158 1527 est
181 1492 219 1525 in
242 1492 368 1533 coelis,
396 1492 506 1536 pascit
523 1492 595 1528 illa.
650 1490 824 1526 Matthaei
840 1493 991 1526 decimo:
1019 1495 1090 1526 duo

103 1553 260 1587 passeres
284 1554 357 1576 asse
382 1549 555 1583 veneunt,
580 1548 614 1576 et
636 1554 729 1576 unus
753 1555 793 1576 ex
815 1542 885 1575 illis
903 1555 976 1576 non
993 1544 1092 1576 cadet

105 1603 212 1638 super
236 1599 365 1627 terram
388 1592 464 1626 sine
485 1599 583 1636 patre
605 1599 733 1626 vestro.
787 1592 930 1626 Ioannis
948 1592 1089 1638 quinto:

105 1642 212 1676 Pater
233 1654 331 1677 meus
350 1655 462 1687 usque
484 1643 590 1676 modo
610 1650 796 1688 operatur,
823 1650 856 1677 et
874 1654 936 1687 ego
951 1655 1092 1688 operor.

102 1690 198 1737 Eph.
222 1693 268 1727 1.:
319 1700 485 1737 operatur
520 1694 640 1727 omnia
677 1695 871 1727 secundum
903 1694 1090 1728 consilium

104 1743 297 1777 voluntatis
328 1754 422 1778 suae.
481 1740 617 1778 Coloss.
642 1744 693 1777 1.:
728 1745 847 1777 omnia
879 1756 941 1788 per
975 1744 1090 1788 ipsum

104 1793 312 1828 consistunt.
365 1793 537 1826 Actorum
560 1792 632 1828 17.2
660 1792 697 1825 in
720 1793 796 1837 ipso
819 1794 988 1834 vivimus,
1013 1807 1090 1828 mo-

103 1856 230 1878 vemur
252 1851 286 1878 et
306 1854 437 1877 sumus.
490 1843 583 1879 Psal.
602 1843 702 1878 103.:
731 1856 852 1877 omnes
875 1845 949 1877 viae
974 1842 1090 1878 homi-

103 1906 190 1928 num
213 1901 334 1940 patent
358 1894 471 1928 oculis
495 1894 581 1930 eius.
632 1892 800 1927 Proverb.
820 1895 892 1929 16.:
928 1895 1032 1929 dante
1057 1901 1091 1928 te

103 1945 187 1986 illis,
213 1945 390 1988 colligent.
444 1943 492 1979 Et
509 1945 546 1977 in
563 1944 724 1978 oratione
741 1944 939 1978 dominicat
965 1957 1089 1989 panem

103 2001 264 2029 nostrum
283 1996 532 2040 quotidianum
549 1995 594 2028 da
611 1995 715 2028 nobis
732 1993 849 2028 hodie.

205 2045 369 2080 Secundo
399 2053 491 2080 errat
521 2042 744 2089 philosophia
768 2047 811 2078 (le
832 2046 1090 2086 iustificatione,

102 2096 133 2130 si
152 2102 303 2136 statuat,
330 2108 448 2129 coram
465 2095 540 2129 Deo
561 2096 645 2129 satis
660 2106 732 2129 esse
748 2096 886 2130 civilem
906 2096 1090 2132 iusticiam,

102 2145 151 2181 At
167 2144 357 2180 christiana
372 2146 532 2180 doctrina
545 2146 665 2186 docet,
692 2145 864 2181 iusticiam
882 2158 1000 2179 coram
1014 2145 1089 2180 Deo

102 2197 208 2236 fidem
232 2208 305 2230 esse
328 2197 365 2230 in
379 2195 572 2231 Christum.
622 2194 671 2230 Et
685 2196 774 2231 sicut
791 2197 829 2230 in
845 2197 971 2241 apibus
987 2204 1089 2230 natu-

104 2247 192 2281 rales
213 2247 363 2281 virtutes
387 2260 460 2281 non
483 2247 639 2281 efficiunt
664 2258 720 2280 eas
737 2245 945 2281 christianas
960 2255 1020 2282 aut
1034 2248 1090 2281 iu-

106 2302 174 2330 stas
198 2309 315 2332 coram
334 2296 429 2339 Deo,
456 2298 505 2331 sic
527 2309 592 2330 nec
617 2295 737 2330 civiles
761 2310 876 2332 moros
902 2310 961 2331 seu
987 2305 1091 2331 natu-

106 2345 196 2380 rales
217 2347 362 2382 virtutes
385 2359 450 2382 nos
468 2349 602 2382 sariunt
618 2348 728 2381 iustos
742 2361 857 2382 coram
876 2347 964 2383 Deo.
1017 2348 1092 2382 Ha-

105 2397 190 2431 bent
205 2408 285 2441 apes
299 2399 521 2442 prudentiam
538 2398 621 2444 quia
636 2405 723 2432 tecta
745 2406 947 2434 tonstruunt
959 2406 993 2432 et
1007 2411 1092 2433 con-

106 2447 258 2482 stituunt
273 2449 538 2492 rempublicam.
590 2448 733 2483 Habent
747 2457 782 2484 et
797 2450 982 2490 iusticiam,
1009 2450 1091 2495 quia

106 2498 179 2531 suis
210 2498 351 2542 regibus
382 2499 649 2544 diligentissime
680 2501 934 2544 obtemperant.
1005 2499 1092 2534 ltcm

107 2548 229 2582 iuvant
252 2560 288 2582 se
313 2556 457 2590 mutuo,
485 2551 602 2585 levant
625 2562 731 2584 onere
755 2551 877 2591 fessas,
902 2562 921 2584 a
937 2551 1021 2584 vict
1039 2552 1094 2583 in-

105 2598 209 2631 iuriis
227 2599 421 2633 abstinent:
450 2598 513 2635 Est
529 2599 565 2634 in
581 2601 630 2635 eis
644 2609 677 2636 et
695 2602 783 2635 mira
802 2602 985 2642 fortitudo,
1012 2602 1095 2646 quia

106 2648 275 2683 acerrime
300 2650 471 2686 dimicant
494 2663 572 2685 cum
594 2652 695 2689 sucis.
764 2652 945 2688 Postremo
969 2664 1094 2696 magna

761 102 1019 140 PHILIPPI
1053 101 1497 143 MELANTHONIS.

2071 114 2144 149 694

1155 191 1385 234 temperantia
1407 190 1445 225 in
1470 190 1519 226 eis
1540 197 1610 235 est,
1637 194 1718 239 quia
1742 202 1776 230 et
1790 205 1952 230 venerem
1967 197 2140 239 nesciunt,

1154 247 1187 272 et
1211 242 1314 275 mella
1337 243 1380 276 ad
1404 250 1564 277 nostrum
1589 255 1691 278 usum
1715 247 1917 283 conficiunt.
1979 245 2027 282 Et
2050 248 2139 282 sicut

1153 291 1199 322 ob
1225 288 1287 323 has
1307 293 1454 328 virtutes
1478 306 1551 327 non
1570 295 1737 330 dicuntur
1754 295 1981 338 christianae,
2009 298 2056 330 ita
2074 310 2138 331 nec

1152 337 1314 375 homines
1335 350 1418 377 sunt
1442 341 1625 378 christiani
1649 353 1794 390 propter
1814 348 1906 381 solos
1923 348 2042 381 civiles
2060 360 2137 381 mo-

1152 401 1224 429 res,
1260 393 1318 424 sed
1350 391 1431 437 quia
1462 396 1627 436 credunt,
1662 398 1755 441 quod
1787 404 1930 441 propter
1953 396 2136 432 Christum

1151 438 1247 473 Deus
1273 443 1376 476 nobis
1401 452 1541 487 peccata
1560 446 1815 480 condonaverit
1836 454 1868 480 et
1884 450 2054 492 receperit
2070 461 2135 482 nos

1150 490 1188 523 in
1205 492 1366 533 gratiam,
1389 494 1616 528 sicutPaulus
1632 496 1697 529 ait:
1724 497 1939 531 arbitramur
1954 499 2136 532 iustificari

1151 538 1313 574 homines
1339 555 1401 586 per
1422 544 1526 577 fidem
1550 545 1626 578 sine
1650 547 1816 590 operibus
1842 548 1937 590 legis.
1991 547 2036 582 Et
2061 550 2135 593 pri—

1150 603 1226 624 mae
1248 590 1518 627 Corinthiorum
1550 596 1682 639 primo:
1717 608 1789 629 non
1823 598 1995 640 glorietur
2018 600 2135 633 omnis

1149 653 1229 675 caro
1255 643 1292 675 in
1308 650 1496 688 conspectu
1513 645 1606 686 eius,
1633 658 1673 679 ex
1692 646 1767 690 ipso
1785 654 1900 681 autem
1919 659 1980 680 vos
1997 649 2078 682 estis
2095 650 2134 682 in

1148 689 1290 726 Christo
1309 692 1406 735 Iesu,
1433 695 1494 739 qui
1512 695 1623 729 factus
1638 702 1689 730 est
1706 697 1809 730 nobis
1826 697 1995 741 sapientia
2014 710 2033 731 a
2047 697 2135 741 Deo,

1149 749 1182 776 et
1204 742 1343 777 iusticia
1370 750 1403 778 et
1425 745 1651 780 sanctificatio
1674 753 1708 779 et
1735 748 1940 792 redemptio.
2011 748 2134 794 Neque

1148 804 1232 825 vero
1257 794 1350 827 tollit
1374 792 1567 829 christiana
1588 796 1748 830 doctrina
1771 798 1891 831 civiles
1913 811 2045 840 mores,
2073 802 2133 834 sed

1148 853 1206 875 eos
1233 844 1358 887 exigit,
1386 851 1420 878 et
1445 842 1708 891 philosOphiam
1734 859 1792 880 seu
1809 848 1981 882 rationem
1999 851 2133 893 praeci-

1147 893 1302 936 pientem
1326 895 1369 927 de
1393 895 1559 930 civilibus
1582 897 1742 931 moribus
1764 899 1952 943 approbat,
1988 901 2077 934 sicut
2100 909 2133 934 et

1147 942 1267 976 civiles
1289 944 1512 987 magistratus
1536 948 1725 990 approbat,
1759 955 1793 981 et
1816 956 1980 991 testatur,
2007 962 2043 984 se
2069 963 2134 985 au-

1146 990 1284 1026 thorem
1310 1005 1383 1027 esse
1408 994 1567 1027 civilium
1592 997 1875 1039 ordinationum,
1902 998 2053 1033 Roman.
2071 1002 2132 1034 de-

1146 1043 1237 1075 cimo
1262 1044 1383 1077 tertio:
1417 1045 1556 1086 omnia,
1587 1058 1677 1090 quae
1699 1048 1862 1081 ordinata
1886 1057 1986 1090 sunt,
2012 1063 2031 1084 a
2055 1049 2130 1084 Deo

1146 1093 1309 1127 ordinata
1333 1100 1425 1129 sunt.
1477 1093 1524 1129 Et
1546 1096 1590 1129 ab
1613 1094 1667 1129 his
1691 1098 1751 1142 qui
1775 1110 1848 1132 non
1871 1096 2001 1134 habent
2026 1101 2131 1145 spiri-

1145 1149 1220 1175 tum
1244 1151 1425 1185 sanctum,
1459 1151 1575 1179 tamen
1601 1147 1726 1190 exigit,
1761 1154 1800 1182 ut
1827 1149 2011 1183 frenentur
2036 1152 2132 1184 civili

1145 1193 1293 1227 iusticia.
1347 1194 1394 1228 Ut
1418 1194 1504 1228 dicit
1525 1195 1672 1230 Paulus:
1700 1198 1755 1231 lex
1779 1205 1828 1232 est
1852 1199 1989 1233 iniustis
2008 1202 2132 1245 posita.

1146 1242 1249 1276 Item:
1277 1245 1331 1277 lex
1354 1251 1405 1279 est
1428 1247 1657 1290 paedagogus.
1706 1247 1776 1282 Sed
1800 1249 1836 1282 in
1860 1262 1899 1282 eo
1918 1251 2130 1285 dissentiunt

1145 1294 1233 1327 ratio
1254 1301 1287 1328 et
1304 1293 1558 1338 Evangelium‚
1585 1298 1680 1342 quod
1697 1296 1931 1342 Evangelium
1953 1310 2055 1345 negat
2081 1302 2130 1336 ci-

1144 1344 1250 1376 vilem
1270 1345 1442 1378 iusticiam
1457 1346 1539 1380 satis
1556 1359 1627 1380 esse
1643 1360 1760 1381 coram
1778 1350 1868 1384 Deo.

1246 1393 1370 1428 Tertio
1393 1395 1546 1438 fallitur,
1581 1398 1609 1430 si
1634 1406 1734 1443 putat
1758 1402 1930 1435 rationem
1957 1404 2040 1437 satis
2065 1402 2133 1439 ha-*

1144 1444 1227 1477 bere
1251 1444 1379 1478 virium
1397 1458 1437 1480 ex
1455 1458 1515 1480 sua
1533 1455 1658 1482 natura
1675 1457 1797 1485 contra
1814 1453 1922 1491 vicia,
1950 1466 2014 1487 nec
2034 1455 2131 1489 videt

1144 1505 1232 1537 opus
1257 1506 1328 1528 esse
1351 1497 1477 1539 spiritu
1501 1506 1642 1539 sanctO,
1669 1501 1729 1543 qui
1746 1508 1778 1535 et
1796 1503 1903 1535 corda
1921 1505 2044 1537 reddat
2063 1518 2130 1549 pu-

1144 1544 1257 1584 riora,
1285 1552 1318 1578 et
1344 1554 1437 1589 regat
1455 1559 1537 1588 nos,
1565 1561 1609 1582 ne
1627 1550 1683 1583 vel
1701 1552 1745 1584 ab
1764 1552 1966 1586 infirmitate
1983 1561 2130 1588 naturae

1145 1595 1199 1627 vel
1223 1593 1376 1629 Diabolo
1409 1598 1682 1642 praecipitemur
1710 1601 1748 1633 in
1775 1603 1959 1637 manifesta
1984 1604 2130 1648 flagicia.

1144 1644 1213 1678 Sed
1232 1643 1466 1689 Evangelium
1490 1649 1608 1690 (locet,
1634 1663 1694 1684 cor
1717 1663 1789 1684 esse
1813 1652 1991 1697 impurum
2014 1662 2047 1688 et
2072 1667 2130 1688 ar-

1144 1696 1226 1728 dere
1258 1698 1559 1741 concupiscentia:
1596 1699 1702 1739 Item,
1737 1702 1920 1737 diabolum
1953 1706 2056 1738 nobis
2082 1707 2130 1739 ita

1144 1745 1323 1788 insidiari,
1351 1754 1388 1780 ut
1411 1748 1513 1781 etiam
1542 1750 1578 1782 in
1597 1751 1780 1785 manifesta
1797 1753 1928 1796 flagitia
1948 1754 2131 1798 pertrahit.

1145 1794 1228 1829 Ideo
1246 1798 1417 1840 promittit
1437 1799 1600 1842 spiritum
1620 1809 1791 1843 sanctum,
1819 1804 1880 1849 qui
1896 1806 2000 1839 corda
2015 1813 2129 1840 trans-

1143 1846 1291 1888 formet,
1324 1855 1420 1890 regat
1452 1856 1485 1882 et
1516 1851 1688 1893 gubernet
1713 1865 1787 1890 nos.
1865 1854 2034 1890 Iohannis
2056 1856 2128 1891 15.:

1143 1897 1218 1929 sine
1242 1909 1297 1930 me
1322 1899 1413 1931 nihil
1439 1901 1581 1942 potestis
1605 1902 1729 1939 facere.
1787 1902 1835 1938 Et
1858 1904 1964 1941 Rom.
1981 1908 2031 1942 8.:
2068 1909 2129 1952 qui

1145 1947 1270 1990 spiritu
1287 1946 1353 1980 Dei
1372 1956 1541 1991 aguntur,
1569 1951 1632 1984 filii
1649 1951 1717 1987 Dei
1732 1961 1824 1990 sunt.
1872 1955 1996 1998 Qualis
2013 1965 2130 1992 autem

1143 1998 1187 2030 sit
1217 1995 1343 2039 homo,
1378 2006 1412 2033 et
1443 2012 1513 2044 quo
1543 2008 1622 2035 ruat
1653 2004 1809 2037 desertus
1840 2016 1858 2038 a
1884 2004 1980 2046 Deo,
2013 2008 2130 2042 Saulis

1144 2048 1342 2092 exemplum
1372 2051 1537 2087 ostendit.
1598 2052 1657 2087 Sic
1687 2054 1795 2097 igitur
1818 2053 2042 2101 philosophia
2069 2071 2129 2092 seu

1144 2098 1315 2131 iudicium
1339 2100 1486 2134 rationis
1508 2102 1551 2135 de
1574 2103 1696 2137 divina
1719 2105 1901 2140 voluntate
1926 2106 2018 2141 nihil
2044 2110 2130 2143 certi

1143 2149 1328 2184 adfirmare
1344 2158 1473 2194 potest,
1501 2154 1560 2186 sed
1578 2154 1620 2186 de
1635 2161 1761 2189 natura
1777 2168 1894 2190 rerum
1912 2158 2027 2203 deque
2043 2160 2131 2193 civi-

1143 2199 1235 2232 libus
1250 2201 1407 2234 moribus
1423 2209 1515 2236 recte
1531 2203 1686 2238 iudicare
1702 2213 1823 2250 potest.
1878 2206 1997 2250 Quare
2012 2218 2131 2245 errant

1143 2250 1204 2294 qui
1228 2262 1267 2282 ex
1289 2252 1425 2285 ratione
1442 2260 1501 2287 aut
1518 2252 1743 2300 philosophia
1762 2257 1919 2292 iudicant
1936 2260 1978 2293 de
1997 2261 2130 2295 doctri—

1143 2312 1189 2333 na
1219 2298 1421 2338 christiana.
1487 2303 1563 2337 lmo
1591 2316 1691 2349 saepe
1714 2318 1840 2350 magna
1863 2316 1913 2342 est
1935 2312 2131 2345 consolatio

1143 2351 1297 2395 piorum,
1323 2354 1417 2398 quod
1434 2366 1505 2387 non
1522 2366 1560 2387 ex
1574 2356 1722 2390 rationis
1734 2365 1873 2391 nostrae
1883 2360 2015 2395 iudicio
2029 2362 2130 2396 aesti-

1144 2403 1273 2435 manda
1297 2410 1346 2436 est
1369 2404 1533 2439 voluntas
1554 2404 1640 2447 Dei,
1671 2414 1711 2440 ut
1735 2409 1871 2452 quoties
1895 2411 1937 2444 de
1965 2413 2131 2446 iustifica—

1145 2453 1241 2486 tione
1274 2453 1467 2496 cogitamus
1497 2456 1604 2498 scirc,
1638 2459 1734 2501 quod
1756 2458 1851 2492 Deus
1884 2462 1994 2494 solam
2028 2464 2130 2495 sulem

1147 2503 1295 2546 imputet
1317 2516 1380 2548 pro
1398 2505 1552 2545 iusticia,
1580 2507 1726 2541 mirifice
1742 2510 1945 2545 consolatur
1962 2515 2130 2546 animum.

1145 2552 1302 2586 Rursum
1327 2554 1431 2587 etiam
1457 2565 1574 2592 errant
1602 2555 1658 2597 hi,
1687 2560 1748 2604 qui
1765 2570 1998 2604 aspernantur
2015 2562 2131 2607 philo-

1148 2601 1308 2647 sophiam
1344 2605 1557 2640 iudicantem
1582 2609 1626 2641 de
1651 2612 1872 2646 naturalibus
1893 2615 2015 2648 rebus:
2052 2625 2133 2645 nam

1118 2679 1122 2694 ι
1149 2654 1185 2688 id
1201 2661 1251 2688 est
1269 2656 1503 2690 condemnere
1517 2658 1584 2693 Dei
1604 2660 1739 2695 donum
1757 2674 1836 2697 cum
1858 2665 2021 2698 omnibus
2039 2675 2135 2697 erca-

1451 2705 1530 2744 44*
