2324 2955
117 105 188 140 165

114 190 176 223 ctis
202 190 329 233 copiis,
357 197 461 235 atque
485 190 638 230 viribus,
663 201 798 223 summo
823 190 940 224 studio
964 196 996 222 et
1014 201 1098 222 cou-

113 239 238 272 stantia
265 242 551 282 aggrederentur,
579 241 672 284 quod
699 241 885 274 coniuncta
905 240 1096 273 multorum

113 290 299 329 autoritas,
333 298 365 323 et
397 291 506 323 virtus
540 297 803 334 praeceptorum
831 292 868 324 in
895 290 989 324 vitiis
1015 301 1096 323 suae

111 337 249 372 scholae
279 341 492 382 corrigendis
525 347 637 384 potest
666 341 899 384 permultum,
933 348 967 374 at
989 340 1094 374 unius

110 398 169 423 aut
192 390 335 422 alterius
359 391 409 422 vis
436 397 467 423 et
486 391 647 432 facultas,
675 391 816 424 caeteris
833 393 877 424 ab
896 392 961 425 isto
979 391 1092 423 officio

109 440 342 480 cessantibus,
370 448 428 474 aut
450 441 565 482 nulla,
593 448 652 475 aut
670 453 838 485 perparva
857 442 893 474 iu
913 454 949 475 ea
968 453 1004 474 re
1022 452 1092 474 esse

107 489 206 524 solet.

208 537 433 584 Quapropter
470 541 561 585 quod
596 541 772 581 muneris,
816 542 907 586 quod
940 541 1090 574 sustine-

105 600 201 629 mus,
228 590 370 633 religio,
395 589 603 630 etScholae,
631 591 686 623 cui
704 592 939 633 deseruimus,
967 590 1090 631 honos,

106 646 140 672 et
167 640 377 680 iuventutis,
411 641 466 673 cui
492 647 609 673 nostra
633 641 744 673 officia
772 643 964 682 debentur,
996 642 1088 674 salus

105 701 167 722 sua
184 690 248 730 sit,
276 697 308 723 et
324 691 452 732 coegit,
477 691 586 723 secuti
601 703 739 732 sumuS,
767 705 804 725 ac
823 693 1019 726 societatem
1037 692 1088 724 la-

104 740 218 778 boris,
247 747 278 773 et
294 740 551 781 molestiarum,
578 754 666 786 quae
681 743 962 786 praeceptoribus
979 742 1015 774 in
1033 743 1086 774 di—

103 789 246 833 scipulis
268 797 341 823 tum
365 791 584 829 erudiendis,
620 799 692 825 tum
717 793 971 834 gubernandis,
1005 799 1085 826 sunt

102 840 343 883 suscipienda,
368 841 531 882 fecimus,
559 842 593 874 iu
612 854 678 887 qua
696 843 840 875 colenda
857 843 1003 887 quisque
1020 856 1084 875 no-

102 895 211 922 strum
237 891 398 933 promisit
423 903 457 924 se
478 893 623 925 decretis
648 893 806 934 religiose
825 894 1084 937 obtemperatu-

101 951 180 972 rum
205 951 290 974 esse.
351 939 525 974 Ordinem
551 949 584 975 et
608 943 777 976 rationem
802 944 992 987 discipulos
1016 956 1082 976 no—

100 996 191 1023 stros
221 991 386 1029 docendi,
422 998 454 1025 et
481 994 662 1025 exercendi
686 994 848 1036 privatim
874 1001 906 1027 et
931 994 1081 1037 publice,

99 1051 137 1072 re
156 1040 340 1083 diligenter
358 1041 565 1082 deliberata,
593 1044 635 1075 de
654 1044 830 1076 communi
851 1045 960 1077 nostri
977 1043 1081 1076 colle-

98 1090 146 1132 gii
167 1092 338 1124 sententia
362 1093 629 1131 constituimus,
657 1099 689 1125 et
715 1105 836 1137 operas
859 1092 1080 1127 scholasticas

98 1140 193 1173 iuxta
217 1142 401 1185 aequitatis
425 1155 585 1175 normam
611 1144 704 1176 inter
726 1156 790 1176 nos
813 1144 930 1187 partiti
949 1156 1081 1185 sumuS,

99 1197 133 1224 et
164 1190 273 1233 leges,
310 1204 397 1236 quae
419 1200 452 1225 et
475 1191 624 1226 Scholae
648 1195 893 1227 constitutioni
920 1197 1079 1235 tuendae,

97 1247 131 1274 et
154 1241 311 1274 moribus
334 1243 585 1275 adolescentiae
608 1245 755 1276 rudibus
780 1252 871 1278 recte
895 1246 1078 1287 fingendis,

98 1297 130 1323 et
162 1291 262 1322 malis
291 1292 462 1324 foeliciter
496 1294 711 1334 corrigendis
746 1295 846 1325 valde
875 1295 1079 1327 viderentur

97 1342 376 1372 accommodatae
402 1341 638 1374 adiunximus.
693 1341 796 1383 Quod
821 1354 839 1374 a
865 1344 993 1375 teneris
1018 1356 1079 1375 ne-

98 1400 188 1422 cesse
212 1396 261 1421 est
285 1390 629 1423 adulescentulorum
654 1391 792 1432 ingenia
815 1393 974 1424 doctrina
995 1393 1077 1425 reli-

96 1439 229 1482 gionis,
256 1444 289 1471 et
313 1438 415 1470 bonis
437 1439 571 1471 artibus
593 1440 667 1482 pie,
694 1440 954 1484 liberaliterque
979 1453 1078 1473 exco-

96 1489 187 1527 lere,
223 1494 256 1521 et
285 1499 399 1520 mores
420 1489 461 1520 ad
486 1489 574 1521 bene
601 1495 634 1521 et
657 1489 861 1521 innocenter
885 1489 1076 1523 vivendum

95 1538 230 1580 legibus
249 1538 423 1581 sapienter
439 1539 585 1581 fingere,
612 1550 699 1582 quos
714 1539 798 1571 tales
818 1539 979 1572 volumus
998 1552 1075 1572 eva-

95 1589 195 1628 dere,
222 1588 468 1632 utaliquando
486 1589 540 1621 vel
552 1587 725 1621 Ecclesiae
742 1590 926 1629 salutares,
951 1598 983 1624 et
999 1591 1076 1622 ido-

97 1638 155 1671 nei
183 1638 254 1671 sint
285 1638 455 1679 ministri,
488 1639 544 1671 vel
574 1638 804 1681 Reipublicae
838 1639 1077 1683 Magistratus,

95 1690 157 1733 qui
183 1689 221 1721 in
251 1700 315 1721 suo
346 1699 492 1721 munere
517 1701 595 1723 cum
619 1689 728 1731 gloria
752 1688 836 1729 Dei,
871 1697 902 1724 et
927 1691 1076 1724 utilitate

95 1739 273 1772 communi
289 1750 369 1771 vere
385 1745 652 1783 constanterque
669 1747 862 1775 versentur.

197 1788 287 1822 Nam
311 1789 372 1834 qui
395 1802 457 1823 nec
480 1790 639 1823 doctrina
664 1790 802 1823 liberali
826 1797 1077 1834 praeparantur

96 1840 140 1873 ad
164 1846 254 1872 recte
278 1839 505 1873 iudicandum
530 1841 572 1873 de
596 1840 699 1873 rebus
725 1841 828 1873 bonis
850 1849 881 1874 et
900 1842 1019 1881 malis,
1045 1848 1076 1874 et

96 1897 251 1934 tempore
281 1890 534 1923 adolescentiae
563 1898 762 1924 assuescunt
789 1891 825 1923 iu
851 1892 993 1924 vivendi
1021 1903 1076 1924 ra-

95 1940 190 1974 tione
210 1953 229 1973 a
251 1947 343 1973 recto
363 1941 558 1982 discedere,
585 1947 617 1974 et
635 1941 848 1982 claudicare,
871 1939 909 1974 hi
927 1942 1076 1975 maiores

94 1991 195 2031 facti,
228 1997 266 2023 ut
295 1997 380 2024 testa
411 1992 577 2031 odorem,
607 2003 676 2035 quo
707 2004 826 2025 recens
856 1998 905 2025 est
931 1993 1078 2033 imbuta,

95 2051 168 2074 non
192 2040 291 2073 facile
310 2041 456 2079 amittit,
485 2042 533 2074 sic
550 2041 653 2075 etiam
670 2054 687 2075 a
705 2042 958 2075 claudicatione
975 2043 1075 2076 solita

96 2097 128 2124 et
156 2091 341 2131 familiari,
374 2103 472 2134 aegre
499 2099 532 2125 et
559 2092 744 2126 difficulter
773 2093 952 2127 desistunt.
1010 2092 1076 2126 Cui

95 2141 144 2174 rei
174 2141 278 2174 fidem
308 2142 496 2182 maiorem,
529 2154 633 2187 quam
662 2143 843 2187 volumus,
881 2150 913 2176 et
937 2144 1076 2187 publica

95 2192 188 2232 salus
206 2192 356 2235 patitur,
382 2193 466 2225 vitia
483 2194 674 2226 multorum
691 2201 764 2228 tum
783 2192 976 2232 Ecclesiae,
1003 2201 1076 2228 tum

96 2240 249 2286 Reipub.
283 2242 396 2283 civili,
438 2249 513 2276 tum
545 2241 673 2277 scholis
707 2245 934 2278 servientium
966 2245 1077 2278 facere

96 2292 253 2336 quotidie
270 2293 478 2336 experimur.

197 2341 267 2375 Nec
296 2350 411 2376 tamen
437 2355 500 2376 nos
524 2342 672 2376 Scholae
698 2343 832 2384 ldeam,
865 2345 952 2377 sicut
978 2344 1078 2377 Plato

97 2393 246 2426 civitatis
270 2394 434 2432 sormam,
462 2394 515 2426 cui
535 2394 570 2426 in
592 2391 655 2426 hac
674 2395 760 2432 vita,
785 2401 816 2427 et
836 2395 871 2426 in
891 2392 945 2427 his
964 2393 1078 2427 homi-

98 2455 180 2476 num
206 2443 362 2476 moribus
388 2442 478 2476 nihil
503 2444 569 2477 loci
595 2445 832 2488 relinquatur,
860 2445 977 2477 animo
995 2457 1078 2477 cou-

96 2494 264 2536 cipimus,
297 2501 328 2526 et
350 2494 492 2527 florenti
517 2495 618 2527 aetati
645 2495 893 2538 proponimus,
920 2496 977 2528 sed
1005 2507 1078 2527 eam

97 2555 185 2589 quae
213 2551 246 2576 et
271 2543 450 2586 discipulis
475 2544 511 2577 in
536 2545 701 2578 discendo
727 2546 928 2583 commoda,
961 2552 994 2578 et
1017 2546 1079 2577 ad-

98 2595 243 2627 modum
275 2594 386 2627 sacilis
410 2594 454 2627 sit
478 2596 616 2635 sutura,
653 2602 685 2628 et
710 2595 993 2639 praeceptoribus
1019 2607 1080 2628 uec

98 2645 225 2685 oneris,
252 2656 314 2678 nec
330 2645 543 2680 difficultatis
557 2646 690 2690 aliquid
706 2646 864 2686 allatura,
889 2658 959 2690 quo
976 2644 1080 2679 homo

683 103 840 141 DECL.
885 104 956 139 DE
998 101 1228 139 SCHOLA
1273 102 1564 139 ROSTOCH.

2067 113 2134 144 165

1152 199 1223 220 nou
1254 185 1448 231 Epicureus
1480 190 1554 223 iure
1585 191 1795 226 offendatur.
1848 191 1934 225 Nam
1965 194 2024 226 ubi
2061 208 2132 228 non

1151 248 1275 279 magna
1301 236 1586 273 scholasticorum
1612 242 1825 285 frequentia,
1854 250 1886 276 et
1908 256 1978 276 non
2005 256 2132 288 parvus

1149 288 1351 320 docentium
1380 301 1563 330 numerus,
1596 292 1643 323 ibi
1672 293 1795 324 ordine
1820 294 1985 332 docendi,
2020 302 2051 328 et
2077 296 2132 327 di-

1148 338 1268 370 scendi
1294 339 1484 381 prudenter
1510 342 1718 380 constituto,
1745 343 1846 375 facile
1865 344 2022 376 omnium
2040 346 2129 378 ratio

1148 388 1193 420 ita
1219 385 1340 420 haberi
1366 397 1496 432 potest,
1520 398 1558 424 ut
1584 392 1633 423 illi
1661 399 1750 425 recte
1774 394 2013 438 foeliciterque
2030 396 2130 428 insti-

1145 444 1309 478 tuantur,
1335 446 1365 471 et
1385 440 1430 471 sic
1447 441 1587 473 illorum
1606 442 1730 482 vitam,
1758 450 1789 475 et
1807 455 1920 476 mores
1936 446 2128 478 multorum

1145 489 1237 521 oculi
1263 490 1451 532 speculari,
1479 497 1515 524 ut
1537 492 1737 523 aberrantes
1755 493 1796 524 de
1812 494 1887 533 via,
1914 506 1978 527 nec
1995 496 2127 529 diutius

1144 538 1270 579 latere,
1303 546 1335 572 et
1365 540 1400 572 in
1432 553 1506 573 eam
1539 541 1654 574 statim
1686 548 1759 577 tum
1791 542 1906 585 legum
1928 546 2127 586 autoritate,

1144 595 1219 621 tum
1250 598 1513 634 praeceptorum
1541 603 1645 635 opera
1671 593 1826 624 revocari
1851 594 1994 635 possint.
2060 595 2126 629 Et-

1143 640 1235 672 enim
1254 652 1427 673 summum
1442 642 1562 682 scelus,
1581 649 1612 675 et
1627 642 1829 674 detestanda
1841 642 1999 686 impietas
2009 646 2124 686 fuerit,

1142 691 1299 723 moribus
1333 691 1524 724 iuventutis
1554 698 1734 734 tantopere
1769 692 2053 727 incumbentibus
2079 698 2124 728 ad

1141 752 1281 773 omnem
1321 741 1497 775 levitatem
1526 748 1559 774 et
1595 742 1703 774 malas
1738 748 1845 781 artes,
1885 752 2122 787 praeceptores

1140 791 1303 824 desistere
1334 804 1352 824 a
1381 792 1496 825 studio
1526 792 1690 824 medendi
1717 792 1806 824 male
1831 790 2060 837 habentibus,
2089 803 2121 828 et

1138 842 1304 884 praebere
1328 854 1362 874 se
1386 842 1516 875 otiosos
1541 848 1749 885 spectatores
1772 843 1859 875 tanti
1877 844 1957 876 mali
1976 855 2120 878 suorum

1138 891 1408 933 discipulorum,
1436 905 1494 931 eo,
1522 893 1616 936 quod
1640 899 1754 925 tantae
1778 891 1842 925 hoc
1865 900 2019 938 tempore
2037 896 2119 928 libi—

1137 942 1237 973 dines
1264 949 1297 975 et
1325 942 1532 985 cupiditates
1558 943 1748 976 iuventutis
1779 943 1961 984 videntur,
1994 952 2031 977 ut
2058 947 2118 978 de-

1135 998 1294 1034 speretur
1326 1004 1400 1024 eam
1434 992 1559 1024 adduci
1592 1004 1711 1036 posse,
1745 999 1781 1025 ut
1805 994 1875 1025 suis
1898 996 2118 1029 curatoribus

1136 1048 1274 1085 pareat,
1309 1049 1340 1074 et
1366 1043 1589 1086 obsequatur.
1644 1041 1711 1075 llic
1738 1043 1806 1074 nisi
1832 1055 1886 1075 me
1911 1045 2029 1077 omnia
2052 1046 2118 1077 sal-

1136 1093 1230 1130 luut,
1259 1093 1294 1124 iu
1321 1092 1435 1125 officio
1461 1099 1725 1136 praeceptorum
1751 1100 1799 1126 est
1817 1094 1937 1126 saltem
1956 1096 2117 1138 experiri,

1135 1150 1165 1175 et
1184 1155 1284 1186 quam
1299 1143 1447 1175 maxime
1462 1143 1634 1183 laborare,
1655 1155 1732 1176 cum
1748 1150 1870 1185 agatur
1886 1145 1977 1177 salus
1994 1146 2117 1178 iuven-

1135 1193 1236 1232 tutis,
1270 1190 1382 1224 honos
1407 1192 1633 1233 Academiae,
1664 1200 1696 1226 et
1724 1206 1851 1226 nomeu
1883 1195 2046 1235 illorum,
2079 1204 2117 1229 ut

1135 1243 1328 1286 periculum
1365 1254 1383 1275 a
1419 1243 1529 1286 capite
1568 1244 1844 1286 discipulorum,
1888 1245 2069 1277 infamiam
2097 1258 2116 1278 a

1134 1290 1281 1326 Scholae
1303 1293 1488 1333 dignitate,
1515 1300 1547 1326 et
1565 1300 1634 1326 tam
1652 1294 1789 1326 foedam
1810 1294 1922 1326 labem
1937 1308 1953 1326 a
1970 1307 2034 1327 suo
2052 1308 2117 1328 no-

1135 1342 1226 1372 mine
1250 1342 1444 1381 depellant,
1468 1344 1670 1384 praesertim
1699 1355 1776 1374 cum
1800 1344 1872 1386 ipse
1891 1345 1994 1376 officii
2010 1357 2115 1377 cona-

1133 1397 1204 1430 tus,
1232 1397 1263 1423 et
1281 1389 1356 1423 Deo
1379 1398 1496 1433 gratus
1514 1392 1574 1431 sit,
1601 1399 1632 1424 et
1648 1392 1746 1424 facile
1765 1392 1939 1425 bonorum
1956 1395 2115 1428 omnium

1133 1440 1264 1472 auferat
1297 1441 1606 1483 approbationem,
1647 1449 1680 1475 et
1715 1443 1788 1474 sine
1821 1443 1937 1476 sructu
1968 1456 2041 1477 non
2071 1446 2115 1479 sit

1132 1489 1281 1521 futurus.

1236 1537 1475 1581 Suscipiemus
1498 1539 1605 1581 igitur
1627 1536 1687 1571 has
1711 1540 1850 1573 virtutis
1868 1548 1898 1574 et
1915 1543 2018 1575 officii
2036 1555 2115 1587 pat-

1132 1595 1200 1628 tes,
1233 1589 1276 1620 ad
1299 1600 1383 1632 quas
1406 1595 1476 1622 tam
1500 1590 1620 1623 multis
1644 1591 1755 1623 causis
1781 1597 1814 1624 et
1837 1592 2034 1625 rationibus
2060 1594 2115 1626 in-

1132 1639 1302 1678 vitamur,
1329 1639 1383 1670 vel
1402 1639 1517 1682 potius
1534 1641 1711 1682 cogimur,
1739 1638 1813 1673 Deo
1830 1643 1915 1674 duce
1935 1649 1966 1675 et
1984 1651 2116 1679 autore.

1132 1688 1311 1732 Principio
1345 1686 1410 1721 hoc
1442 1690 1535 1722 inter
1560 1702 1681 1723 omnes
1706 1697 1864 1724 constare
1890 1693 2115 1732 arbitramur,

1131 1737 1223 1771 nihil
1246 1739 1321 1772 siue
1344 1739 1488 1780 ordine,
1517 1747 1549 1773 et
1566 1747 1656 1774 certa
1674 1742 1829 1781 ratione,
1856 1754 1969 1787 neque
1989 1744 2024 1775 in
2042 1743 2115 1778 Re-

1131 1790 1269 1833 publica
1281 1816 1290 1830 ,
1317 1802 1431 1835 neque
1449 1791 1486 1822 in
1504 1802 1539 1824 re
1556 1791 1757 1831 domestica,
1784 1793 1959 1835 sapienter
1974 1795 2114 1838 suscipi,

1131 1847 1164 1873 et
1192 1840 1362 1873 foeliciter
1391 1841 1646 1874 administrari:
1686 1842 1733 1874 sic
1764 1842 1866 1874 etiam
1894 1843 1930 1875 iu
1956 1844 2113 1877 discendi

1130 1890 1283 1930 ratione,
1310 1897 1349 1924 ut
1365 1892 1458 1925 docti
1476 1892 1653 1932 iudicant,
1681 1899 1713 1925 et
1728 1893 1940 1936 experientia
1958 1901 2115 1935 testatur,

1130 1952 1165 1973 se
1183 1952 1236 1973 res
1254 1938 1366 1974 habet.
1422 1940 1646 1985 Quapropter
1663 1940 1720 1975 hic
1737 1944 1844 1983 ordo,
1871 1950 1904 1976 et
1921 1941 2005 1976 haec
2023 1946 2112 1977 ratio

1131 1998 1251 2024 nostro
1276 1991 1439 2024 sodalitio
1461 1992 1608 2035 placuit,
1642 2004 1708 2036 qua
1733 2004 1911 2035 speramus
1936 2005 1999 2026 nos
2021 1995 2113 2026 obti-

1131 2053 1212 2074 nere
1228 2053 1345 2084 posse,
1367 2048 1417 2078 ut,
1441 2053 1478 2074 ex
1493 2040 1620 2075 Schola
1639 2042 1828 2074 cessatione
1844 2043 1989 2083 sublata,
2017 2045 2113 2087 quis-

1130 2104 1197 2136 que
1214 2099 1327 2135 partes
1345 2092 1501 2124 discendi
1519 2092 1585 2124 sibi
1604 2093 1706 2125 utiles
1723 2099 1756 2124 et
1773 2100 2022 2126 consentaneas
2037 2106 2114 2127 sus-

1130 2143 1254 2186 cipiat,
1277 2150 1306 2175 et
1332 2154 1388 2175 eas
1411 2143 1611 2185 diligentia,
1639 2149 1671 2176 et
1693 2143 1898 2184 constantia,
1921 2156 2025 2188 quam
2041 2145 2114 2178 vir-

1131 2200 1185 2227 tus
1202 2193 1367 2237 requirit,
1395 2200 1594 2237 exequatur.

1232 2241 1465 2275 Scholasticos
1496 2250 1633 2276 nostrae
1663 2241 1933 2287 Philosophicae
1965 2243 2113 2278 Scholae

1131 2294 1375 2327 distribuimus
1393 2294 1425 2325 in
1444 2294 1621 2325 auditores
1635 2292 1913 2333 Grammaticos,
1939 2295 2114 2328 studiosos

1132 2344 1306 2382 Laureae,
1346 2352 1375 2377 et
1410 2344 1596 2385 magisterii
1629 2341 1865 2387 philosophici
1901 2345 2112 2379 candidatos.

1132 2393 1365 2427 Auditoribus
1384 2394 1648 2431 Grammaticis,
1677 2391 1773 2425 horis
1796 2401 1876 2427 aute
1897 2396 2114 2432 meridianis,

1132 2445 1362 2488 proponimus
1403 2444 1582 2486 privatim:
1627 2442 1804 2487 Epistolas
1840 2443 2039 2485 Ciceronis,
2084 2454 2113 2479 et

1132 2502 1311 2538 praecepta
1325 2493 1577 2539 Etymologiae.
1630 2493 1889 2527 Pomeridianis
1905 2503 2033 2534 autem,
2061 2497 2114 2528 vel

1132 2546 1306 2577 comedias
1326 2543 1504 2583 Terentii,
1531 2544 1585 2576 vel
1605 2543 1731 2577 Poiima
1755 2544 1919 2589 aliquod,
1946 2547 2018 2578 sive
2034 2546 2115 2578 vir-

1133 2596 1227 2638 gilii,
1253 2595 1324 2628 sive
1339 2594 1484 2633 Ovidii,
1510 2601 1541 2627 et
1566 2602 1746 2639 praecepta
1760 2594 1953 2640 Syutaxeos
1980 2603 2010 2628 et
2029 2596 2116 2628 l‘ro-

1134 2646 1261 2680 sodiae.
1329 2643 1481 2678 Autores
1515 2646 1674 2689 explicati
1705 2657 1785 2678 cuin
1817 2646 2037 2679 auditoribus
2070 2646 2115 2678 ita

1440 2695 1481 2728 11
1503 2693 1520 2714 *
