2324 2955
103 102 180 139 517

209 185 267 220 13.
305 182 540 229 Evangelium
565 181 668 226 erigit
691 188 725 216 et
749 184 951 217 consolatur
973 178 1095 216 humi-

105 239 226 277 natos,
251 236 404 280 gratuita
420 233 682 269 condonatione
699 241 933 278 peccatorum,
961 239 993 267 et
1010 244 1094 278 pro-

107 288 276 322 missione
294 288 470 321 bonorum
489 285 604 319 omnis
626 285 775 328 generis,

211 345 270 380 14.
315 344 457 379 Iusticia
474 341 678 377 Christiana
701 355 740 376 ea
762 344 905 377 demum
929 348 998 383 est,
1026 341 1094 374 fide

108 397 216 442 erigi,
243 403 276 431 et
299 394 534 441 tranquillum
550 394 626 427 fieri
645 406 706 428 cor
730 391 968 428 humiliatum.

104 505 133 540 P
210 454 268 492 15.
312 454 397 489 Sola
420 453 482 488 illa
497 454 582 488 fides
608 453 708 488 novit
722 451 856 493 Deum,
884 458 918 486 et
941 451 1095 497 adpellat

134 512 257 540 atrem.

205 563 267 598 16.
295 562 404 599 Ratio
425 575 489 597 nec
505 561 620 599 Deum
646 560 764 603 novit,
791 573 855 595 nec
871 560 1011 596 Patrem
1028 573 1093 606 po-

103 621 169 649 test
186 626 323 651 vocare.

210 672 267 709 17.
312 670 365 707 Ea
384 672 468 705 fides
485 670 598 706 cernit
616 671 763 706 unicum
788 670 996 705 sacrificium
1019 681 1092 703 esse

105 724 270 768 spiritum
293 723 498 757 contritum.
553 721 708 769 Ideoque
731 722 904 767 patienter
918 721 985 755 sert
1000 721 1093 754 affli-

104 775 259 809 ctionem
275 785 337 808 seu
355 785 506 809 crucem.

209 834 268 868 18.
292 832 401 868 Ratio
420 839 543 866 contra
561 833 598 866 in
616 832 771 867 adversis
796 832 915 873 rebus,
942 837 1003 865 aut
1022 830 1092 865 ira-

105 884 213 918 scitur
221 883 310 926 Deo,
325 891 386 918 aut
404 883 507 928 plane
524 891 625 927 negat
643 884 675 917 ei
691 881 847 917 humana
862 893 935 916 esse
953 894 1067 918 curae.

209 943 268 979 19.
308 941 378 977 Sed
395 941 550 986 Spiritus
572 948 712 975 sanctus
729 941 832 975 fidem
850 941 943 985 parit
960 941 998 973 in
1014 953 1092 974 cor—

106 994 212 1029 dibus
225 1005 367 1035 eorum,
393 993 456 1038 qui
473 993 755 1034 sanctificantur,
781 1003 872 1037 quae
895 992 1001 1027 sentit
1015 991 1091 1026 Deo

105 1056 170 1079 nos
185 1056 259 1078 esse
281 1055 398 1079 curae.

203 1103 266 1138 20.
303 1101 455 1136 Fructus
473 1100 619 1146 spiritus
645 1107 695 1134 est
707 1127 717 1142 ‚
744 1112 844 1135 amor
862 1100 956 1145 pacis
972 1100 1093 1144 publi-

107 1165 186 1196 cae,
211 1160 245 1188 et
262 1165 326 1199 pro
343 1164 383 1186 ea
399 1153 642 1186 conservanda
659 1152 756 1186 iubet
772 1164 873 1185 orare
888 1151 1094 1196 Apostolus,

105 1205 191 1239 item
210 1203 387 1239 Ieremias.

208 1265 270 1299 21.
306 1260 352 1296 Et
370 1272 450 1295 cum
467 1258 711 1301 Christianus,
737 1272 851 1305 neque
870 1259 1022 1294 Iudaeus
1038 1260 1094 1300 sit,

107 1325 222 1359 neque
258 1312 436 1352 Graecus,
483 1311 571 1343 citra
612 1311 845 1344 conscientiae
877 1311 1094 1355 periculum,

108 1364 414 1409 qualibuscunque
431 1361 564 1406 politiis
581 1361 705 1395 utitur.

210 1423 272 1457 22.
308 1419 385 1454 Imo
402 1426 621 1464 praesentem
638 1419 798 1463 politiam
816 1426 959 1464 propter
974 1431 1094 1464 pacem

107 1473 211 1507 debet
226 1473 327 1505 ferre.

209 1530 270 1566 23.
305 1527 371 1563 Est
386 1534 503 1561 autem
522 1526 644 1570 politia
655 1553 664 1566 ‚
692 1525 805 1559 civilis
819 1525 996 1560 ordinatio
1007 1551 1016 1565 ,
1044 1526 1095 1559 le-

107 1593 187 1627 ges,
213 1580 362 1620 iudicia,
387 1579 563 1613 bonorum
582 1576 728 1618 divisio,
754 1577 909 1618 libertas,
935 1578 1094 1613 servitus.

209 1641 271 1676 24.
313 1638 435 1679 Nunc,
468 1636 529 1682 qui
555 1636 827 1678 decimationes,
858 1636 920 1682 qui
944 1637 1095 1670 servitu-

110 1701 200 1733 tem,
231 1696 292 1724 aut
315 1689 443 1722 similia
474 1687 706 1729 labefaciunt,
739 1687 858 1731 impii,
891 1698 965 1719 non
987 1685 1095 1721 Chri-

110 1741 216 1777 stiani
241 1746 342 1779 sunt,
370 1745 404 1772 et
427 1744 512 1772 sunt
537 1749 556 1771 a
571 1737 839 1781 Magistratibus
858 1737 976 1780 gladio
993 1739 1096 1772 coe'r-

109 1792 224 1828 cendi.

111 1907 323 1958 (XLVIII.)
358 1909 468 1944 Alia
499 1905 793 1951 disputatio:
830 1907 876 1941 de
903 1907 1096 1957 Iustifica-

112 1967 226 1998 tione.
281 1964 404 2002 Quare
424 1957 501 2007 fide
523 1959 601 1993 sola
625 1956 891 2005 iustificantur,
925 1972 998 1995 non
1021 1959 1095 2008 fide

114 2020 153 2049 et
169 2012 339 2060 operibus
355 2012 480 2048 simul.
538 2010 642 2054 (Opp.
661 2011 752 2044 Basil.
772 2012 811 2045 T.
827 2011 885 2047 ΙΙΙ.
902 2024 932 2054 p.
950 2016 1033 2054 322,
1045 2016 1096 2044 ubi

417 2064 577 2104 Crucigero
595 2064 796 2103 adscribitur.)

113 2142 346 2187 Adversarii,
372 2144 400 2178 si
428 2144 489 2190 qui
516 2150 597 2177 sunt
617 2143 789 2186 saniores,
816 2145 1015 2179 concedunt
1031 2145 1097 2190 ipsi

113 2210 231 2240 nunc,
256 2197 351 2242 quod
376 2195 551 2229 dubitatio
568 2195 612 2228 sit
629 2194 746 2239 impia.

219 2259 254 2292 2.
294 2255 413 2299 Quare
438 2255 656 2294 concedunt,
685 2255 779 2299 quod
797 2254 863 2289 fide
881 2262 914 2289 et
932 2256 1099 2301 operibus

118 2309 203 2344 iusti
219 2308 340 2343 simus.

219 2358 254 2392 3.
294 2356 342 2392 Et
366 2357 461 2403 quod
486 2357 570 2390 fides
599 2356 641 2388 sit
666 2367 767 2389 causa
790 2357 1013 2402 principalis,
1039 2370 1098 2391 seu

118 2410 215 2456 quod
231 2420 335 2453 opera
351 2408 611 2453 aliquantulum
628 2404 779 2440 habeant
795 2408 986 2451 dignitatis,
1004 2410 1099 2454 quod

118 2469 153 2496 et
176 2461 261 2494 fides
283 2459 442 2504 suppleat
467 2459 663 2504 reliquum,
695 2458 869 2504 quidquid
896 2460 992 2493 deest
1016 2472 1101 2504 ope-

118 2512 228 2546 ribus.

223 2560 257 2596 4.
296 2559 393 2593 Ilaec
419 2559 559 2593 videtur
585 2559 655 2594 illis
682 2559 885 2592 civilissima
907 2560 996 2594 ratio
1020 2572 1104 2603 esse,

123 2612 311 2657 redigendi
330 2611 367 2644 in
385 2610 607 2645 concordiam
625 2612 815 2645 sententias
830 2611 872 2643 de
888 2611 954 2645 fide
970 2618 1002 2646 et
1020 2624 1103 2657 ope-

121 2664 231 2701 ribus·

742 95 1003 132 PHILIPPI
1045 91 1497 132 MELANTHONIS.

2062 97 2135 134 518

1250 178 1283 216 5.
1318 180 1431 214 Nemo
1449 180 1544 214 enim
1563 181 1784 216 eruditorum
1799 183 1886 216 adeo
1903 194 1998 216 nunc
2015 193 2134 217 amens

1148 236 1217 272 est,
1242 238 1282 265 ut
1305 231 1397 266 dicat
1418 239 1527 266 totam
1551 244 1689 266 causam
1714 240 1773 267 aut
1794 233 2025 278 principalem
2050 245 2135 267 cau-

1146 293 1219 314 sam
1238 282 1496 317 iustificationis
1514 295 1584 316 esse
1601 295 1718 328 opera,
1770 282 1816 318 Et
1833 283 1959 318 Eccius
1984 285 2021 317 in
2047 296 2133 318 con-

1147 338 1256 366 ventu
1272 331 1479 376 Augustano
1498 335 1711 368 concedebat
1728 334 1796 368 fide
1813 335 1994 368 iustificari
2014 332 2131 368 homi-

1147 394 1227 424 nes,
1262 390 1428 428 tanquam
1455 385 1642 428 principali
1670 397 1791 425 causa,
1829 386 2013 430 operibus,
2050 392 2130 419 tan·

1147 446 1251 479 quam
1270 434 1388 467 minus
1404 436 1591 479 principali
1610 447 1724 469 causa.

1248 484 1285 518 6.
1327 484 1397 518 Sed
1422 498 1486 519 nos
1502 486 1744 526 defendimus,
1772 482 1934 519 homines
1950 486 2132 520 iustificari

1146 535 1217 568 sola
1234 535 1319 577 fide,
1345 533 1410 569 hoc
1428 544 1487 578 est,
1515 537 1588 570 sola
1606 536 1847 569 misericordia
1863 544 2007 582 propter
2025 534 2131 571 Chri-

1144 593 1236 620 stum
1254 587 1437 630 promissa.

1246 636 1282 672 7.
1316 635 1393 671 Etsi
1411 645 1526 672 autem
1543 637 1781 672 obedientiam
1805 648 1885 680 erga
1904 637 2015 680 legem
2033 640 2131 682 sequi

1145 699 1285 721 necesse
1307 695 1376 730 est,
1404 696 1518 723 tamen
1542 687 1627 723 haec
1650 687 1851 722 ohedientia
1869 699 1942 721 non
1961 694 2011 721 est
2029 700 2132 721 causa

1145 739 1419 782 iustificationis,
1458 752 1573 786 neque
1600 738 1828 785 principalis,
1869 750 1982 784 neque
2013 738 2132 772 minus

1145 790 1363 834 principalis.

1248 841 1281 874 8.
1322 840 1392 874 Sed
1415 840 1616 874 iustificatio
1641 841 1685 874 ad
1713 840 1824 874 solam
1851 839 2132 874 misericordiam

1145 891 1374 933 transfertur,
1406 897 1447 924 ut
1469 892 1512 925 sit
1536 899 1645 934 certa,
1671 898 1759 926 esset
1782 898 1899 925 autem
1923 891 2076 930 incerta,
2102 891 2132 923 si

1146 943 1315 987 penderet
1331 954 1370 974 ex
1386 942 1590 975 conditione
1607 943 1712 985 legis,
1739 942 1812 975 sive
1825 949 1864 976 ut
1884 953 2006 976 causae
2029 942 2130 986 prin-

1146 993 1286 1038 cipalis,
1311 992 1386 1026 sive
1401 998 1441 1025 ut
1461 1003 1583 1025 causae
1600 993 1718 1025 minus
1734 993 1949 1036 principalis.

1245 1046 1279 1079 9.
1323 1041 1495 1076 Est'sane
1518 1039 1751 1088 παράδοξον,
1777 1043 1912 1080 dicere,
1939 1042 2034 1087 quod
2058 1043 2132 1075 sola

1147 1093 1214 1126 fide
1231 1093 1314 1126 iusti
1331 1093 1458 1133 simus,
1485 1093 1636 1126 multum
1656 1093 1750 1126 enim
1767 1093 2016 1126 scandalorum
2032 1092 2133 1125 vide-

1147 1151 1205 1178 tur
1220 1155 1342 1188 parere
1360 1143 1445 1186 legis
1461 1144 1660 1187 abrogatio,
1687 1144 1747 1176 sed
1771 1141 1857 1176 haec
1875 1143 2035 1176 doctrina
2052 1155 2132 1186 per-

1147 1195 1256 1235 tinet,
1284 1206 1357 1227 non
1373 1196 1415 1227 ad
1433 1194 1541 1227 vitam
1557 1195 1782 1235 exteriorem,
1807 1194 1867 1227 sed
1894 1195 1937 1227 ad
1955 1200 2131 1227 certamen

1147 1245 1382 1279 conscientiae
1398 1244 1548 1278 luctanis
1568 1257 1646 1279 cum
1662 1245 1793 1278 iudicio
1810 1243 1890 1279 Dei.

1253 1295 1310 1330 10.
1350 1295 1463 1328 Porro
1479 1295 1516 1327 in
1536 1293 1603 1328 hoc
1620 1295 1809 1329 certamine
1826 1294 2042 1329 conscientia
2059 1306 2131 1327 non

1147 1352 1261 1389 potest
1275 1345 1503 1390 acquiescere,
1518 1345 1545 1377 si
1563 1346 1726 1390 respiciat
1740 1346 1783 1378 ad
1796 1346 1918 1387 legem.
1946 1345 2018 1378 Lex
2035 1345 2130 1378 enirn

1148 1397 1236 1429 iram
1254 1396 1376 1436 efficit,
1402 1402 1442 1429 ut
1463 1395 1511 1429 ait
1527 1395 1677 1437 Paulus,
1702 1394 1809 1431 Rom.
1827 1396 1862 1431 3.

1253 1447 1310 1480 11.
1350 1446 1488 1479 Deinde
1512 1446 1615 1479 etiam
1632 1444 1716 1480 haec
1732 1446 1959 1479 incommoda
1974 1457 2131 1490 sequun-

1148 1502 1218 1529 tur.
1269 1496 1309 1530 Si
1322 1496 1582 1540 aliquantulum
1601 1497 1687 1539 legis
1714 1497 1860 1537 sufficit,
1891 1509 1955 1529 nec
1977 1503 2049 1530 tota
2076 1496 2131 1529 lex

1147 1546 1359 1592 requiritur,
1385 1553 1445 1579 aut
1461 1547 1588 1589 gradus
1605 1547 1689 1589 legis
1704 1547 1971 1580 constituendus
1985 1552 2049 1587 est,
2071 1553 2133 1580 aut

1148 1597 1372 1631 concedenda
1389 1597 1503 1630 maior
1519 1598 1649 1641 peccati
1665 1597 1820 1636 licentia,
1848 1609 1920 1631 non
1940 1603 2052 1642 potest
2068 1608 2131 1630 au-

1148 1655 1218 1682 tem
1234 1649 1363 1692 gradus
1381 1648 1465 1690 legis
1484 1648 1649 1681 constitui
1668 1655 1794 1683 certus,

1253 1699 1310 1733 12.
1346 1697 1546 1731 lustificatio
1563 1700 1656 1743 apud
1674 1698 1825 1733 Paulum
1847 1697 2059 1742 intelligitur
2074 1709 2131 1731 re—

1149 1748 1273 1791 lative,
1299 1749 1342 1782 de
1365 1748 1611 1793 acceptatione.

1255 1808 1312 1843 13.
1343 1807 1425 1841 Non
1441 1819 1561 1841 sumus
1577 1807 1679 1847 iusti,
1704 1820 1818 1854 neque
1835 1808 2002 1853 operibus
2019 1819 2134 1853 neque

1149 1859 1306 1893 novitate
1321 1865 1440 1892 nostra
1458 1865 1535 1903 post
1548 1860 1866 1903 regenerationem,
1894 1860 1953 1893 sed
1978 1860 2051 1893 sola
2065 1859 2134 1892 mi-

1149 1910 1359 1951 sericordia,
1382 1910 1411 1942 si
1427 1916 1544 1942 tamen
1563 1910 1775 1954 accipiamus
1800 1922 1874 1943 eam
1899 1911 1979 1944 fide.

1255 1968 1312 2005 14.
1355 1969 1460 2003 Fides
1482 1977 1597 2004 autem
1626 1970 1699 2014 ipsa
1723 1976 1773 2003 est
1798 1970 1928 2003 noticia
1954 1980 2034 2002 vera
2053 1967 2132 2007 Dei,

1151 2020 1458 2065 legisobedientia,
1475 2020 1627 2054 incoatio
1642 2021 1733 2054 vitae
1747 2027 1919 2058 aeternae,
1937 2017 2059 2053 Iohan.
2073 2018 2134 2052 17.

1150 2072 1245 2106 Ilaec
1260 2078 1311 2105 est
1326 2072 1396 2105 vita
1416 2078 1567 2111 aeterna,
1581 2078 1620 2105 ut
1640 2077 1831 2115 agnoscant
1846 2078 1879 2104 te
1895 2071 2008 2103 solum
2018 2069 2133 2104 Deum

1150 2136 1293 2163 verum,
1319 2130 1352 2156 et
1372 2134 1477 2167 quem
1496 2122 1621 2156 misisti
1641 2122 1755 2155 lesum
1772 2120 1962 2156 Christum.

1256 2181 1314 2217 15.
1359 2181 1523 2226 Impietas
1549 2188 1582 2215 et
1606 2182 1758 2215 amentia
1781 2187 1830 2214 est
1853 2181 2003 2223 fingere,
2038 2179 2135 2224 quod

1152 2241 1332 2280 peccatum
1357 2234 1557 2266 remittatur
1584 2239 1727 2276 propter
1751 2231 2020 2271 contritionem,
2052 2241 2134 2263 cum

1152 2286 1318 2320 contritio
1335 2284 1452 2329 potius
1468 2294 1562 2316 mors
1578 2283 1641 2323 sit,
1668 2294 1740 2315 non
1757 2282 1840 2317 vita.

1256 2346 1312 2380 16.
1339 2343 1443 2377 Fides
1462 2342 1652 2375 necessaria
1672 2349 1719 2375 est
1738 2343 1781 2376 ad
1797 2340 2038 2375 remissionem
2055 2351 2134 2383 pec-

1153 2403 1309 2432 catorum
1321 2423 1329 2436 ,
1357 2402 1395 2428 ut
1413 2406 1516 2438 supra
1534 2394 1666 2426 dictum
1693 2399 1754 2427 est.

1259 2455 1314 2490 17.
1349 2452 1543 2491 Confessio,
1572 2449 1638 2485 hoc
1656 2458 1726 2492 est,
1753 2450 1970 2485 enumeratio
1988 2449 2135 2483 delicto·

1155 2518 1234 2541 rum
1254 2518 1325 2538 non
1345 2511 1393 2537 est
1412 2503 1601 2535 neccssaria
1620 2509 1652 2535 et
1671 2509 1721 2536 est
1747 2501 1985 2546 impossibilis.

1260 2564 1317 2596 18.
1360 2560 1546 2594 Absolutio
1574 2562 1708 2605 privata
1732 2573 1803 2594 non
1827 2567 1875 2594 est
1895 2559 2136 2604 improbanda.

1158 2614 1246 2648 Nam
1263 2612 1494 2654 Evangelium
1514 2619 1545 2644 et
1562 2613 1728 2646 omuibus
1747 2619 1779 2646 et
1804 2611 1951 2655 singulis
1967 2611 2068 2642 otl'ert
2084 2621 2137 2641 re-

1157 2664 1360 2698 missionem
1377 2670 1607 2708 peccatorum.

1540 2714 1615 2748 35*
