2324 2955
185 120 260 156 959
429 112 634 152 SCRIPTA
662 111 738 146 PII.
766 108 882 146 MEL.
912 109 977 145 AD
1005 110 1130 147 HIST.
1159 108 1301 145 PROF.
1329 106 1394 143 ET
1421 106 1611 144 PHILOS.
1639 106 1958 143 SPECTANTIA.
2112 107 2186 142 960

191 205 310 250 scripti
326 202 448 236 modus
464 211 535 232 non
551 198 683 242 patitur
699 207 737 229 ea
753 193 810 228 hic
827 196 949 240 repeti.
997 195 1066 229 Sed
1081 202 1163 229 nota

192 263 273 290 sunt
296 253 378 297 piis,
411 257 444 283 et
466 249 551 282 alibi
573 259 672 290 saepe
696 246 841 289 repetita
865 253 957 279 sunt.
1007 244 1054 280 Et
1075 245 1164 279 mihi

192 311 326 349 gratum
342 307 392 334 est
408 310 550 344 prorsus
569 299 687 331 eadem
703 298 746 330 ab
766 295 907 330 Irenaeo
923 295 1015 329 dicta
1032 308 1114 331 esse.

292 368 465 402 Adiiciam
482 377 590 410 pauca
607 372 639 398 et
656 366 698 397 de
713 363 822 397 Paulo
839 363 1082 404 Samosateno‚
1106 363 1166 408 qui

192 417 444 463 blasphemiam
481 416 680 455 renovavit,
719 426 822 458 quam
855 426 928 446 non
958 420 1093 447 tantum
1124 414 1168 446 ab

194 469 329 502 Ebione
357 474 389 500 et
413 463 582 500 Cerintho
611 471 689 509 post
712 464 898 508 Apostolos
920 475 1072 507 sparsam
1096 475 1167 496 esse

193 519 309 552 iudico
322 543 330 556 ,
357 518 415 550 sed
435 516 592 549 existimo
610 515 760 558 primum
777 512 965 546 aDiabolis
977 514 1167 557 impulsum

194 581 266 602 esse
288 567 396 607 Cain,
423 574 462 600 ut
483 566 676 599 doctrinam
700 566 742 596 de
759 561 907 596 flIessia
932 564 1108 603 irrideret,
1136 570 1168 597 et

194 625 334 661 negaret
352 624 435 651 tunc
451 617 571 650 adesse
586 613 761 648 Ecclesiae
777 614 887 646 filium
904 613 980 647 Dei.
1031 612 1168 646 Deinde

194 675 327 702 secutae
355 674 436 700 sunt
467 667 614 699 maiores
646 665 808 697 tenebrae
838 671 870 697 et
898 661 1036 696 ethnica
1064 663 1168 698 idola.

194 718 317 752 Postea
348 718 385 749 in
415 716 544 759 populo
569 714 675 747 Israel
709 712 888 746 Pharisaei
918 720 950 746 et
971 713 1169 746 Zadducaei

195 769 299 801 etiam
321 773 534 809 negaverunt
559 765 595 797 iu
618 763 745 796 Messia
769 764 842 796 sore
867 763 1022 795 divinam
1045 770 1078 796 et
1102 761 1169 795 hu-

194 829 333 850 manam
364 823 535 849 naturam.
609 813 660 847 Ita
690 813 853 856 deinceps
882 825 1017 856 semper
1046 811 1170 846 habuit

192 866 364 900 Diabolus
385 878 445 899 sua
467 876 611 908 organa,
637 875 724 907 quae
749 863 858 895 filium
877 862 942 895 Dei
960 863 1170 896 contumelia

194 918 414 955 adfecerunt,
441 915 565 959 spretis
581 913 790 948 testimoniis
808 910 1019 956 propheticis
1036 919 1069 946 et
1085 925 1170 955 apo-

193 967 341 1004 stolicis,
368 967 478 998 donec
493 965 634 998 tandem
650 974 724 995 eam
740 960 989 1005 blasphemiam
1007 960 1170 995 horribili

194 1017 348 1060 potentia
372 1015 469 1057 regni
487 1011 715 1047 Mahometici
736 1012 803 1044 late
830 1012 1032 1055 propagavit
1054 1018 1170 1044 etsta-

193 1066 321 1100 bilivit.
361 1065 455 1098 Ilaec
471 1063 623 1105 ingentia
639 1062 728 1093 mala
743 1061 1016 1101 consideremus,
1040 1068 1073 1093 et
1088 1073 1171 1103 pro-

195 1113 352 1159 pheticae
383 1121 416 1147 et
442 1112 648 1157 apostolicae
673 1111 851 1143 doctrinae
873 1110 1081 1143 testimoniis
1106 1123 1170 1143 nos

195 1165 458 1203 confirmemus,
485 1170 515 1195 et
542 1162 645 1194 simul
670 1167 827 1205 petamus
852 1172 916 1193 nos
940 1160 983 1193 ab
1006 1160 1081 1204 ipso
1098 1160 1169 1193 filio

194 1214 258 1248 Dei
278 1214 394 1247 doceri
411 1220 442 1246 et
459 1211 669 1245 confirmari.

295 1277 465 1312 Existimo
488 1284 600 1311 autem
619 1276 845 1311 Samosateno
863 1284 944 1310 tunc
960 1277 1064 1310 fuisse
1080 1274 1171 1309 hanc

195 1330 409 1363 occasionem
450 1328 661 1372 spargendae
702 1325 955 1370 blasphemiae:
1007 1325 1170 1359 Zenobia

193 1380 321 1413 mulier
337 1379 503 1417 Arabica,
529 1389 616 1422 quae
634 1374 857 1409 Antiochiam
875 1384 907 1410 et
923 1376 1059 1421 Syriam
1075 1384 1172 1410 tene-

194 1431 272 1469 bat,
308 1429 495 1467 didicerat,
528 1428 580 1461 ult
610 1427 711 1460 multi
735 1427 794 1459 alii
819 1427 951 1459 Arabes
976 1427 1169 1459 doctrinam

195 1479 384 1512 Iudaicam.
454 1477 546 1510 Huic
583 1477 722 1518 reginae
759 1489 836 1509 cum
870 1476 1052 1509 familiaris
1086 1483 1172 1509 esset

195 1529 325 1562 Paulus
348 1529 594 1562 Samosatenus
617 1524 860 1559 Antiochcnus
882 1524 1094 1569 Episcopus,
1132 1533 1171 1559 ut

196 1591 271 1611 eam
311 1580 353 1611 ad
384 1577 604 1611 Christianos
644 1576 829 1608 inflecteret
845 1603 854 1616 ‚
894 1576 1089 1609 doctrinam
1128 1577 1171 1608 de

197 1628 324 1661 Messia
349 1628 609 1661 transformavit
634 1626 669 1658 in
696 1625 852 1658 Iudaicas
877 1626 1074 1668 opiniones,
1125 1624 1171 1658 Et

197 1690 314 1711 recens
336 1679 372 1710 in
395 1676 521 1710 Schola
544 1676 780 1708 Alexandrina
803 1674 964 1707 Plotinus
989 1675 1170 1716 allegorias

198 1727 276 1772 περὶ
301 1725 412 1775 λόγου
436 1738 517 1760 suae
539 1722 782 1768 philosophiae
798 1725 992 1756 miscuerat.
1046 1723 1092 1757 Et
1107 1725 1166 1756 ad-

196 1785 293 1820 paret
316 1778 507 1810 multorum
529 1774 824 1817 disputationibus
847 1771 930 1806 haec
947 1773 1071 1816 agitata
1088 1785 1168 1806 esse.

196 1827 284 1859 Inde
306 1826 451 1869 sumpsit
468 1825 669 1868 praestigias
686 1823 949 1861 Samosatenus‚
977 1830 1009 1855 et
1025 1830 1170 1856 conten—

196 1878 246 1910 dit
270 1878 305 1909 in
320 1874 460 1910 Christo
486 1882 619 1908 tantum
638 1884 709 1906 esse
726 1880 884 1905 naturam
904 1871 1111 1913 humanam,
1138 1879 1170 1906 et

196 1923 306 1973 λόγον
336 1926 375 1958 in
400 1922 557 1958 Iohanne
582 1935 653 1956 non
677 1923 824 1965 intelligi
850 1928 1009 1966 oportere
1035 1923 1167 1966 aliquid

196 1977 386 2009 subsistens
419 1986 477 2007 seu
501 1970 773 2019 ὑφιστάλιιενον,
814 1974 871 2004 sed
897 1983 995 2015 posse
1020 1972 1169 2015 intelligi

197 2029 371 2059 decretum
404 2037 462 2058 seu
489 2036 612 2057 sonum
638 2029 896 2055 evanescentem
919 2023 1168 2065 promissionis.

195 2077 293 2110 Haec
315 2076 351 2108 in
373 2076 434 2107 illo
457 2085 626 2119 gynaeceo
645 2072 822 2105 Zenobiae
845 2080 875 2104 et
892 2073 983 2105 inter
1000 2073 1086 2105 alios
1104 2071 1170 2105 ho-

195 2129 307 2159 mines
329 2126 484 2158 curiosos
507 2135 650 2166 magnos
673 2123 813 2166 plausus
837 2123 983 2155 ciebant.
1036 2120 1168 2167 Estque

194 2178 354 2209 defensus
375 2175 620 2209 Samosatenus
649 2185 667 2206 a
691 2172 847 2206 Zenobia
877 2173 1014 2205 circiter
1042 2173 1168 2206 ‹lecen-

193 2239 301 2260 nium.

295 2291 491 2336 Aliquoties
527 2296 641 2323 autem
679 2288 874 2321 vicinarum
907 2290 1166 2331 provinciarum

193 2341 355 2385 Episcopi
386 2342 426 2373 ad
456 2341 678 2373 refutandum
702 2338 967 2372 Samosatcnuin
993 2352 1166 2373 convene-

192 2399 288 2425 runt.
341 2391 490 2435 fuitque
517 2390 701 2433 praecipua
732 2388 899 2421 autoritas
931 2390 1079 2422 (luorum
1105 2391 1165 2434 qui

190 2443 415 2476 samosateno
442 2440 724 2472 contradixerunt
746 2437 907 2482 Dionysii
931 2437 1164 2473 Alexandrini

189 2500 218 2526 et
246 2490 406 2532 Gregorii
436 2488 727 2527 Neoccsariensis,
761 2489 820 2533 qui
848 2489 1025 2521 miraculis
1049 2490 1161 2524 clarus

189 2543 265 2575 fait.
318 2540 429 2573 lluius
446 2545 535 2570 extat
551 2539 737 2578 confessio,
766 2550 868 2582 quam
888 2540 1026 2581 prodest
1045 2541 1159 2573 omni-

184 2594 249 2626 bus
275 2590 488 2622 notissimam
514 2600 600 2625 csse,
628 2601 714 2632 quae
743 2589 905 2622 recitatur
933 2589 966 2622 in
993 2590 1084 2623 libro
1104 2603 1156 2624 se-

183 2643 290 2688 ptimo
311 2638 473 2674 historiae
491 2636 649 2670 Eusrbii:

1315 191 1416 227 Unus
1438 191 1534 226 Deus
1556 192 1660 226 Pater
1677 190 1786 226 Verbi
1809 192 1974 234 viventis,
1999 193 2188 237 sapientiae

1216 243 1433 277 subsistentis
1464 250 1497 276 et
1527 243 1690 285 imaginis
1716 255 1816 283 suae,
1850 243 2020 287 perfectus
2044 244 2188 286 perfecti

1217 294 1374 337 genitor,
1414 292 1515 326 Pater
1546 293 1609 325 filii
1633 293 1816 335 unigeniti.
1882 291 1982 325 Unus
2003 291 2190 335 Dominus,

1217 344 1320 377 Solus
1340 355 1379 376 ex
1397 343 1490 381 solo,
1516 343 1628 385 imago
1644 342 1757 375 Patris
1772 343 1918 375 verbum
1934 343 2070 381 efficax,
2096 344 2188 377 filius

1217 404 1319 426 verus
1334 393 1407 425 veri
1422 392 1553 436 Patris,
1580 398 1614 425 et
1628 392 1814 425 invisibilis
1830 404 1868 425 ex
1884 393 2072 430 invisibili,
2099 404 2191 426 sem-

1217 444 1376 487 piternus
1397 454 1437 475 ex
1453 442 1684 486 sempiterno,
1709 443 1916 475 immortalis
1934 455 1973 476 ex
1988 443 2189 477 immortali.

1219 493 1318 527 Unus
1333 492 1486 536 Spiritus
1503 498 1642 525 sanctus
1658 504 1697 524 ex
1714 491 1788 525 Deo
1805 492 2032 525 substantiam
2050 491 2192 533 habens,

1218 544 1277 587 qui
1295 554 1356 586 per
1374 542 1484 575 filium
1501 542 1680 586 adparvit,
1707 542 1939 582 sanctificans,
1964 549 1997 575 et
2013 554 2073 585 per
2089 555 2192 587 quem

1218 593 1312 627 Deus
1328 604 1431 636 super
1446 593 1564 625 omnia
1580 599 1613 625 et
1629 592 1665 624 in
1681 592 1844 625 omnibus
1862 592 2092 634 cognoscitur.

1321 642 1423 675 Talia
1450 642 1628 675 vetustatis
1650 642 1776 674 iudicia
1801 648 1834 674 et
1859 642 2056 675 testimonia
2073 653 2194 675 recen-

1220 693 1287 726 seri
1312 693 1348 725 in
1375 690 1530 725 historiis
1555 692 1640 726 utile
1665 699 1737 735 est,
1764 692 1844 735 quia
1867 703 1945 724 cum
1969 699 2081 726 servet
2099 691 2194 725 Deus

1220 742 1432 782 Ecclesiam,
1459 754 1523 775 nec
1547 742 1638 775 sinat
1661 753 1738 774 eum
1755 753 1898 785 prorsus
1917 741 2044 782 deleri,
2071 742 2195 776 excitat

1221 794 1374 838 aliquos,
1402 792 1463 836 qui
1486 793 1666 825 veritatem
1691 792 1728 824 in
1752 789 1964 834 propheticis
1981 799 2013 825 et
2028 793 2195 835 apostoli-

1221 844 1269 877 cis
1285 842 1420 886 scriptis
1436 849 1467 875 et
1480 842 1691 876 testimoniis
1707 842 1869 874 traditam
1885 841 2057 874 retineant
2072 848 2104 875 et
2118 842 2197 874 aliis

1221 894 1423 932 ostendant,
1450 904 1487 924 ac
1505 892 1541 924 in
1557 892 1690 934 magnis
1707 892 1954 925 certaminibus
1972 903 2029 924 eos
2046 892 2198 932 adiuvat,

1221 950 1254 976 et
1279 943 1349 976 suis
1371 942 1578 975 testimoniis
1601 948 1711 976 ornat.
1780 940 1881 974 Hanc
1905 939 2096 974 Ecclesiam
2123 942 2198 975 vult

1221 992 1316 1026 Deus
1338 998 1505 1035 tanquam
1528 991 1746 1024 monitricem
1764 991 1897 1028 audiri,
1922 992 2010 1024 sicut
2029 991 2196 1034 scriptum

1222 1048 1288 1075 est:
1322 1040 1399 1073 Nisi
1428 1041 1537 1073 vitula
1564 1052 1640 1072 mea
1663 1041 1840 1080 arassetis,
1871 1052 1944 1073 non
1968 1041 2197 1075 invenissetis.

1224 1091 1309 1123 Vult
1332 1096 1446 1123 autem
1470 1090 1584 1122 sontes
1606 1090 1820 1122 considerari
1844 1101 1882 1121 ex
1899 1090 2025 1133 quibus
2042 1088 2078 1122 hi
2096 1097 2197 1123 testes

1223 1139 1418 1173 doctrinam
1445 1136 1649 1174 hauserunt.
1715 1138 1818 1171 Tunc
1842 1139 1949 1181 igitur
1969 1140 2198 1173 ostenderunt

1222 1190 1273 1234 pii
1299 1201 1396 1222 senes
1419 1200 1554 1232 semper
1572 1196 1604 1222 et
1621 1186 1832 1231 Prophetas,
1855 1195 1888 1221 ct
1903 1189 2029 1222 deinde
2045 1188 2197 1233 Aposto-

1222 1241 1274 1273 los
1297 1239 1390 1272 idem
1416 1239 1592 1279 docuisse,
1624 1238 1785 1271 videlicet
1808 1238 1952 1271 missum
1976 1250 2048 1272 esse
2070 1240 2113 1272 ad
2129 1238 2198 1272 Ec-

1223 1289 1361 1323 clesiam
1391 1289 1435 1322 ab
1460 1289 1563 1322 initio
1586 1288 1698 1320 filium
1721 1287 1803 1327 Dei,
1835 1294 1868 1321 et
1891 1286 1984 1321 hunc
2007 1289 2199 1323 allocutum

1224 1351 1295 1373 esse
1318 1345 1450 1382 patres,
1483 1346 1517 1372 et
1547 1339 1724 1371 custodem
1752 1338 1858 1371 fuisse
1883 1336 2078 1379 Ecclesiae,
2111 1340 2198 1372 sicut

1223 1389 1352 1422 Paulus
1373 1389 1512 1432 inquit,
1544 1388 1695 1421 adfuisse
1711 1386 1889 1421 Christum
1909 1389 2065 1431 patribus
2086 1389 2121 1421 in
2139 1391 2199 1421 de-

1223 1446 1329 1473 serto.
1395 1437 1443 1472 Et
1472 1437 1576 1471 Iacob
1608 1438 1740 1482 inquit:
1779 1437 1967 1471 Benedicat
1998 1436 2052 1471 his
2081 1439 2199 1482 pueris

1223 1489 1337 1527 Deus,
1365 1495 1398 1522 et
1423 1489 1566 1531 angelus
1586 1488 1646 1533 qui
1665 1488 1793 1531 eripuit
1810 1500 1865 1520 me
1882 1500 1921 1520 ex
1939 1489 2104 1522 omnibus
2123 1501 2198 1521 ma-

1223 1540 1277 1573 lis.
1338 1536 1390 1571 Ac
1414 1539 1505 1572 dicta
1529 1550 1617 1582 quae
1642 1538 1827 1570 adfirmant
1849 1538 2000 1571 adfuisse
2024 1536 2198 1571 Ecclesiae

1223 1588 1388 1622 Messiam
1404 1595 1589 1631 antequam
1606 1588 1800 1629 adsumpsit
1817 1585 2006 1619 humanam
2024 1594 2198 1626 naturam,

1223 1638 1402 1681 perspicue
1433 1637 1622 1670 ostendunt
1652 1634 1717 1670 τὸν
1747 1635 1876 1682 λόγον,
1911 1637 1973 1679 qui
2005 1638 2199 1680 adsumpsit

1221 1686 1413 1720 humanam
1437 1693 1615 1725 naturam,
1641 1696 1861 1729 nequaquam
1886 1697 1957 1718 esse
1976 1696 2100 1719 sonum
2119 1698 2198 1720 eva—

1222 1743 1437 1775 nescentem,
1469 1737 1528 1768 sed
1549 1735 1683 1779 aliquid
1706 1734 1845 1775 vivum,
1872 1735 2086 1778 intelligens,
2115 1738 2198 1770 suh-

1222 1786 1345 1819 sistens
1375 1792 1408 1817 et
1429 1782 1700 1829 fiqptordfloevms,
1740 1784 1829 1818 sicut
1848 1784 1922 1828 ipse
1943 1784 2116 1819 Dominus
2142 1787 2198 1819 in-

1223 1836 1313 1880 quit:
1350 1832 1549 1878 Antequam
1572 1832 1752 1867 Abraham
1780 1840 1882 1867 natus
1911 1842 1977 1876 est,
2011 1847 2073 1878 ego
2106 1848 2198 1870 sum.

1223 1885 1326 1919 Item:
1352 1884 1520 1917 Glorifica
1536 1896 1590 1916 me
1603 1896 1641 1917 ea
1658 1884 1781 1926 gloria,
1808 1896 1911 1928 quam
1928 1882 2037 1919 habui
2053 1888 2145 1930 apud
2164 1894 2197 1921 te

1222 1942 1408 1979 antequam
1439 1940 1525 1967 esset
1549 1935 1712 1967 mundus·
1771 1932 1873 1967 Item:
1907 1934 2019 1968 Nemo
2043 1937 2198 1971 ascendit

1223 1987 1260 2018 in
1285 1985 1437 2023 coelum,
1464 1983 1531 2016 nisi
1556 1984 1614 2028 qui
1638 1996 1677 2016 ex
1704 1985 1800 2017 coelo
1823 1985 2001 2019 descendit
2023 1986 2115 2019 filius
2133 1985 2196 2019 ho-

1221 2035 1345 2073 minis,
1385 2034 1446 2079 qui
1478 2041 1528 2067 est
1555 2035 1591 2066 in
1622 2034 1729 2069 coelo.
1794 2033 1841 2067 Et
1871 2035 1962 2068 dicta
1994 2034 2197 2080 prophetica

1221 2085 1330 2118 multa
1347 2090 1556 2126 congruunt.
1591 2081 1751 2117 Micheae
1767 2081 1819 2117 5.:
1841 2082 2009 2127 Egressus
2027 2087 2101 2120 eius
2117 2094 2196 2120 ante

1221 2136 1293 2169 dies
1312 2134 1447 2168 mundi.
1497 2131 1686 2167 Zachariae
1705 2135 1779 2168 12:
1800 2132 2007 2178 Adspicient
2024 2148 2078 2169 me
2093 2148 2195 2181 quem

1221 2186 1448 2219 confixerunt.
1507 2182 1644 2217 Deinde
1666 2185 1784 2217 omnia
1808 2185 1899 2218 dicta
1925 2186 1962 2217 in
1985 2185 2195 2230 propheticis

1221 2243 1253 2269 et
1278 2234 1477 2280 apostolicis
1501 2234 1638 2277 scriptis
1662 2235 1705 2267 de
1729 2235 1983 2280 omnipotentia
2002 2243 2034 2268 et
2052 2236 2193 2269 invoca-

1219 2287 1315 2319 tione
1331 2284 1498 2325 Messiae,
1524 2284 1622 2317 firma
1643 2283 1840 2318 testimonia
1857 2291 1937 2318 sunt
1955 2286 1997 2318 de
2013 2286 2086 2318 cius
2102 2286 2192 2318 divi-

1219 2336 1342 2375 nitate,
1369 2334 1484 2379 qualia
1512 2331 1594 2367 haec
1612 2341 1711 2368 sunt:
1737 2332 1812 2378 Ego
1828 2335 1934 2367 vitam
1953 2342 2127 2368 aeternam
2146 2336 2191 2368 do

1219 2386 1278 2420 eis.
1338 2384 1442 2418 Item:
1477 2383 1561 2417 Sine
1584 2396 1639 2416 me
1661 2382 1754 2417 nihil
1781 2383 1921 2427 potestis
1943 2385 2063 2420 facere.
2115 2384 2190 2428 Ego

1217 2447 1294 2469 sum
1317 2435 1416 2474 vitis,
1443 2446 1504 2466 vos
1528 2434 1697 2478 palmites.
1747 2431 1793 2466 Et
1816 2431 1947 2476 Ephes.
1968 2435 2014 2469 1.:
2035 2435 2114 2477 -Qui
2140 2442 2189 2469 est

1216 2492 1318 2529 caput
1337 2484 1453 2517 omnia
1471 2484 1508 2516 in
1523 2485 1686 2517 omnibus
1704 2483 1893 2526 perficiens.
1928 2483 1973 2518 Et
1993 2486 2091 2518 valde
2108 2486 2189 2518 illu-

1210 2537 1295 2569 stria
1320 2543 1401 2569 sunt
1428 2535 1517 2567 dicta
1538 2533 1670 2567 Coloss.
1692 2534 1739 2566 1.:
1767 2532 1833 2565 Per
1847 2531 2024 2568 Christum
2049 2537 2188 2569 condita

1209 2593 1290 2619 sunt
1321 2585 1458 2624 omnia,
1493 2591 1525 2618 et
1557 2584 1630 2626 ipse
1658 2589 1708 2615 est
1733 2589 1812 2615 ante
1838 2584 1974 2624 monia,
2010 2592 2042 2618 ct
2067 2587 2185 2619 oxonia

1179 2644 1184 2677 μ’
1206 2648 1268 2679 per
1294 2648 1371 2669 eum
1397 2635 1601 2669 consistunt.

1660 2632 1753 2666 Haec
1779 2644 1857 2667 cum
1885 2636 1927 2667 dc
1952 2633 2090 2669 Christo
2115 2636 2182 2668 iam
