2324 2955
109 96 183 133 953
673 100 700 134 I.

753 96 1043 136 CHRONICON
1070 97 1314 135 CARIOMS.
1367 99 1493 137 PARS
1520 101 1566 138 ΙΙ.

2049 112 2123 149 954

207 183 237 216 Α
255 181 411 217 Gallieni
431 184 651 228 imperatoris
666 192 776 219 morte
790 186 833 218 ad
850 184 1002 218 Honorii
1019 184 1085 216 im·
1140 184 1218 217 dius
1241 185 1340 219 duxit
1365 187 1570 228 exercitum,
1599 194 1631 221 et
1654 199 1777 232 magna
1794 191 1968 227 celeritate
1986 195 2120 239 disper-

103 233 274 278 peratoris
296 240 433 278 tempus
457 241 539 268 sunt
561 235 644 267 anni
664 235 801 268 circiter
819 243 957 269 centum
975 241 1007 268 et
1022 234 1085 267 tri-

102 284 210 327 ginta.
264 282 360 317 Intra
386 282 451 317 hoc
473 290 608 328 tempus
624 283 751 318 Franci
777 297 855 319 cum
880 285 997 318 multis
1018 284 1085 316 im-

102 334 324 377 peratoribus
339 334 568 373 dimicarunt,
596 341 628 368 et
644 335 712 368 late
727 336 763 368 in
778 336 853 379 ripa
874 334 1084 369 Germanica

101 382 223 418 Rheni
248 391 502 427 processerunt.
555 385 623 418 Sed
641 384 792 419 Honorii
813 393 970 430 tempore
986 392 1082 418 trans

100 431 269 468 Rhenum
293 434 393 477 potiti
412 441 495 468 sunt
510 435 597 468 urbe
616 434 866 476 Trevirorum,
893 443 927 470 et
943 435 1082 479 longius

100 484 139 516 in
155 482 323 518 Celticam
342 491 374 518 et
392 484 428 517 in
446 484 626 527 Belgicum
647 486 819 529 progressi
837 492 929 520 sunt.

201 533 376 568 Scribitur
398 542 513 568 autem
538 533 602 568 bac
620 537 800 569 occasione
819 543 958 570 vocatos
974 547 1046 569 esse
1061 547 1079 568 a

99 581 276 625 Treviris,
311 585 392 629 quia
424 597 558 628 praeses
582 585 735 619 Honorii
756 587 887 620 Lucius
918 592 1080 629 rapuerat

98 645 243 666 uxorem
268 634 335 667 viri
360 635 501 668 nobilis.
554 635 602 669 Ut
624 636 731 679 igitur
752 637 963 670 libidinosus
979 648 1078 679 prae-

98 693 150 716 ses
173 684 424 727 expelleretur,
458 686 621 719 accersita
643 695 724 721 sunt
747 687 876 720 auxilia
900 685 1078 725 Francica‚

95 734 184 767 sicut
200 744 302 776 saepe
319 742 461 779 propter
482 736 648 769 libidines
671 748 796 780 magna
817 748 923 779 regna
944 741 1075 769 mutata

96 790 188 817 sunt.
241 783 400 818 Primum
423 793 538 818 autem
560 798 675 829 regem
699 786 825 820 Franci
849 793 926 830 post
950 785 1077 819 transi-

95 839 171 866 tum
189 834 226 866 in
236 832 673 870 Galliamw'armundum
691 838 886 871 nominant.
938 835 995 869 Ab
1010 833 1076 868 hoc

95 883 196 917 initia
220 882 450 928 pulcherrimi
467 888 564 929 regni
581 886 760 930 Francici,
788 887 881 931 quod
897 885 1076 926 Celticam,

95 932 275 976 Belgicum
310 942 343 969 et
387 948 547 978 magnam
579 936 789 969 Germaniae
823 943 957 980 partem
993 942 1076 968 tunc

96 984 316 1028 complexum
343 992 411 1026 est,
438 993 680 1029 recensentur,
709 993 748 1019 ut
770 992 890 1030 postea
913 986 977 1019 sub
1000 984 1076 1018 Ho-

95 1033 197 1068 norio
215 1034 362 1069 dicetur.
412 1034 516 1068 Nunc
532 1036 575 1068 ad
592 1035 715 1068 seriem
733 1043 930 1078 temporum
947 1036 1063 1069 redeo.

195 1082 409 1118 Postbumus
441 1097 521 1119 cum
552 1083 697 1119 haberet
727 1086 856 1118 auxilia
881 1084 1018 1118 Gallica
1043 1091 1075 1118 et

94 1132 283 1175 Francica‚
324 1140 455 1178 septem
490 1147 603 1168 annos
640 1135 755 1169 tenuit
796 1135 1002 1179 imperium,
1043 1142 1076 1168 et

95 1195 196 1227 saepe
226 1183 310 1217 vicit
339 1184 508 1217 exercitus
533 1183 702 1220 Gallieni.
769 1184 929 1218 Tandem
952 1185 1075 1218 fraude

94 1234 298 1267 interfectus
317 1240 385 1274 est,
412 1234 567 1267 Lolliani
585 1235 682 1268 ducis
699 1235 857 1273 insidiis,
885 1247 988 1280 quem
1005 1242 1074 1268 sta—

92 1283 157 1315 tim
174 1283 379 1317 Victorinus
397 1296 533 1327 praeses
549 1284 719 1318 Coloniae
732 1286 950 1329 Agrippinae
967 1286 1076 1318 inter-

91 1333 186 1367 fecit.
243 1332 448 1367 Gallienum
474 1342 592 1377 postea
617 1335 789 1369 interfecit
811 1347 918 1379 prope
935 1335 1076 1368 Medio-

92 1384 214 1417 lanum
236 1382 427 1427 Cecropius
449 1383 621 1420 Dalmata.
679 1384 869 1429 Multiplex
893 1386 986 1418 enim
1009 1387 1075 1418 du-

92 1445 171 1467 cum
195 1434 288 1468 inter
311 1445 402 1474 sese,
430 1435 491 1479 qui
516 1442 599 1469 tunc
625 1435 853 1479 imperatores
868 1436 938 1469 dici
954 1436 1075 1469 volue-

92 1490 197 1526 runt,
223 1484 363 1518 laniena
382 1484 459 1518 fuit.

141 1583 249 1618 Anno
265 1585 390 1618 mundi
407 1592 530 1630 quater
544 1585 732 1618 millesimo
752 1586 990 1619 ducentesimo
1011 1586 1075 1619 tri-

297 1635 425 1668 cesimo
441 1635 554 1668 tertio.

142 1683 249 1717 Anno
265 1684 400 1718 Romae
416 1685 602 1718 millesimo
621 1685 786 1718 vicesimo
804 1685 930 1728 primo.

144 1733 251 1767 Anno
267 1731 402 1768 Christi
417 1734 655 1767 ducentesimo
671 1735 922 1778 septuagesimo
938 1734 1063 1778 primo.

356 1808 544 1841 Flavius
570 1805 808 1840 Claudius.

194 1879 355 1916 Flavius
379 1878 564 1915 Claudius
595 1881 784 1925 imperator
816 1881 926 1914 sactus
958 1887 1007 1914 est
1031 1881 1074 1914 ab

93 1934 245 1968 exercitu
268 1934 312 1966 ad
339 1931 587 1966 Mediolanum
602 1958 610 1971 ,
644 1931 742 1964 cuius
764 1930 931 1964 iudicium
958 1938 1074 1974 postea

93 1984 338 2028 comprobavit
350 1982 509 2016 Senatus.
562 1980 737 2023 Regnavit
758 1992 890 2013 annum
914 1993 1025 2013 unum
1043 1988 1075 2014 et

94 2045 230 2067 menses
254 2045 392 2067 novem.
447 2032 587 2074 Quanta
612 2032 717 2064 fuerit
741 2031 848 2075 ipsius
871 2030 1001 2071 virtus,
1035 2043 1074 2064 ex

95 2084 246 2117 Senatus
273 2083 475 2117 testimonio
507 2088 668 2126 apparet,
699 2082 734 2113 in
765 2093 834 2125 quo
862 2078 944 2114 baec
968 2081 1074 2114 verba

93 2135 233 2168 recitata
252 2140 349 2167 sunt:
377 2129 519 2167 Claudi
532 2130 694 2176 Auguste
709 2135 746 2164 lu
763 2128 917 2169 Frater,
944 2135 981 2163 tu
999 2128 1073 2163 Pa-

93 2190 164 2225 ter,
189 2188 227 2217 tu
250 2182 408 2222 amicus,
432 2187 468 2216 lu
487 2182 601 2216 bonus
618 2180 791 2222 Senator,
819 2185 856 2214 lu
875 2192 948 2214 vere
964 2178 1075 2214 Prin-

95 2246 182 2280 ceps.
250 2233 346 2267 llaec
385 2233 570 2278 praeconia
599 2233 726 2265 multas
757 2232 899 2264 eximias
930 2232 1075 2265 virtutes

95 2285 386 2329 complectuntur.
438 2282 532 2317 Dum
551 2289 665 2316 antem
685 2281 869 2315 Gallienus
888 2282 924 2314 in
944 2283 1026 2315 luxu
1044 2289 1075 2315 et

95 2335 238 2379 popinis
259 2335 364 2375 vivit,
390 2340 423 2368 et
445 2346 505 2377 per
529 2333 717 2366 seditiones
741 2333 843 2365 multi
868 2332 1075 2376 sevimpera-

97 2393 190 2419 tores
214 2384 420 2425 nominant,
447 2391 479 2418 et
503 2384 595 2417 inter
618 2395 689 2415 sese
706 2383 895 2423 dimicant,
922 2389 1074 2416 trecenta

95 2436 208 2469 millia
226 2434 415 2468 Gottorum
438 2441 470 2468 et
486 2433 699 2467 llerulorum
720 2434 761 2465 ad
781 2433 926 2465 ssuvium
943 2432 1075 2478 'Pyram

97 2486 252 2526 collec1a‚
282 2484 495 2518 transierunt
511 2485 635 2529 partim
655 2483 866 2528 inMysiam,
894 2484 1019 2526 partim
1039 2483 1073 2515 in

98 2535 362 2574 Macedoniam,
389 2541 423 2567 et
444 2535 511 2568 late
534 2535 674 2577 grassati
702 2540 782 2566 sunt
801 2534 931 2577 rapinis
951 2540 981 2566 et
1002 2546 1077 2566 cae-

99 2586 212 2619 dibus.
267 2584 495 2619 Obsederunt
520 2585 621 2617 etiam
651 2595 791 2627 magnas
814 2585 936 2623 nrbes,
963 2582 1076 2615 'l'lies-

99 2636 290 2670 salonicam
314 2642 344 2668 et
369 2634 627 2668 Cassandream.
682 2635 858 2668 Adversus
883 2632 946 2667 lios
971 2633 1076 2667 Clau-

153 2686 335 2720 Mamm-n.
365 2688 466 2718 Ormi.
495 2688 576 2719 Vol..
603 2687 679 2718 XII.

1139 245 1194 267 sos
1219 235 1256 267 in
1280 236 1415 269 diversa
1435 237 1508 269 loca
1527 239 1715 281 oppressit,
1741 246 1944 287 tantamque
1957 246 2119 280 multitu-

1137 285 1255 317 dinem
1287 286 1459 320 soeliciter
1484 288 1623 321 delevit.
1694 288 1889 335 Aliquanto
1921 301 1998 337 post
2032 293 2117 330 haec

1136 335 1285 377 praelia,
1311 337 1435 369 morbo
1459 338 1631 371 extinctus
1655 346 1713 374 est.
1766 340 1850 375 Post
1873 342 1944 376 eius
1967 353 2115 380 mortem

1135 383 1283 419 Senatus
1303 383 1449 420 honoris
1468 387 1576 430 ipsius
1594 400 1694 422 causa
1712 391 1873 435 clypeum
1891 404 2051 436 aureum,
2077 397 2115 429 in

1135 447 1204 478 quo
1226 436 1339 479 imago
1362 437 1435 471 eius
1458 449 1614 482 expressa
1640 439 1725 481 fuit,
1753 441 1790 473 in
1806 440 1981 486 Capitolio
2004 446 2114 480 collo-

1134 486 1233 520 cavit.

1182 589 1289 626 Anno
1320 594 1445 627 mundi
1485 602 1607 638 quater
1643 596 1830 631 millesimo
1873 599 2108 637 ducentesimo

1333 644 1508 677 tricesimo
1524 645 1660 688 quinto.

1181 692 1288 726 Anno
1306 693 1442 728 Romae
1459 694 1646 727 millesimo
1665 695 1827 730 vicesimo
1845 699 1962 732 tertio.

1181 741 1289 776 Anno
1301 742 1434 778 Christi
1451 744 1690 778 ducentesimo
1706 749 1958 792 septuagesimo
1974 751 2088 785 tertio.

1341 824 1565 858 Valerius
1598 825 1901 861 Aurelianus.

1235 903 1412 938 l⁷alerius
1435 902 1677 945 Aurelianus,
1715 915 1816 942 natus
1844 909 1883 942 in
1906 909 2044 946 Svrmio
2072 914 2109 946 in

1128 954 1260 987 familia
1280 955 1449 997 ignobili,
1476 962 1586 988 matre
1603 957 1794 991 sacrificula
1811 947 2026 1000 Solis‚‘cum
2045 965 2109 997 sub

1129 1003 1279 1038 Claudio
1310 1005 1518 1049 praecipuus
1547 1006 1616 1038 dux
1641 1013 1729 1039 esset
1753 1014 1872 1041 contra
1897 1009 2042 1052 Gottos,
2075 1020 2108 1046 et

1129 1056 1255 1088 ductor
1278 1056 1453 1099 equitum,
1480 1061 1558 1097 post
1581 1066 1661 1087 eum
1685 1056 1729 1088 ab
1754 1058 1906 1091 exercitu
1920 1060 2110 1103 imperator

1128 1106 1240 1138 factus
1269 1111 1334 1145 est,
1368 1105 1467 1137 cuius
1489 1104 1660 1138 iudicium
1683 1107 1924 1149 comprobavit
1946 1108 2107 1146 Senatus.

1127 1154 1304 1197 Regnavit
1332 1166 1443 1188 annos
1475 1166 1542 1187 sex.
1594 1154 1745 1188 Militari
1775 1156 1906 1191 virtute
1938 1161 2109 1203 excelluit,

1128 1206 1187 1238 sed
1206 1212 1348 1249 propter
1365 1205 1606 1238 crudelitatem
1626 1206 1722 1238 venit
1739 1206 1776 1238 in
1794 1208 1926 1241 odium.

1230 1263 1312 1297 Fuit
1334 1270 1448 1297 antem
1473 1264 1577 1305 digna
1600 1263 1703 1296 laude
1727 1266 1890 1298 severitas
1912 1267 1985 1299 eius
2002 1268 2038 1300 in
2054 1281 2108 1302 re-

1129 1315 1239 1357 genda
1263 1314 1458 1357 disciplina.
1512 1312 1552 1345 ln
1576 1325 1687 1356 poena
1713 1314 1834 1348 militis
1853 1316 1914 1359 qui
1934 1315 2108 1361 hospitam

1128 1376 1190 1408 per
1214 1364 1283 1396 vim
1309 1369 1575 1407 compresserat,
1603 1363 1758 1396 imitatus
1784 1371 1833 1398 est
1851 1364 1948 1399 Bessi
1973 1369 2108 1411 suppli—

1128 1415 1238 1447 cium:
1279 1413 1418 1447 inflexis
1453 1414 1588 1446 duabus
1618 1414 1803 1448 arboribus
1831 1427 1910 1448 eum
1942 1418 2109 1461 alligavit,

1128 1476 1216 1509 quae
1233 1477 1309 1497 cum
1324 1475 1445 1497 rursus
1462 1464 1697 1506 erigerentur,
1724 1464 1824 1498 miles
1839 1466 2032 1510 discerptus
2048 1477 2107 1503 est.

1231 1521 1430 1567 Antequam
1461 1523 1571 1555 factus
1598 1529 1647 1554 est
1672 1522 1861 1566 imperator
1884 1522 2108 1569 Aurelianus,

1128 1574 1296 1617 pugnavit
1314 1585 1390 1605 cum
1403 1572 1547 1605 Francis
1562 1572 1604 1604 ad
1618 1571 1837 1615 Moguntiam
1850 1601 1859 1613 ‚
1886 1576 1948 1608 ubi
1966 1577 2108 1620 triginta

1127 1624 1238 1656 millia
1256 1623 1474 1656 Francorum
1491 1622 1661 1655 trucidata
1681 1635 1751 1656 esse
1769 1624 1944 1660 scribitur.

1230 1681 1420 1724 Postquam
1437 1688 1550 1713 autem
1568 1681 1730 1714 successit
1748 1681 1913 1721 Claudio,
1941 1685 2108 1719 terribilis

1129 1731 1302 1774 expeditio
1326 1730 1663 1764 Marcomannorum
1691 1737 1724 1763 et
1745 1730 1939 1766 suevorum
1966 1737 2108 1770 retraxit

1129 1793 1207 1814 eum
1239 1781 1274 1813 in
1299 1780 1454 1820 Italiam,
1489 1780 1549 1824 qui
1575 1780 1643 1812 iam
1668 1779 1911 1814 Mediolanum
1936 1793 2108 1827 ceperant,

1128 1838 1161 1864 et
1186 1838 1353 1864 terrorem
1378 1830 1459 1863 urbi
1475 1829 1609 1863 Romae
1630 1829 1778 1862 similem
1795 1829 1972 1866 Cimbrico
1991 1835 2108 1868 incus-

1129 1887 1255 1914 serant.
1312 1879 1450 1913 Munito
1477 1880 1583 1921 igitur
1600 1879 1711 1912 limite
1731 1880 1887 1923 imperii,
1917 1895 2107 1927 properans

1128 1931 1164 1963 in
1190 1930 1348 1970 Italiam,
1376 1931 1467 1973 apud
1494 1929 1705 1962 Placentiam
1731 1930 1860 1964 delevit
1883 1931 2108 1967 Marcoman-

1127 1992 1190 2013 nos
1209 1987 1241 2014 et
1257 1980 1408 2020 Suevos,
1436 1979 1493 2012 sed
1513 1990 1636 2022 magna
1653 1979 1748 2012 clade
1766 1979 1919 2014 Romani
1937 1985 2106 2018 exercitus

1128 2031 1224 2074 prins
1248 2037 1396 2073 accepta.
1451 2028 1608 2062 Fuerunt
1629 2036 1745 2062 autem
1764 2029 2009 2066 Blarcomanni
2025 2047 2106 2078 par-

1127 2082 1189 2114 tim
1205 2080 1360 2120 Boiemi,
1387 2080 1513 2122 partim
1534 2078 1671 2111 Mai-avi
1691 2086 1723 2112 et
1741 2078 1934 2123 Austriaci,
1960 2090 1997 2116 ut
2013 2097 2107 2118 nuuc

1127 2131 1351 2164 nominamus
1383 2130 1489 2164 Suevi
1520 2128 1670 2173 Alpibus
1699 2130 1824 2169 vicini,
1871 2133 1932 2176 qui
1964 2144 1998 2166 se
2027 2147 2106 2168 cum

1128 2181 1391 2214 Marcomannis
1424 2180 1688 2214 coniunxerant.
1757 2179 1879 2214 Pacata
1906 2181 2006 2217 Italia
2032 2184 2107 2219 Ro-

1128 2244 1219 2265 mam
1238 2231 1410 2274 prosectus
1425 2229 1654 2268 Aurelianus,
1680 2230 1867 2264 seditiones
1883 2233 2034 2267 urbanas
2052 2246 2106 2269 se-

1127 2282 1240 2322 davit,
1266 2289 1299 2315 et
1318 2281 1437 2314 multis
1453 2280 1588 2313 civibus
1613 2280 1818 2320 intersectis,
1852 2288 2029 2329 utcunque
2047 2284 2105 2318 lu-

1128 2332 1218 2365 dicia
1246 2331 1417 2370 restituit,
1451 2337 1483 2363 et
1514 2329 1702 2362 constituto
1734 2331 1831 2364 urbis
1861 2338 1971 2373 statu,
2006 2336 2105 2370 duxit

1128 2381 1316 2415 exercitum
1346 2382 1510 2414 adversus
1542 2379 1756 2420 Zenobiam,
1790 2394 1878 2426 quae
1902 2382 2039 2429 Syriam
2073 2394 2103 2420 et

1127 2433 1243 2466 vicina
1281 2432 1355 2464 loca
1389 2431 1547 2469 tenebat,
1586 2435 1619 2462 et
1655 2429 1734 2462 filiis
1770 2443 1873 2473 regna
1906 2436 2102 2478 quaerebat.

1128 2482 1222 2516 llaec
1247 2483 1364 2524 regina
1390 2482 1484 2514 velut
1508 2479 1712 2513 Semiramis
1736 2481 1835 2516 duxit
1860 2485 2045 2523 exercitus.
2072 2495 2103 2519 ct

1127 2540 1227 2566 antea
1243 2533 1379 2566 sortiter
1394 2531 1522 2576 repulit
1538 2529 1669 2563 Persas,
1712 2529 1846 2572 Postea,
1872 2545 1949 2567 cum
1967 2535 2103 2580 Syriam

1128 2583 1299 2617 Romanis
1330 2584 1526 2626 ademptam
1555 2581 1690 2614 tradere
1713 2581 1793 2614 filiis
1816 2591 2016 2622 conaretur.
2049 2597 2102 2617 re-

1127 2633 1258 2678 petenti
1282 2645 1356 2666 eam
1373 2631 1586 2670 Aureliano,
1614 2642 1785 2665 cessuram
1811 2645 1845 2666 se
1870 2646 1940 2668 csse
1958 2636 2103 2677 negavit.

1427 2683 1470 2718 61
