2324 2955
97 107 170 143 409

864 93 1358 136 PROPOSITIONES.

2038 101 2110 133 410

96 188 355 226 communicata
389 199 451 233 per
479 187 748 230 imputationem
782 194 814 220 et
846 185 1075 222 effectionem,
1098 190 1102 222 ξ
1127 182 1186 214 vid
1212 182 1249 214 in
1275 193 1357 214 vero
1381 191 1490 223 agone
1514 182 1604 215 tristi
1629 193 1732 215 sensu
1748 183 1878 226 peccati
1895 189 1927 216 et
1950 184 2020 216 irae
2038 181 2103 216 Dei

93 248 133 275 ut
156 251 235 274 cum
257 239 388 273 dicitur
413 239 445 274 1.
463 234 624 271 Corinth.
645 237 695 270 1.:
715 234 877 271 Christus
903 237 1012 270 sactus
1026 241 1075 268 est

93 290 195 324 nobis
217 289 388 333 sapientia
413 300 432 322 a
455 286 550 326 Deo,
584 287 742 328 iusticia,
775 295 809 322 et
834 286 1073 325 sanctificatio,

93 348 126 375 et
141 340 320 374 redemtio.
370 337 466 371 Haec
483 337 594 372 oratio
612 350 685 371 non
701 336 767 372 hoc
783 338 886 378 dicit,
913 348 978 371 nos
1001 348 1073 370 esse

91 391 264 435 sapientes
295 388 465 433 sapientia
497 389 672 422 essentiali
696 386 847 429 Christi,
888 400 963 421 non
997 388 1072 421 luce

91 439 363 480 communicata,
389 446 450 473 aut
465 446 603 473 sanctos
619 451 690 473 non
708 438 963 472 communicata
990 450 1071 471 san-

90 491 228 531 ctitate,
254 501 332 523 cum
360 489 447 523 alibi
468 490 577 523 dicat:
610 491 645 524 2.
668 487 830 525 Corinth.
857 489 909 524 3.:
939 488 1072 521 Trans·

89 541 284 574 formamur
298 540 335 572 in
351 540 496 573 eandem
514 539 713 581 imaginem.

187 588 242 624 De
259 591 477 624 redemtione
494 590 718 623 manifestum
743 596 813 630 est,
839 590 909 623 dici
933 590 976 622 de
997 599 1070 620 me-

87 641 157 675 rito
176 652 237 674 seu
255 641 298 674 de
315 640 515 674 obedientia
531 639 596 672 filii
613 638 698 680 Dei,
725 652 813 684 quae
830 640 897 674 fuit
914 638 1069 683 precium

87 703 152 735 pro
169 690 284 725 nobis.
338 689 389 723 Ita
408 702 487 724 cum
505 690 654 724 dicitur:
683 688 846 724 Christus
867 697 915 724 est
932 688 1069 722 iusticia

87 748 224 779 nostra,
259 752 333 774 non
356 738 424 773 hoc
447 740 597 782 dicitur,
628 740 701 774 Nos
726 752 799 774 esse
833 741 959 779 iustos,
987 739 1068 783 quia

85 792 179 825 filius
192 792 237 825 sit
254 791 299 824 ab
314 796 454 824 aeterno
471 791 600 825 iustus:
634 792 697 824 sed
715 792 798 836 quia
823 791 926 824 nobis
952 789 1069 833 impu-

87 848 182 876 tatur
205 841 279 874 eius
303 841 470 874 meritum
500 842 544 875 ad
575 842 817 875 remissionem
848 847 1068 885 peccatorum

83 898 117 925 et
135 892 178 925 ad
194 891 531 933 reconciliationem,
559 899 592 926 et
607 892 689 937 quia
706 892 810 925 efficit
827 892 865 924 in
882 891 984 924 nohis
1000 902 1067 923 no—

83 941 246 982 vitatem,
272 953 361 987 quae
381 949 500 987 postea
523 943 589 975 erit
614 948 853 975 consummata
872 941 1009 975 iusticia
1030 941 1067 972 in

84 992 154 1026 vita
171 998 323 1026 aeterna.

180 1041 239 1076 Sic
262 1041 361 1086 loqui
385 1041 605 1086 Scripturam
630 1043 673 1075 de
697 1041 823 1075 merito
851 1037 1005 1079 Christi,
1034 1047 1066 1074 et

83 1092 126 1124 de
144 1091 328 1125 effectione
344 1092 666 1127 manifestissimum
687 1100 755 1131 est,
782 1092 876 1124 iuxta
896 1091 956 1124 illa
974 1091 1065 1124 dicta

82 1139 205 1175 lohan.
222 1144 275 1176 1.:
310 1139 401 1176 Ecce
417 1142 602 1186 agnusDei
617 1143 677 1187 qui
695 1142 789 1176 tollit
805 1147 943 1185 peccata
962 1153 1066 1174 mun-

82 1191 141 1232 di,
178 1191 359 1233 videlicet,
395 1193 572 1226 sustinens
594 1193 683 1226 iram
706 1193 744 1225 in
769 1193 884 1235 ipsum
909 1192 1066 1232 effusam,

81 1248 116 1275 et
145 1242 306 1275 auferens
337 1242 550 1276 remittendo
581 1249 614 1276 et
645 1243 828 1276 efficiendo
861 1242 1065 1276 novitatem.

86 1291 177 1325 Item
195 1291 288 1327 Gen.
303 1293 357 1326 3.:
388 1291 516 1325 Semen
545 1293 705 1325 mulieris
727 1292 947 1325 conculcabit
963 1299 1066 1334 caput

85 1342 272 1385 serpentis,
298 1341 335 1373 id
353 1347 420 1381 est,
447 1339 506 1374 hic
530 1342 624 1375 filius
648 1342 795 1384 virginis
820 1340 920 1374 tollet
944 1352 1064 1384 pecca—

81 1397 157 1424 tum
176 1398 209 1425 et
226 1397 386 1431 mortem,
405 1398 438 1425 et
454 1392 575 1425 reddet
591 1391 765 1425 iusticiam
783 1398 816 1424 et
831 1391 936 1423 vitam
954 1397 1064 1424 aeter-

80 1452 179 1480 nam,
219 1439 266 1473 Et
292 1441 397 1479 fides,
439 1452 507 1484 qua
535 1441 782 1480 iustificamur,
820 1438 913 1471 hunc
948 1441 1062 1482 ipsum

80 1490 191 1523 filium
209 1490 368 1523 intuetur
383 1489 519 1522 assidue
535 1501 598 1532 pro
623 1489 729 1521 nohis
755 1490 1011 1532 deprecantem.

181 1538 328 1573 XXXV.
356 1537 619 1582 Comprehendi
640 1539 881 1571 remissionem
904 1544 1063 1581 peccato-

80 1602 159 1624 rum
177 1590 213 1622 in
231 1589 402 1622 vocabulo
420 1588 678 1622 iustificationis
693 1589 797 1622 etiam
816 1601 856 1621 ex
880 1588 942 1621 illo
966 1588 1061 1621 dicto

80 1640 180 1674 Pauli
197 1638 325 1673 Roma.
349 1638 384 1674 4.
407 1639 628 1672 manifestum
654 1645 723 1679 est,
754 1639 817 1672 ubi
842 1637 973 1671 Paulus
1003 1650 1062 1670 ex-

80 1701 196 1734 presse
215 1689 343 1734 inquit,
368 1689 457 1723 sicut
472 1688 626 1722 etDavid
645 1689 772 1734 inquit,
797 1688 1060 1722 Beatitudinem

80 1751 153 1774 esse
178 1738 354 1782 hominis,
395 1740 453 1773 cui
475 1738 570 1773 Deus
600 1739 750 1783 imputat
781 1739 955 1773 iusticiam
985 1739 1061 1772 sine

79 1791 266 1835 operibus,
291 1788 391 1823 Beati
418 1801 569 1835 quorum
592 1795 679 1823 tecta
702 1796 783 1823 sunt
804 1796 953 1833 peccata.
1006 1788 1061 1822 Ibi

80 1841 186 1875 etiam
209 1840 371 1874 nominat
389 1840 655 1884 imputationem
682 1840 860 1879 iusticiae,
887 1846 927 1873 ut
942 1845 1060 1872 osten-

79 1893 139 1925 dat
160 1902 234 1924 non
257 1891 371 1923 solum
396 1890 527 1924 remitti
551 1896 709 1934 peccata,
744 1891 805 1923 sed
829 1890 934 1924 etiam
951 1889 1059 1933 recipi

79 1952 265 1986 personam
291 1947 435 1985 propter
460 1941 610 1973 alienam
636 1940 808 1974 iusticiam
841 1941 1059 1984 imputatam,

81 1992 212 2025 scilicet
238 1991 461 2031 mediatoris,
504 1989 569 2024 Dei
602 1997 634 2024 et
659 1988 832 2029 hominis,
868 1997 907 2024 ut
939 1996 1057 2033 postea

81 2041 229 2082 dicetur,
249 2040 317 2075 Per
333 2042 439 2075 unius
452 2039 607 2074 hominis
620 2041 856 2075 obedientiam
872 2040 954 2074 iusti
974 2052 1058 2073 con-

81 2092 271 2126 stituentur
295 2092 418 2132 multi,
445 2091 571 2126 Roma.
589 2089 625 2125 5.
679 2090 758 2124 Non
778 2101 986 2137 quaeramus
1002 2102 1060 2123 so-

79 2140 252 2187 phismata
272 2142 308 2174 in
326 2143 431 2175 verbo
451 2141 704 2186 imputationis,
720 2141 866 2175 Necesse
885 2148 935 2174 est
952 2140 1058 2174 iutel-

77 2192 142 2236 ligi
166 2192 402 2235 receptionem
425 2204 593 2236 personae
619 2198 759 2234 propter
783 2193 932 2225 alienam
956 2191 1058 2224 iusti-

80 2243 169 2276 ciam
194 2242 413 2275 mediatoris:
442 2249 476 2275 et
494 2250 608 2276 tamen
627 2240 710 2274 haec
727 2243 843 2275 omnia
864 2254 943 2274 vera
965 2249 1057 2281 sunt,

79 2292 185 2326 simul
210 2292 344 2326 efficere
367 2293 477 2326 filium
500 2292 567 2327 Dei
589 2292 777 2326 novitatem
803 2305 864 2336 per
885 2292 1056 2336 Spiritum

80 2349 249 2376 sanctum.

181 2391 346 2427 XXXVI.
372 2391 441 2426 Sed
457 2392 622 2426 obiicitur
643 2390 709 2432 hic,
725 2390 877 2436 Oportet
895 2405 966 2426 esse
984 2393 1056 2425 ‹lis-

81 2444 215 2476 crimen
231 2442 323 2476 inter
338 2440 479 2476 Saulem
503 2449 534 2476 et
549 2441 731 2482 Davidem,
760 2450 896 2486 oportet
920 2443 1054 2487 aliquid

81 2504 154 2527 esse
169 2494 206 2526 in
222 2491 368 2532 Davide,
395 2500 535 2537 propter
549 2494 642 2538 quod
664 2493 918 2536 pronuncietur
934 2494 1055 2532 iustus,

81 2543 214 2588 alioqui
237 2541 332 2575 Deus
362 2549 447 2576 esset
470 2544 646 2578 iniustus?
686 2542 914 2586 Respondeo:
950 2542 1054 2576 Fides

81 2593 163 2626 facit
185 2593 391 2632 discrimen,
418 2600 450 2627 et
475 2593 546 2637 ipse
570 2594 743 2627 mediator
767 2594 833 2626 sule
856 2591 1054 2638 apprehen-

83 2654 156 2684 sus,
188 2643 339 2685 dignitas
362 2644 502 2687 propria
529 2657 599 2678 nou
624 2644 704 2677 facit
728 2644 927 2678 discrimen.
981 2642 1053 2676 Da-

1125 232 1317 276 premitur‚
1346 231 1435 265 sicut
1459 232 1592 276 inquit:
1622 232 1703 266 Tibi
1732 239 1868 267 tantum
1890 245 1966 266 sum
1984 245 2105 278 pecca-

1126 290 1198 323 tor,
1232 289 1263 315 et
1290 282 1422 315 malum
1447 294 1563 315 coram
1586 289 1619 316 te
1642 283 1727 321 feci,
1762 291 1800 317 ut
1826 290 1864 317 tu
1892 284 2100 323 iustificeris,

1125 340 1158 367 et
1171 333 1289 366 vincas
1307 344 1385 365 cum
1410 333 1595 373 iudicaris,
1619 333 1707 366 Psal.
1724 332 1785 367 51.

1225 381 1412 418 XXXVII.
1440 381 1679 426 Agnoscamus
1695 384 1904 417 immensum
1914 384 1980 418 Dei
1996 385 2103 418 bene-

1125 433 1255 466 fiicium
1269 460 1277 473 ,
1305 439 1338 466 et
1354 444 1491 467 summa
1509 434 1703 467 reverentia
1720 433 1795 467 Deo
1810 435 1938 477 gratias
1952 447 2105 478 agamus,

1125 484 1220 528 quod
1239 481 1430 516 Ecclesiam
1448 484 1495 517 sic
1513 484 1679 516 discernit
1698 485 1740 516 ab
1758 485 1834 517 aliis
1852 486 2037 521 creaturis,
2066 492 2103 518 ut

1123 534 1264 577 proprie
1283 534 1385 567 saciat
1401 546 1473 566 eam
1493 535 1560 567 sibi
1577 534 1744 578 templum
1763 541 1794 567 et
1810 535 2027 568 domicilium
2040 563 2048 573 ‚
2071 543 2100 567 et

1123 582 1258 618 habitet
1276 584 1313 616 in
1329 584 1476 627 singulis
1493 583 1638 621 sanctis,
1667 590 1784 617 tamen
1812 596 1949 627 semper
1965 586 2105 628 praelu-

1123 641 1199 668 ceat
1224 632 1310 667 haec
1335 635 1548 675 consolatio,
1592 635 1685 678 quod
1715 640 1858 677 propter
1888 635 2001 667 filium
2025 635 2104 673 Dei,

1121 685 1235 718 Deum
1267 691 1299 718 et
1323 682 1524 726 hominem,
1556 683 1683 717 habeas
1706 685 1949 717 remissionam
1978 696 2101 729 pecca-

1121 742 1257 775 torum,
1301 742 1333 768 et
1367 747 1514 779 persona
1547 740 1731 778 reputetur
1763 735 1873 775 iusta,
1916 735 1998 775 fide,
2032 747 2102 767 non

1122 792 1263 829 propter
1290 787 1450 829 proprias
1475 786 1640 823 virtutes,
1684 785 1766 829 quia
1789 785 1894 818 simul
1919 786 2102 818 retinenda

1121 843 1170 869 est
1185 837 1371 869 sententia:
1400 836 1480 869 Non
1504 836 1750 869 iustificabitur
1765 836 1803 868 in
1827 843 2014 879 conspectu
2040 843 2100 869 tuo

1120 886 1235 919 omnis
1268 886 1410 925 vivens,
1453 886 1584 919 scilicet
1613 886 1765 929 propriis
1787 886 2016 930 qualitatibus
2039 898 2099 918 sen

1120 937 1294 981 operibus.
1357 935 1457 969 Hanc
1487 948 1604 969 veram
1637 937 1913 970 consolationem
1948 937 2097 969 retinere

1120 999 1257 1020 necesse
1279 993 1347 1027 est,
1375 997 1463 1031 quae
1485 987 1627 1031 quidem
1652 987 1861 1029 opponenda
1880 993 1930 1019 est
1947 987 2008 1025 iis,
2037 987 2098 1029 qui

1119 1038 1261 1078 dicunt,
1287 1036 1478 1070 Personam
1496 1048 1569 1069 non
1586 1048 1656 1069 esse
1673 1036 1798 1069 iustam
1817 1043 1960 1079 propter
1984 1048 2099 1068 semen

1118 1088 1297 1128 mulieris,
1338 1099 1415 1120 cum
1439 1098 1577 1120 necesse
1599 1087 1641 1119 sit
1665 1097 1802 1129 semper
1828 1087 1968 1129 agnosci
1992 1086 2102 1118 filium

1118 1138 1205 1179 Dei,
1231 1139 1348 1171 Deum
1367 1144 1400 1170 et
1427 1134 1606 1170 hominem
1634 1136 1905 1180 propiciatorem
1925 1143 1955 1169 et
1973 1137 2098 1179 depre-

1119 1195 1270 1222 catorem
1289 1200 1352 1230 pro
1371 1188 1486 1222 nobis.

1217 1237 1423 1271 XXXVIII.
1465 1237 1568 1270 Nunc
1589 1238 1632 1270 ad
1656 1237 1817 1270 vocabuli
1844 1237 2102 1270 enarrationem

1118 1289 1235 1323 redeo.
1288 1288 1391 1330 Legis
1414 1300 1510 1320 more
1538 1287 1735 1331 loquendo,
1764 1288 1974 1320 vocabulum
2000 1288 2102 1320 iusti-

1116 1338 1189 1371 ciae
1212 1337 1382 1380 significat
1409 1337 1675 1378 congruentiam
1701 1337 1743 1369 ad
1768 1343 1877 1369 totam
1900 1337 2032 1379 legem,
2070 1344 2101 1368 et

1117 1388 1164 1421 ita
1190 1387 1400 1429 intelligitur
1418 1387 1454 1419 in
1478 1384 1532 1419 his
1556 1386 1674 1420 dictis:
1702 1386 1783 1418 Non
1801 1386 2046 1419 iustificabitur
2065 1388 2099 1418 in

1116 1443 1303 1479 conspectu
1319 1443 1379 1469 tuo
1399 1436 1514 1468 omnis
1531 1436 1662 1468 vivens.
1689 1434 1734 1469 Et
1751 1435 1854 1470 Rom.
1874 1437 1923 1471 3.:
1952 1436 2031 1469 Non
2050 1444 2098 1468 est

1116 1487 1247 1525 iustus,
1274 1498 1316 1518 ne
1331 1497 1423 1518 unus
1440 1485 1580 1529 quidem
1593 1512 1602 1525 ,
1630 1486 1663 1517 id
1682 1493 1748 1525 est,
1776 1497 1971 1528 congruens
1985 1488 2027 1520 ad
2046 1494 2101 1519 to-

1114 1542 1185 1568 tam
1204 1536 1324 1577 legem.

1216 1583 1381 1618 XXXIX.
1417 1583 1507 1618 Cum
1533 1591 1647 1617 autem
1673 1592 1792 1628 postea
1817 1586 1932 1630 inquit
1952 1585 2098 1618 Paulus:

1086 1635 1089 1647 ¹
1114 1635 1217 1669 Nunc
1239 1642 1354 1669 autem
1376 1635 1451 1668 sine
1472 1635 1545 1677 lege
1567 1635 1703 1668 iusticia
1720 1634 1788 1668 Dei
1805 1636 2021 1669 manifestata
2039 1645 2100 1672 est,

1114 1687 1189 1719 sine
1212 1686 1286 1720 ulla
1312 1685 1533 1719 dubitatione
1559 1685 1776 1728 significatur
1807 1686 1944 1719 iusticia
1975 1699 1993 1719 a
2020 1685 2095 1719 Deo

1114 1748 1176 1780 per
1191 1736 1357 1769 Messiam
1374 1735 1511 1769 reddita
1528 1736 1648 1779 generi
1665 1733 1820 1770 humano
1832 1763 1841 1776 ,
1869 1737 1911 1769 de
1929 1748 1996 1781 qua
2016 1749 2098 1780 pro—

1113 1787 1295 1820 missiones
1330 1787 1537 1831 loquuntur.
1605 1785 1732 1820 Daniel
1765 1787 1948 1831 perspicue
1980 1787 2095 1831 inquit

1113 1849 1186 1880 cap.
1218 1838 1293 1872 11,;
1327 1836 1516 1870 Delebitur
1538 1843 1735 1880 peccatum,
1767 1844 1799 1871 et
1824 1838 2017 1871 adducetur
2042 1838 2096 1870 iu-

1112 1888 1210 1921 sticia
1228 1894 1378 1922 aeterna.
1432 1885 1483 1921 Ita
1504 1884 1561 1919 hic
1580 1887 1717 1920 iusticia
1735 1894 1785 1920 est
1806 1888 1964 1920 remissio
1983 1895 2015 1921 et
2034 1889 2096 1920 de-

1112 1938 1195 1971 letio
1219 1938 1371 1981 peccati,
1398 1944 1431 1970 et
1453 1943 1593 1970 econtra
1610 1937 1849 1971 reconciliatio
1866 1950 1926 1971 seu
1943 1938 2095 1981 imputa-

1113 1988 1161 2021 tio
1188 1988 1361 2028 iustieiae,
1387 1998 1455 2032 qua
1480 1998 1544 2020 nos
1560 1985 1656 2019 Deus
1674 1994 1811 2030 reputat
1827 1987 1936 2021 iustos
1952 1994 2094 2031 propter

1111 2038 1242 2079 filium,
1270 2045 1303 2071 et
1325 2037 1471 2070 donatio
1495 2043 1527 2069 et
1546 2037 1681 2070 effectio
1700 2037 1795 2070 illius
1813 2037 1969 2070 iusticiae
1989 2045 2020 2070 et
2040 2038 2094 2068 vi-

1111 2095 1165 2122 tae
1189 2089 1226 2121 in
1253 2088 1373 2128 nobis,
1401 2099 1489 2132 quae
1514 2087 1579 2120 erit
1603 2094 1753 2122 aeterna.
1805 2086 1982 2132 Loquitur
1998 2088 2092 2120 enim

1110 2137 1236 2172 Daniel
1261 2140 1303 2171 de
1327 2145 1400 2171 toto
1433 2137 1616 2171 beneficio.
1676 2137 1787 2171 Sicuti
1814 2136 1918 2172 Rom.
1942 2136 1976 2171 5.
1999 2137 2093 2171 Pau-

1111 2189 1180 2222 lus:
1209 2188 1275 2222 Per
1289 2186 1470 2222 Christum
1489 2187 1600 2230 gratia
1613 2214 1620 2227 ‚
1648 2194 1681 2221 et
1702 2189 1836 2221 donum
1855 2199 1917 2231 per
1933 2188 2092 2230 gratiam.

1110 2239 1181 2273 Nee
1204 2246 1315 2284 potest
1341 2238 1551 2271 vocabulum
1577 2238 1625 2270 sic
1652 2238 1823 2280 intelligi,
1851 2238 1987 2272 iusticia
2013 2236 2091 2275 Dei,

1111 2291 1145 2323 id
1171 2297 1238 2330 est,
1268 2289 1463 2322 essentialis
1487 2287 1640 2325 iusticia,
1664 2299 1752 2332 quae
1774 2289 1811 2320 in
1825 2286 1900 2321 Deo
1918 2295 1990 2328 est,
2018 2301 2090 2322 non

1109 2341 1272 2374 meritum
1299 2339 1523 2377 redemtoris,
1555 2339 1597 2369 de
1621 2350 1690 2381 quo
1715 2338 1899 2381 praecipue
1933 2339 2090 2384 loquitur

1108 2390 1352 2434 Evangelium,
1369 2401 1440 2421 non
1457 2387 1614 2421 remissio
1633 2395 1852 2432 peccatorum
1870 2390 1986 2423 danda
2006 2401 2089 2432 pro-

1108 2448 1183 2485 pter
1197 2442 1359 2474 meritum
1375 2437 1518 2471 Christi.

1209 2492 1284 2524 XL.
1322 2490 1495 2523 Usitatmn
1520 2495 1568 2521 est
1592 2485 1647 2521 hic
1681 2489 1903 2532 interpretari
1929 2490 2087 2527 verbum.

1107 2541 1352 2579 iustiticmnur,
1381 2540 1412 2571 id
1433 2545 1500 2578 est,
1521 2550 1560 2570 ex
1575 2539 1712 2572 iniustis
1735 2540 1905 2572 efficimur
1925 2540 2024 2576 iusti,
2052 2548 2083 2571 et

1106 2592 1139 2624 id
1158 2592 1355 2634 intelligunt
1374 2587 1530 2621 Thomas
1549 2595 1581 2621 et
1598 2589 1728 2622 similes
1744 2591 1786 2622 de
1802 2591 2029 2634 qualitatibus
2049 2591 2083 2620 in

1106 2643 1226 2681 nobis,
1263 2654 1301 2674 ex
1335 2651 1405 2673 non
1437 2639 1684 2672 obedientibus
1713 2640 1884 2673 efficimur
1916 2639 2082 2673 habentes
