<?xml version="1.0" encoding="UTF-8"?>
<!DOCTYPE html PUBLIC "-//W3C//DTD XHTML 1.0 Transitional//EN"
    "http://www.w3.org/TR/xhtml1/DTD/xhtml1-transitional.dtd">
<html xmlns="http://www.w3.org/1999/xhtml" xml:lang="en" lang="en">
 <head>
  <title>
</title>
<meta http-equiv="Content-Type" content="text/html;charset=utf-8" />
  <meta name='ocr-system' content='tesseract 3.04.00' />
  <meta name='ocr-capabilities' content='ocr_page ocr_carea ocr_par ocr_line ocrx_word'/>
</head>
<body>
  <div class='ocr_page' id='page_1' title='image "./operaquaesupersu12melauoft/operaquaesupersu12melauoft_0544.png"; bbox 0 0 2324 2955; ppageno 0'>
   <div class='ocr_carea' id='block_1_1' title="bbox 213 118 309 152">
    <p class='ocr_par' dir='ltr' id='par_1_1' title="bbox 213 118 309 152">
     <span class='ocr_line' id='line_1_1' title="bbox 213 118 309 152; baseline 0.01 -1"><span class='ocrx_word' id='word_1_1' title='bbox 213 118 309 152; x_wconf 74' lang='lat'>1063</span> 
     </span>
    </p>
   </div>
   <div class='ocr_carea' id='block_1_2' title="bbox 214 192 1193 389">
    <p class='ocr_par' dir='ltr' id='par_1_2' title="bbox 214 192 1193 389">
     <span class='ocr_line' id='line_1_2' title="bbox 214 192 1192 238; baseline -0.011 -2"><span class='ocrx_word' id='word_1_2' title='bbox 214 202 395 236; x_wconf 70' lang='lat' dir='ltr'>Romanae</span> <span class='ocrx_word' id='word_1_3' title='bbox 419 198 490 229; x_wconf 84' lang='lat' dir='ltr'>sedi</span> <span class='ocrx_word' id='word_1_4' title='bbox 513 202 543 227; x_wconf 85' lang='lat' dir='ltr'>et</span> <span class='ocrx_word' id='word_1_5' title='bbox 562 195 692 238; x_wconf 91' lang='lat' dir='ltr'>populo</span> <span class='ocrx_word' id='word_1_6' title='bbox 719 193 895 229; x_wconf 81' lang='lat' dir='ltr'>Romano.</span> <span class='ocrx_word' id='word_1_7' title='bbox 948 192 1115 226; x_wconf 59' lang='lat' dir='ltr'>Nondum</span> <span class='ocrx_word' id='word_1_8' title='bbox 1141 199 1192 226; x_wconf 89' lang='lat' dir='ltr'>ta-</span> 
     </span>
     <span class='ocr_line' id='line_1_3' title="bbox 214 242 1193 291; baseline -0.007 -7"><span class='ocrx_word' id='word_1_9' title='bbox 214 263 297 284; x_wconf 87' lang='lat' dir='ltr'>men</span> <span class='ocrx_word' id='word_1_10' title='bbox 317 252 503 291; x_wconf 86' lang='lat' dir='ltr'>imperator</span> <span class='ocrx_word' id='word_1_11' title='bbox 521 246 630 278; x_wconf 85' lang='lat' dir='ltr'>sactus</span> <span class='ocrx_word' id='word_1_12' title='bbox 650 251 709 278; x_wconf 89' lang='lat' dir='ltr'>est.</span> <span class='ocrx_word' id='word_1_13' title='bbox 744 244 811 277; x_wconf 86' lang='lat' dir='ltr'>Sed</span> <span class='ocrx_word' id='word_1_14' title='bbox 831 242 913 276; x_wconf 88' lang='lat' dir='ltr'>haec</span> <span class='ocrx_word' id='word_1_15' title='bbox 932 243 1032 277; x_wconf 86' lang='lat' dir='ltr'>initia</span> <span class='ocrx_word' id='word_1_16' title='bbox 1051 243 1193 277; x_wconf 78' lang='lat' dir='ltr'>suerunt</span> 
     </span>
     <span class='ocr_line' id='line_1_4' title="bbox 214 292 1190 344; baseline -0.004 -13"><span class='ocrx_word' id='word_1_17' title='bbox 214 299 385 344; x_wconf 75' lang='lat' dir='ltr'>potentiae</span> <span class='ocrx_word' id='word_1_18' title='bbox 412 295 629 328; x_wconf 80' lang='lat' dir='ltr'>Francorum</span> <span class='ocrx_word' id='word_1_19' title='bbox 656 295 691 326; x_wconf 90' lang='lat' dir='ltr'>in</span> <span class='ocrx_word' id='word_1_20' title='bbox 719 292 834 333; x_wconf 82' lang='lat' dir='ltr'>ltalia,</span> <span class='ocrx_word' id='word_1_21' title='bbox 861 305 948 338; x_wconf 87' lang='lat' dir='ltr'>quae</span> <span class='ocrx_word' id='word_1_22' title='bbox 974 293 1035 326; x_wconf 85' lang='lat' dir='ltr'>diu</span> <span class='ocrx_word' id='word_1_23' title='bbox 1060 294 1190 337; x_wconf 80' lang='lat' dir='ltr'>profuit</span> 
     </span>
     <span class='ocr_line' id='line_1_5' title="bbox 215 348 553 389; baseline -0.015 -7"><span class='ocrx_word' id='word_1_24' title='bbox 215 352 254 382; x_wconf 68' lang='lat' dir='ltr'>ad</span> <span class='ocrx_word' id='word_1_25' title='bbox 282 348 400 381; x_wconf 84' lang='lat' dir='ltr'>ltaliae</span> <span class='ocrx_word' id='word_1_26' title='bbox 424 356 553 389; x_wconf 81' lang='lat' dir='ltr'>pacem.</span> 
     </span>
    </p>
   </div>
   <div class='ocr_carea' id='block_1_3' title="bbox 496 443 895 479">
    <p class='ocr_par' dir='ltr' id='par_1_3' title="bbox 496 443 895 479">
     <span class='ocr_line' id='line_1_6' title="bbox 496 443 895 479; baseline -0.005 0"><span class='ocrx_word' id='word_1_27' title='bbox 496 446 568 479; x_wconf 86' lang='lat' dir='ltr'>De</span> <span class='ocrx_word' id='word_1_28' title='bbox 603 443 895 478; x_wconf 72' lang='lat' dir='ltr'>Exarchis.</span> 
     </span>
    </p>
   </div>
   <div class='ocr_carea' id='block_1_4' title="bbox 217 507 1195 960">
    <p class='ocr_par' dir='ltr' id='par_1_4' title="bbox 217 507 1194 899">
     <span class='ocr_line' id='line_1_7' title="bbox 316 507 1194 556; baseline -0.006 -8"><span class='ocrx_word' id='word_1_29' title='bbox 316 514 485 549; x_wconf 80' lang='lat' dir='ltr'>Recitabo</span> <span class='ocrx_word' id='word_1_30' title='bbox 511 519 543 546; x_wconf 90' lang='lat' dir='ltr'>et</span> <span class='ocrx_word' id='word_1_31' title='bbox 573 512 738 545; x_wconf 83' lang='lat' dir='ltr'>continua</span> <span class='ocrx_word' id='word_1_32' title='bbox 765 511 851 543; x_wconf 84' lang='lat' dir='ltr'>serie</span> <span class='ocrx_word' id='word_1_33' title='bbox 877 507 1098 551; x_wconf 58' lang='lat' dir='ltr'>litat-rhos,</span> <span class='ocrx_word' id='word_1_34' title='bbox 1133 511 1194 556; x_wconf 88' lang='lat' dir='ltr'>qui</span> 
     </span>
     <span class='ocr_line' id='line_1_8' title="bbox 218 561 1194 606; baseline -0.007 -6"><span class='ocrx_word' id='word_1_35' title='bbox 218 572 363 600; x_wconf 64' lang='lat' dir='ltr'>inerunt</span> <span class='ocrx_word' id='word_1_36' title='bbox 381 563 511 596; x_wconf 65' lang='lat' dir='ltr'>Yicarii</span> <span class='ocrx_word' id='word_1_37' title='bbox 528 563 776 606; x_wconf 74' lang='lat' dir='ltr'>imperatorum</span> <span class='ocrx_word' id='word_1_38' title='bbox 797 561 1032 601; x_wconf 81' lang='lat' dir='ltr'>Graecorum,</span> <span class='ocrx_word' id='word_1_39' title='bbox 1061 567 1090 593; x_wconf 87' lang='lat' dir='ltr'>ct</span> <span class='ocrx_word' id='word_1_40' title='bbox 1116 573 1194 605; x_wconf 83' lang='lat' dir='ltr'>par—</span> 
     </span>
     <span class='ocr_line' id='line_1_9' title="bbox 217 611 1193 655; baseline -0.007 -6"><span class='ocrx_word' id='word_1_41' title='bbox 217 627 287 650; x_wconf 82' lang='lat' dir='ltr'>tein</span> <span class='ocrx_word' id='word_1_42' title='bbox 303 615 422 648; x_wconf 84' lang='lat' dir='ltr'>Italiae</span> <span class='ocrx_word' id='word_1_43' title='bbox 437 620 608 646; x_wconf 80' lang='lat' dir='ltr'>rexerunt.</span> <span class='ocrx_word' id='word_1_44' title='bbox 663 611 811 655; x_wconf 85' lang='lat' dir='ltr'>Fuitquc</span> <span class='ocrx_word' id='word_1_45' title='bbox 830 623 888 643; x_wconf 75' lang='lat' dir='ltr'>arx</span> <span class='ocrx_word' id='word_1_46' title='bbox 906 623 1025 643; x_wconf 88' lang='lat' dir='ltr'>eorum</span> <span class='ocrx_word' id='word_1_47' title='bbox 1050 623 1108 644; x_wconf 86' lang='lat' dir='ltr'>seu</span> <span class='ocrx_word' id='word_1_48' title='bbox 1131 623 1193 643; x_wconf 89' lang='lat' dir='ltr'>au-</span> 
     </span>
     <span class='ocr_line' id='line_1_10' title="bbox 218 660 1191 700; baseline -0.005 -2"><span class='ocrx_word' id='word_1_49' title='bbox 218 668 270 700; x_wconf 87' lang='lat' dir='ltr'>lae</span> <span class='ocrx_word' id='word_1_50' title='bbox 287 664 506 698; x_wconf 80' lang='lat' dir='ltr'>domicilium</span> <span class='ocrx_word' id='word_1_51' title='bbox 523 660 719 695; x_wconf 56' lang='lat' dir='ltr'>Ravenna.</span> <span class='ocrx_word' id='word_1_52' title='bbox 766 660 892 694; x_wconf 79' lang='lat' dir='ltr'>incidit</span> <span class='ocrx_word' id='word_1_53' title='bbox 911 673 1030 694; x_wconf 89' lang='lat' dir='ltr'>eorum</span> <span class='ocrx_word' id='word_1_54' title='bbox 1049 662 1191 694; x_wconf 86' lang='lat' dir='ltr'>initium</span> 
     </span>
     <span class='ocr_line' id='line_1_11' title="bbox 219 711 1194 757; baseline -0.006 -8"><span class='ocrx_word' id='word_1_55' title='bbox 219 717 258 749; x_wconf 87' lang='lat' dir='ltr'>in</span> <span class='ocrx_word' id='word_1_56' title='bbox 282 713 541 757; x_wconf 83' lang='lat' dir='ltr'>Lougobardici</span> <span class='ocrx_word' id='word_1_57' title='bbox 573 712 670 755; x_wconf 84' lang='lat' dir='ltr'>regni</span> <span class='ocrx_word' id='word_1_58' title='bbox 696 712 848 745; x_wconf 89' lang='lat' dir='ltr'>initium.</span> <span class='ocrx_word' id='word_1_59' title='bbox 911 711 979 744; x_wconf 81' lang='lat' dir='ltr'>Sed</span> <span class='ocrx_word' id='word_1_60' title='bbox 1006 712 1106 745; x_wconf 84' lang='lat' dir='ltr'>citius</span> <span class='ocrx_word' id='word_1_61' title='bbox 1129 711 1194 744; x_wconf 84' lang='lat' dir='ltr'>ali-</span> 
     </span>
     <span class='ocr_line' id='line_1_12' title="bbox 219 760 1193 811; baseline -0.005 -12"><span class='ocrx_word' id='word_1_62' title='bbox 219 772 350 811; x_wconf 83' lang='lat' dir='ltr'>quanto</span> <span class='ocrx_word' id='word_1_63' title='bbox 381 764 482 797; x_wconf 88' lang='lat' dir='ltr'>desiit</span> <span class='ocrx_word' id='word_1_64' title='bbox 506 760 720 795; x_wconf 77' lang='lat' dir='ltr'>Exarchatus</span> <span class='ocrx_word' id='word_1_65' title='bbox 745 773 847 806; x_wconf 85' lang='lat' dir='ltr'>quam</span> <span class='ocrx_word' id='word_1_66' title='bbox 882 773 1026 804; x_wconf 83' lang='lat' dir='ltr'>regnum</span> <span class='ocrx_word' id='word_1_67' title='bbox 1052 760 1193 804; x_wconf 84' lang='lat' dir='ltr'>Longo-</span> 
     </span>
     <span class='ocr_line' id='line_1_13' title="bbox 218 811 1194 855; baseline -0.005 -6"><span class='ocrx_word' id='word_1_68' title='bbox 218 816 416 853; x_wconf 75' lang='lat' dir='ltr'>bardicum,</span> <span class='ocrx_word' id='word_1_69' title='bbox 444 813 604 846; x_wconf 71' lang='lat' dir='ltr'>videlicet</span> <span class='ocrx_word' id='word_1_70' title='bbox 627 824 704 845; x_wconf 91' lang='lat' dir='ltr'>cum</span> <span class='ocrx_word' id='word_1_71' title='bbox 724 811 871 855; x_wconf 84' lang='lat' dir='ltr'>Pipinus</span> <span class='ocrx_word' id='word_1_72' title='bbox 889 812 926 844; x_wconf 89' lang='lat' dir='ltr'>in</span> <span class='ocrx_word' id='word_1_73' title='bbox 944 811 1081 845; x_wconf 76' lang='lat' dir='ltr'>ItaIIam</span> <span class='ocrx_word' id='word_1_74' title='bbox 1108 824 1194 845; x_wconf 88' lang='lat' dir='ltr'>con—</span> 
     </span>
     <span class='ocr_line' id='line_1_14' title="bbox 221 865 699 899; baseline -0.008 0"><span class='ocrx_word' id='word_1_75' title='bbox 221 874 273 899; x_wconf 84' lang='lat' dir='ltr'>tra</span> <span class='ocrx_word' id='word_1_76' title='bbox 291 865 469 898; x_wconf 74' lang='lat' dir='ltr'>Astulsum</span> <span class='ocrx_word' id='word_1_77' title='bbox 486 870 626 896; x_wconf 71' lang='lat' dir='ltr'>vocatus</span> <span class='ocrx_word' id='word_1_78' title='bbox 642 869 699 895; x_wconf 87' lang='lat' dir='ltr'>est.</span> 
     </span>
    </p>

    <p class='ocr_par' dir='ltr' id='par_1_5' title="bbox 324 910 1195 960">
     <span class='ocr_line' id='line_1_15' title="bbox 324 910 1195 960; baseline -0.005 -12"><span class='ocrx_word' id='word_1_79' title='bbox 324 914 422 948; x_wconf 87' lang='lat' dir='ltr'>Anni</span> <span class='ocrx_word' id='word_1_80' title='bbox 440 914 645 947; x_wconf 87' lang='lat' dir='ltr'>tribuuntur</span> <span class='ocrx_word' id='word_1_81' title='bbox 660 910 830 945; x_wconf 57' lang='lat' dir='ltr'>Est-archis</span> <span class='ocrx_word' id='word_1_82' title='bbox 848 919 986 946; x_wconf 89' lang='lat' dir='ltr'>centum</span> <span class='ocrx_word' id='word_1_83' title='bbox 1006 918 1038 945; x_wconf 88' lang='lat' dir='ltr'>et</span> <span class='ocrx_word' id='word_1_84' title='bbox 1056 919 1195 960; x_wconf 80' lang='lat' dir='ltr'>septua-</span> 
     </span>
    </p>
   </div>
   <div class='ocr_carea' id='block_1_5' title="bbox 220 963 1222 1009">
    <p class='ocr_par' dir='ltr' id='par_1_6' title="bbox 220 963 1222 1009">
     <span class='ocr_line' id='line_1_16' title="bbox 220 963 1222 1009; baseline -0.007 -11"><span class='ocrx_word' id='word_1_85' title='bbox 220 966 315 1008; x_wconf 81' lang='lat' dir='ltr'>ginta</span> <span class='ocrx_word' id='word_1_86' title='bbox 350 965 517 1009; x_wconf 86' lang='lat' dir='ltr'>quinque.</span> <span class='ocrx_word' id='word_1_87' title='bbox 561 963 781 996; x_wconf 63' lang='lat' dir='ltr'>Vocabulum</span> <span class='ocrx_word' id='word_1_88' title='bbox 811 975 882 994; x_wconf 81' lang='lat' dir='ltr'>nou</span> <span class='ocrx_word' id='word_1_89' title='bbox 911 975 929 995; x_wconf 89' lang='lat' dir='ltr'>a</span> <span class='ocrx_word' id='word_1_90' title='bbox 961 974 1017 995; x_wconf 87' lang='lat' dir='ltr'>sex</span> <span class='ocrx_word' id='word_1_91' title='bbox 1048 963 1194 995; x_wconf 60' lang='lat' dir='ltr'>urbilmz</span> <span class='ocrx_word' id='word_1_92' title='bbox 1220 967 1222 972; x_wconf 72' lang='lat'><strong>⁴</strong></span> 
     </span>
    </p>
   </div>
   <div class='ocr_carea' id='block_1_6' title="bbox 221 1010 1196 1156">
    <p class='ocr_par' dir='ltr' id='par_1_7' title="bbox 221 1010 1196 1156">
     <span class='ocr_line' id='line_1_17' title="bbox 221 1010 1195 1056; baseline -0.007 -8"><span class='ocrx_word' id='word_1_93' title='bbox 221 1017 352 1048; x_wconf 86' lang='lat' dir='ltr'>dictum</span> <span class='ocrx_word' id='word_1_94' title='bbox 368 1021 428 1047; x_wconf 89' lang='lat' dir='ltr'>est.</span> <span class='ocrx_word' id='word_1_95' title='bbox 479 1013 547 1047; x_wconf 91' lang='lat' dir='ltr'>Sed</span> <span class='ocrx_word' id='word_1_96' title='bbox 559 1013 729 1056; x_wconf 72' lang='grc' dir='ltr'><em>Ἔξαρχος</em></span> <span class='ocrx_word' id='word_1_97' title='bbox 745 1019 793 1043; x_wconf 73' lang='lat' dir='ltr'>est</span> <span class='ocrx_word' id='word_1_98' title='bbox 817 1013 962 1044; x_wconf 80' lang='lat' dir='ltr'>eximius</span> <span class='ocrx_word' id='word_1_99' title='bbox 979 1023 1037 1042; x_wconf 87' lang='lat' dir='ltr'>seu</span> <span class='ocrx_word' id='word_1_100' title='bbox 1063 1010 1195 1053; x_wconf 87' lang='lat' dir='ltr'>praeci-</span> 
     </span>
     <span class='ocr_line' id='line_1_18' title="bbox 224 1059 1193 1109; baseline -0.007 -12"><span class='ocrx_word' id='word_1_101' title='bbox 224 1077 313 1109; x_wconf 86' lang='lat' dir='ltr'>puus</span> <span class='ocrx_word' id='word_1_102' title='bbox 337 1064 516 1104; x_wconf 81' lang='lat' dir='ltr'>Princeps.</span> <span class='ocrx_word' id='word_1_103' title='bbox 568 1062 703 1093; x_wconf 87' lang='lat' dir='ltr'>Horum</span> <span class='ocrx_word' id='word_1_104' title='bbox 729 1067 882 1102; x_wconf 84' lang='lat' dir='ltr'>tempore</span> <span class='ocrx_word' id='word_1_105' title='bbox 906 1060 971 1091; x_wconf 86' lang='lat' dir='ltr'>fuit</span> <span class='ocrx_word' id='word_1_106' title='bbox 994 1072 1032 1091; x_wconf 92' lang='lat' dir='ltr'>eo</span> <span class='ocrx_word' id='word_1_107' title='bbox 1057 1059 1193 1103; x_wconf 88' lang='lat' dir='ltr'>inquie-</span> 
     </span>
     <span class='ocr_line' id='line_1_19' title="bbox 222 1107 1196 1156; baseline -0.007 -9"><span class='ocrx_word' id='word_1_108' title='bbox 222 1117 292 1149; x_wconf 77' lang='lat' dir='ltr'>tior</span> <span class='ocrx_word' id='word_1_109' title='bbox 311 1113 429 1151; x_wconf 84' lang='lat' dir='ltr'>ltalia,</span> <span class='ocrx_word' id='word_1_110' title='bbox 458 1113 539 1156; x_wconf 87' lang='lat' dir='ltr'>quia</span> <span class='ocrx_word' id='word_1_111' title='bbox 564 1122 641 1143; x_wconf 90' lang='lat' dir='ltr'>cum</span> <span class='ocrx_word' id='word_1_112' title='bbox 668 1109 920 1151; x_wconf 84' lang='lat' dir='ltr'>Longobardos</span> <span class='ocrx_word' id='word_1_113' title='bbox 938 1107 1089 1141; x_wconf 76' lang='lat' dir='ltr'>Exarchi</span> <span class='ocrx_word' id='word_1_114' title='bbox 1116 1109 1196 1140; x_wconf 88' lang='lat' dir='ltr'>irri-</span> 
     </span>
    </p>
   </div>
   <div class='ocr_carea' id='block_1_7' title="bbox 222 1159 1223 1207">
    <p class='ocr_par' dir='ltr' id='par_1_8' title="bbox 222 1159 1223 1207">
     <span class='ocr_line' id='line_1_20' title="bbox 222 1159 1223 1207; baseline -0.007 -10"><span class='ocrx_word' id='word_1_115' title='bbox 222 1170 353 1204; x_wconf 84' lang='lat' dir='ltr'>tarent,</span> <span class='ocrx_word' id='word_1_116' title='bbox 386 1163 513 1207; x_wconf 89' lang='lat' dir='ltr'>quibus</span> <span class='ocrx_word' id='word_1_117' title='bbox 542 1172 613 1193; x_wconf 88' lang='lat' dir='ltr'>non</span> <span class='ocrx_word' id='word_1_118' title='bbox 632 1167 730 1192; x_wconf 87' lang='lat' dir='ltr'>erant</span> <span class='ocrx_word' id='word_1_119' title='bbox 754 1171 867 1203; x_wconf 81' lang='lat' dir='ltr'>pares,</span> <span class='ocrx_word' id='word_1_120' title='bbox 902 1165 932 1191; x_wconf 88' lang='lat' dir='ltr'>et</span> <span class='ocrx_word' id='word_1_121' title='bbox 965 1170 1044 1191; x_wconf 80' lang='lat' dir='ltr'>suos</span> <span class='ocrx_word' id='word_1_122' title='bbox 1069 1159 1197 1202; x_wconf 87' lang='lat' dir='ltr'>spolia·</span> <span class='ocrx_word' id='word_1_123' title='bbox 1222 1161 1223 1187; x_wconf 66' lang='grc' dir='ltr'>ἒ</span> 
     </span>
    </p>
   </div>
   <div class='ocr_carea' id='block_1_8' title="bbox 222 1209 1198 1306">
    <p class='ocr_par' dir='ltr' id='par_1_9' title="bbox 222 1209 1198 1306">
     <span class='ocr_line' id='line_1_21' title="bbox 224 1209 1197 1254; baseline -0.005 -7"><span class='ocrx_word' id='word_1_124' title='bbox 224 1221 322 1253; x_wconf 88' lang='lat' dir='ltr'>rent,</span> <span class='ocrx_word' id='word_1_125' title='bbox 356 1223 499 1254; x_wconf 85' lang='lat' dir='ltr'>maguae</span> <span class='ocrx_word' id='word_1_126' title='bbox 523 1211 732 1244; x_wconf 74' lang='lat' dir='ltr'>vastationes</span> <span class='ocrx_word' id='word_1_127' title='bbox 757 1217 789 1242; x_wconf 90' lang='lat' dir='ltr'>et</span> <span class='ocrx_word' id='word_1_128' title='bbox 813 1209 1026 1252; x_wconf 71' lang='lat' dir='ltr'>direptiones</span> <span class='ocrx_word' id='word_1_129' title='bbox 1056 1210 1197 1249; x_wconf 82' lang='lat' dir='ltr'>fiebant,</span> 
     </span>
     <span class='ocr_line' id='line_1_22' title="bbox 222 1258 1198 1306; baseline -0.005 -9"><span class='ocrx_word' id='word_1_130' title='bbox 222 1274 367 1306; x_wconf 82' lang='lat' dir='ltr'>magnos</span> <span class='ocrx_word' id='word_1_131' title='bbox 382 1262 486 1295; x_wconf 84' lang='lat' dir='ltr'>etiam</span> <span class='ocrx_word' id='word_1_132' title='bbox 501 1261 671 1294; x_wconf 82' lang='lat' dir='ltr'>tumultus</span> <span class='ocrx_word' id='word_1_133' title='bbox 687 1267 805 1293; x_wconf 86' lang='lat' dir='ltr'>contra</span> <span class='ocrx_word' id='word_1_134' title='bbox 822 1259 1001 1293; x_wconf 81' lang='lat' dir='ltr'>Romanos</span> <span class='ocrx_word' id='word_1_135' title='bbox 1013 1258 1198 1292; x_wconf 84' lang='lat' dir='ltr'>Pontifices</span> 
     </span>
    </p>
   </div>
   <div class='ocr_carea' id='block_1_9' title="bbox 223 1308 1225 1358">
    <p class='ocr_par' dir='ltr' id='par_1_10' title="bbox 223 1308 1225 1358">
     <span class='ocr_line' id='line_1_23' title="bbox 223 1308 1225 1358; baseline -0.006 -11"><span class='ocrx_word' id='word_1_136' title='bbox 223 1320 365 1358; x_wconf 88' lang='lat' dir='ltr'>propter</span> <span class='ocrx_word' id='word_1_137' title='bbox 381 1308 641 1355; x_wconf 26' lang='grc' dir='ltr'>εἷκονολιιαχίαν</span> <span class='ocrx_word' id='word_1_138' title='bbox 657 1317 689 1344; x_wconf 85' lang='lat' dir='ltr'>et</span> <span class='ocrx_word' id='word_1_139' title='bbox 705 1311 788 1343; x_wconf 84' lang='lat' dir='ltr'>alias</span> <span class='ocrx_word' id='word_1_140' title='bbox 806 1310 951 1344; x_wconf 87' lang='lat' dir='ltr'>iniustas</span> <span class='ocrx_word' id='word_1_141' title='bbox 971 1321 1088 1342; x_wconf 85' lang='lat' dir='ltr'>causas</span> <span class='ocrx_word' id='word_1_142' title='bbox 1108 1310 1199 1342; x_wconf 77' lang='lat' dir='ltr'>exci-</span> <span class='ocrx_word' id='word_1_143' title='bbox 1223 1308 1225 1329; x_wconf 58' lang='grc' dir='ltr'>ἶ</span> 
     </span>
    </p>
   </div>
   <div class='ocr_carea' id='block_1_10' title="bbox 223 1360 1201 1756">
    <p class='ocr_par' dir='ltr' id='par_1_11' title="bbox 223 1360 1201 1756">
     <span class='ocr_line' id='line_1_24' title="bbox 223 1360 1198 1405; baseline -0.005 -8"><span class='ocrx_word' id='word_1_144' title='bbox 223 1370 353 1398; x_wconf 79' lang='lat' dir='ltr'>tarunt.</span> <span class='ocrx_word' id='word_1_145' title='bbox 406 1362 515 1405; x_wconf 89' lang='lat' dir='ltr'>Saepe</span> <span class='ocrx_word' id='word_1_146' title='bbox 531 1362 622 1394; x_wconf 88' lang='lat' dir='ltr'>enim</span> <span class='ocrx_word' id='word_1_147' title='bbox 639 1360 824 1394; x_wconf 81' lang='lat' dir='ltr'>Pontifices</span> <span class='ocrx_word' id='word_1_148' title='bbox 844 1360 1083 1404; x_wconf 78' lang='lat' dir='ltr'>impediebant</span> <span class='ocrx_word' id='word_1_149' title='bbox 1100 1360 1198 1403; x_wconf 86' lang='lat' dir='ltr'>expi-</span> 
     </span>
     <span class='ocr_line' id='line_1_25' title="bbox 224 1410 1198 1454; baseline -0.004 -8"><span class='ocrx_word' id='word_1_150' title='bbox 224 1415 387 1448; x_wconf 85' lang='lat' dir='ltr'>lationes:</span> <span class='ocrx_word' id='word_1_151' title='bbox 414 1424 452 1445; x_wconf 88' lang='lat' dir='ltr'>ac</span> <span class='ocrx_word' id='word_1_152' title='bbox 470 1411 635 1444; x_wconf 59' lang='lat' dir='ltr'>lNIauricii</span> <span class='ocrx_word' id='word_1_153' title='bbox 652 1411 870 1454; x_wconf 84' lang='lat' dir='ltr'>imperatoris</span> <span class='ocrx_word' id='word_1_154' title='bbox 896 1418 1050 1454; x_wconf 88' lang='lat' dir='ltr'>tempore</span> <span class='ocrx_word' id='word_1_155' title='bbox 1077 1410 1198 1443; x_wconf 83' lang='lat' dir='ltr'>scribit</span> 
     </span>
     <span class='ocr_line' id='line_1_26' title="bbox 226 1460 1199 1506; baseline -0.005 -9"><span class='ocrx_word' id='word_1_156' title='bbox 226 1463 418 1506; x_wconf 79' lang='lat' dir='ltr'>Gregorius</span> <span class='ocrx_word' id='word_1_157' title='bbox 442 1462 623 1496; x_wconf 81' lang='lat' dir='ltr'>Romanus</span> <span class='ocrx_word' id='word_1_158' title='bbox 646 1460 857 1505; x_wconf 84' lang='lat' dir='ltr'>Episcopus,</span> <span class='ocrx_word' id='word_1_159' title='bbox 895 1461 955 1505; x_wconf 85' lang='lat' dir='ltr'>qui</span> <span class='ocrx_word' id='word_1_160' title='bbox 987 1461 1120 1504; x_wconf 88' lang='lat' dir='ltr'>primus</span> <span class='ocrx_word' id='word_1_161' title='bbox 1152 1461 1199 1493; x_wconf 89' lang='lat' dir='ltr'>sic</span> 
     </span>
     <span class='ocr_line' id='line_1_27' title="bbox 224 1509 1200 1553; baseline -0.003 -7"><span class='ocrx_word' id='word_1_162' title='bbox 224 1515 426 1546; x_wconf 88' lang='lat' dir='ltr'>nominatus</span> <span class='ocrx_word' id='word_1_163' title='bbox 442 1519 506 1546; x_wconf 89' lang='lat' dir='ltr'>est:</span> <span class='ocrx_word' id='word_1_164' title='bbox 534 1511 675 1544; x_wconf 81' lang='lat' dir='ltr'>Malicia</span> <span class='ocrx_word' id='word_1_165' title='bbox 692 1509 843 1544; x_wconf 68' lang='lat' dir='ltr'>Exarchi</span> <span class='ocrx_word' id='word_1_166' title='bbox 865 1512 1029 1543; x_wconf 83' lang='lat' dir='ltr'>adversus</span> <span class='ocrx_word' id='word_1_167' title='bbox 1045 1522 1108 1543; x_wconf 87' lang='lat' dir='ltr'>nos</span> <span class='ocrx_word' id='word_1_168' title='bbox 1126 1511 1200 1553; x_wconf 80' lang='lat' dir='ltr'>gla-</span> 
     </span>
     <span class='ocr_line' id='line_1_28' title="bbox 225 1561 1200 1606; baseline -0.004 -9"><span class='ocrx_word' id='word_1_169' title='bbox 225 1566 302 1597; x_wconf 77' lang='lat' dir='ltr'>dios</span> <span class='ocrx_word' id='word_1_170' title='bbox 316 1563 630 1606; x_wconf 83' lang='lat' dir='ltr'>Longobardorum</span> <span class='ocrx_word' id='word_1_171' title='bbox 648 1562 748 1602; x_wconf 63' lang='lat' dir='ltr'>vicit,</span> <span class='ocrx_word' id='word_1_172' title='bbox 777 1563 836 1606; x_wconf 89' lang='lat' dir='ltr'>qui</span> <span class='ocrx_word' id='word_1_173' title='bbox 856 1573 918 1594; x_wconf 89' lang='lat' dir='ltr'>nos</span> <span class='ocrx_word' id='word_1_174' title='bbox 936 1561 1068 1604; x_wconf 77' lang='lat' dir='ltr'>rapinis</span> <span class='ocrx_word' id='word_1_175' title='bbox 1086 1569 1117 1594; x_wconf 87' lang='lat' dir='ltr'>et</span> <span class='ocrx_word' id='word_1_176' title='bbox 1134 1561 1200 1593; x_wconf 87' lang='lat' dir='ltr'>sal-</span> 
     </span>
     <span class='ocr_line' id='line_1_29' title="bbox 225 1611 1201 1658; baseline -0.002 -12"><span class='ocrx_word' id='word_1_177' title='bbox 225 1615 324 1647; x_wconf 87' lang='lat' dir='ltr'>laciis</span> <span class='ocrx_word' id='word_1_178' title='bbox 348 1614 474 1658; x_wconf 82' lang='lat' dir='ltr'>perdit.</span> <span class='ocrx_word' id='word_1_179' title='bbox 526 1612 615 1646; x_wconf 88' lang='lat' dir='ltr'>Cum</span> <span class='ocrx_word' id='word_1_180' title='bbox 639 1613 745 1654; x_wconf 75' lang='lat' dir='ltr'>igitur</span> <span class='ocrx_word' id='word_1_181' title='bbox 770 1613 805 1644; x_wconf 86' lang='lat' dir='ltr'>in</span> <span class='ocrx_word' id='word_1_182' title='bbox 828 1612 909 1645; x_wconf 86' lang='lat' dir='ltr'>odio</span> <span class='ocrx_word' id='word_1_183' title='bbox 935 1619 1048 1644; x_wconf 87' lang='lat' dir='ltr'>essent</span> <span class='ocrx_word' id='word_1_184' title='bbox 1073 1611 1201 1644; x_wconf 83' lang='lat' dir='ltr'>Graeci</span> 
     </span>
     <span class='ocr_line' id='line_1_30' title="bbox 224 1662 1200 1708; baseline -0.004 -11"><span class='ocrx_word' id='word_1_185' title='bbox 224 1671 368 1708; x_wconf 75' lang='lat' dir='ltr'>propter</span> <span class='ocrx_word' id='word_1_186' title='bbox 384 1664 545 1707; x_wconf 82' lang='lat' dir='ltr'>rapinas,</span> <span class='ocrx_word' id='word_1_187' title='bbox 580 1663 745 1695; x_wconf 75' lang='lat' dir='ltr'>libidines</span> <span class='ocrx_word' id='word_1_188' title='bbox 772 1669 803 1695; x_wconf 86' lang='lat' dir='ltr'>et</span> <span class='ocrx_word' id='word_1_189' title='bbox 827 1662 1060 1694; x_wconf 83' lang='lat' dir='ltr'>dissensiones</span> <span class='ocrx_word' id='word_1_190' title='bbox 1082 1663 1123 1694; x_wconf 91' lang='lat' dir='ltr'>de</span> <span class='ocrx_word' id='word_1_191' title='bbox 1144 1674 1200 1694; x_wconf 87' lang='lat' dir='ltr'>re-</span> 
     </span>
     <span class='ocr_line' id='line_1_31' title="bbox 226 1709 1201 1756; baseline -0.008 -10"><span class='ocrx_word' id='word_1_192' title='bbox 226 1715 376 1756; x_wconf 72' lang='lat' dir='ltr'>ligione,</span> <span class='ocrx_word' id='word_1_193' title='bbox 408 1718 443 1745; x_wconf 72' lang='lat' dir='ltr'>et</span> <span class='ocrx_word' id='word_1_194' title='bbox 466 1714 603 1744; x_wconf 71' lang='lat' dir='ltr'>asSldUss</span> <span class='ocrx_word' id='word_1_195' title='bbox 626 1714 718 1741; x_wconf 69' lang='lat' dir='ltr'>bella</span> <span class='ocrx_word' id='word_1_196' title='bbox 747 1714 783 1741; x_wconf 83' lang='lat' dir='ltr'>in</span> <span class='ocrx_word' id='word_1_197' title='bbox 810 1712 907 1740; x_wconf 76' lang='lat' dir='ltr'>Italia</span> <span class='ocrx_word' id='word_1_198' title='bbox 940 1719 1071 1747; x_wconf 64' lang='lat' dir='ltr'>esseut,</span> <span class='ocrx_word' id='word_1_199' title='bbox 1109 1709 1201 1738; x_wconf 83' lang='lat' dir='ltr'>nibil</span> 
     </span>
    </p>
   </div>
   <div class='ocr_carea' id='block_1_11' title="bbox 227 1758 1229 1893">
    <p class='ocr_par' dir='ltr' id='par_1_12' title="bbox 227 1758 1229 1893">
     <span class='ocr_line' id='line_1_32' title="bbox 227 1758 1228 1802; baseline -0.007 -7"><span class='ocrx_word' id='word_1_200' title='bbox 227 1764 355 1795; x_wconf 83' lang='lat' dir='ltr'>mirum</span> <span class='ocrx_word' id='word_1_201' title='bbox 373 1762 440 1794; x_wconf 87' lang='lat' dir='ltr'>suit</span> <span class='ocrx_word' id='word_1_202' title='bbox 463 1773 480 1793; x_wconf 88' lang='lat' dir='ltr'>a</span> <span class='ocrx_word' id='word_1_203' title='bbox 496 1760 640 1793; x_wconf 83' lang='lat' dir='ltr'>Francis</span> <span class='ocrx_word' id='word_1_204' title='bbox 667 1759 737 1802; x_wconf 84' lang='lat' dir='ltr'>peti</span> <span class='ocrx_word' id='word_1_205' title='bbox 762 1758 1015 1797; x_wconf 82' lang='lat' dir='ltr'>defensionem,</span> <span class='ocrx_word' id='word_1_206' title='bbox 1050 1768 1200 1802; x_wconf 87' lang='lat' dir='ltr'>quorum</span> <span class='ocrx_word' id='word_1_207' title='bbox 1227 1781 1228 1785; x_wconf 64' lang='lat'>,</span> 
     </span>
     <span class='ocr_line' id='line_1_33' title="bbox 229 1808 1228 1851; baseline -0.007 -6"><span class='ocrx_word' id='word_1_208' title='bbox 229 1812 382 1851; x_wconf 81' lang='lat' dir='ltr'>iusticia,</span> <span class='ocrx_word' id='word_1_209' title='bbox 408 1811 595 1849; x_wconf 82' lang='lat' dir='ltr'>fortitudo,</span> <span class='ocrx_word' id='word_1_210' title='bbox 623 1809 792 1841; x_wconf 82' lang='lat' dir='ltr'>modestia</span> <span class='ocrx_word' id='word_1_211' title='bbox 808 1815 840 1840; x_wconf 87' lang='lat' dir='ltr'>et</span> <span class='ocrx_word' id='word_1_212' title='bbox 856 1808 964 1851; x_wconf 86' lang='lat' dir='ltr'>pietas</span> <span class='ocrx_word' id='word_1_213' title='bbox 981 1814 1064 1840; x_wconf 87' lang='lat' dir='ltr'>tunc</span> <span class='ocrx_word' id='word_1_214' title='bbox 1081 1808 1202 1849; x_wconf 84' lang='lat' dir='ltr'>cogni-</span> <span class='ocrx_word' id='word_1_215' title='bbox 1226 1819 1228 1822; x_wconf 60' lang='lat'><strong>⁴</strong></span> 
     </span>
     <span class='ocr_line' id='line_1_34' title="bbox 459 1858 1229 1893; baseline -0.005 0"><span class='ocrx_word' id='word_1_216' title='bbox 459 1860 528 1893; x_wconf 77' lang='lat' dir='ltr'>Nec</span> <span class='ocrx_word' id='word_1_217' title='bbox 550 1859 649 1892; x_wconf 84' lang='lat' dir='ltr'>facile</span> <span class='ocrx_word' id='word_1_218' title='bbox 667 1859 701 1891; x_wconf 89' lang='lat' dir='ltr'>iu</span> <span class='ocrx_word' id='word_1_219' title='bbox 726 1859 842 1890; x_wconf 83' lang='lat' dir='ltr'>eadem</span> <span class='ocrx_word' id='word_1_220' title='bbox 862 1858 993 1889; x_wconf 80' lang='lat' dir='ltr'>familia</span> <span class='ocrx_word' id='word_1_221' title='bbox 1017 1858 1202 1890; x_wconf 87' lang='lat' dir='ltr'>continuos</span> <span class='ocrx_word' id='word_1_222' title='bbox 1228 1880 1229 1883; x_wconf 64' lang='lat'>,</span> 
     </span>
    </p>
   </div>
   <div class='ocr_carea' id='block_1_12' title="bbox 227 1867 1204 2206">
    <p class='ocr_par' dir='ltr' id='par_1_13' title="bbox 227 1867 1204 2206">
     <span class='ocr_line' id='line_1_35' title="bbox 228 1867 405 1895; baseline -0.011 0"><span class='ocrx_word' id='word_1_223' title='bbox 228 1871 282 1895; x_wconf 88' lang='lat' dir='ltr'>tae</span> <span class='ocrx_word' id='word_1_224' title='bbox 299 1867 405 1894; x_wconf 87' lang='lat' dir='ltr'>erant.</span> 
     </span>
     <span class='ocr_line' id='line_1_36' title="bbox 229 1908 1202 1957; baseline -0.005 -13"><span class='ocrx_word' id='word_1_225' title='bbox 229 1919 378 1957; x_wconf 84' lang='lat' dir='ltr'>quatuor</span> <span class='ocrx_word' id='word_1_226' title='bbox 403 1911 486 1944; x_wconf 86' lang='lat' dir='ltr'>tales</span> <span class='ocrx_word' id='word_1_227' title='bbox 503 1910 675 1953; x_wconf 88' lang='lat' dir='ltr'>principes</span> <span class='ocrx_word' id='word_1_228' title='bbox 693 1909 850 1941; x_wconf 75' lang='lat' dir='ltr'>invenire</span> <span class='ocrx_word' id='word_1_229' title='bbox 868 1908 1056 1951; x_wconf 82' lang='lat' dir='ltr'>possimus,</span> <span class='ocrx_word' id='word_1_230' title='bbox 1084 1908 1202 1952; x_wconf 90' lang='lat' dir='ltr'>quales</span> 
     </span>
     <span class='ocr_line' id='line_1_37' title="bbox 228 1956 1202 2000; baseline -0.005 -5"><span class='ocrx_word' id='word_1_231' title='bbox 228 1964 370 1995; x_wconf 79' lang='lat' dir='ltr'>fuerunt</span> <span class='ocrx_word' id='word_1_232' title='bbox 410 1960 557 1994; x_wconf 79' lang='lat' dir='ltr'>Carolus</span> <span class='ocrx_word' id='word_1_233' title='bbox 597 1959 800 1996; x_wconf 85' lang='lat' dir='ltr'>Martellus‚</span> <span class='ocrx_word' id='word_1_234' title='bbox 843 1957 1009 2000; x_wconf 81' lang='lat' dir='ltr'>pipinus,</span> <span class='ocrx_word' id='word_1_235' title='bbox 1056 1956 1202 1991; x_wconf 77' lang='lat' dir='ltr'>Carolus</span> 
     </span>
     <span class='ocr_line' id='line_1_38' title="bbox 228 2007 1203 2054; baseline -0.004 -9"><span class='ocrx_word' id='word_1_236' title='bbox 228 2012 381 2054; x_wconf 79' lang='lat' dir='ltr'>Magnus</span> <span class='ocrx_word' id='word_1_237' title='bbox 408 2018 440 2045; x_wconf 84' lang='lat' dir='ltr'>et</span> <span class='ocrx_word' id='word_1_238' title='bbox 457 2010 657 2044; x_wconf 70' lang='lat' dir='ltr'>Ludovicus</span> <span class='ocrx_word' id='word_1_239' title='bbox 680 2009 784 2046; x_wconf 85' lang='lat' dir='ltr'>Pius,</span> <span class='ocrx_word' id='word_1_240' title='bbox 813 2021 849 2041; x_wconf 87' lang='lat' dir='ltr'>ac</span> <span class='ocrx_word' id='word_1_241' title='bbox 877 2007 971 2042; x_wconf 89' lang='lat' dir='ltr'>Deus</span> <span class='ocrx_word' id='word_1_242' title='bbox 999 2009 1109 2041; x_wconf 87' lang='lat' dir='ltr'>donec</span> <span class='ocrx_word' id='word_1_243' title='bbox 1128 2008 1203 2041; x_wconf 84' lang='lat' dir='ltr'>vult</span> 
     </span>
     <span class='ocr_line' id='line_1_39' title="bbox 228 2059 1204 2106; baseline -0.002 -12"><span class='ocrx_word' id='word_1_244' title='bbox 228 2069 346 2104; x_wconf 78' lang='lat' dir='ltr'>gentes</span> <span class='ocrx_word' id='word_1_245' title='bbox 372 2062 505 2106; x_wconf 84' lang='lat' dir='ltr'>aliquas</span> <span class='ocrx_word' id='word_1_246' title='bbox 530 2072 667 2094; x_wconf 84' lang='lat' dir='ltr'>servare</span> <span class='ocrx_word' id='word_1_247' title='bbox 691 2060 810 2093; x_wconf 89' lang='lat' dir='ltr'>deletis</span> <span class='ocrx_word' id='word_1_248' title='bbox 834 2059 1011 2104; x_wconf 75' lang='lat' dir='ltr'>tyrannis,</span> <span class='ocrx_word' id='word_1_249' title='bbox 1040 2060 1204 2092; x_wconf 74' lang='lat' dir='ltr'>transfert</span> 
     </span>
     <span class='ocr_line' id='line_1_40' title="bbox 227 2109 1203 2155; baseline -0.003 -11"><span class='ocrx_word' id='word_1_250' title='bbox 227 2113 374 2155; x_wconf 88' lang='lat' dir='ltr'>imperia</span> <span class='ocrx_word' id='word_1_251' title='bbox 394 2113 437 2144; x_wconf 89' lang='lat' dir='ltr'>ad</span> <span class='ocrx_word' id='word_1_252' title='bbox 454 2111 631 2150; x_wconf 86' lang='lat' dir='ltr'>iustiores,</span> <span class='ocrx_word' id='word_1_253' title='bbox 660 2117 690 2143; x_wconf 88' lang='lat' dir='ltr'>et</span> <span class='ocrx_word' id='word_1_254' title='bbox 716 2117 839 2142; x_wconf 74' lang='lat' dir='ltr'>muira</span> <span class='ocrx_word' id='word_1_255' title='bbox 865 2109 919 2149; x_wconf 80' lang='lat' dir='ltr'>fit,</span> <span class='ocrx_word' id='word_1_256' title='bbox 946 2116 1022 2142; x_wconf 89' lang='lat' dir='ltr'>uta</span> <span class='ocrx_word' id='word_1_257' title='bbox 1047 2109 1203 2142; x_wconf 87' lang='lat' dir='ltr'>iustiori-</span> 
     </span>
     <span class='ocr_line' id='line_1_41' title="bbox 228 2160 995 2206; baseline -0.003 -11"><span class='ocrx_word' id='word_1_258' title='bbox 228 2163 293 2195; x_wconf 88' lang='lat' dir='ltr'>bus</span> <span class='ocrx_word' id='word_1_259' title='bbox 310 2162 514 2206; x_wconf 84' lang='lat' dir='ltr'>praesertim</span> <span class='ocrx_word' id='word_1_260' title='bbox 530 2162 654 2195; x_wconf 63' lang='lat' dir='ltr'>vicinis</span> <span class='ocrx_word' id='word_1_261' title='bbox 673 2160 827 2193; x_wconf 85' lang='lat' dir='ltr'>defensio</span> <span class='ocrx_word' id='word_1_262' title='bbox 848 2166 995 2203; x_wconf 85' lang='lat' dir='ltr'>petatur.</span> 
     </span>
    </p>
   </div>
   <div class='ocr_carea' id='block_1_13' title="bbox 230 2240 1205 2438">
    <p class='ocr_par' dir='ltr' id='par_1_14' title="bbox 230 2240 1205 2438">
     <span class='ocr_line' id='line_1_42' title="bbox 329 2240 1202 2284; baseline -0.001 -8"><span class='ocrx_word' id='word_1_263' title='bbox 329 2240 475 2277; x_wconf 79' lang='lat' dir='ltr'>Primus</span> <span class='ocrx_word' id='word_1_264' title='bbox 509 2241 688 2276; x_wconf 75' lang='lat' dir='ltr'>Exarchus</span> <span class='ocrx_word' id='word_1_265' title='bbox 737 2243 780 2275; x_wconf 86' lang='lat' dir='ltr'>ab</span> <span class='ocrx_word' id='word_1_266' title='bbox 822 2242 1028 2284; x_wconf 69' lang='lat' dir='ltr'>imperatore</span> <span class='ocrx_word' id='word_1_267' title='bbox 1070 2241 1202 2276; x_wconf 89' lang='lat' dir='ltr'>Iustino</span> 
     </span>
     <span class='ocr_line' id='line_1_43' title="bbox 232 2291 1203 2339; baseline 0 -13"><span class='ocrx_word' id='word_1_268' title='bbox 232 2294 411 2336; x_wconf 83' lang='lat' dir='ltr'>Secundo,</span> <span class='ocrx_word' id='word_1_269' title='bbox 438 2301 620 2339; x_wconf 82' lang='lat' dir='ltr'>postquam</span> <span class='ocrx_word' id='word_1_270' title='bbox 638 2293 763 2326; x_wconf 73' lang='lat' dir='ltr'>Narses</span> <span class='ocrx_word' id='word_1_271' title='bbox 781 2298 938 2325; x_wconf 85' lang='lat' dir='ltr'>mortuus</span> <span class='ocrx_word' id='word_1_272' title='bbox 962 2292 1045 2331; x_wconf 84' lang='lat' dir='ltr'>suit,</span> <span class='ocrx_word' id='word_1_273' title='bbox 1071 2293 1109 2324; x_wconf 91' lang='lat' dir='ltr'>in</span> <span class='ocrx_word' id='word_1_274' title='bbox 1136 2291 1203 2326; x_wconf 89' lang='lat' dir='ltr'>lta-</span> 
     </span>
     <span class='ocr_line' id='line_1_44' title="bbox 231 2341 1203 2388; baseline 0.001 -13"><span class='ocrx_word' id='word_1_275' title='bbox 231 2344 313 2376; x_wconf 89' lang='lat' dir='ltr'>liam</span> <span class='ocrx_word' id='word_1_276' title='bbox 331 2345 454 2377; x_wconf 89' lang='lat' dir='ltr'>missus</span> <span class='ocrx_word' id='word_1_277' title='bbox 471 2351 519 2377; x_wconf 84' lang='lat' dir='ltr'>est</span> <span class='ocrx_word' id='word_1_278' title='bbox 536 2341 733 2388; x_wconf 74' lang='lat' dir='ltr'>Longinus</span> <span class='ocrx_word' id='word_1_279' title='bbox 746 2368 754 2381; x_wconf 89' lang='lat'>,</span> <span class='ocrx_word' id='word_1_280' title='bbox 782 2343 880 2376; x_wconf 90' lang='lat' dir='ltr'>cuius</span> <span class='ocrx_word' id='word_1_281' title='bbox 908 2342 1004 2374; x_wconf 91' lang='lat' dir='ltr'>nulla</span> <span class='ocrx_word' id='word_1_282' title='bbox 1022 2343 1132 2376; x_wconf 85' lang='lat' dir='ltr'>virtus</span> <span class='ocrx_word' id='word_1_283' title='bbox 1149 2355 1203 2375; x_wconf 87' lang='lat' dir='ltr'>ce—</span> 
     </span>
     <span class='ocr_line' id='line_1_45' title="bbox 230 2394 1205 2438; baseline 0 -13"><span class='ocrx_word' id='word_1_284' title='bbox 230 2394 404 2434; x_wconf 87' lang='lat' dir='ltr'>lebratur,</span> <span class='ocrx_word' id='word_1_285' title='bbox 439 2402 558 2438; x_wconf 85' lang='lat' dir='ltr'>raptus</span> <span class='ocrx_word' id='word_1_286' title='bbox 590 2394 767 2437; x_wconf 79' lang='lat' dir='ltr'>virginum</span> <span class='ocrx_word' id='word_1_287' title='bbox 799 2399 831 2425; x_wconf 87' lang='lat' dir='ltr'>et</span> <span class='ocrx_word' id='word_1_288' title='bbox 856 2399 1094 2426; x_wconf 90' lang='lat' dir='ltr'>matronarum</span> <span class='ocrx_word' id='word_1_289' title='bbox 1123 2405 1205 2426; x_wconf 88' lang='lat' dir='ltr'>nar-</span> 
     </span>
    </p>
   </div>
   <div class='ocr_carea' id='block_1_14' title="bbox 231 2436 1231 2488">
    <p class='ocr_par' dir='ltr' id='par_1_15' title="bbox 231 2436 1231 2488">
     <span class='ocr_line' id='line_1_46' title="bbox 231 2436 1231 2488; baseline 0 -12"><span class='ocrx_word' id='word_1_290' title='bbox 231 2450 374 2481; x_wconf 88' lang='lat' dir='ltr'>rantur,</span> <span class='ocrx_word' id='word_1_291' title='bbox 402 2445 443 2476; x_wconf 90' lang='lat' dir='ltr'>ad</span> <span class='ocrx_word' id='word_1_292' title='bbox 465 2456 550 2488; x_wconf 87' lang='lat' dir='ltr'>quos</span> <span class='ocrx_word' id='word_1_293' title='bbox 569 2445 752 2477; x_wconf 83' lang='lat' dir='ltr'>sceleratos</span> <span class='ocrx_word' id='word_1_294' title='bbox 770 2443 949 2476; x_wconf 88' lang='lat' dir='ltr'>ministros</span> <span class='ocrx_word' id='word_1_295' title='bbox 975 2441 1117 2484; x_wconf 87' lang='lat' dir='ltr'>habuit,</span> <span class='ocrx_word' id='word_1_296' title='bbox 1143 2443 1205 2488; x_wconf 90' lang='lat' dir='ltr'>qui</span> <span class='ocrx_word' id='word_1_297' title='bbox 1230 2436 1231 2444; x_wconf 41' lang='lat'>¹</span> 
     </span>
    </p>
   </div>
   <div class='ocr_carea' id='block_1_15' title="bbox 232 2493 824 2540">
    <p class='ocr_par' dir='ltr' id='par_1_16' title="bbox 232 2493 824 2540">
     <span class='ocr_line' id='line_1_47' title="bbox 232 2493 824 2540; baseline 0 -15"><span class='ocrx_word' id='word_1_298' title='bbox 232 2493 406 2526; x_wconf 85' lang='lat' dir='ltr'>nominati</span> <span class='ocrx_word' id='word_1_299' title='bbox 423 2501 503 2526; x_wconf 90' lang='lat' dir='ltr'>sunt</span> <span class='ocrx_word' id='word_1_300' title='bbox 522 2493 824 2540; x_wconf 67' lang='grc' dir='ltr'>γηναικοιὲρακες.</span> 
     </span>
    </p>
   </div>
   <div class='ocr_carea' id='block_1_16' title="bbox 333 2540 1233 2587">
    <p class='ocr_par' dir='ltr' id='par_1_17' title="bbox 333 2540 1233 2587">
     <span class='ocr_line' id='line_1_48' title="bbox 333 2540 1233 2587; baseline 0.002 -13"><span class='ocrx_word' id='word_1_301' title='bbox 333 2540 519 2575; x_wconf 74' lang='lat' dir='ltr'>Secundus</span> <span class='ocrx_word' id='word_1_302' title='bbox 536 2545 601 2576; x_wconf 79' lang='lat' dir='ltr'>fuit</span> <span class='ocrx_word' id='word_1_303' title='bbox 617 2544 782 2577; x_wconf 82' lang='lat' dir='ltr'>Mauricii</span> <span class='ocrx_word' id='word_1_304' title='bbox 810 2544 1028 2587; x_wconf 88' lang='lat' dir='ltr'>imperatoris</span> <span class='ocrx_word' id='word_1_305' title='bbox 1049 2550 1205 2587; x_wconf 87' lang='lat' dir='ltr'>tempore</span> <span class='ocrx_word' id='word_1_306' title='bbox 1230 2570 1233 2585; x_wconf 83' lang='grc'>,</span> 
     </span>
    </p>
   </div>
   <div class='ocr_carea' id='block_1_17' title="bbox 233 2590 1206 2687">
    <p class='ocr_par' dir='ltr' id='par_1_18' title="bbox 233 2590 1206 2687">
     <span class='ocr_line' id='line_1_49' title="bbox 233 2590 1206 2638; baseline 0.002 -14"><span class='ocrx_word' id='word_1_307' title='bbox 233 2590 485 2638; x_wconf 76' lang='lat' dir='ltr'>Smaragclus,</span> <span class='ocrx_word' id='word_1_308' title='bbox 511 2593 571 2637; x_wconf 89' lang='lat' dir='ltr'>qui</span> <span class='ocrx_word' id='word_1_309' title='bbox 591 2602 709 2627; x_wconf 85' lang='lat' dir='ltr'>nactus</span> <span class='ocrx_word' id='word_1_310' title='bbox 733 2595 948 2627; x_wconf 88' lang='lat' dir='ltr'>occasionem</span> <span class='ocrx_word' id='word_1_311' title='bbox 974 2593 1115 2636; x_wconf 85' lang='lat' dir='ltr'>gerendi</span> <span class='ocrx_word' id='word_1_312' title='bbox 1141 2594 1206 2626; x_wconf 89' lang='lat' dir='ltr'>ali-</span> 
     </span>
     <span class='ocr_line' id='line_1_50' title="bbox 234 2643 1204 2687; baseline 0.001 -11"><span class='ocrx_word' id='word_1_313' title='bbox 234 2644 317 2687; x_wconf 83' lang='lat' dir='ltr'>quid</span> <span class='ocrx_word' id='word_1_314' title='bbox 351 2650 471 2677; x_wconf 83' lang='lat' dir='ltr'>contra</span> <span class='ocrx_word' id='word_1_315' title='bbox 500 2643 770 2685; x_wconf 80' lang='lat' dir='ltr'>Longobardos,</span> <span class='ocrx_word' id='word_1_316' title='bbox 810 2656 847 2677; x_wconf 73' lang='lat' dir='ltr'>ex</span> <span class='ocrx_word' id='word_1_317' title='bbox 873 2644 1060 2677; x_wconf 87' lang='lat' dir='ltr'>domestica</span> <span class='ocrx_word' id='word_1_318' title='bbox 1084 2656 1204 2677; x_wconf 89' lang='lat' dir='ltr'>eorum</span> 
     </span>
    </p>
   </div>
   <div class='ocr_carea' id='block_1_18' title="bbox 457 105 1972 148">
    <p class='ocr_par' dir='ltr' id='par_1_19' title="bbox 457 105 1972 148">
     <span class='ocr_line' id='line_1_51' title="bbox 457 105 1972 148; baseline -0.002 0"><span class='ocrx_word' id='word_1_319' title='bbox 457 111 658 148; x_wconf 79' lang='lat' dir='ltr'>SCRIPTA</span> <span class='ocrx_word' id='word_1_320' title='bbox 691 110 762 144; x_wconf 84' lang='grc' dir='ltr'>ΡΠ.</span> <span class='ocrx_word' id='word_1_321' title='bbox 791 107 904 143; x_wconf 77' lang='lat' dir='ltr'><strong>MEL.</strong></span> <span class='ocrx_word' id='word_1_322' title='bbox 933 109 996 142; x_wconf 83' lang='lat' dir='ltr'>AD</span> <span class='ocrx_word' id='word_1_323' title='bbox 1024 107 1148 143; x_wconf 88' lang='lat' dir='ltr'>HIST.</span> <span class='ocrx_word' id='word_1_324' title='bbox 1177 106 1319 144; x_wconf 84' lang='lat' dir='ltr'><strong>PROF.</strong></span> <span class='ocrx_word' id='word_1_325' title='bbox 1347 105 1410 142; x_wconf 87' lang='lat' dir='ltr'>ET</span> <span class='ocrx_word' id='word_1_326' title='bbox 1439 106 1630 142; x_wconf 87' lang='lat' dir='ltr'>PHILOS.</span> <span class='ocrx_word' id='word_1_327' title='bbox 1657 106 1972 145; x_wconf 77' lang='lat' dir='ltr'>SPECTANTIA.</span> 
     </span>
    </p>
   </div>
   <div class='ocr_carea' id='block_1_19' title="bbox 2118 111 2213 145">
    <p class='ocr_par' dir='ltr' id='par_1_20' title="bbox 2118 111 2213 145">
     <span class='ocr_line' id='line_1_52' title="bbox 2118 111 2213 145; baseline -0.011 0"><span class='ocrx_word' id='word_1_328' title='bbox 2118 111 2213 145; x_wconf 83' lang='lat'><strong>1064</strong></span> 
     </span>
    </p>
   </div>
   <div class='ocr_carea' id='block_1_20' title="bbox 1217 190 2218 477">
    <p class='ocr_par' dir='ltr' id='par_1_21' title="bbox 1217 190 2218 477">
     <span class='ocr_line' id='line_1_53' title="bbox 1217 190 2216 238; baseline 0.001 -12"><span class='ocrx_word' id='word_1_329' title='bbox 1217 204 1221 225; x_wconf 62' lang='lat' dir='ltr'>i</span> <span class='ocrx_word' id='word_1_330' title='bbox 1246 192 1436 232; x_wconf 86' lang='lat' dir='ltr'>discordia,</span> <span class='ocrx_word' id='word_1_331' title='bbox 1461 190 1646 225; x_wconf 88' lang='lat' dir='ltr'>Dotrulam</span> <span class='ocrx_word' id='word_1_332' title='bbox 1665 192 1839 234; x_wconf 81' lang='lat' dir='ltr'>Suevnm,</span> <span class='ocrx_word' id='word_1_333' title='bbox 1867 194 1927 238; x_wconf 90' lang='lat' dir='ltr'>qui</span> <span class='ocrx_word' id='word_1_334' title='bbox 1950 195 1993 227; x_wconf 90' lang='lat' dir='ltr'>ab</span> <span class='ocrx_word' id='word_1_335' title='bbox 2015 194 2062 228; x_wconf 90' lang='lat' dir='ltr'>eis</span> <span class='ocrx_word' id='word_1_336' title='bbox 2082 194 2216 228; x_wconf 86' lang='lat' dir='ltr'>defece-</span> 
     </span>
     <span class='ocr_line' id='line_1_54' title="bbox 1218 237 2216 292; baseline 0 -16"><span class='ocrx_word' id='word_1_337' title='bbox 1218 237 1220 292; x_wconf 53' lang='lat' dir='ltr'><strong>J</strong></span> <span class='ocrx_word' id='word_1_338' title='bbox 1242 250 1311 282; x_wconf 74' lang='lat' dir='ltr'>rat,</span> <span class='ocrx_word' id='word_1_339' title='bbox 1345 248 1464 275; x_wconf 88' lang='lat' dir='ltr'>contra</span> <span class='ocrx_word' id='word_1_340' title='bbox 1488 254 1544 276; x_wconf 89' lang='lat' dir='ltr'>eos</span> <span class='ocrx_word' id='word_1_341' title='bbox 1566 244 1722 276; x_wconf 84' lang='lat' dir='ltr'>armavit.</span> <span class='ocrx_word' id='word_1_342' title='bbox 1792 242 1825 276; x_wconf 93' lang='lat' dir='ltr'>Is</span> <span class='ocrx_word' id='word_1_343' title='bbox 1850 243 2061 278; x_wconf 79' lang='lat' dir='ltr'>Veroaldum</span> <span class='ocrx_word' id='word_1_344' title='bbox 2093 246 2216 278; x_wconf 88' lang='lat' dir='ltr'>ducem</span> 
     </span>
     <span class='ocr_line' id='line_1_55' title="bbox 1244 292 2215 338; baseline 0.001 -13"><span class='ocrx_word' id='word_1_345' title='bbox 1244 293 1553 335; x_wconf 85' lang='lat' dir='ltr'>Longobardicum</span> <span class='ocrx_word' id='word_1_346' title='bbox 1580 293 1670 336; x_wconf 84' lang='lat' dir='ltr'>cepit</span> <span class='ocrx_word' id='word_1_347' title='bbox 1693 301 1724 327; x_wconf 83' lang='lat' dir='ltr'>et</span> <span class='ocrx_word' id='word_1_348' title='bbox 1754 294 1938 327; x_wconf 83' lang='lat' dir='ltr'>interfecit.</span> <span class='ocrx_word' id='word_1_349' title='bbox 2005 292 2152 338; x_wconf 82' lang='lat' dir='ltr'>Recepit</span> <span class='ocrx_word' id='word_1_350' title='bbox 2183 300 2215 326; x_wconf 87' lang='lat' dir='ltr'>et</span> 
     </span>
     <span class='ocr_line' id='line_1_56' title="bbox 1246 342 2216 387; baseline 0.002 -12"><span class='ocrx_word' id='word_1_351' title='bbox 1246 343 1374 386; x_wconf 87' lang='lat' dir='ltr'>oppida</span> <span class='ocrx_word' id='word_1_352' title='bbox 1401 343 1571 387; x_wconf 87' lang='lat' dir='ltr'>quaedam</span> <span class='ocrx_word' id='word_1_353' title='bbox 1599 342 1819 385; x_wconf 80' lang='lat' dir='ltr'>Smaragdos.</span> <span class='ocrx_word' id='word_1_354' title='bbox 1878 343 1945 378; x_wconf 88' lang='lat' dir='ltr'>Sed</span> <span class='ocrx_word' id='word_1_355' title='bbox 1973 355 2093 377; x_wconf 89' lang='lat' dir='ltr'>rursus</span> <span class='ocrx_word' id='word_1_356' title='bbox 2116 344 2216 387; x_wconf 87' lang='lat' dir='ltr'>pulso</span> 
     </span>
     <span class='ocr_line' id='line_1_57' title="bbox 1243 392 2218 437; baseline -0.001 -11"><span class='ocrx_word' id='word_1_357' title='bbox 1243 392 1391 426; x_wconf 87' lang='lat' dir='ltr'>Dotrula</span> <span class='ocrx_word' id='word_1_358' title='bbox 1415 392 1625 435; x_wconf 77' lang='lat' dir='ltr'>smaragdus</span> <span class='ocrx_word' id='word_1_359' title='bbox 1659 405 1737 426; x_wconf 90' lang='lat' dir='ltr'>cum</span> <span class='ocrx_word' id='word_1_360' title='bbox 1770 405 1848 436; x_wconf 88' lang='lat' dir='ltr'>rege</span> <span class='ocrx_word' id='word_1_361' title='bbox 1870 393 2138 437; x_wconf 83' lang='lat' dir='ltr'>Longobardico</span> <span class='ocrx_word' id='word_1_362' title='bbox 2162 393 2218 426; x_wconf 89' lang='lat' dir='ltr'>in-</span> 
     </span>
     <span class='ocr_line' id='line_1_58' title="bbox 1244 442 1476 477; baseline 0.009 -2"><span class='ocrx_word' id='word_1_363' title='bbox 1244 443 1362 476; x_wconf 86' lang='lat' dir='ltr'>ducias</span> <span class='ocrx_word' id='word_1_364' title='bbox 1386 442 1476 477; x_wconf 88' lang='lat' dir='ltr'>secit.</span> 
     </span>
    </p>
   </div>
   <div class='ocr_carea' id='block_1_21' title="bbox 1245 497 2223 746">
    <p class='ocr_par' dir='ltr' id='par_1_22' title="bbox 1245 497 2223 746">
     <span class='ocr_line' id='line_1_59' title="bbox 1348 497 2219 535; baseline 0.001 -3"><span class='ocrx_word' id='word_1_365' title='bbox 1348 497 1494 533; x_wconf 83' lang='lat' dir='ltr'>Tertius</span> <span class='ocrx_word' id='word_1_366' title='bbox 1520 501 1585 535; x_wconf 90' lang='lat' dir='ltr'>suit</span> <span class='ocrx_word' id='word_1_367' title='bbox 1615 501 1758 534; x_wconf 88' lang='lat' dir='ltr'>nomine</span> <span class='ocrx_word' id='word_1_368' title='bbox 1783 497 1979 534; x_wconf 82' lang='lat' dir='ltr'>Romanus</span> <span class='ocrx_word' id='word_1_369' title='bbox 2003 513 2022 535; x_wconf 90' lang='lat' dir='ltr'>a</span> <span class='ocrx_word' id='word_1_370' title='bbox 2043 501 2219 535; x_wconf 85' lang='lat' dir='ltr'>Mauricio</span> 
     </span>
     <span class='ocr_line' id='line_1_60' title="bbox 1246 551 2223 594; baseline 0 -11"><span class='ocrx_word' id='word_1_371' title='bbox 1246 551 1454 594; x_wconf 82' lang='lat' dir='ltr'>imperatore</span> <span class='ocrx_word' id='word_1_372' title='bbox 1490 563 1665 584; x_wconf 84' lang='lat' dir='ltr'>successor</span> <span class='ocrx_word' id='word_1_373' title='bbox 1695 552 1820 585; x_wconf 85' lang='lat' dir='ltr'>missus</span> <span class='ocrx_word' id='word_1_374' title='bbox 1851 551 2042 594; x_wconf 71' lang='lat' dir='ltr'>Smaragdo</span> <span class='ocrx_word' id='word_1_375' title='bbox 2065 552 2223 585; x_wconf 65' lang='lat' dir='ltr'>turbavit</span> 
     </span>
     <span class='ocr_line' id='line_1_61' title="bbox 1245 599 2217 646; baseline 0.001 -13"><span class='ocrx_word' id='word_1_376' title='bbox 1245 601 1413 641; x_wconf 85' lang='lat' dir='ltr'>inducias,</span> <span class='ocrx_word' id='word_1_377' title='bbox 1441 608 1473 634; x_wconf 89' lang='lat' dir='ltr'>et</span> <span class='ocrx_word' id='word_1_378' title='bbox 1491 602 1623 646; x_wconf 85' lang='lat' dir='ltr'>aliquot</span> <span class='ocrx_word' id='word_1_379' title='bbox 1640 602 1769 645; x_wconf 87' lang='lat' dir='ltr'>oppida</span> <span class='ocrx_word' id='word_1_380' title='bbox 1785 602 1925 646; x_wconf 84' lang='lat' dir='ltr'>recepit.</span> <span class='ocrx_word' id='word_1_381' title='bbox 1967 602 2035 635; x_wconf 85' lang='lat' dir='ltr'>Sed</span> <span class='ocrx_word' id='word_1_382' title='bbox 2054 613 2131 635; x_wconf 87' lang='lat' dir='ltr'>cum</span> <span class='ocrx_word' id='word_1_383' title='bbox 2142 599 2217 635; x_wconf 85' lang='lat' dir='ltr'>Ro-</span> 
     </span>
     <span class='ocr_line' id='line_1_62' title="bbox 1245 651 2219 696; baseline 0 -13"><span class='ocrx_word' id='word_1_384' title='bbox 1245 663 1321 684; x_wconf 83' lang='lat' dir='ltr'>mae</span> <span class='ocrx_word' id='word_1_385' title='bbox 1348 651 1557 696; x_wconf 86' lang='lat' dir='ltr'>aliquandiu</span> <span class='ocrx_word' id='word_1_386' title='bbox 1585 659 1757 694; x_wconf 87' lang='lat' dir='ltr'>grassatus</span> <span class='ocrx_word' id='word_1_387' title='bbox 1781 659 1868 686; x_wconf 86' lang='lat' dir='ltr'>esset</span> <span class='ocrx_word' id='word_1_388' title='bbox 1891 652 2163 696; x_wconf 84' lang='lat' dir='ltr'>expilationibus</span> <span class='ocrx_word' id='word_1_389' title='bbox 2188 659 2219 683; x_wconf 89' lang='lat' dir='ltr'>et</span> 
     </span>
     <span class='ocr_line' id='line_1_63' title="bbox 1246 701 2181 746; baseline 0.001 -12"><span class='ocrx_word' id='word_1_390' title='bbox 1246 702 1376 746; x_wconf 86' lang='lat' dir='ltr'>rapinis</span> <span class='ocrx_word' id='word_1_391' title='bbox 1388 728 1397 742; x_wconf 89' lang='lat'><em>‚</em></span> <span class='ocrx_word' id='word_1_392' title='bbox 1424 713 1497 734; x_wconf 91' lang='lat' dir='ltr'>non</span> <span class='ocrx_word' id='word_1_393' title='bbox 1517 702 1627 735; x_wconf 86' lang='lat' dir='ltr'>multo</span> <span class='ocrx_word' id='word_1_394' title='bbox 1644 709 1720 745; x_wconf 89' lang='lat' dir='ltr'>post</span> <span class='ocrx_word' id='word_1_395' title='bbox 1738 701 1929 736; x_wconf 87' lang='lat' dir='ltr'>Ravennae</span> <span class='ocrx_word' id='word_1_396' title='bbox 1944 709 2103 736; x_wconf 89' lang='lat' dir='ltr'>mortuus</span> <span class='ocrx_word' id='word_1_397' title='bbox 2121 708 2181 735; x_wconf 87' lang='lat' dir='ltr'>est.</span> 
     </span>
    </p>
   </div>
   <div class='ocr_carea' id='block_1_22' title="bbox 1246 764 2222 964">
    <p class='ocr_par' dir='ltr' id='par_1_23' title="bbox 1246 764 2222 964">
     <span class='ocr_line' id='line_1_64' title="bbox 1348 764 2220 814; baseline -0.001 -13"><span class='ocrx_word' id='word_1_398' title='bbox 1348 766 1515 814; x_wconf 74' lang='lat' dir='ltr'>Quartus</span> <span class='ocrx_word' id='word_1_399' title='bbox 1539 770 1652 802; x_wconf 85' lang='lat' dir='ltr'>dictus</span> <span class='ocrx_word' id='word_1_400' title='bbox 1674 776 1723 802; x_wconf 88' lang='lat' dir='ltr'>est</span> <span class='ocrx_word' id='word_1_401' title='bbox 1748 764 1977 811; x_wconf 79' lang='lat' dir='ltr'>Callinicus,</span> <span class='ocrx_word' id='word_1_402' title='bbox 2011 769 2072 813; x_wconf 90' lang='lat' dir='ltr'>qui</span> <span class='ocrx_word' id='word_1_403' title='bbox 2094 769 2220 801; x_wconf 85' lang='lat' dir='ltr'>fortem</span> 
     </span>
     <span class='ocr_line' id='line_1_65' title="bbox 1248 817 2221 862; baseline -0.004 -9"><span class='ocrx_word' id='word_1_404' title='bbox 1248 827 1281 853; x_wconf 90' lang='lat' dir='ltr'>et</span> <span class='ocrx_word' id='word_1_405' title='bbox 1296 820 1425 853; x_wconf 86' lang='lat' dir='ltr'>iustum</span> <span class='ocrx_word' id='word_1_406' title='bbox 1444 831 1557 861; x_wconf 82' lang='lat' dir='ltr'>regem</span> <span class='ocrx_word' id='word_1_407' title='bbox 1572 817 1799 862; x_wconf 77' lang='lat' dir='ltr'>Egilolplium</span> <span class='ocrx_word' id='word_1_408' title='bbox 1818 820 1969 853; x_wconf 83' lang='lat' dir='ltr'>irritavit</span> <span class='ocrx_word' id='word_1_409' title='bbox 1988 826 2086 862; x_wconf 85' lang='lat' dir='ltr'>capta</span> <span class='ocrx_word' id='word_1_410' title='bbox 2096 817 2221 851; x_wconf 88' lang='lat' dir='ltr'>Parma</span> 
     </span>
     <span class='ocr_line' id='line_1_66' title="bbox 1247 868 2220 913; baseline -0.004 -10"><span class='ocrx_word' id='word_1_411' title='bbox 1247 877 1279 904; x_wconf 88' lang='lat' dir='ltr'>et</span> <span class='ocrx_word' id='word_1_412' title='bbox 1298 871 1455 903; x_wconf 83' lang='lat' dir='ltr'>abductis</span> <span class='ocrx_word' id='word_1_413' title='bbox 1474 870 1542 902; x_wconf 75' lang='lat' dir='ltr'>lilia</span> <span class='ocrx_word' id='word_1_414' title='bbox 1556 868 1736 912; x_wconf 80' lang='lat' dir='ltr'>Egilolphi</span> <span class='ocrx_word' id='word_1_415' title='bbox 1755 877 1787 903; x_wconf 90' lang='lat' dir='ltr'>et</span> <span class='ocrx_word' id='word_1_416' title='bbox 1804 881 1941 913; x_wconf 83' lang='lat' dir='ltr'>genero.</span> <span class='ocrx_word' id='word_1_417' title='bbox 1994 869 2093 902; x_wconf 82' lang='lat' dir='ltr'>Moto</span> <span class='ocrx_word' id='word_1_418' title='bbox 2113 869 2220 911; x_wconf 82' lang='lat' dir='ltr'>igitur</span> 
     </span>
     <span class='ocr_line' id='line_1_67' title="bbox 1246 918 2222 964; baseline -0.004 -11"><span class='ocrx_word' id='word_1_419' title='bbox 1246 921 1338 953; x_wconf 89' lang='lat' dir='ltr'>bello</span> <span class='ocrx_word' id='word_1_420' title='bbox 1365 932 1437 953; x_wconf 89' lang='lat' dir='ltr'>non</span> <span class='ocrx_word' id='word_1_421' title='bbox 1463 920 1574 952; x_wconf 91' lang='lat' dir='ltr'>solum</span> <span class='ocrx_word' id='word_1_422' title='bbox 1598 919 1808 953; x_wconf 79' lang='lat' dir='ltr'>Callinicum</span> <span class='ocrx_word' id='word_1_423' title='bbox 1831 920 2010 964; x_wconf 87' lang='lat' dir='ltr'>reprimit,</span> <span class='ocrx_word' id='word_1_424' title='bbox 2034 920 2091 953; x_wconf 88' lang='lat' dir='ltr'>sed</span> <span class='ocrx_word' id='word_1_425' title='bbox 2119 918 2222 952; x_wconf 83' lang='lat' dir='ltr'>etiam</span> 
     </span>
    </p>
   </div>
   <div class='ocr_carea' id='block_1_23' title="bbox 1247 968 2223 1053">
    <p class='ocr_par' dir='ltr' id='par_1_24' title="bbox 1247 968 2223 1053">
     <span class='ocr_line' id='line_1_68' title="bbox 1247 968 2222 1013; baseline -0.003 -12"><span class='ocrx_word' id='word_1_426' title='bbox 1247 971 1376 1011; x_wconf 76' lang='lat' dir='ltr'>oppida</span> <span class='ocrx_word' id='word_1_427' title='bbox 1402 971 1570 1011; x_wconf 62' lang='lat' dir='ltr'>quaedam</span> <span class='ocrx_word' id='word_1_428' title='bbox 1597 970 1735 1013; x_wconf 79' lang='lat' dir='ltr'>recipit,</span> <span class='ocrx_word' id='word_1_429' title='bbox 1773 977 1805 1003; x_wconf 87' lang='lat' dir='ltr'>et</span> <span class='ocrx_word' id='word_1_430' title='bbox 1837 971 1946 1004; x_wconf 83' lang='lat' dir='ltr'>iratus</span> <span class='ocrx_word' id='word_1_431' title='bbox 1969 970 2156 1003; x_wconf 83' lang='lat' dir='ltr'>exercitum</span> <span class='ocrx_word' id='word_1_432' title='bbox 2179 968 2222 1000; x_wconf 87' lang='lat' dir='ltr'>ad</span> 
     </span>
     <span class='ocr_line' id='line_1_69' title="bbox 1248 1016 2223 1053; baseline -0.001 -3"><span class='ocrx_word' id='word_1_433' title='bbox 1248 1019 1371 1050; x_wconf 85' lang='lat' dir='ltr'>urbem</span> <span class='ocrx_word' id='word_1_434' title='bbox 1387 1016 1537 1050; x_wconf 76' lang='lat' dir='ltr'>I&#39;tomam</span> <span class='ocrx_word' id='word_1_435' title='bbox 1555 1020 1783 1052; x_wconf 71' lang='lat' dir='ltr'>obsidendam</span> <span class='ocrx_word' id='word_1_436' title='bbox 1810 1021 1916 1053; x_wconf 86' lang='lat' dir='ltr'>ducit.</span> <span class='ocrx_word' id='word_1_437' title='bbox 1969 1019 2009 1052; x_wconf 93' lang='lat' dir='ltr'>In</span> <span class='ocrx_word' id='word_1_438' title='bbox 2035 1018 2101 1053; x_wconf 85' lang='lat' dir='ltr'>hoc</span> <span class='ocrx_word' id='word_1_439' title='bbox 2127 1025 2223 1052; x_wconf 89' lang='lat' dir='ltr'>tanto</span> 
     </span>
    </p>
   </div>
   <div class='ocr_carea' id='block_1_24' title="bbox 1221 1065 2223 1104">
    <p class='ocr_par' dir='ltr' id='par_1_25' title="bbox 1221 1065 2223 1104">
     <span class='ocr_line' id='line_1_70' title="bbox 1221 1065 2223 1104; baseline 0.003 -5"><span class='ocrx_word' id='word_1_440' title='bbox 1221 1066 1367 1104; x_wconf 61' lang='lat' dir='ltr'>{Italiae</span> <span class='ocrx_word' id='word_1_441' title='bbox 1411 1066 1574 1099; x_wconf 87' lang='lat' dir='ltr'>incendio</span> <span class='ocrx_word' id='word_1_442' title='bbox 1608 1065 1800 1100; x_wconf 89' lang='lat' dir='ltr'>Callinicus</span> <span class='ocrx_word' id='word_1_443' title='bbox 1833 1067 2025 1101; x_wconf 86' lang='lat' dir='ltr'>Ravennae</span> <span class='ocrx_word' id='word_1_444' title='bbox 2063 1068 2223 1102; x_wconf 86' lang='lat' dir='ltr'>moritur.</span> 
     </span>
    </p>
   </div>
   <div class='ocr_carea' id='block_1_25' title="bbox 1222 1115 2222 1200">
    <p class='ocr_par' dir='ltr' id='par_1_26' title="bbox 1222 1115 2222 1200">
     <span class='ocr_line' id='line_1_71' title="bbox 1222 1115 2222 1159; baseline -0.002 -9"><span class='ocrx_word' id='word_1_445' title='bbox 1222 1129 1223 1155; x_wconf 40' lang='grc' dir='ltr'><strong>ἢ</strong></span> <span class='ocrx_word' id='word_1_446' title='bbox 1247 1116 1384 1150; x_wconf 85' lang='lat' dir='ltr'>Rursus</span> <span class='ocrx_word' id='word_1_447' title='bbox 1425 1116 1532 1159; x_wconf 83' lang='lat' dir='ltr'>igitur</span> <span class='ocrx_word' id='word_1_448' title='bbox 1550 1115 1763 1159; x_wconf 85' lang='lat' dir='ltr'>Smaragdus</span> <span class='ocrx_word' id='word_1_449' title='bbox 1786 1130 1804 1150; x_wconf 90' lang='lat' dir='ltr'>a</span> <span class='ocrx_word' id='word_1_450' title='bbox 1822 1116 1997 1150; x_wconf 75' lang='lat' dir='ltr'>Mauricio</span> <span class='ocrx_word' id='word_1_451' title='bbox 2024 1118 2059 1149; x_wconf 88' lang='lat' dir='ltr'>in</span> <span class='ocrx_word' id='word_1_452' title='bbox 2086 1116 2222 1150; x_wconf 87' lang='lat' dir='ltr'>ltaliam</span> 
     </span>
     <span class='ocr_line' id='line_1_72' title="bbox 1251 1167 1459 1200; baseline 0 -2"><span class='ocrx_word' id='word_1_453' title='bbox 1251 1167 1376 1200; x_wconf 88' lang='lat' dir='ltr'>missus</span> <span class='ocrx_word' id='word_1_454' title='bbox 1401 1172 1459 1199; x_wconf 84' lang='lat' dir='ltr'>est.</span> 
     </span>
    </p>
   </div>
   <div class='ocr_carea' id='block_1_26' title="bbox 1223 1220 2228 2241">
    <p class='ocr_par' dir='ltr' id='par_1_27' title="bbox 1223 1220 2228 2241">
     <span class='ocr_line' id='line_1_73' title="bbox 1350 1220 2223 1268; baseline -0.001 -13"><span class='ocrx_word' id='word_1_455' title='bbox 1350 1220 1512 1268; x_wconf 77' lang='lat' dir='ltr'>Quintus</span> <span class='ocrx_word' id='word_1_456' title='bbox 1527 1220 1707 1257; x_wconf 84' lang='lat' dir='ltr'>Exarchus</span> <span class='ocrx_word' id='word_1_457' title='bbox 1724 1221 1959 1268; x_wconf 78' lang='lat' dir='ltr'>Smaragdus</span> <span class='ocrx_word' id='word_1_458' title='bbox 1975 1225 2111 1258; x_wconf 89' lang='lat' dir='ltr'>iterum.</span> <span class='ocrx_word' id='word_1_459' title='bbox 2146 1221 2223 1255; x_wconf 92' lang='lat' dir='ltr'>Hu-</span> 
     </span>
     <span class='ocr_line' id='line_1_74' title="bbox 1223 1271 2224 1318; baseline -0.003 -11"><span class='ocrx_word' id='word_1_460' title='bbox 1223 1289 1225 1303; x_wconf 59' lang='grc' dir='ltr'><em>τ</em></span> <span class='ocrx_word' id='word_1_461' title='bbox 1251 1274 1305 1307; x_wconf 89' lang='lat' dir='ltr'>ius</span> <span class='ocrx_word' id='word_1_462' title='bbox 1334 1280 1489 1317; x_wconf 87' lang='lat' dir='ltr'>tempore</span> <span class='ocrx_word' id='word_1_463' title='bbox 1513 1271 1724 1318; x_wconf 84' lang='lat' dir='ltr'>Egilolphus</span> <span class='ocrx_word' id='word_1_464' title='bbox 1756 1286 1834 1307; x_wconf 82' lang='lat' dir='ltr'>curn</span> <span class='ocrx_word' id='word_1_465' title='bbox 1858 1273 2010 1308; x_wconf 85' lang='lat' dir='ltr'>Romam</span> <span class='ocrx_word' id='word_1_466' title='bbox 2040 1273 2224 1308; x_wconf 89' lang='lat' dir='ltr'>obsidione</span> 
     </span>
     <span class='ocr_line' id='line_1_75' title="bbox 1250 1323 2225 1369; baseline -0.002 -12"><span class='ocrx_word' id='word_1_467' title='bbox 1250 1324 1377 1367; x_wconf 84' lang='lat' dir='ltr'>integri</span> <span class='ocrx_word' id='word_1_468' title='bbox 1393 1324 1478 1356; x_wconf 87' lang='lat' dir='ltr'>anni</span> <span class='ocrx_word' id='word_1_469' title='bbox 1492 1323 1676 1367; x_wconf 85' lang='lat' dir='ltr'>fatigasset,</span> <span class='ocrx_word' id='word_1_470' title='bbox 1699 1323 1908 1358; x_wconf 89' lang='lat' dir='ltr'>Cremonam</span> <span class='ocrx_word' id='word_1_471' title='bbox 1924 1326 1958 1358; x_wconf 77' lang='lat' dir='ltr'>vi</span> <span class='ocrx_word' id='word_1_472' title='bbox 1973 1332 2107 1369; x_wconf 83' lang='lat' dir='ltr'>captam</span> <span class='ocrx_word' id='word_1_473' title='bbox 2124 1334 2225 1368; x_wconf 86' lang='lat' dir='ltr'>pror-</span> 
     </span>
     <span class='ocr_line' id='line_1_76' title="bbox 1224 1372 2226 1418; baseline 0 -11"><span class='ocrx_word' id='word_1_474' title='bbox 1224 1407 1226 1418; x_wconf 58' lang='lat'>,</span> <span class='ocrx_word' id='word_1_475' title='bbox 1252 1386 1309 1408; x_wconf 89' lang='lat' dir='ltr'>sus</span> <span class='ocrx_word' id='word_1_476' title='bbox 1335 1374 1472 1409; x_wconf 88' lang='lat' dir='ltr'>delevit.</span> <span class='ocrx_word' id='word_1_477' title='bbox 1532 1372 1669 1408; x_wconf 87' lang='lat' dir='ltr'>Deinde</span> <span class='ocrx_word' id='word_1_478' title='bbox 1700 1374 1885 1408; x_wconf 86' lang='lat' dir='ltr'>Mantuam</span> <span class='ocrx_word' id='word_1_479' title='bbox 1918 1376 2097 1409; x_wconf 84' lang='lat' dir='ltr'>deditione</span> <span class='ocrx_word' id='word_1_480' title='bbox 2125 1373 2226 1417; x_wconf 86' lang='lat' dir='ltr'>cepit.</span> 
     </span>
     <span class='ocr_line' id='line_1_77' title="bbox 1250 1424 2225 1469; baseline -0.003 -10"><span class='ocrx_word' id='word_1_481' title='bbox 1250 1424 1339 1459; x_wconf 88' lang='lat' dir='ltr'>Cum</span> <span class='ocrx_word' id='word_1_482' title='bbox 1360 1425 1466 1468; x_wconf 83' lang='lat' dir='ltr'>igitur</span> <span class='ocrx_word' id='word_1_483' title='bbox 1482 1424 1694 1468; x_wconf 85' lang='lat' dir='ltr'>Smaragdus</span> <span class='ocrx_word' id='word_1_484' title='bbox 1720 1425 1864 1459; x_wconf 76' lang='lat' dir='ltr'>videret·</span> <span class='ocrx_word' id='word_1_485' title='bbox 1876 1438 1955 1459; x_wconf 87' lang='lat' dir='ltr'>suas</span> <span class='ocrx_word' id='word_1_486' title='bbox 1980 1426 2072 1459; x_wconf 88' lang='lat' dir='ltr'>vires</span> <span class='ocrx_word' id='word_1_487' title='bbox 2092 1435 2225 1469; x_wconf 88' lang='lat' dir='ltr'>nequa-</span> 
     </span>
     <span class='ocr_line' id='line_1_78' title="bbox 1252 1475 2224 1520; baseline -0.002 -13"><span class='ocrx_word' id='word_1_488' title='bbox 1252 1487 1356 1520; x_wconf 87' lang='lat' dir='ltr'>quam</span> <span class='ocrx_word' id='word_1_489' title='bbox 1376 1486 1474 1518; x_wconf 87' lang='lat' dir='ltr'>pares</span> <span class='ocrx_word' id='word_1_490' title='bbox 1491 1487 1562 1508; x_wconf 89' lang='lat' dir='ltr'>esse</span> <span class='ocrx_word' id='word_1_491' title='bbox 1578 1475 1874 1518; x_wconf 83' lang='lat' dir='ltr'>Longobardicis,</span> <span class='ocrx_word' id='word_1_492' title='bbox 1901 1488 2020 1519; x_wconf 89' lang='lat' dir='ltr'>pacem</span> <span class='ocrx_word' id='word_1_493' title='bbox 2043 1476 2123 1509; x_wconf 81' lang='lat' dir='ltr'>fecit</span> <span class='ocrx_word' id='word_1_494' title='bbox 2145 1485 2224 1507; x_wconf 91' lang='lat' dir='ltr'>cum</span> 
     </span>
     <span class='ocr_line' id='line_1_79' title="bbox 1225 1523 2225 1570; baseline -0.001 -11"><span class='ocrx_word' id='word_1_495' title='bbox 1225 1554 1227 1567; x_wconf 79' lang='grc'><strong>,</strong></span> <span class='ocrx_word' id='word_1_496' title='bbox 1250 1523 1440 1569; x_wconf 82' lang='lat' dir='ltr'>Egilolpho</span> <span class='ocrx_word' id='word_1_497' title='bbox 1453 1552 1462 1566; x_wconf 84' lang='lat'>‚</span> <span class='ocrx_word' id='word_1_498' title='bbox 1488 1537 1589 1570; x_wconf 90' lang='lat' dir='ltr'>quem</span> <span class='ocrx_word' id='word_1_499' title='bbox 1607 1532 1639 1559; x_wconf 87' lang='lat' dir='ltr'>et</span> <span class='ocrx_word' id='word_1_500' title='bbox 1655 1526 1809 1559; x_wconf 80' lang='lat' dir='ltr'>coniunx</span> <span class='ocrx_word' id='word_1_501' title='bbox 1827 1525 2075 1560; x_wconf 84' lang='lat' dir='ltr'>Theudelinda</span> <span class='ocrx_word' id='word_1_502' title='bbox 2091 1533 2123 1560; x_wconf 85' lang='lat' dir='ltr'>et</span> <span class='ocrx_word' id='word_1_503' title='bbox 2134 1524 2225 1558; x_wconf 80' lang='lat' dir='ltr'>Gre-</span> 
     </span>
     <span class='ocr_line' id='line_1_80' title="bbox 1250 1575 2227 1620; baseline -0.002 -12"><span class='ocrx_word' id='word_1_504' title='bbox 1250 1576 1368 1619; x_wconf 83' lang='lat' dir='ltr'>gorius</span> <span class='ocrx_word' id='word_1_505' title='bbox 1402 1575 1564 1610; x_wconf 75' lang='lat' dir='ltr'>Pontifex</span> <span class='ocrx_word' id='word_1_506' title='bbox 1591 1577 1634 1609; x_wconf 92' lang='lat' dir='ltr'>ad</span> <span class='ocrx_word' id='word_1_507' title='bbox 1666 1588 1783 1620; x_wconf 88' lang='lat' dir='ltr'>pacem</span> <span class='ocrx_word' id='word_1_508' title='bbox 1811 1576 2007 1612; x_wconf 84' lang='lat' dir='ltr'>flectebant.</span> <span class='ocrx_word' id='word_1_509' title='bbox 2068 1576 2227 1619; x_wconf 84' lang='lat' dir='ltr'>Suntque</span> 
     </span>
     <span class='ocr_line' id='line_1_81' title="bbox 1251 1624 2225 1669; baseline -0.003 -10"><span class='ocrx_word' id='word_1_510' title='bbox 1251 1626 1379 1659; x_wconf 84' lang='lat' dir='ltr'>redditi</span> <span class='ocrx_word' id='word_1_511' title='bbox 1404 1626 1530 1669; x_wconf 75' lang='lat' dir='ltr'>captivi</span> <span class='ocrx_word' id='word_1_512' title='bbox 1554 1637 1660 1669; x_wconf 83' lang='lat' dir='ltr'>gener</span> <span class='ocrx_word' id='word_1_513' title='bbox 1682 1624 1865 1669; x_wconf 83' lang='lat' dir='ltr'>Egilolphi</span> <span class='ocrx_word' id='word_1_514' title='bbox 1893 1633 1927 1659; x_wconf 88' lang='lat' dir='ltr'>et</span> <span class='ocrx_word' id='word_1_515' title='bbox 1955 1627 2027 1660; x_wconf 88' lang='lat' dir='ltr'>eius</span> <span class='ocrx_word' id='word_1_516' title='bbox 2051 1626 2121 1658; x_wconf 77' lang='lat' dir='ltr'>filia</span> <span class='ocrx_word' id='word_1_517' title='bbox 2146 1635 2225 1658; x_wconf 90' lang='lat' dir='ltr'>cum</span> 
     </span>
     <span class='ocr_line' id='line_1_82' title="bbox 1226 1674 1796 1710; baseline 0 -1"><span class='ocrx_word' id='word_1_518' title='bbox 1226 1695 1227 1698; x_wconf 63' lang='lat'><em>=</em></span> <span class='ocrx_word' id='word_1_519' title='bbox 1252 1674 1447 1709; x_wconf 85' lang='lat' dir='ltr'>honorifico</span> <span class='ocrx_word' id='word_1_520' title='bbox 1466 1676 1633 1710; x_wconf 87' lang='lat' dir='ltr'>comitatu</span> <span class='ocrx_word' id='word_1_521' title='bbox 1652 1676 1796 1709; x_wconf 89' lang='lat' dir='ltr'>dimissi.</span> 
     </span>
     <span class='ocr_line' id='line_1_83' title="bbox 1354 1726 2224 1777; baseline 0.006 -16"><span class='ocrx_word' id='word_1_522' title='bbox 1354 1726 1489 1762; x_wconf 60' lang='lat' dir='ltr'>Sea-tus</span> <span class='ocrx_word' id='word_1_523' title='bbox 1506 1731 1695 1763; x_wconf 68' lang='lat' dir='ltr'>Iohannes</span> <span class='ocrx_word' id='word_1_524' title='bbox 1718 1730 1919 1777; x_wconf 79' lang='lat' dir='ltr'>Lamigius</span> <span class='ocrx_word' id='word_1_525' title='bbox 1936 1730 2057 1767; x_wconf 76' lang='lat' dir='ltr'>Thrax</span> <span class='ocrx_word' id='word_1_526' title='bbox 2075 1745 2093 1766; x_wconf 90' lang='lat' dir='ltr'>a</span> <span class='ocrx_word' id='word_1_527' title='bbox 2110 1730 2224 1766; x_wconf 78' lang='lat' dir='ltr'>Phoca</span> 
     </span>
     <span class='ocr_line' id='line_1_84' title="bbox 1227 1779 2226 1826; baseline 0.004 -13"><span class='ocrx_word' id='word_1_528' title='bbox 1227 1808 1228 1813; x_wconf 71' lang='grc'>,</span> <span class='ocrx_word' id='word_1_529' title='bbox 1252 1779 1378 1812; x_wconf 90' lang='lat' dir='ltr'>missus</span> <span class='ocrx_word' id='word_1_530' title='bbox 1395 1780 1540 1812; x_wconf 85' lang='lat' dir='ltr'>adduxit</span> <span class='ocrx_word' id='word_1_531' title='bbox 1558 1791 1721 1821; x_wconf 85' lang='lat' dir='ltr'>maguum</span> <span class='ocrx_word' id='word_1_532' title='bbox 1737 1791 1861 1822; x_wconf 87' lang='lat' dir='ltr'>agmen</span> <span class='ocrx_word' id='word_1_533' title='bbox 1882 1784 2070 1816; x_wconf 86' lang='lat' dir='ltr'>mulierum</span> <span class='ocrx_word' id='word_1_534' title='bbox 2094 1789 2127 1816; x_wconf 89' lang='lat' dir='ltr'>et</span> <span class='ocrx_word' id='word_1_535' title='bbox 2150 1795 2226 1826; x_wconf 88' lang='lat' dir='ltr'>spa-</span> 
     </span>
     <span class='ocr_line' id='line_1_85' title="bbox 1255 1827 2227 1874; baseline 0.003 -12"><span class='ocrx_word' id='word_1_536' title='bbox 1255 1831 1401 1864; x_wconf 86' lang='lat' dir='ltr'>donum.</span> <span class='ocrx_word' id='word_1_537' title='bbox 1460 1828 1630 1872; x_wconf 82' lang='lat' dir='ltr'>Congruit</span> <span class='ocrx_word' id='word_1_538' title='bbox 1658 1827 1715 1862; x_wconf 81' lang='lat' dir='ltr'>hic</span> <span class='ocrx_word' id='word_1_539' title='bbox 1744 1831 1972 1874; x_wconf 86' lang='lat' dir='ltr'>proverbium</span> <span class='ocrx_word' id='word_1_540' title='bbox 1999 1833 2041 1865; x_wconf 92' lang='lat' dir='ltr'>de</span> <span class='ocrx_word' id='word_1_541' title='bbox 2062 1833 2227 1865; x_wconf 89' lang='lat' dir='ltr'>similitu-</span> 
     </span>
     <span class='ocr_line' id='line_1_86' title="bbox 1228 1880 2228 1923; baseline 0.003 -10"><span class='ocrx_word' id='word_1_542' title='bbox 1228 1894 1229 1901; x_wconf 57' lang='lat'><em>*</em></span> <span class='ocrx_word' id='word_1_543' title='bbox 1254 1880 1337 1913; x_wconf 87' lang='lat' dir='ltr'>dine</span> <span class='ocrx_word' id='word_1_544' title='bbox 1362 1880 1498 1912; x_wconf 89' lang='lat' dir='ltr'>domini</span> <span class='ocrx_word' id='word_1_545' title='bbox 1521 1886 1555 1913; x_wconf 89' lang='lat' dir='ltr'>et</span> <span class='ocrx_word' id='word_1_546' title='bbox 1576 1880 1740 1914; x_wconf 83' lang='lat' dir='ltr'>ministri.</span> <span class='ocrx_word' id='word_1_547' title='bbox 1800 1880 1931 1923; x_wconf 81' lang='lat' dir='ltr'>Quales</span> <span class='ocrx_word' id='word_1_548' title='bbox 1956 1882 2121 1916; x_wconf 88' lang='lat' dir='ltr'>dominae</span> <span class='ocrx_word' id='word_1_549' title='bbox 2142 1883 2228 1916; x_wconf 77' lang='lat' dir='ltr'>tates</span> 
     </span>
     <span class='ocr_line' id='line_1_87' title="bbox 1228 1928 2225 1972; baseline 0.001 -9"><span class='ocrx_word' id='word_1_550' title='bbox 1228 1956 1230 1968; x_wconf 38' lang='grc' dir='ltr'>ζ</span> <span class='ocrx_word' id='word_1_551' title='bbox 1254 1930 1407 1964; x_wconf 86' lang='lat' dir='ltr'>catellae.</span> <span class='ocrx_word' id='word_1_552' title='bbox 1435 1929 1583 1963; x_wconf 86' lang='lat' dir='ltr'>Miserat</span> <span class='ocrx_word' id='word_1_553' title='bbox 1599 1928 1731 1963; x_wconf 89' lang='lat' dir='ltr'>Phocas</span> <span class='ocrx_word' id='word_1_554' title='bbox 1747 1943 1820 1964; x_wconf 88' lang='lat' dir='ltr'>non</span> <span class='ocrx_word' id='word_1_555' title='bbox 1837 1932 2018 1965; x_wconf 87' lang='lat' dir='ltr'>meliorem</span> <span class='ocrx_word' id='word_1_556' title='bbox 2045 1933 2225 1972; x_wconf 80' lang='lat' dir='ltr'>vicarium,</span> 
     </span>
     <span class='ocr_line' id='line_1_88' title="bbox 1228 1979 2228 2025; baseline 0.002 -11"><span class='ocrx_word' id='word_1_557' title='bbox 1228 1980 1230 2016; x_wconf 80' lang='lat' dir='ltr'>l</span> <span class='ocrx_word' id='word_1_558' title='bbox 1254 1992 1358 2025; x_wconf 89' lang='lat' dir='ltr'>quam</span> <span class='ocrx_word' id='word_1_559' title='bbox 1375 1987 1448 2013; x_wconf 86' lang='lat' dir='ltr'>erat</span> <span class='ocrx_word' id='word_1_560' title='bbox 1464 1981 1548 2024; x_wconf 86' lang='lat' dir='ltr'>ipse.</span> <span class='ocrx_word' id='word_1_561' title='bbox 1600 1979 1824 2015; x_wconf 71' lang='lat' dir='ltr'>Ravennates</span> <span class='ocrx_word' id='word_1_562' title='bbox 1848 1982 1954 2025; x_wconf 86' lang='lat' dir='ltr'>igitur</span> <span class='ocrx_word' id='word_1_563' title='bbox 1978 1994 2056 2025; x_wconf 85' lang='lat' dir='ltr'>agre</span> <span class='ocrx_word' id='word_1_564' title='bbox 2079 1983 2228 2017; x_wconf 79' lang='lat' dir='ltr'>serentes</span> 
     </span>
     <span class='ocr_line' id='line_1_89' title="bbox 1255 2028 2227 2075; baseline 0.004 -12"><span class='ocrx_word' id='word_1_565' title='bbox 1255 2030 1402 2074; x_wconf 84' lang='lat' dir='ltr'>imperia</span> <span class='ocrx_word' id='word_1_566' title='bbox 1429 2028 1625 2071; x_wconf 87' lang='lat' dir='ltr'>Thracum,</span> <span class='ocrx_word' id='word_1_567' title='bbox 1661 2031 1867 2075; x_wconf 89' lang='lat' dir='ltr'>Spadonum</span> <span class='ocrx_word' id='word_1_568' title='bbox 1898 2039 1932 2066; x_wconf 90' lang='lat' dir='ltr'>et</span> <span class='ocrx_word' id='word_1_569' title='bbox 1954 2033 2161 2074; x_wconf 86' lang='lat' dir='ltr'>mulierum,</span> <span class='ocrx_word' id='word_1_570' title='bbox 2195 2040 2227 2066; x_wconf 83' lang='lat' dir='ltr'>et</span> 
     </span>
     <span class='ocr_line' id='line_1_90' title="bbox 1228 2079 2227 2127; baseline 0.002 -13"><span class='ocrx_word' id='word_1_571' title='bbox 1228 2079 1230 2103; x_wconf 64' lang='lat'>1,</span> <span class='ocrx_word' id='word_1_572' title='bbox 1254 2081 1395 2124; x_wconf 88' lang='lat' dir='ltr'>rapinas</span> <span class='ocrx_word' id='word_1_573' title='bbox 1412 2092 1449 2114; x_wconf 88' lang='lat' dir='ltr'>ac</span> <span class='ocrx_word' id='word_1_574' title='bbox 1467 2081 1651 2126; x_wconf 84' lang='lat' dir='ltr'>libidines,</span> <span class='ocrx_word' id='word_1_575' title='bbox 1679 2083 1902 2117; x_wconf 85' lang='lat' dir='ltr'>trucidarunt</span> <span class='ocrx_word' id='word_1_576' title='bbox 1914 2082 2113 2127; x_wconf 86' lang='lat' dir='ltr'>Lamigium</span> <span class='ocrx_word' id='word_1_577' title='bbox 2129 2090 2162 2118; x_wconf 88' lang='lat' dir='ltr'>et</span> <span class='ocrx_word' id='word_1_578' title='bbox 2177 2083 2227 2116; x_wconf 86' lang='lat' dir='ltr'>sa-</span> 
     </span>
     <span class='ocr_line' id='line_1_91' title="bbox 1228 2131 1399 2178; baseline 0 -14"><span class='ocrx_word' id='word_1_579' title='bbox 1228 2137 1230 2178; x_wconf 71' lang='lat'>{</span> <span class='ocrx_word' id='word_1_580' title='bbox 1254 2131 1399 2164; x_wconf 84' lang='lat' dir='ltr'>miliam.</span> 
     </span>
     <span class='ocr_line' id='line_1_92' title="bbox 1229 2184 2228 2241; baseline 0.002 -18"><span class='ocrx_word' id='word_1_581' title='bbox 1229 2184 1231 2241; x_wconf 58' lang='grc' dir='ltr'><em>ζ</em></span> <span class='ocrx_word' id='word_1_582' title='bbox 1357 2188 1539 2235; x_wconf 78' lang='lat' dir='ltr'>Septimus</span> <span class='ocrx_word' id='word_1_583' title='bbox 1567 2187 1804 2224; x_wconf 78' lang='lat' dir='ltr'>Eleutherius</span> <span class='ocrx_word' id='word_1_584' title='bbox 1830 2193 1874 2226; x_wconf 91' lang='lat' dir='ltr'>ab</span> <span class='ocrx_word' id='word_1_585' title='bbox 1899 2191 2062 2226; x_wconf 91' lang='lat' dir='ltr'>Heraclio</span> <span class='ocrx_word' id='word_1_586' title='bbox 2091 2193 2228 2231; x_wconf 80' lang='lat' dir='ltr'>missus,</span> 
     </span>
    </p>
   </div>
   <div class='ocr_carea' id='block_1_27' title="bbox 1218 302 1230 1774">
    <p class='ocr_par' dir='ltr' id='par_1_28' title="bbox 1218 302 1230 1774">
     <span class='ocr_line' id='line_1_93' title="bbox 1218 302 1230 1774; baseline 0 0"><span class='ocrx_word' id='word_1_587' title='bbox 1218 302 1230 1774; x_wconf 95' lang='lat' dir='ltr'> </span> 
     </span>
    </p>
   </div>
   <div class='ocr_carea' id='block_1_28' title="bbox 1227 2241 2226 2288">
    <p class='ocr_par' dir='ltr' id='par_1_29' title="bbox 1227 2241 2226 2288">
     <span class='ocr_line' id='line_1_94' title="bbox 1227 2241 2226 2288; baseline 0.002 -14"><span class='ocrx_word' id='word_1_588' title='bbox 1227 2247 1231 2288; x_wconf 43' lang='lat' dir='ltr'>j</span> <span class='ocrx_word' id='word_1_589' title='bbox 1256 2241 1358 2276; x_wconf 87' lang='lat' dir='ltr'>initio</span> <span class='ocrx_word' id='word_1_590' title='bbox 1377 2241 1545 2274; x_wconf 86' lang='lat' dir='ltr'>foeliciter</span> <span class='ocrx_word' id='word_1_591' title='bbox 1566 2241 1735 2285; x_wconf 88' lang='lat' dir='ltr'>oppressit</span> <span class='ocrx_word' id='word_1_592' title='bbox 1751 2241 1897 2287; x_wconf 88' lang='lat' dir='ltr'>Neapoli</span> <span class='ocrx_word' id='word_1_593' title='bbox 1916 2243 2112 2282; x_wconf 81' lang='lat' dir='ltr'>seditiosos,</span> <span class='ocrx_word' id='word_1_594' title='bbox 2137 2254 2226 2287; x_wconf 92' lang='lat' dir='ltr'>quo—</span> 
     </span>
    </p>
   </div>
   <div class='ocr_carea' id='block_1_29' title="bbox 1229 2289 2226 2687">
    <p class='ocr_par' dir='ltr' id='par_1_30' title="bbox 1229 2289 2226 2687">
     <span class='ocr_line' id='line_1_95' title="bbox 1230 2289 2226 2336; baseline 0 -11"><span class='ocrx_word' id='word_1_595' title='bbox 1230 2307 1231 2335; x_wconf 70' lang='lat' dir='ltr'>j</span> <span class='ocrx_word' id='word_1_596' title='bbox 1257 2304 1336 2326; x_wconf 91' lang='lat' dir='ltr'>rum</span> <span class='ocrx_word' id='word_1_597' title='bbox 1354 2292 1425 2325; x_wconf 83' lang='lat' dir='ltr'>dux</span> <span class='ocrx_word' id='word_1_598' title='bbox 1448 2291 1654 2325; x_wconf 83' lang='lat' dir='ltr'>nominatur</span> <span class='ocrx_word' id='word_1_599' title='bbox 1669 2289 1861 2326; x_wconf 89' lang='lat' dir='ltr'>Iohannes:</span> <span class='ocrx_word' id='word_1_600' title='bbox 1890 2294 2016 2326; x_wconf 86' lang='lat' dir='ltr'>deinde</span> <span class='ocrx_word' id='word_1_601' title='bbox 2038 2294 2126 2326; x_wconf 84' lang='lat' dir='ltr'>facta</span> <span class='ocrx_word' id='word_1_602' title='bbox 2144 2304 2226 2336; x_wconf 87' lang='lat' dir='ltr'>pace</span> 
     </span>
     <span class='ocr_line' id='line_1_96' title="bbox 1229 2341 2224 2387; baseline -0.001 -11"><span class='ocrx_word' id='word_1_603' title='bbox 1229 2348 1231 2377; x_wconf 68' lang='grc' dir='ltr'>ἶ</span> <span class='ocrx_word' id='word_1_604' title='bbox 1256 2354 1335 2376; x_wconf 88' lang='lat' dir='ltr'>cum</span> <span class='ocrx_word' id='word_1_605' title='bbox 1352 2341 1596 2384; x_wconf 86' lang='lat' dir='ltr'>Longobardis</span> <span class='ocrx_word' id='word_1_606' title='bbox 1623 2342 1660 2374; x_wconf 90' lang='lat' dir='ltr'>iu</span> <span class='ocrx_word' id='word_1_607' title='bbox 1683 2353 1794 2376; x_wconf 89' lang='lat' dir='ltr'>annos</span> <span class='ocrx_word' id='word_1_608' title='bbox 1819 2345 1954 2382; x_wconf 89' lang='lat' dir='ltr'>decem,</span> <span class='ocrx_word' id='word_1_609' title='bbox 1982 2342 2064 2387; x_wconf 89' lang='lat' dir='ltr'>quia</span> <span class='ocrx_word' id='word_1_610' title='bbox 2088 2341 2224 2385; x_wconf 86' lang='lat' dir='ltr'>Egilol-</span> 
     </span>
     <span class='ocr_line' id='line_1_97' title="bbox 1230 2389 2226 2437; baseline 0 -12"><span class='ocrx_word' id='word_1_611' title='bbox 1230 2393 1231 2410; x_wconf 62' lang='lat'>¹</span> <span class='ocrx_word' id='word_1_612' title='bbox 1257 2390 1326 2437; x_wconf 89' lang='lat' dir='ltr'>pho</span> <span class='ocrx_word' id='word_1_613' title='bbox 1344 2398 1483 2426; x_wconf 86' lang='lat' dir='ltr'>mortuo</span> <span class='ocrx_word' id='word_1_614' title='bbox 1499 2398 1608 2425; x_wconf 88' lang='lat' dir='ltr'>mater</span> <span class='ocrx_word' id='word_1_615' title='bbox 1625 2389 1869 2426; x_wconf 85' lang='lat' dir='ltr'>Theudelinda</span> <span class='ocrx_word' id='word_1_616' title='bbox 1891 2399 2033 2436; x_wconf 86' lang='lat' dir='ltr'>propter</span> <span class='ocrx_word' id='word_1_617' title='bbox 2056 2392 2119 2425; x_wconf 84' lang='lat' dir='ltr'>filii</span> <span class='ocrx_word' id='word_1_618' title='bbox 2142 2393 2226 2425; x_wconf 88' lang='lat' dir='ltr'>ado·</span> 
     </span>
     <span class='ocr_line' id='line_1_98' title="bbox 1257 2440 2226 2486; baseline -0.001 -10"><span class='ocrx_word' id='word_1_619' title='bbox 1257 2443 1457 2476; x_wconf 83' lang='lat' dir='ltr'>lescentiam</span> <span class='ocrx_word' id='word_1_620' title='bbox 1476 2442 1569 2486; x_wconf 90' lang='lat' dir='ltr'>pacis</span> <span class='ocrx_word' id='word_1_621' title='bbox 1585 2442 1709 2486; x_wconf 87' lang='lat' dir='ltr'>cupida</span> <span class='ocrx_word' id='word_1_622' title='bbox 1726 2450 1809 2478; x_wconf 85' lang='lat' dir='ltr'>erat.</span> <span class='ocrx_word' id='word_1_623' title='bbox 1859 2440 2086 2477; x_wconf 81' lang='lat' dir='ltr'>Eleutherius</span> <span class='ocrx_word' id='word_1_624' title='bbox 2103 2443 2226 2475; x_wconf 81' lang='lat' dir='ltr'>videns</span> 
     </span>
     <span class='ocr_line' id='line_1_99' title="bbox 1257 2491 2226 2537; baseline -0.001 -11"><span class='ocrx_word' id='word_1_625' title='bbox 1257 2493 1393 2527; x_wconf 85' lang='lat' dir='ltr'>Italiam</span> <span class='ocrx_word' id='word_1_626' title='bbox 1411 2492 1636 2537; x_wconf 88' lang='lat' dir='ltr'>tranquillam</span> <span class='ocrx_word' id='word_1_627' title='bbox 1654 2504 1725 2526; x_wconf 88' lang='lat' dir='ltr'>esse</span> <span class='ocrx_word' id='word_1_628' title='bbox 1739 2504 1810 2525; x_wconf 88' lang='lat' dir='ltr'>sese</span> <span class='ocrx_word' id='word_1_629' title='bbox 1834 2504 1948 2535; x_wconf 82' lang='lat' dir='ltr'>regem</span> <span class='ocrx_word' id='word_1_630' title='bbox 1968 2491 2087 2526; x_wconf 87' lang='lat' dir='ltr'>ltaliae</span> <span class='ocrx_word' id='word_1_631' title='bbox 2109 2493 2226 2525; x_wconf 89' lang='lat' dir='ltr'>nomi-</span> 
     </span>
     <span class='ocr_line' id='line_1_100' title="bbox 1259 2540 2226 2583; baseline -0.001 -7"><span class='ocrx_word' id='word_1_632' title='bbox 1259 2550 1328 2576; x_wconf 85' lang='lat' dir='ltr'>nat.</span> <span class='ocrx_word' id='word_1_633' title='bbox 1387 2541 1454 2576; x_wconf 89' lang='lat' dir='ltr'>Sed</span> <span class='ocrx_word' id='word_1_634' title='bbox 1477 2555 1554 2575; x_wconf 88' lang='lat' dir='ltr'>cum</span> <span class='ocrx_word' id='word_1_635' title='bbox 1578 2542 1728 2577; x_wconf 83' lang='lat' dir='ltr'>Romam</span> <span class='ocrx_word' id='word_1_636' title='bbox 1753 2543 1941 2576; x_wconf 79' lang='lat' dir='ltr'>exercitum</span> <span class='ocrx_word' id='word_1_637' title='bbox 1966 2540 2079 2583; x_wconf 74' lang='lat' dir='ltr'>ducit,</span> <span class='ocrx_word' id='word_1_638' title='bbox 2112 2554 2130 2575; x_wconf 85' lang='lat' dir='ltr'>a</span> <span class='ocrx_word' id='word_1_639' title='bbox 2156 2543 2226 2576; x_wconf 87' lang='lat' dir='ltr'>suis</span> 
     </span>
     <span class='ocr_line' id='line_1_101' title="bbox 1230 2590 2226 2637; baseline -0.002 -11"><span class='ocrx_word' id='word_1_640' title='bbox 1230 2590 1233 2609; x_wconf 73' lang='grc'><strong><em>’</em></strong></span> <span class='ocrx_word' id='word_1_641' title='bbox 1257 2593 1428 2626; x_wconf 87' lang='lat' dir='ltr'>militibus</span> <span class='ocrx_word' id='word_1_642' title='bbox 1442 2593 1642 2626; x_wconf 84' lang='lat' dir='ltr'>interfectus</span> <span class='ocrx_word' id='word_1_643' title='bbox 1660 2598 1725 2632; x_wconf 82' lang='lat' dir='ltr'>est,</span> <span class='ocrx_word' id='word_1_644' title='bbox 1749 2599 1782 2625; x_wconf 90' lang='lat' dir='ltr'>et</span> <span class='ocrx_word' id='word_1_645' title='bbox 1799 2600 1900 2637; x_wconf 86' lang='lat' dir='ltr'>caput</span> <span class='ocrx_word' id='word_1_646' title='bbox 1915 2592 2058 2626; x_wconf 86' lang='lat' dir='ltr'>missum</span> <span class='ocrx_word' id='word_1_647' title='bbox 2075 2591 2226 2627; x_wconf 86' lang='lat' dir='ltr'>estCon-</span> 
     </span>
     <span class='ocr_line' id='line_1_102' title="bbox 1231 2641 2074 2687; baseline -0.002 -10"><span class='ocrx_word' id='word_1_648' title='bbox 1231 2652 1232 2672; x_wconf 75' lang='lat'>1</span> <span class='ocrx_word' id='word_1_649' title='bbox 1258 2643 1512 2687; x_wconf 85' lang='lat' dir='ltr'>stantinopolin</span> <span class='ocrx_word' id='word_1_650' title='bbox 1530 2643 1573 2676; x_wconf 91' lang='lat' dir='ltr'>ad</span> <span class='ocrx_word' id='word_1_651' title='bbox 1593 2641 1794 2677; x_wconf 89' lang='lat' dir='ltr'>Heraclium</span> <span class='ocrx_word' id='word_1_652' title='bbox 1818 2643 2074 2687; x_wconf 86' lang='lat' dir='ltr'>imperatorem.</span> 
     </span>
    </p>
   </div>
  </div>
 </body>
</html>
