2324 2955
197 125 270 158 315

198 215 466 253 propagaretur,
494 215 597 248 quam
617 209 760 246 propter
776 202 922 244 gloriam
940 202 1012 236 Dei
1039 209 1072 235 et
1097 215 1179 247 pro-

199 267 274 302 pter
294 260 436 291 salutem
455 261 608 287 nostram
629 253 782 286 studiose
803 253 990 293 discamus,
1017 260 1051 286 et
1068 265 1180 297 agno-

198 317 330 342 scentes
349 308 515 338 {inmensa
526 303 592 337 Dei
609 303 789 344 beneficia,
818 303 906 345 grati
927 316 1007 336 eum
1027 304 1181 338 celebre—

198 370 291 395 mus,
320 365 349 389 et
369 357 411 387 ab
429 356 502 398 ipso
518 354 665 386 assiduis
683 353 774 386 votis
792 360 966 397 petamus,
993 355 1039 387 ut?
1056 366 1120 388 nos
1144 356 1180 388 in

198 409 302 441 tantis
337 405 604 438 confusionibus
640 404 776 447 generis
811 402 959 437 humani
994 405 1182 439 clementer

197 459 368 500 gubernet
385 464 417 489 et
434 462 603 500 protegat,
623 466 687 487 nec
703 454 794 488 sinat
810 466 872 487 nos
891 455 1052 498 implicat
1072 456 1181 490 ierro-

196 509 313 547 ribus,
345 508 375 540 ei
393 520 432 540 ex
450 505 606 540 Ecclesia
626 506 662 537 in
681 505 842 539 tenebras
865 517 976 538 ruere.

299 598 350 631 Te
369 599 418 631 fili
438 597 669 632 DeiDomine
689 596 766 630 Iesu
782 594 939 637 Christe,
967 598 1027 643 qui
1048 598 1181 632 dixisti:

202 651 324 683 Venite
358 651 399 682 ad
431 661 485 681 me
518 660 656 688 omnes,
695 648 755 692 qui
786 648 953 681 laboratis
980 655 1013 681 et
1047 650 1182 683 onerati

197 702 298 741 estis,
326 712 386 742 ego
412 700 565 732 reficiam
591 710 669 738 vos,
700 699 845 735 invoco,
881 705 920 732 ut
952 710 1016 731 nes
1049 701 1183 740 doceas,

197 764 294 793 regas
319 759 349 783 et
376 762 501 782 serves.
557 749 647 782 Vera
671 755 703 781 te
727 749 825 793 loqui
850 761 921 782 non
947 750 1091 789 dubito,
1120 764 1182 784 vo-

197 809 332 834 cantem
354 812 474 833 omnes
492 811 730 833 aerumnosos,
756 799 829 831 Hac
846 806 904 832 tua
919 812 1001 832 voce
1018 801 1126 834 fretus
1138 803 1179 834 ad

195 860 228 883 te
245 852 391 889 accedo,
419 858 451 883 et
478 857 556 894 peto
580 857 613 883 et
640 857 780 893 expecto
798 862 815 882 a
834 857 865 882 te
884 851 1053 884 auxilium
1075 858 1107 885 et
1125 864 1180 885 sa—

197 903 315 936 lutem.
370 900 462 934 Dixi.

418 1026 596 1057 Potitio
635 1024 686 1057 ad
712 1025 963 1059 Decanum.

286 1116 440 1149 liex‘oeat
458 1114 545 1148 mihi
565 1116 602 1147 111
619 1117 824 1149 memoriam
848 1114 930 1149 baec
950 1117 1178 1151 consiliorum

196 1167 333 1200 Carolis
347 1165 571 1209 Imperatoris
588 1168 887 1203 commemoratio,
907 1179 961 1200 eas
978 1180 1062 1212 quas
1079 1180 1179 1212 saepe

196 1215 302 1249 habui
327 1219 369 1248 ,le
395 1215 552 1259 Augusto
575 1215 736 1257 Caesare,
773 1225 804 1250 et
836 1215 900 1250 hoc
936 1218 1012 1261 ipso
1038 1218 1179 1259 Carolo‚

197 1267 434 1309 cogitationes,
489 1266 603 1300 Multa
629 1269 764 1309 reperio
790 1268 826 1300 in
845 1266 898 1300 his
916 1270 1054 1301 duobus
1072 1268 1179 1301 Prin-

196 1318 332 1359 cipibus
357 1317 504 1355 similia,
535 1324 567 1349 et
594 1329 794 1360 quanquam
824 1319 978 1359 potentia
995 1319 1178 1360 utriusque

196 1367 330 1410 dispar,
358 1372 390 1398 et
413 1377 531 1398 rerum
556 1365 709 1408 ipsarum
737 1378 774 1398 ac
792 1372 988 1409 temporum
1009 1367 1178 1406 conditio,

196 1418 260 1450 5111)
286 1424 435 1460 utroque
456 1416 522 1448 fuit
549 1415 744 1448 dissimilis:
780 1423 895 1449 tamen
927 1417 963 1448 in
989 1429 1042 1449 res
1066 1424 1178 1450 motas

195 1469 265 1500 iam
283 1474 315 1500 et
331 1467 484 1500 turbatas
500 1465 624 1498 incidit
638 1471 796 1509 uterque.
827 1464 1039 1498 Naturarum
1051 1466 1177 1498 simili-

195 1518 374 1554 tudinem,
404 1527 577 1559 geneseon
597 1515 823 1557 congruentia
842 1515 988 1548 indicat:
1022 1515 1177 1559 Uterque

195 1568 289 1600 enim
310 1566 565 1610 Capricornum
585 1562 873 1609 ὠροσκοποῦντα
888 1592 897 1604 ,
928 1573 1072 1610 uterque
1098 1578 1175 1598 cum

196 1619 351 1651 Saturno
370 1616 519 1649 Martem
547 1616 775 1648 coniunctum
800 1614 937 1649 habuit.
992 1615 1077 1649 lnde
1105 1628 1176 1648 11011

196 1669 343 1701 obscura
369 1674 418 1699 est
446 1678 546 1699 causa
570 1667 834 1706 similitudinis,
870 1679 1028 1705 morum,
1062 1667 1177 1700 consi-

196 1720 347 1758 liorum,
376 1724 589 1757 conatuum,
617 1723 829 1757 eventuum,
857 1729 973 1750 rerum
994 1724 1178 1760 gestarum,

196 1769 374 1801 varietatis
393 1769 564 1801 fortunae.
604 1766 727 1801 Rediit
744 1768 780 1799 in
798 1768 921 1801 urbem
937 1767 1090 1802 Romam
1101 1766 1176 1800 Au-

196 1827 317 1861 gustus
342 1831 380 1850 ex
404 1816 522 1851 schola
542 1815 705 1857 Rhodia,
733 1830 750 1851 a
776 1818 885 1851 literis
911 1819 953 1851 ad
980 1818 1177 1862 imperium,

196 1877 273 1912 post
299 1869 518 1903 intersectum
544 1867 586 1902 C.
609 1868 809 1909 Caesarem,
847 1881 865 1901 a
889 1881 957 1914 quo
982 1869 1094 1902 fuerat
1116 1870 1178 1901 ad-

196 1927 334 1963 optatus
351 1919 552 1953 adolescens
572 1920 774 1959 admodum,
801 1926 834 1953 et
849 1926 888 1953 ut
904 1919 1128 1953 caesisHirco
1145 1926 1178 1952 et

195 1970 309 2003 Pansa
335 1970 540 2003 consulibus
562 1970 779 2009 succederet,
815 1977 949 2003 creatus
980 1977 1030 2003 est
1055 1970 1178 2003 consul

197 2033 329 2053 3111111111
345 2031 448 2063 agens
465 2020 638 2053 decimum
663 2032 812 2055 nonum.
865 2019 1030 2054 Eundem
1057 2020 1177 2054 aetatis

197 2084 329 2104 annum
347 2082 450 2114 agens
460 2069 609 2104 Carolus
626 2071 756 2104 accitus
772 2078 822 2104 est
830 2069 1033 2105 Electorum
1049 2072 1178 2105 suffra—

197 2123 261 2162 giis
286 2123 328 2155 ad
353 2121 493 2165 imperii
508 2120 664 2154 Romani
689 2121 1044 2156 administrationem.
1097 2121 1178 2155 Ma-

197 2185 263 2214 gna
280 2173 370 2205 bella
387 2172 491 2215 gessit
507 2178 655 2216 uterque
671 2178 762 2205 terra
779 2172 938 2217 marique
959 2173 1036 2216 pari
1052 2184 1177 2217 prope-

198 2224 344 2255 modum
362 2229 507 2262 eventu,
535 2229 568 2255 et
584 2223 708 2255 iisdem
726 2222 888 2256 fortunae
912 2223 1069 2263 vicibus,
1092 2235 1178 2256 con-

199 2280 250 2305 tra
270 2274 479 2306 domesticos
496 2273 603 2315 magis
620 2285 724 2317 quam
744 2279 878 2306 exteros
895 2271 1022 2307 hostes.
1062 2273 1179 2306 Variis

198 2324 265 2356 fuit
290 2330 434 2367 uterque
466 2324 595 2366 petitus
626 2324 932 2357 adversationibus
964 2331 997 2357 et
1026 2324 1177 2358 insidiis.

200 2373 348 2417 Utrique
374 2374 689 2417 praestantissimos
714 2382 748 2408 et
780 2375 949 2418 sapientia
984 2382 1015 2407 et
1049 2375 1178 2408 virtute

200 2424 325 2456 bellica
363 2424 456 2456 viros
478 2422 574 2456 Deus
610 2425 789 2465 adiunxit,
824 2437 975 2470 quorum
1012 2425 1178 2465 consiliis,

199 2476 327 2513 ductu,
355 2474 517 2507 felicitate
543 2486 581 2506 ac
606 2476 822 2509 successibus
845 2487 898 2509 res
926 2482 1038 2509 tantas
1064 2487 1178 2518 gesse-

199 2532 294 2563 ruut,
324 2522 481 2565 Augusto
503 2522 707 2568 Agrippam,
736 2526 996 2566 Maecenatem,
1022 2525 1178 2560 Drusum

200 2584 231 2609 et
248 2576 350 2608 alios:
379 2575 528 2613 Carolo,
557 2574 811 2617 Mercurinum,
840 2577 1074 2615 Granvelum,
1104 2575 1179 2610 An-

201 2627 336 2659 tonium
363 2625 513 2665 Levam,
556 2633 588 2658 et
612 2625 896 2671 Fronspergium.
958 2628 998 2661 In
1027 2635 1178 2672 utroque

199 2677 365 2720 sapientia
401 2677 466 2710 fuit
500 2676 670 2709 excellens
705 2678 807 2711 etiam
840 2680 1028 2712 admodum
1060 2679 1179 2712 adole-

696 116 849 153 DECL.
878 115 952 150 DE
993 116 1347 156 CONGRESSU
1387 119 1762 158 BONONtENSI.

1205 209 1209 244 1

2138 128 2210 161 316

1234 212 1359 243 scente,
1383 205 1575 249 etinsignis
1588 215 1667 251 post
1683 208 1876 248 victoriam,
1904 212 2108 246 moderatio.
2143 212 2209 245 Fe-

1235 262 1316 288 runt
1345 255 1527 288 Nicolaum
1567 255 1846 301 Sclionbergium
1881 259 2102 295 Cardinalem
2143 262 2211 295 (ja-

1235 318 1389 350 puanum
1414 318 1493 339 cum
1520 307 1722 350 perfunctus
1754 310 1989 353 legationibus
2017 314 2109 356 apud
2141 320 2209 346 tres

1235 368 1352 398 reges,
1377 354 1542 389 Carolum
1568 355 1836 400 Hispaniarum,
1870 361 2094 395 Franciscum
2122 362 2209 396 Gal—

1235 407 1381 447 liarum,
1407 413 1440 439 et
1463 405 1657 440 Henricum
1682 407 1849 451 Angliae,
1876 412 2033 445 rediisset
2050 411 2212 452 Rorram,

1235 464 1266 490 et
1285 458 1517 500 interrogatus
1536 465 1621 491 esset
1639 471 1655 490 a
1673 458 2079 506 CardiualeS.Ge0rgii:
2109 463 2208 505 Quae

1235 508 1419 551 reperisset
1434 508 1471 540 in
1495 509 1566 541 illis
1591 509 1704 542 tribus
1720 511 1836 553 regnis
1853 520 2041 546 memoratu
2063 514 2211 546 maxime

1235 559 1360 601 digna,
1387 559 1608 602 respondisse
1633 561 1806 594 concinne
1829 563 2018 595 admodum
2045 571 2076 597 et
2094 565 2209 596 brevi-

1235 616 1302 642 ter:
1355 607 1540 653 Reperisse
1567 621 1601 643 se
1628 611 1664 642 in
1690 610 1818 645 Galliis
1843 610 2028 656 pulchrum
2053 625 2209 657 regnum,

1236 660 1272 692 in
1290 657 1418 703 Anglia
1437 658 1622 704 pulchrum
1641 674 1768 704 regem,
1796 664 1862 695 fuit
1881 663 1972 695 enim
1989 663 2209 696 formaHen-

1236 710 1297 743 rici
1324 711 1413 754 regis
1437 710 1576 743 eximia:
1605 711 1641 743 in
1658 711 1837 755 Hispaniis
1860 726 1940 746 vero
1967 715 2104 758 sapiens
2126 727 2210 747 con-

1235 761 1353 794 silium
1370 761 1470 803 regis.
1524 761 1629 804 Quod
1654 770 1687 796 et
1714 765 1756 796 de
1782 764 1857 808 ipso
1873 763 2000 798 Carolo
2029 773 2061 799 et
2078 765 2209 798 Senatu

1236 812 1332 854 regni
1348 811 1496 855 intelligi
1514 813 1637 848 voluit.
1690 812 1772 847 Fuit
1787 822 1820 848 et
1835 816 1989 848 studium
2008 816 2043 848 in
2061 822 2210 860 utroque

1235 863 1363 895 serium
1387 873 1440 895 res
1466 871 1656 896 commotas
1683 870 1716 896 et
1740 865 1947 898 fluctuantes
1964 868 2210 910 componendi,

1235 919 1267 946 et
1291 913 1359 945 iam
1384 921 1541 957 reparata
1567 921 1597 946 et
1622 914 1754 947 firmata
1786 928 1885 958 pace,
1929 929 2032 960 quam
2064 917 2208 949 dissidia

1235 963 1482 1004 dissolverant,
1509 965 1746 997 constituendi
1761 972 1867 999 status
1886 966 2034 999 alicuius
2051 968 2208 999 duraturi

1235 1015 1276 1046 ad
1303 1020 1476 1058 posterOS,
1501 1022 1533 1048 et
1556 1016 1729 1058 profuturi
1756 1017 2001 1061 tranquillitati
2027 1025 2129 1061 atque
2156 1018 2211 1050 in-

1234 1064 1432 1098 columitati
1450 1065 1601 1109 imperii.

1308 1113 1487 1148 Deliberat
1503 1113 1681 1158 Augustus
1696 1117 1739 1149 de
1756 1117 1867 1150 forma
1885 1117 2114 1162 Reipublicae
2132 1130 2208 1151 cum

1234 1166 1372 1198 duobus
1388 1166 1652 1209 sapientissimis
1669 1167 1752 1199 viris
1770 1166 1926 1212 Agrippa
1947 1176 1977 1201 et
1998 1168 2210 1207 Maecenate,

1232 1223 1352 1249 utrum
1379 1216 1575 1249 restitueret
1608 1224 1756 1250 veterem
1792 1219 1938 1250 sormam
1968 1218 2210 1262 Reipublicae,

1233 1278 1322 1310 quae
1341 1273 1413 1300 erat
1431 1278 1470 1298 ex
1481 1266 1711 1300 Aristocratia
1727 1275 1759 1300 et
1773 1267 1994 1302 Democratia
2011 1270 2116 1303 mixta
2131 1297 2138 1309 ,
2165 1282 2209 1301 an

1232 1316 1328 1346 illam
1356 1325 1500 1357 prorsus
1526 1317 1693 1346 abolitam
1721 1326 1909 1358 praestaret
1937 1327 2150 1351 commutare
2175 1319 2210 1349 111

1233 1361 1492 1397 Monarchiam.
1545 1363 1675 1398 Extant
1700 1366 1964 1399 deliberationis
1987 1368 2080 1400 illius
2099 1369 2211 1411 capita

1232 1415 1325 1456 apud
1343 1413 1494 1447 Dionem
1511 1416 1663 1457 exposita
1681 1416 1796 1457 longis
1814 1418 2032 1450 orationibus
2046 1444 2053 1455 ,
2081 1419 2117 1449 in
2134 1420 2214 1461 qui-

1232 1463 1297 1495 bus
1332 1463 1443 1496 multa
1477 1464 1701 1506 disputantur
1729 1465 1880 1507 graviter
1915 1474 1946 1499 et
1978 1468 2152 1510 sapienter
2174 1469 2211 1499 111

1231 1518 1417 1557 utramque
1441 1520 1592 1556 partem:
1622 1514 1668 1547 ita
1692 1515 1735 1546 de
1759 1515 1966 1548 dirimendis
1985 1524 2015 1549 et
2032 1518 2210 1560 sopiendis

1232 1563 1479 1596 controversiis
1496 1564 1735 1597 ecclesiasticis
1751 1572 1784 1597 et
1803 1568 2031 1599 emendandis
2043 1565 2209 1601 Ecclesiis

1233 1613 1369 1658 Synodi
1387 1613 1561 1657 legitimae
1578 1615 1728 1653 iudicio,
1751 1617 1862 1660 deque
1881 1617 2107 1650 instauranda
2125 1631 2210 1651 con-

1231 1664 1368 1704 cordia,
1391 1671 1424 1698 et
1440 1672 1520 1697 ante
1542 1665 1672 1697 bellum
1695 1666 1947 1700 Germanicum
1966 1675 1999 1700 et
2015 1675 2103 1711 pust,
2131 1681 2209 1702 cum

1231 1715 1449 1758 sapientibus
1473 1715 1582 1748 multa
1601 1716 1749 1749 contulit
1766 1715 1914 1750 Carolus
1938 1718 1974 1751 in
1991 1731 2112 1752 omnes
2129 1731 2210 1763 par—

1232 1773 1281 1798 tes
1312 1772 1470 1799 accurate
1504 1767 1687 1809 pensitata.
1748 1767 1814 1800 Sed
1849 1769 1922 1811 pari
1956 1771 2209 1812 propemodum

1231 1827 1389 1849 successu
1405 1817 1552 1849 tentavit
1571 1824 1716 1862 uterque
1731 1819 1824 1862 quod
1843 1819 1903 1851 diu
1929 1820 2150 1865 multumque
2178 1828 2210 1854 et

1231 1866 1404 1910 sapienter
1428 1867 1610 1910 cogitarat,
1639 1875 1671 1901 ct
1696 1869 1937 1910 desperatione
1960 1872 2100 1903 tandem
2126 1884 2211 1904 con-

1231 1917 1319 1950 siliis
1342 1917 1486 1951 abiectis
1511 1918 1554 1950 ab
1582 1919 1720 1962 incepto
1746 1919 1898 1958 destitit,
1927 1928 1959 1953 et
1983 1933 2055 1954 sese
2075 1934 2136 1954 ceu
2154 1934 2210 1954 re-

1231 1968 1343 2002 movit
1365 1980 1385 2001 a
1408 1967 1639 2012 Reipublicae
1667 1970 1989 2011 administratione,
2029 1970 2210 2015 Augustus

1231 2019 1337 2063 petita
1354 2017 1462 2060 Nola,
1490 2018 1637 2053 Carolus
1660 2021 1891 2063 monasterio,
1920 2028 1952 2055 et
1969 2022 2005 2054 in
2033 2023 2209 2056 moesticia

1232 2082 1271 2103 ac
1290 2069 1482 2103 solitudine
1498 2077 1657 2103 mortuus
1675 2078 1723 2105 est
1740 2077 1896 2116 uterque.

1305 2118 1476 2165 Exemplo
1497 2128 1545 2154 est
1564 2128 1722 2166 uterque,
1742 2134 1846 2167 quam
1862 2124 1905 2156 sit
1923 2124 2042 2156 infelix
2058 2124 2210 2156 humana

1232 2171 1420 2215 sapientia,
1448 2178 1482 2206 et
1499 2184 1602 2217 quam
1620 2173 1718 2207 irrita
1737 2184 1894 2217 prorsus,
1920 2174 1947 2207 si
1972 2186 2043 2207 non
2072 2180 2211 2217 regatur

1232 2222 1413 2257 divinitus.

1317 2271 1371 2306 Eo
1393 2273 1560 2307 libentIus
1585 2281 1700 2307 autem
1722 2286 1782 2318 ego
1803 2287 1942 2320 quoque
1960 2273 2077 2308 Caroli
2096 2274 2211 2319 Impe-

1232 2323 1358 2358 ratoris
1375 2316 1591 2358 mentionem
1610 2325 1698 2358 facio
1712 2353 1720 2365 ,
1747 2327 1841 2370 quod
1859 2325 1950 2358 inter
1976 2332 2089 2359 tantas
2107 2338 2210 2359 occu-

1231 2374 1389 2419 pationes
1407 2375 1672 2418 gubernationis
1689 2384 1721 2409 et
1737 2376 1921 2415 bellorum,
1944 2388 2065 2409 omnes
2084 2377 2210 2410 scimus

1233 2437 1311 2459 eum
1329 2432 1362 2459 et
1380 2437 1530 2466 amasse,
1569 2434 1601 2460 et
1618 2426 1844 2466 intellexisse,
1879 2433 1908 2459 et
1936 2428 2082 2460 coluisse
2109 2435 2210 2472 atque

1232 2476 1424 2510 exercuisse
1442 2474 1502 2510 has
1520 2484 1654 2510 nostras
1672 2483 1762 2509 artes
1786 2474 1944 2522 physicas
1961 2486 1993 2512 et
2017 2475 2210 2511 mathema-

1231 2527 1337 2566 ficas,
1372 2528 1420 2560 sic
1445 2534 1482 2561 ut
1506 2539 1568 2560 nec
1593 2526 1887 2560 medicationibus
1916 2535 2089 2565 uteretur,
2124 2540 2210 2573 quas

1233 2589 1305 2611 non
1325 2577 1398 2621 ipse
1416 2578 1514 2622 prius
1531 2579 1783 2611 considerasset
1798 2585 1831 2612 et
1845 2580 2090 2619 examinasset,
2117 2586 2150 2613 et
2166 2580 2209 2612 de

1232 2628 1391 2662 doctrina
1426 2625 1654 2672 geographica
1691 2635 1794 2673 atque
1835 2630 2068 2663 astronomica
2109 2630 2210 2674 plura

1234 2686 1371 2720 nosset,
1397 2691 1500 2724 quam
1520 2679 1622 2713 multi
1641 2678 1700 2712 alii
1717 2676 1771 2712 his
1789 2680 1913 2714 studiis
1940 2681 2122 2725 praecipue
2148 2681 2209 2713 de-
