2324 2955
111 110 176 145 101
705 104 867 143 DECL.

106 200 146 227 ut
163 199 306 237 propter
321 193 433 225 filium
452 203 589 236 semper
601 190 793 225 Ecclesiam
811 193 846 226 in
866 191 919 226 bis
938 193 1090 235 regioni-

105 245 171 278 bus
188 244 329 286 colligat
346 250 379 277 et
394 243 584 285 gubernet,
612 250 644 276 et
664 250 818 287 protegat
835 243 1010 277 Ecclesiae
1027 241 1091 277 ho-

103 294 226 339 spitia,
253 302 285 328 et
311 295 347 327 in
371 294 420 327 eis
439 294 680 327 doctrinarum
700 301 733 328 et
755 295 870 337 legum
896 295 1033 336 studia,
1059 301 1093 329 et

105 343 288 379 honestam
306 344 528 389 disciplinam
546 353 738 378 conservet.
793 344 885 378 Dixi.

884 518 1046 558 (an.'1554
1058 522 1089 561 Ρ)

911 567 1080 579 ΨΜ

102 517 169 553 Νο.
191 517 275 551 144.

352 611 427 652 De
453 615 596 664 partu
618 608 711 664 filii
738 612 843 652 Dei.

167 697 196 723 ln
212 697 302 724 select.
318 696 437 722 Declam.
451 696 482 721 Τ.
495 696 540 723 ΙΙΙ.
558 707 583 730 p.
592 697 642 722 655
656 707 725 732 sqq.‚
746 697 863 725 Servest.
879 699 909 724 T.
926 699 972 725 Ill.
988 708 1014 732 p.
1029 699 1087 724 690.

199 737 224 757 et
237 731 362 757 Richard.
375 730 407 757 Τ.
418 731 464 757 ΗΙ.
479 741 503 765 p.
513 731 574 759 307.

97 813 225 846 Oratio
256 810 301 846 de
327 810 626 846 consideratione
652 810 757 859 fideli
788 815 972 848 salutaris
994 824 1086 857 par-

349 867 411 897 tus
438 865 478 897 in
505 865 618 897 terris
644 862 716 910 filii
743 865 828 898 Dei.

94 930 216 981 Spero
233 938 397 982 equidem
419 937 590 981 plurimos
614 938 657 970 ad
682 935 771 971 hanc
791 938 1017 977 concionem,
1046 938 1081 969 in

94 1000 162 1034 qua
179 989 221 1021 de
238 988 342 1021 rebus
359 989 513 1028 arcanis,
541 1000 579 1021 ac
598 989 719 1031 procul
745 1000 849 1032 supra
870 989 998 1021 iudicia
1017 986 1080 1021 hu-

91 1051 196 1072 mana
225 1039 366 1083 positis,
403 1039 560 1071 dicturus
588 1050 683 1079 sum,
724 1040 847 1072 afferre
873 1046 1005 1072 mentes
1036 1040 1079 1072 ita

91 1090 313 1124 confirmatas
329 1090 405 1122 luce
423 1090 561 1130 divina,
589 1097 619 1123 et
636 1091 848 1123 testimoniis
874 1091 1081 1130 illustribus,

91 1141 221 1186 quibus
246 1139 341 1173 Deus
368 1152 403 1173 se
427 1141 545 1183 generi
565 1139 719 1174 humano
740 1142 919 1185 patefecit,
947 1148 985 1174 ut
1001 1154 1080 1173 vere

91 1192 328 1225 assentiantur
345 1189 551 1234 Evangelio,
579 1199 612 1225 et
629 1199 781 1225 statuant
802 1191 992 1225 Ecclesiam
1014 1191 1077 1224 Dei

91 1254 190 1276 veras
215 1242 404 1276 sententias
428 1243 560 1276 de'Deo
588 1243 834 1283 circumferre,
863 1256 934 1275 non
959 1241 1078 1276 ethni-

90 1305 209 1327 carum
233 1293 543 1333 mataeologiarum
562 1294 706 1325 similes.
760 1292 811 1325 Ac
830 1293 942 1325 Deum
968 1301 1077 1326 aeter-

91 1355 176 1376 num
202 1348 335 1385 patrem
356 1341 500 1373 Domini
528 1342 637 1374 nostri
664 1341 741 1374 Iesu
764 1341 897 1375 Christi
919 1350 991 1374 toto
1020 1356 1078 1385 pe-

90 1400 185 1426 ctore
203 1404 277 1431 oro,
303 1398 341 1423 ut
358 1397 391 1423 et
408 1402 525 1422 veram
545 1391 657 1422 lucem
676 1392 711 1422 in
732 1393 892 1423 omnium
912 1392 1077 1424 cordibus

88 1443 270 1481 accendat,
297 1447 336 1474 ut
356 1440 469 1483 ipsum
490 1452 568 1472 vere
587 1452 835 1481 agnoscamus,
862 1442 1077 1474 celebremus

89 1501 122 1527 et
141 1493 364 1528 invocemus,
392 1497 425 1523 et
442 1491 636 1523 imbecilles
654 1491 774 1533 erigat,
803 1498 833 1523 et
851 1491 1004 1529 adiuvet,
1032 1504 1076 1524 ne

86 1544 251 1577 fluctibus
267 1542 529 1575 dubitationum
546 1541 676 1581 obruti,
701 1541 881 1574 veritatem
902 1542 1075 1575 amittant.

86 1594 174 1628 Nam
201 1590 396 1638 prophanis
427 1593 605 1626 mentibus
634 1593 762 1625 frustra
788 1590 852 1624 hae
883 1594 1075 1626 sententiae

86 1651 356 1689 proponuntur,
385 1643 496 1676 filium
513 1642 578 1676 Dei
599 1639 711 1690 λόγον
727 1641 789 1677 καὶ
811 1640 934 1677 εἰκόνα
952 1642 1075 1678 ἀΐδιον

87 1692 212 1730 ἀϊδίου
245 1691 399 1740 πατρὸς,
435 1706 571 1737 semper
599 1696 690 1737 apud
718 1702 852 1738 patrem
876 1695 999 1735 fuisse,
1035 1708 1073 1728 ac

86 1754 203 1791 postea
222 1747 385 1779 indutum
404 1743 556 1778 humana
582 1752 727 1785 natura,
756 1746 939 1778 nobiscum
959 1759 1072 1779 versa-

86 1805 160 1832 tum
185 1809 275 1837 esse,
302 1798 432 1830 sactum
459 1793 609 1829 hostiam
634 1809 695 1839 pro
722 1797 842 1835 nobis,
872 1804 903 1829 et
930 1810 1071 1830 revoca-

85 1856 160 1882 tum
185 1861 224 1881 cx
253 1855 381 1888 morte,
410 1860 503 1880 nunc
520 1846 711 1880 Ecclesiam
739 1860 837 1880 suam
855 1847 991 1891 Spiritu
1009 1861 1071 1881 sno

86 1911 215 1943 regere.

186 1949 281 1983 Haec
301 1962 379 1982 cum
401 1949 491 1982 Deus
513 1948 735 1982 evidentibus
759 1950 988 1989 testimoniis,
1017 1962 1071 1982 re-

83 2001 308 2036 suscitatione
334 2008 574 2036 rnm-tuorum,
609 2007 641 2032 et
665 2000 742 2032 aliis
765 2001 892 2043 signis,
929 2014 1008 2032 vera
1039 2008 1071 2033 et

85 2058 178 2086 certa
196 2064 268 2084 esse
288 2052 497 2091 ostenderit,
525 2062 589 2082 nos
614 2052 754 2095 quidem
773 2064 970 2084 asseverare
997 2064 1067 2083 non

84 2104 307 2142 dubitamus,
342 2109 375 2135 et
405 2100 467 2134 hac
502 2102 718 2135 consessione
742 2103 855 2136 Deum
888 2103 1069 2135 celebran-

84 2156 168 2188 dum
186 2165 258 2187 esse
273 2153 412 2186 scimus.

187 2212 254 2247 Sed
292 2210 485 2255 prophanis
520 2209 604 2244 haec
640 2213 846 2245 asseveratio
877 2214 1001 2253 stulta,
1038 2221 1069 2246 et.

83 2265 184 2309 plena
210 2264 359 2296 anilium
385 2263 697 2296 deliramentorum
721 2264 876 2304 videtur,
904 2266 1069 2297 adversus

83 2327 170 2360 quos
206 2328 277 2348 non
311 2314 491 2348 instituam
526 2314 820 2357 disputationem,
862 2317 919 2348 sed
955 2328 1008 2347 me
1038 2323 1069 2348 et

82 2367 170 2399 alios
187 2366 263 2410 pios
278 2363 449 2399 adhortor
461 2393 469 2405 ,
497 2372 535 2398 ut
553 2366 713 2398 miranda
731 2364 795 2399 Dei
812 2367 898 2399 sacta
918 2367 1068 2410 plurima

82 2419 125 2450 ad
145 2429 207 2450 nos
233 2417 492 2450 confirmandos
512 2417 736 2459 colligamus,
764 2418 891 2462 quibus
911 2419 1066 2451 testimo-

85 2469 142 2502 nia
163 2468 343 2501 doctrinae
360 2468 517 2501 coelestis
540 2468 630 2500 edita
649 2474 742 2502 sunt.

185 2526 319 2560 Eduxit
334 2525 427 2559 Deus
443 2539 483 2560 ex
496 2524 654 2572 Aegypto
677 2526 846 2569 populum
863 2526 956 2560 inter
971 2534 1067 2560 stan—

85 2586 134 2612 tes
169 2590 295 2623 aquaS,
335 2578 436 2611 scidit
473 2578 631 2619 ingentes
665 2578 844 2620 scopulos,
878 2585 910 2610 et
945 2578 1070 2611 etl‘utlit

82 2641 208 2671 magna
225 2640 394 2673 aquarum
414 2629 572 2667 flumina,
595 2629 684 2672 pluit
701 2640 806 2670 grana
825 2630 867 2661 de
884 2630 992 2668 coelo,
1017 2642 1070 2662 re-

85 2679 222 2714 vocavit
238 2680 367 2713 multos
384 2692 422 2711 ex
441 2686 551 2712 morte
564 2680 711 2712 diversis
728 2681 955 2724 temporibus.
981 2680 1071 2714 llaec

908 106 983 142 DE
1018 107 1214 143 PARTU
1249 109 1389 144 FlLlI
1424 109 1531 145 DEI.

2064 118 2133 151 102

1144 194 1343 226 testimonia
1361 208 1438 228 cuin
1459 209 1521 229 nec
1538 198 1780 230 commenticia
1803 199 1891 238 sint,
1920 212 1981 233 nec
2004 203 2130 235 obscu—

1144 255 1199 283 ra,
1227 256 1292 276 nos
1318 247 1542 287 confirment,
1571 254 1608 280 ut
1633 248 1771 282 coelesti
1795 250 1975 283 doctrinae
1991 253 2035 284 de
2057 253 2129 286 filio

1144 293 1209 327 Dei
1233 296 1480 336 assentiamur,
1507 306 1538 331 et
1562 299 1735 332 contraria
1762 300 1890 333 iudicia
1909 303 2037 336 mentis
2063 301 2129 337 hu-

1143 358 1267 378 manae
1298 347 1492 387 frenemus,
1528 356 1560 381 et
1593 357 1630 382 ut
1653 349 1782 383 Paulus
1810 351 1941 396 inquit:
1980 353 2128 387 Vincula

1143 396 1343 429 iniiciamus
1361 399 1537 431 mentibus
1555 400 1589 431 in
1608 401 1815 445 obsequium
1834 400 1979 438 Christi.

1231 447 1327 479 Haec
1349 450 1578 490 praemonitio
1603 451 1638 482 iu
1665 448 1821 485 hocloco
1840 459 1871 485 et
1888 454 1929 486 de
1948 452 2011 487 hac
2027 468 2128 489 causa

1143 499 1334 531 necessaria
1352 506 1412 539 cst,
1433 507 1469 532 ut
1489 498 1689 542 prophanos
1704 503 1880 535 auditores
1898 505 2129 545 dimittamus,

1142 555 1176 582 et
1191 550 1367 594 reliquum
1386 557 1520 583 coetum
1539 551 1676 594 piorum
1690 554 1922 586 exuscitemus
1933 557 2128 596 nobiscum,

1142 612 1214 632 non
1239 602 1280 632 ad
1304 601 1576 644 disputandum,
1600 602 1657 633 sed
1679 603 1719 633 ad
1745 604 1934 644 gratiarum
1956 609 2126 640 actionem

1141 658 1172 683 et
1197 651 1477 692 invocationem,
1505 659 1544 685 ut
1571 651 1689 684 Patres
1716 665 1754 685 ac
1780 652 1996 697 Prophetae,
2025 670 2126 701 expe-

1141 702 1295 735 tiverunt
1318 700 1411 735 hunc
1437 703 1607 740 natalem,
1636 709 1673 735 ut
1696 703 1822 745 Angeli
1843 711 1875 737 et
1900 718 2018 738 recens
2045 717 2125 741 nato

1139 750 1301 793 Christo,
1330 760 1360 786 et
1378 766 1471 786 nunc
1496 754 1532 785 in
1557 751 1610 785 his
1629 754 1723 785 seriis
1744 752 1808 787 lioc
1835 755 1958 797 ingens
1978 756 2043 790 Dei
2069 760 2126 791 be-

1140 804 1300 836 neficium
1327 805 1522 843 celebrant,
1550 811 1586 837 ut
1611 803 1745 844 Maria,
1773 804 1980 845 ZacllariaS,
2009 816 2040 841 et
2067 810 2125 841 alii

1140 855 1207 896 pii,
1235 854 1308 888 Deo
1336 855 1463 896 gratias
1488 863 1632 897 egerunt
1659 855 1718 888 illo
1744 855 1819 900 ipso
1844 864 2019 900 tempore,
2047 872 2124 892 cum

1137 903 1318 938 Christum
1343 906 1532 944 infantem,
1568 906 1768 939 involutum
1800 908 1973 949 fasciolis,
2008 911 2125 944 intue-

1138 957 1286 996 bantur,
1313 963 1345 989 et
1362 957 1575 988 dulcissimis
1595 957 1699 989 basiis
1718 958 1926 992 salutabant.

1239 1005 1294 1039 Ad
1325 1005 1418 1039 hunc
1446 1014 1582 1040 coetum
1611 1020 1675 1040 nos
1704 1009 1955 1051 adiungamus,
1989 1012 2125 1044 omissis

1136 1058 1456 1101 disputationibus,
1493 1070 1531 1091 ac
1563 1071 1642 1090 vera
1675 1059 1742 1091 fide
1776 1060 1944 1093 dicamus.
2007 1061 2123 1095 Credo

1135 1106 1225 1142 lianc
1247 1121 1353 1141 unam
1382 1110 1577 1142 doctrinam
1601 1111 1642 1142 de
1661 1108 1734 1142 Deo
1761 1111 1924 1144 traditam
1949 1112 1985 1143 in
2003 1110 2124 1145 Eccle-

1133 1160 1201 1199 sia,
1230 1160 1469 1192 confirmatam
1486 1167 1537 1193 tot
1561 1160 1753 1193 manifestis
1775 1162 1987 1195 testimoniis
2006 1176 2122 1196 veram

1134 1223 1221 1251 esse,
1249 1212 1353 1243 credo
1373 1218 1403 1243 te
1419 1209 1532 1244 Deum
1550 1218 1750 1249 aeternum,
1779 1219 1811 1245 et
1827 1214 1972 1247 unicum
1990 1221 2122 1257 patrem

1132 1261 1279 1294 Domini
1307 1262 1416 1294 nostri
1443 1261 1519 1294 Iesu
1544 1260 1698 1302 Christi,
1723 1263 1810 1295 coeli
1838 1270 2020 1309 terraeque
2046 1266 2123 1309 opi-

1132 1314 1247 1351 ficem,
1275 1320 1308 1344 et
1325 1313 1543 1345 conditorem
1565 1311 1740 1345 Ecclesiae
1766 1321 1862 1352 tuae,
1892 1327 1971 1347 vere
1989 1316 2121 1348 misisse

1132 1362 1241 1392 tilium
1269 1359 1380 1406 λόγον
1403 1360 1464 1393 καὶ
1487 1359 1610 1393 εἷκόνα
1635 1374 1702 1395 σου
1719 1362 1861 1406 ἀΐδιον,
1889 1372 1927 1397 ut
1944 1374 2121 1410 assumpta

1133 1409 1284 1442 huinana
1304 1417 1427 1442 natura
1445 1424 1483 1443 ex
1500 1412 1634 1452 virgine
1659 1411 1789 1451 Maria,
1820 1427 1880 1458 pro
1899 1416 2002 1448 nobis
2021 1417 2120 1450 victi-

1133 1473 1185 1492 ma
1214 1460 1326 1499 fieret,
1354 1468 1386 1493 et
1412 1461 1543 1503 placata
1569 1462 1619 1494 ira
1644 1469 1721 1500 tua,
1750 1465 1853 1497 nobis
1878 1467 2039 1499 redderet
2066 1468 2120 1500 lu-

1131 1522 1223 1549 cem,
1249 1510 1434 1548 iusticiam,
1464 1518 1497 1543 et
1514 1512 1620 1543 vitam
1640 1520 1829 1553 aeternam,
1858 1522 1889 1547 et
1910 1529 1971 1558 pro
1991 1514 2045 1549 his
2064 1519 2119 1550 in-

1129 1561 1292 1603 gentibus
1319 1562 1495 1593 beneficiis
1520 1562 1582 1594 tibi
1609 1563 1737 1605 gratias
1754 1575 1837 1606 ago,
1863 1573 1896 1599 et
1913 1568 2119 1601 ardentibus

1130 1612 1219 1644 votis
1235 1624 1315 1649 oro,
1343 1619 1381 1645 ut
1406 1612 1442 1644 in
1466 1625 1542 1644 meo
1568 1620 1705 1656 pectore
1729 1622 1761 1648 et
1784 1616 1905 1650 multis
1931 1618 2009 1650 aliis
2033 1631 2118 1652 con—

1129 1664 1243 1695 firmes
1262 1660 1351 1695 hanc
1369 1664 1597 1703 sententiam,
1625 1676 1688 1697 nos
1708 1677 1824 1707 regaS,
1851 1675 1889 1700 ut
1908 1675 1940 1700 te
1963 1669 2117 1702 celebre-

1128 1726 1224 1752 mus,
1252 1727 1289 1746 ac
1310 1714 1399 1746 veris
1416 1715 1556 1754 officiis,
1585 1728 1673 1759 quae
1689 1718 1880 1759 approbas,
1907 1731 2043 1763 semper
2059 1734 2116 1754 co-

1127 1765 1259 1805 lamus,
1288 1772 1318 1798 te
1343 1773 1483 1797 nostrae
1505 1773 1639 1798 mentes
1659 1774 1750 1799 recte
1774 1779 1981 1811 agnoscant,
2010 1777 2042 1804 te
2060 1783 2116 1805 so-

1126 1824 1211 1850 nent
1247 1823 1279 1849 et
1317 1816 1462 1849 laudent
1494 1824 1633 1850 nostrae
1664 1818 1805 1861 linguae
1833 1827 1864 1853 et
1901 1821 2040 1860 literae,
2084 1832 2112 1855 et

1126 1868 1327 1900 discernant
1345 1874 1378 1899 te
1399 1880 1518 1899 verum
1535 1866 1661 1908 Deum,
1689 1881 1706 1901 a
1725 1872 1979 1905 commenticiis
1997 1875 2114 1906 numi-

1126 1918 1231 1950 nibus
1248 1918 1397 1950 aliarum
1419 1919 1595 1960 gentium,
1624 1932 1713 1964 quae
1731 1921 1858 1955 nolunt
1886 1920 1980 1956 hunc
1996 1924 2112 1957 Deum

1126 1969 1306 2007 invocare,
1336 1969 1393 2013 qui
1413 1981 1448 2001 se
1466 1971 1547 2002 dato
1566 1968 1760 2013 Evangelio
1786 1972 1821 2004 in
1838 1971 1993 2007 Ecclesia
2017 1982 2114 2018 pate-

1125 2020 1224 2059 fecit,
1258 2027 1289 2052 et
1321 2020 1565 2063 obtemperent
1588 2027 1748 2053 aeternae
1778 2022 1844 2065 legi
1876 2031 1972 2063 tuae,
2007 2037 2110 2069 quam

1125 2071 1228 2103 nobis
1250 2071 1444 2110 tradidisti,
1473 2078 1612 2104 nostrae.
1638 2072 1836 2106 voluntates
1856 2081 1889 2107 et
1907 2086 2028 2108 sensus
2047 2089 2111 2109 no-

1124 2122 1196 2156 stri.
1250 2121 1345 2154 llaec
1372 2134 1451 2154 vere
1476 2122 1595 2155 divina
1621 2123 1711 2154 bona
1735 2135 1752 2155 a
1778 2130 1810 2156 te
1837 2132 1980 2169 propter
1999 2127 2110 2160 filium

1124 2181 1222 2206 tuum
1247 2172 1440 2205 Dominum
1475 2181 1633 2206 nostrum
1673 2173 1784 2208 lesum
1809 2173 1990 2209 Christum
2023 2179 2110 2220 peti-

1123 2236 1220 2264 mus,
1247 2236 1335 2268 quae
1353 2231 1385 2257 ct
1401 2224 1451 2256 vis
1472 2237 1489 2256 a
1507 2231 1539 2257 te
1557 2224 1624 2268 peti
1646 2225 1848 2269 praecipue,
1877 2233 1910 2260 et
1927 2228 2022 2260 solus
2042 2229 2108 2262 lar—

1123 2276 1187 2318 giri
1207 2282 1314 2319 potes.

1226 2325 1281 2358 Illi
1308 2326 1431 2367 igitur,
1458 2325 1640 2368 inquibus
1667 2323 1750 2359 haec
1775 2326 1858 2360 fides
1882 2341 2021 2361 accensa
2048 2339 2107 2370 est,

1124 2390 1218 2410 nunc
1232 2377 1399 2410 attentius
1418 2376 1652 2416 considerent,
1682 2374 1747 2410 boc
1764 2379 2012 2413 admirandum
2035 2383 2107 2413 soe-

1123 2430 1209 2468 dus,
1237 2440 1307 2472 quo
1333 2428 1455 2459 insilio
1475 2424 1539 2458 Dei
1558 2428 1718 2470 copulata
1738 2436 1788 2462 est
1811 2427 1964 2463 bumana
1983 2440 2105 2464 natura

1122 2492 1200 2512 cum
1219 2480 1348 2512 divina.
1402 2476 1517 2510 Etiam
1537 2490 1613 2510 cum
1633 2479 1830 2513 testimonia
1857 2481 2005 2515 illustria
2024 2496 2102 2515 eone

1123 2531 1270 2563 vicerint
1297 2535 1428 2561 nwntes
1455 2535 1609 2570 nostras,
1638 2537 1677 2564 ut
1701 2530 1879 2564 fateantur
1895 2545 1965 2565 esse
1988 2534 2108 2569 Deum,

1123 2589 1154 2614 et
1182 2593 1252 2613 esse
1281 2580 1491 2623 sapientem,
1527 2580 1680 2619 bouum,
1717 2582 1867 2620 iustum,
1904 2585 2105 2626 punientem

1124 2633 1324 2669 sceleratos,
1351 2638 1380 2663 et
1409 2638 1607 2674 parcentem
1633 2645 1670 2665 ac
1687 2633 1959 2666 benefacientem
1980 2635 2106 2678 aliqui-

1128 2685 1189 2716 bus
1215 2682 1505 2723 modestioribus,
1533 2690 1648 2716 tamen
1673 2684 1913 2718 excruciantur
1936 2683 1986 2716 his
2005 2686 2109 2723 euris,

1534 2732 1583 2764 7*
