2324 2955
144 76 218 113 889
835 74 864 111 1.

243 158 356 206 Sylla
380 158 539 194 Dictator
567 161 676 194 factus
706 171 799 193 anno
828 159 926 193 urbis
948 165 1124 193 sexcente-

139 211 228 244 simo
266 211 519 254 septuagesimo
558 211 682 250 tertio,
724 210 885 254 adiungit
924 210 992 244 sibi
1026 208 1122 243 Coss.

139 260 303 294 Tullium
319 259 487 294 Deculam
514 268 544 294 et
561 259 800 301 Dolabellam,
827 262 899 305 ipse
916 261 1010 303 regio
1026 271 1123 293 more

137 322 243 355 supra
260 322 317 344 eos
333 311 431 344 sedit.
485 309 703 344 Dictaturam
721 312 823 345 tertio
841 323 933 344 anno
952 310 1124 355 deposuit,

137 361 272 394 interea
292 361 382 404 leges
406 362 617 394 necessarias
639 362 732 397 tulit.
783 360 906 395 Donec
928 361 1022 394 enim
1045 360 1121 394 vult

135 409 232 444 Deus
254 411 399 455 imperia
420 412 572 452 servari,
599 412 709 446 ssectit
732 423 888 445 summos
910 412 1059 446 victores
1077 411 1120 444 ad

136 459 228 494 hanc
246 472 363 494 curam
375 488 383 502 ‚
411 468 449 495 ut
469 462 580 505 leges,
607 462 737 495 iudicia
755 469 787 495 et
804 463 976 506 legitimas
992 472 1120 507 poenas

135 511 332 546 restituant.
387 511 427 545 ld
443 512 479 545 fit
497 513 581 545 alias
596 512 727 553 mitius,
754 513 839 546 alias
855 513 1023 557 asperius,
1073 509 1121 546 Et

134 572 214 594 cum
238 560 335 606 Sylla
368 563 563 595 necessario
592 560 791 596 coherceret
814 563 991 608 inquietos
1015 562 1118 604 cives,

132 611 237 645 multi
255 612 358 646 etiam
374 612 503 646 iniuste
519 613 629 646 necati
646 619 746 652 sunt,
774 625 853 648 cum
870 613 994 659 aSylla
1008 639 1017 654 ‚
1042 619 1117 646 tum

133 662 261 695 scelere
291 674 433 703 eorum,
474 663 535 707 qui
566 663 754 697 familiares
785 671 884 697 erant
914 663 1049 709 Syllae,
1084 668 1117 695 et

131 710 284 745 aliorum
312 723 395 756 opes
427 714 661 757 occupabant,
694 720 733 747 ut
763 713 907 759 quidam
938 714 1116 746 modestus

134 761 221 794 civis
250 760 418 796 Aurelius
450 775 529 796 cum
560 764 832 808 interficeretur,
866 764 1044 797 clamavit:
1080 760 1115 795 O

131 811 216 845 villa
226 810 383 854 Aurelia,
400 825 507 858 quare
525 814 656 847 occidis
669 814 854 847 dominum
865 814 990 848 tuum?
1017 813 1116 847 Tan—

128 867 270 907 tamque
293 864 534 897 crudelitatem
553 864 589 896 in
606 864 862 909 proscriptione
877 864 1048 902 exercuit,
1076 870 1116 896 ut

127 918 247 955 postea
266 913 433 958 scriptum
451 914 512 948 sit:
538 912 694 948 Excessit
711 913 891 947 Medicina
907 914 1063 946 modum.

230 977 444 1013 Retinentur
467 986 499 1012 et
522 977 628 1012 hodie
652 980 688 1011 in
711 979 896 1013 Pandectis
919 980 1010 1022 leges
1025 978 1114 1013 Cor-

128 1028 258 1069 neliae,
290 1030 333 1061 de
358 1028 519 1070 sicariis,
555 1036 589 1063 et
618 1030 662 1062 de
686 1029 864 1063 Falsariis.
932 1029 1001 1064 Sed
1032 1031 1114 1064 tulit

127 1078 214 1112 alias
244 1079 389 1119 multas,
421 1079 533 1122 legem
556 1078 770 1120 Maiestatis,
803 1086 836 1113 et
858 1079 902 1112 de
924 1078 1113 1123 Magistra-

127 1135 229 1162 tuum
258 1129 401 1169 ordine,
435 1130 478 1162 de
502 1129 662 1170 iudiciis,
696 1130 739 1162 de
765 1129 987 1173 repetundis,
1019 1141 1114 1163 sum-

126 1178 301 1222 ptuariam
323 1186 356 1212 et
376 1179 481 1219 alias,
512 1189 661 1223 quarum
684 1180 869 1225 pleraeque
890 1186 1008 1224 postea
1032 1192 1111 1213 cum

125 1229 165 1261 in
188 1228 291 1262 bellis
315 1228 479 1263 civilibus
503 1229 631 1262 iterum
656 1230 808 1264 abolitae
828 1236 960 1269 essent,
988 1227 1111 1264 alulio

124 1285 159 1312 et
175 1279 304 1313 deinde
321 1279 365 1313 ab
381 1277 542 1323 Augusto
560 1286 746 1314 renovatae
762 1287 854 1316 sunt.

226 1344 474 1380 Tribuniciam
503 1351 708 1389 potestatem
737 1346 834 1392 Sylla
864 1359 937 1381 non
969 1360 1111 1392 prorsus

124 1396 277 1430 sustulit.
342 1395 506 1429 Permisit
536 1396 631 1429 enim
656 1403 695 1430 ut
718 1396 873 1430 Tribuni
896 1405 1111 1440 crearentur,

125 1448 184 1481 sed
204 1447 293 1479 duos
312 1458 438 1480 nervos
457 1446 598 1480 incidit:
626 1446 705 1479 Non
720 1448 900 1488 concessit,
928 1454 966 1481 ut
982 1460 1111 1492 provo-

124 1497 215 1531 catio
245 1498 288 1530 ad
315 1508 372 1529 eos
393 1497 509 1537 fieret,
543 1508 609 1530 nec
631 1498 800 1531 concessit
824 1505 862 1531 ut
886 1510 995 1531 novas
1019 1500 1111 1541 leges

122 1548 273 1587 ferrent,
305 1548 364 1579 sed
387 1547 531 1592 reliquit
554 1546 602 1579 eis
628 1546 681 1580 ius
705 1548 923 1580 convocandi
946 1548 1110 1589 Senatus,

123 1604 162 1631 ut
178 1597 444 1636 intercederent,
470 1596 498 1629 si
515 1596 593 1641 quis
607 1596 787 1630 videretur
800 1598 928 1631 iniuste
944 1599 1109 1642 opprimi.

124 1647 208 1681 Ideo
223 1646 345 1680 Cicero
363 1648 404 1679 de
420 1646 564 1691 Syllana
583 1647 656 1689 lege
673 1647 806 1692 inquit:
833 1647 965 1693 Syllam
984 1649 1110 1691 probo,

123 1697 185 1742 qui
211 1696 383 1729 Tribunis
411 1696 523 1739 plebis
554 1697 703 1729 iniuriae
735 1703 939 1740 potestatem
966 1699 1108 1737 ademit,

122 1747 293 1781 auxilium
311 1745 447 1779 ferendi
465 1745 619 1790 reliquit.
661 1745 800 1780 Proluit
816 1748 946 1780 frenari
963 1748 1107 1781 nimiam

123 1797 220 1840 vulgi
244 1803 468 1841 potestatem,
502 1802 534 1829 et
556 1795 675 1837 augeri
701 1796 850 1829 Senatus
873 1798 1108 1838 autoritatem,

122 1855 155 1882 et
179 1854 294 1881 tamen
318 1844 400 1880 liiiic
421 1857 562 1890 quoque
584 1846 722 1878 frenum
741 1846 837 1878 iniici
856 1847 1107 1880 intercessione

122 1897 390 1939 Tribunorum,
423 1903 463 1930 ut
493 1893 755 1941 ἀριστοκρατία
786 1903 873 1930 esset
905 1903 1107 1941 temperata,

121 1960 186 1982 nec
202 1955 319 1982 tamen
338 1947 473 1980 infinita
491 1953 576 1979 esset
593 1946 686 1988 vulgi
705 1946 870 1988 potentia.
924 1945 985 1980 Est
1000 1947 1106 1988 enim,

121 2005 161 2033 ut
191 1996 399 2032 Aristoteles
428 1997 531 2036 dicit,
565 2008 659 2028 mera
691 1994 922 2041 δημοκρατία
954 2004 1105 2031 extrema

121 2048 292 2094 tyrannis.
340 2046 385 2081 Et
401 2048 491 2091 apud
504 2046 723 2080 Herodotum
740 2047 941 2089 gravissima
959 2055 1010 2081 est
1026 2060 1106 2081 ora-

120 2100 171 2133 tio
193 2105 314 2132 contra
331 2096 604 2132 Democratiam.
656 2095 774 2131 Ruere
796 2097 912 2142 inquit
932 2098 1056 2141 vulgus
1073 2106 1105 2133 et

121 2149 303 2194 impellere
327 2149 465 2191 negotia
492 2148 567 2180 sine
585 2154 722 2188 mente,
745 2155 783 2182 ut
798 2147 961 2181 feruutur
977 2160 1104 2191 niagno

122 2200 254 2244 impetu
283 2200 441 2232 flumina.
505 2197 694 2241 Pompeius
724 2204 840 2232 autem
864 2199 1016 2233 restituit
1041 2199 1105 2232 tri-

120 2248 301 2284 buniciam
327 2255 540 2293 potestatem.
595 2247 697 2281 Posta
715 2247 893 2291 Augustus
917 2256 1029 2282 totuin
1052 2250 1104 2282 ius

118 2300 328 2334 tribuniciae
365 2299 544 2344 potestatis
579 2299 623 2331 ad
663 2309 736 2331 sese
767 2299 964 2339 transtulit,
999 2300 1104 2332 simul

123 2358 163 2384 ut
186 2361 328 2395 prorsus
349 2350 503 2384 aboleret
528 2360 603 2382 cam
616 2372 625 2387 ,
652 2355 683 2382 et
703 2356 879 2393 praetextu
897 2350 958 2382 illo
976 2350 1105 2383 retine-

120 2407 174 2435 ret
193 2402 248 2435 ius
265 2400 481 2435 convocandi
500 2399 660 2433 Senatus.

224 2465 319 2499 llaec
329 2465 473 2498 consilia
485 2465 752 2498 considerentur
764 2464 798 2497 in
810 2462 978 2505 historiis,
1004 2477 1106 2509 prae·-

123 2517 242 2552 sertim
265 2527 343 2550 cuin
362 2516 490 2548 similia
508 2516 617 2549 multa
635 2515 800 2548 omnibus
817 2516 1034 2559 temporibus
1050 2527 1106 2548 ac-

123 2568 253 2601 cidant.
307 2565 387 2600 Uno
409 2572 442 2599 et
461 2566 582 2599 eodem
601 2566 658 2599 die
673 2566 757 2598 urbs
774 2565 967 2608 Noriberga
983 2573 1015 2599 et
1030 2564 1105 2599 Au-

122 2625 221 2661 gusta
244 2614 390 2650 Rlietica
417 2616 615 2660 petiverunt
638 2616 811 2650 contraria
835 2628 853 2649 a
877 2615 1104 2660 Sigismundo

174 2670 351 2702 Manui-ii.
377 2668 480 2701 Ovttt.
501 2668 581 2699 Voti.
597 2668 676 2702 XII.

912 70 1204 110 CHRONICON
1231 72 1476 110 CARIONIS.

2090 98 2164 133 890

1178 157 1397 215 imperatore.
1453 158 1621 217 ‘Augusta
1647 166 1771 208 petivit
1804 168 1956 214 institui,
2002 190 2044 211 ne
2076 186 2161 226 quid

1177 206 1327 241 Senatus
1351 216 1596 251 constitueret,
1630 215 1697 247 iiisi
1717 215 1889 254 Tribunis
1913 226 2075 268 opificum
2100 246 2161 278 ap·

1177 259 1422 300 probaiitibuS.
1475 260 1669 307 Noriberga
1695 268 1839 309 petivit,
1873 285 1917 305 ne
1940 276 2058 313 liceret
2075 281 2139 318 Tri

1174 308 1280 341 bunis
1310 310 1480 354 impedire
1502 310 1651 347 Senatus
1681 317 1827 353 decreta.
1888 322 1989 360 Nunc
2011 309 2158 369 Carolus

1173 366 1378 401 potestatem
1406 361 1632 396 tribuniciam
1654 365 1831 409 Augustae
1860 385 1979 409 rursus
2005 386 2143 420 sustiil't

1172 406 1220 442 Et
1246 417 1389 454 apparet
1414 409 1680 448 Aristocratiam
1707 417 1743 449 in
1772 431 1896 463 magno
2119 400 2126 418 Ι
2148 414 2155 421 ’

1924 435 2024 462 coetu
2062 437 2154 479 opti..

1172 470 1265 492 mam
1291 472 1375 496 esse.

1272 526 1370 584 Sylla
1387 530 1543 573 deposita
1555 530 1736 568 Dictatura
1751 536 1837 571 vixit
1849 540 2042 584 biennium.
2070 551 2152 590 Fuit

1170 583 1265 611 tanta
1284 590 1320 610 iii
1337 591 1377 612 eo
1395 580 1505 613 animi
1521 583 1745 625 magnitudo,
1783 599 1853 621 non
1872 593 1985 627 solum
2005 606 2041 633 ut
2056 607 2151 644 pem--

1169 628 1248 684 cula
1281 636 1534 672 contemneret,
1582 633 1704 667 vivens
1739 636 1812 669 siue
1845 645 2026 682 praesidiis
2089 658 2148 688 sed

1168 684 1271 710 etiam
1300 685 1339 712 ut
1367 679 1511 721 dixerit,
1555 694 1590 714 se
1618 684 1789 718 rationem
1826 701 1941 725 reruin
1975 676 2149 739 gesiarum

1168 728 1388 762 redditurum
1414 742 1498 765 esse.
1550 730 1626 766 Etsi
1651 741 1766 768 autem
1793 740 1894 773 valde
1920 755 2061 783 cruenta
2083 754 2148 788 suit

1167 777 1241 835 eius
1271 779 1498 836 gubernatio,
1536 788 1653 816 tamen
1679 783 1795 820 Mario
1819 793 2064 834 anteferendus
2088 813 2136 839 est

1167 839 1398 885 qui-primum
1419 831 1554 874 privata
1572 834 1766 869 ambitione
1783 837 2052 885 Rempuhlicam
2072 833 2147 888 tur-⁸

1167 878 1283 918 bavit,
1311 891 1374 912 nec
1396 881 1464 923 egit
1482 879 1564 922 boc,
1590 891 1628 917 ut
1652 885 1742 927 leges
1766 894 1799 921 et
1824 890 1952 928 iudicia
1978 900 2131 939 valerent

1165 926 1234 961 Sed
1245 928 1342 973 Sylla
1355 928 1510 962 Marium
1523 932 1651 967 iniuste
1667 937 1864 973 turbantem
1874 934 2145 991 Rempublfcani

1164 979 1349 1022 repressit,
1375 986 1492 1022 postea
1517 982 1642 1017 direxit
1661 985 1843 1022 victoriam
1860 994 1902 1025 ad
1919 992 2013 1032 hunc
2029 1002 2131 1038 finem

1164 1034 1203 1061 ut
1219 1028 1328 1071 leges,
1356 1029 1484 1062 iudicia
1507 1038 1540 1064 et
1564 1031 1740 1075 legitimae
1762 1049 1893 1080 poenae
1919 1032 2144 1086 restitueren:

1164 1083 1246 1160 Eur,-
1277 1089 1365 1123 quae
1393 1079 1505 1113 officia
1527 1079 1622 1116 Deus
1649 1085 1942 1127 gubernatoribus
1966 1109 2144 1138 commen-

1191 1134 1273 1161 avit.

1162 1230 1351 1265 Bellum
1388 1233 1525 1267 civile
1558 1240 1741 1279 ‚qe-stum
1783 1239 1980 1283 ducibus

1332 1285 1436 1325 pedo
1466 1287 1509 1317 et
1537 1285 1573 1318 G.
1602 1282 1728 1322 Iulio
1755 1291 1968 1333 Caesare.
2013 1255 2142 1290 Pom-

1183 1412 1192 1420 ·
1221 1413 1229 1421 .
1264 1363 1348 1399 Post
1371 1365 1490 1411 Syllae
1514 1375 1662 1401 mortem
1687 1383 1780 1407 anno
1807 1378 1981 1417 tricesimo
2008 1386 2140 1424 bellum

1162 1414 1265 1446 civile
1297 1423 1484 1450 moverunt
1513 1416 1701 1462 Pompeius
1734 1431 1766 1457 et
1797 1425 1834 1460 C.
1862 1428 1972 1466 lulius
2005 1435 2131 1474 Caesar

1161 1463 1260 1496 cuius
1277 1462 1360 1498 haec
1377 1467 1444 1500 suit
1461 1479 1579 1500 causa:
1608 1468 1735 1505 Caesar
1759 1477 1926 1518 petiverat
1954 1495 1988 1517 se
2016 1467 2143 1523 absen:

1160 1520 1229 1570 tem
1248 1514 1538 1571 fieriConsulem,
1564 1526 1750 1566 antequam
1769 1537 1807 1558 ex
1818 1527 1934 1564 Gallia
1952 1534 2131 1574 decederet

1161 1575 1242 1608 quia
1260 1575 1287 1596 si
1306 1566 1463 1622 privatus
1482 1567 1520 1599 in
1539 1570 1662 1603 urbem
1687 1574 1865 1615 rediisset,
1902 1581 2038 1619 inimici
2061 1569 2144 1624 eum,

1159 1621 1354 1671 accusaturi
1378 1623 1412 1650 et
1441 1621 1641 1660 oppressuri
1671 1632 1781 1660 erant.
1848 1628 2006 1674 Populus
2035 1638 2142 1674 initur

1160 1666 1365 1719 rogantibus
1384 1665 1578 1707 Tribunis,
1612 1677 1644 1703 et
1663 1670 1815 1707 Consule
1833 1676 2000 1726 Pompeio
2024 1665 2121 1724 agseii

1158 1719 1288 1756 tiente,
1312 1714 1410 1748 iubet
1427 1714 1504 1749 Caii
1523 1716 1604 1750 Iulii
1622 1719 1780 1757 Caesaris
1796 1727 1948 1765 absentis
1968 1713 2143 1773 mumma}

1158 1760 1292 1798 haberi.
1345 1763 1469 1799 Postea
1487 1766 1622 1801 inimici
1639 1779 1720 1805 sunt
1738 1771 1931 1814 hortatores
1978 1788 2121 1824 neSenq

1158 1819 1214 1846 tus
1229 1814 1264 1846 id
1282 1815 1480 1857 permittat,
1514 1824 1546 1851 et
1564 1817 1659 1856 Coss.
1679 1821 1833 1859 Lentulo
1858 1837 1889 1863 et
1908 1811 1949 1868 C?
1967 1813 2141 1874 Marcelli]

1157 1862 1195 1896 fii
1224 1862 1597 1907 senatusconsultum,
1624 1878 1662 1904 ut
1685 1881 1766 1907 ante
1785 1884 1917 1913 certum
1943 1885 2034 1920 diem
2052 1889 2121 1925 Cae

1158 1923 1214 1945 sar
1229 1914 1420 1947 exercitum
1437 1917 1601 1950 dimittat.
1653 1920 1691 1955 Si
1717 1924 1752 1956 id
1776 1939 1848 1960 non
1871 1931 1973 1967 faciat
2029 1913 2141 1975 vid‘er}

1157 1974 1236 2019 euin
1252 1970 1388 2020 'contra
1407 1964 1678 2011 Rempublicam
1707 1974 1837 2018 facere,
1872 1988 1905 2015 et
1931 1963 2139 2032 Poinpeiiim

1158 2025 1294 2046 inimici
1324 2013 1481 2049 Caesaris
1513 2017 1580 2050 sibi
1612 2022 1821 2066 adiungunt.
1897 2032 2139 2076 Adversantur

1156 2062 1466 2099 senatusconsulto
1478 2065 1632 2102 Tribuni
1650 2073 1772 2116 plebis,
1800 2077 2129 2127 Marciisutiitonius

1157 2112 1351 2155 Q.Cassius
1370 2122 1402 2148 et
1412 2115 1532 2158 Curio,
1561 2126 1593 2152 et
1610 2127 1839 2167 contendunt,
1870 2144 1912 2165 ne
1929 2121 2140 2176 beneficium,

1155 2170 1256 2197 antea
1275 2166 1484 2208 promissum
1499 2167 1639 2204 Caesari
1665 2175 1845 2218 eripiatur.
1901 2183 1985 2219 Mox
2012 2196 2043 2222 et
2070 2189 2135 2227 lioc

1155 2214 1333 2272 decretum
1347 2215 1496 2251 Senatus
1513 2219 1612 2258 facit,
1638 2230 1675 2256 iit
1694 2225 1832 2262 videant
1849 2230 1944 2267 Coss.
1961 2244 1993 2271 et
2010 2246 2134 2276 caeteri

1156 2263 1394 2308 Magistratus,
1412 2264 1471 2302 Ne
1487 2268 1581 2314 quid
1594 2273 1797 2317 respublica
1816 2278 2022 2321 detrimenti
2035 2303 2074 2323 ca
2104 2305 2119 2326 e

1158 2318 1219 2372 rft.
1260 2314 1334 2348 llac
1353 2317 1463 2350 forma
1480 2321 1666 2355 verborum
1676 2324 1826 2362 Senatus
1843 2335 2006 2372 utebatur
2075 2305 2137 2377 (¹³⁰-

1155 2371 1220 2398 ties
1236 2372 1401 2410 tauquam
1417 2369 1583 2403 adversus
1600 2374 1782 2411 seditiosos
1800 2355 2136 2428 praecipiebii’tCoii-

1156 2416 1291 2448 sulibus
1308 2423 1345 2449 ut
1364 2429 1457 2451 arma
1476 2430 1650 2463 caperent,
1678 2432 1709 2458 et
1729 2428 1796 2461 vim
1818 2429 1965 2471 habebat
2058 2416 2068 2425 Δ
2121 2418 2136 2422 —

1157 2464 1432 2523 proscriptioni,
1477 2476 1513 2502 ut
1548 2483 1612 2504 iios
1647 2478 1888 2522 nominamus,

1157 2517 1310 2577 9¹⁰f¹⁰'¹'.
1324 2529 1433 2561 aquae
1452 2527 1484 2552 et
1504 2520 1603 2562 ignis.
1655 2523 1850 2567 Discedunt
1870 2535 1975 2578 igitur
1992 2554 2028 2574 ex
2049 2547 2134 2578 urbe

1166 2566 1310 2599 Fribuiii
1328 2568 1371 2599 ad
1388 2566 1582 2608 Caesarem.
1634 2575 1758 2611 Statim
1777 2589 1808 2615 et
1829 2588 2135 2628 p1-(,-,-;11013,G.,11;,

1158 2615 1196 2650 L.
1220 2615 1377 2651 Domitio
1401 2619 1616 2663 decernitur,
1659 2634 1693 2661 et
1720 2630 1873 2668 delectus
1896 2644 1966 2671 tota
1993 2617 2091 2677 ltalia
2117 2619 2135 2678 ii

1548 2671 1597 2706 57

1928 2499 1989 2522 seu
2027 2493 2135 2528 iuter-
