2324 2955
215 134 287 168 ⁶207

216 216 281 251 No.
301 216 382 249 158.
1023 215 1070 233 an.
1089 204 1181 234 1557.

295 330 368 369 De
398 326 609 379 pulmone
640 325 685 361 et
715 319 771 360 (le
803 318 1001 360 ‹laser-im.
1033 322 1112 357 etc.

284 415 317 439 In
336 413 424 438 select.
439 410 515 437 Decl,
528 410 560 434 T.
575 408 618 434 lV.
639 417 662 441 p.
678 407 728 431 679
745 416 802 440 sqq.
823 410 846 430 et
864 406 978 430 Seu-est.
993 403 1078 429 T.lV.
1097 413 1123 436 p.
1138 403 1195 428 617.

317 448 403 472 Etiam
424 447 450 471 in
470 444 630 470 orationum
651 442 682 466 T.
700 442 733 466 V.
754 450 778 474 p.
792 442 816 465 4.
836 445 861 465 et
880 439 951 473 apud
972 438 1098 463 Richard.
1117 437 1148 462 T.
1162 438 1196 464 ll.

318 482 418 515 p.111.

217 569 344 603 Oratio
376 566 420 600 de
449 565 617 609 pulmone
649 566 685 595 et
715 560 760 594 cle
791 559 1007 592 discrimine
1031 559 1196 590 arteriae

216 617 395 653 tracheae
418 621 455 650 et
476 613 694 658 oesoplmyi‚·
728 613 890 644 recitata
909 620 930 641 α
949 606 1001 641 Β.
1028 606 1195 641 Jacobo

523 662 757 703 Miliclzio,
791 658 898 694 1557.

219 755 317 797 Cum
338 759 379 791 ad
405 756 578 791 tumulum
598 751 796 787 Reverendi
815 750 880 782 viri
900 748 1047 782 Martini
1064 746 1198 782 Luthe-

218 813 268 850 ri,
295 821 387 842 anno
411 814 487 851 post
511 812 657 837 mortem
683 803 756 835 eius
775 800 980 839 undecimo,
1007 800 1198 854 decernen-

219 863 284 895 dus
314 869 384 891 esse
414 857 539 899 gradus
570 854 759 887 Doctorum
792 852 826 882 in
857 858 929 883 arte
961 849 1093 882 medica
1127 849 1197 880 filio

219 910 345 954 ipsius,
371 908 446 939 viro
471 903 651 938 excellenti
677 901 872 934 eruditione
890 907 924 932 et
942 900 1070 932 virtute
1088 898 1197 932 Paulo

218 957 398 997 LutberO,
431 955 542 988 multa
571 955 614 986 de
646 952 752 996 patris
777 949 940 987 historia,
977 956 1010 982 et
1032 950 1074 982 de
1099 949 1198 981 bellis

219 1008 444 1051 Principum,
473 1012 505 1037 et
527 1005 569 1036 de
593 1002 747 1035 dissidiis
773 1000 992 1038 docentium,
1018 1011 1105 1043 quae
1124 1006 1199 1042 post

219 1061 294 1094 eius
319 1063 466 1090 mortem
491 1060 604 1087 secuta
627 1060 726 1089 sunt,
762 1051 933 1091 cognatm,
968 1047 1060 1081 nihil
1085 1049 1198 1081 dicam

220 1111 263 1143 de
288 1108 399 1142 bellis.
439 1104 610 1138 Maiorem
631 1103 786 1135 dolorem
807 1098 1021 1132 hauddubie
1037 1098 1199 1130 omnibns

220 1157 456 1193 mediocribus
482 1153 686 1186 bominibus
707 1151 818 1183 adfert
837 1150 977 1181 illorum
998 1148 1199 1191 petulantia,

220 1209 281 1254 qui
317 1208 406 1240 sicut
440 1204 578 1248 Ulysses
612 1202 752 1234 comites
787 1212 825 1232 eo
860 1200 1072 1238 dormiente,
1120 1209 1197 1230 cum

219 1266 335 1293 utrem
367 1257 410 1289 ab
443 1253 572 1292 Aeolo,
607 1253 777 1284 donatum
810 1249 1039 1291 aperuissent,
1077 1254 1199 1280 ventos

220 1309 421 1344 emiserunt,
450 1304 509 1347 qni
526 1303 617 1335 inter
632 1313 702 1333 sese
720 1299 887 1332 contrarii
904 1298 1096 1329 sevissimas
1112 1304 1199 1328 tem—

219 1362 368 1402 pestates
392 1353 599 1386 excitarunt:
629 1349 676 1382 ita
698 1348 764 1391 ipsi
786 1347 881 1379 velut
904 1346 1016 1389 sopito
1042 1343 1199 1401 [impero

221 1405 395 1441 contraria
432 1404 593 1443 dogmata
629 1403 848 1442 sparserunt,
892 1403 925 1428 et
955 1401 1200 1428 moestlssunas

219 1455 393 1492 Ecclesias
421 1450 640 1484 horribiliter
670 1448 915 1480 dilacerarunt.
995 1444 1073 1486 Qua
1103 1444 1139 1475 in
1164 1454 1200 1475 re

220 1519 293 1541 non
316 1505 426 1538 solum
451 1500 555 1534 liuius
579 1498 744 1540 temporis
761 1495 973 1538 deploranda
994 1501 1042 1526 est
1060 1493 1200 1525 calami-

221 1565 290 1596 tas,
314 1555 371 1587 sed
396 1551 506 1584 multo
524 1548 632 1590 magis
653 1544 862 1590 posteritatis
879 1550 911 1576 et
926 1543 1116 1575 liberorum
1134 1554 1199 1574 no—

222 1614 373 1640 strorum
397 1612 496 1634 causa
522 1598 713 1631 dolendum
739 1601 797 1628 est.
855 1593 943 1626 Nam
969 1593 1071 1626 etiam
1095 1604 1199 1635 parva

223 1653 393 1690 dissensio
424 1649 544 1688 initio,
586 1646 705 1680 crescit
736 1651 892 1687 tempore
923 1654 1000 1675 cum
1031 1643 1201 1674 accedunt

223 1706 321 1742 odia,
355 1709 387 1735 et
420 1706 532 1745 partes
564 1695 775 1730 factionibus
807 1699 1007 1732 armantur,
1041 1692 1139 1748 sicut.
1159 1692 1201 1723 de

222 1753 406 1790 Discordia
436 1750 609 1782 Ilomeru÷
645 1745 776 1789 inquit:
820 1743 932 1776 Parva
962 1749 1057 1775 metu
1087 1753 1200 1785 primo

222 1817 303 1839 mox
326 1813 397 1835 sese
418 1798 508 1834 tollit
525 1799 561 1830 in
578 1807 697 1836 auras,
724 1794 988 1837 ingrediturque
1005 1792 1078 1824 solo
1097 1798 1130 1824 et
1146 1803 1201 1824 ca-

223 1862 287 1900 put
311 1854 402 1886 inter
422 1849 544 1883 nubila
567 1846 696 1880 condit.
749 1843 796 1878 Et
813 1843 988 1876 Pindarus
1009 1842 1140 1886 inquit:
1170 1839 1201 1874 A

223 1915 329 1950 parva
350 1900 500 1934 scintilla
519 1909 617 1941 saepe
633 1903 738 1929 totam
755 1894 888 1939 sylvam
906 1893 1077 1926 comburi.
1121 1890 1202 1924 Non

224 1965 364 2000 possum
385 1951 492 1993 igitur
507 1948 580 1981 sine
598 1945 730 1988 ingenti
749 1945 886 1984 dolore,
909 1950 941 1977 et
959 1954 1012 1982 ea,
1039 1953 1127 1986 quae
1146 1953 1202 1974 ac-

224 2006 385 2039 ciderunt
407 1999 473 2033 boc
497 1996 684 2036 decennio,
711 2001 743 2027 et
766 2006 854 2038 quae
878 1999 991 2026 secuta
1017 1998 1117 2030 sunt,
1143 2003 1202 2024 co-

224 2056 343 2097 gitare.
398 2050 466 2084 Sed
491 2055 668 2091 utrunque
695 2045 842 2084 scimus,
877 2050 908 2076 et
931 2041 1016 2076 baec
1038 2054 1110 2075 esse
1133 2042 1202 2074 fata

224 2103 330 2138 liuius
358 2100 543 2143 languidae
574 2103 606 2129 et
637 2096 766 2129 delirae
799 2093 923 2126 mundi
952 2099 1127 2132 senectae,
1164 2098 1203 2124 ut

225 2152 447 2188 confusiones
477 2147 611 2192 generis
644 2143 791 2178 humani
823 2150 1013 2188 sequantur
1042 2142 1204 2181 maiores,

226 2215 330 2248 quam
352 2202 494 2234 suerunt
518 2204 637 2236 antea,
665 2203 697 2229 et
722 2201 838 2228 tamen
860 2193 952 2226 filius
968 2191 1054 2232 Dei,
1079 2191 1203 2225 Domi-

226 2265 292 2286 nus
316 2258 432 2283 noster
455 2249 549 2282 lesus
570 2244 746 2284 Christus,
779 2255 914 2287 semper
935 2249 1111 2276 aeternam
1135 2239 1203 2274 Ec-

227 2302 366 2337 clesiam
387 2300 594 2332 collecturus
616 2296 677 2334 sit,
704 2301 737 2328 et
751 2294 893 2338 quidem
910 2293 946 2325 in
964 2304 1003 2325 eo
1020 2298 1139 2330 coetu,
1166 2291 1201 2323 in

227 2365 296 2398 qno
321 2362 385 2382 vox
400 2347 581 2390 Evangelii
608 2347 810 2387 incorrupta
835 2342 983 2377 sonabit.
1042 2341 1141 2374 Sicut
1165 2341 1202 2373 in

228 2400 458 2447 promissione
483 2397 681 2429 dulcissima
706 2395 872 2437 scriptum
897 2400 960 2426 est:
996 2390 1042 2425 Ut
1063 2391 1099 2423 in
1124 2391 1203 2423 viu-

227 2452 340 2486 demia
358 2449 463 2482 sterili
482 2459 558 2480 cnm
576 2447 696 2477 vineae
713 2445 827 2477 cultor
843 2443 967 2487 passim
985 2441 1120 2474 invenit
1138 2441 1202 2473 ali-

228 2513 331 2547 quas,
358 2500 413 2531 sed
432 2509 555 2541 pancas
571 2507 671 2532 uvas,
696 2496 806 2528 laetus
822 2494 891 2536 agit
907 2492 981 2525 Deo
999 2491 1142 2534 gratias,
1170 2497 1202 2523 et

227 2550 289 2585 has
317 2560 402 2583 uvas
423 2546 588 2580 custodiri
610 2545 713 2577 iubet.
768 2544 817 2577 Ita
836 2544 872 2576 in
891 2549 1063 2586 postrema
1080 2541 1201 2573 mnndi

229 2607 382 2638 senecta,
408 2608 608 2642 quanquam
627 2592 812 2626 horribiles
830 2593 1050 2627 confusiones
1068 2591 1203 2634 generis

228 2649 373 2685 humani
406 2648 541 2681 suturae
573 2651 672 2684 sunt,
708 2651 824 2677 tamen
850 2642 1000 2676 servabit
1020 2640 1114 2675 Deus
1136 2640 1203 2675 ali-

628 122 785 159 DECL.
820 118 891 154 DE
923 115 1204 152 PULMONE
1237 115 1311 150 ET
1343 113 1415 149 DE
1445 114 1701 151 DISCRIM.
1728 125 1809 150 mc.

2149 119 2221 153 208

1247 211 1331 244 quas
1357 196 1529 232 Ecclesiae
1553 200 1727 244 reliquias.
1789 199 1947 244 Cumque
1969 203 2117 235 sciamus
2140 213 2223 235 voce

1219 245 1446 284 'Reverendi
1475 248 1540 280 viri
1563 248 1711 283 Lutlieri
1744 258 1964 295 repurgatam
1996 263 2066 284 esse
2092 252 2224 286 doctri-

1247 312 1327 331 nam
1342 297 1534 339 Ecclesiae,
1562 306 1594 332 et
1617 311 1670 332 res
1690 312 1848 344 magnas,
1876 301 2082 334 necessarias
2101 300 2223 335 Eccle-

1248 351 1315 381 siae
1341 361 1418 381 vere
1444 349 1632 381 illustratas
1656 361 1745 388 esse,
1773 351 1889 393 negari
1910 363 1980 383 non
1998 351 2121 394 possit,
2145 364 2223 385 cum

1249 399 1426 431 doctrinae
1458 399 1642 442 puritatem
1673 411 1937 441 conservemus,
1971 407 2044 434 tum
2078 413 2160 434 vero
2191 408 2225 434 et

1248 456 1379 492 gratam
1396 449 1599 481 memoriam
1616 450 1809 492 posteritati
1828 451 1900 483 eius
1917 458 2140 494 praestemus,

1349 497 1517 532 Ilortator
1535 505 1648 531 autem
1669 497 1750 531 huic
1768 500 1838 532 filio
1854 499 1963 533 Paulo
1981 502 2023 534 ad
2043 502 2126 535 artis
2144 500 2226 534 Me-

1249 549 1345 582 dicae
1368 549 1522 582 studium
1547 556 1643 592 pater
1668 549 1740 593 ipse
1764 550 1846 589 suit,
1873 550 1952 594 quia
1970 551 2165 584 doctrinam
2183 552 2226 584 de

1250 607 1372 632 natura
1397 611 1514 631 rernm
1541 599 1642 631 valde
1660 600 1815 639 amabat,
1843 606 1875 632 et
1896 601 2036 642 vestigia
2054 601 2117 634 Dei
2134 603 2170 634 in
2188 612 2227 634 ea

1250 650 1510 688 considerabat,
1543 655 1576 682 et
1606 650 1779 692 ignaviam
1812 662 1850 682 ac
1881 650 2076 682 barbariem
2106 663 2227 683 eorum

1251 700 1339 732 serio
1355 699 1605 738 detestabatur,
1632 699 1692 743 qui
1710 699 1869 732 miranda
1885 699 2082 733 testimonia
2099 701 2141 733 de
2152 699 2226 733 Deo

1252 750 1287 781 in
1305 749 1542 788 fabricatione,
1569 749 1693 781 ordine
1709 756 1741 782 et
1757 750 1907 783 utilitate
1922 761 2107 792 corporum
2124 762 2228 783 mun-

1251 800 1306 839 di,
1339 806 1372 832 et
1394 799 1430 831 in
1456 805 1578 831 natura
1603 797 1774 839 hominis,
1810 812 1881 832 non
1905 801 2045 833 student
2071 807 2228 833 contem-

1250 849 1358 893 plari,
1393 861 1456 881 nec
1486 860 1520 881 se
1549 849 1828 882 consideratione
1860 850 2075 893 praesentiae
2099 850 2163 884 Dei
2190 850 2228 882 in

1250 899 1353 932 nobis
1371 900 1414 931 ad
1433 899 1597 931 virtutem
1616 899 1773 933 excitant.
1824 897 1870 932 Et
1886 906 1925 932 ut
1943 900 2073 942 ingenii
2092 900 2230 943 magni-

1251 950 1336 982 tudo
1362 955 1433 981 erat
1459 949 1647 992 excellens,
1675 950 1784 982 multa
1809 949 1961 982 remedia
1986 957 2087 983 norat
2111 957 2144 983 et
2167 951 2230 983 ad-

1252 998 1366 1042 parari
1389 999 1550 1039 curabat,
1577 1010 1676 1043 saepe
1693 1000 1795 1032 etiam
1812 999 1959 1042 aegrotis
1978 1000 2230 1043 opitulabatur,

1252 1060 1351 1091 saepe
1382 1049 1547 1081 narrabat
1574 1061 1645 1082 non
1673 1050 1834 1082 dubitare
1860 1061 1914 1089 se,
1949 1050 2036 1093 quin
2060 1050 2230 1092 sapientia

1251 1098 1394 1131 Patrnm
1434 1105 1465 1131 et
1504 1097 1761 1142 Prophetarum
1796 1097 1881 1131 haec
1919 1099 2043 1138 suerit,
2098 1097 2232 1140 Nohae,

1252 1145 1433 1186 Abrahae,
1460 1148 1581 1188 Iacob,
1609 1146 1744 1193 loseph,
1771 1146 1893 1181 Esaiae
1911 1155 1943 1182 et
1958 1149 2120 1187 aliorum,
2148 1161 2230 1193 pro-

1252 1197 1354 1230 fessio
1380 1198 1560 1231 doctrinae
1583 1199 1625 1231 de
1650 1198 1743 1237 Deo,
1776 1198 1878 1241 Legis
1901 1205 1933 1231 et
1956 1197 2160 1241 Evangelii,
2197 1205 2231 1232 et

1253 1247 1453 1290 propagatio
1477 1245 1645 1292 Physicae
1668 1261 1705 1280 ac
1731 1247 1890 1280 Medicae
1912 1249 2007 1283 artis,
2070 1247 2231 1282 Vidimus

1252 1308 1330 1327 eum
1349 1297 1475 1338 pellere
1494 1297 1643 1328 calculos
1661 1298 1791 1328 succini
1812 1297 2010 1330 Bornssiaci
2027 1298 2231 1340 pulviuscu-

1253 1345 1286 1376 lo
1299 1370 1307 1383 ,
1334 1351 1367 1377 et
1385 1344 1422 1376 in
1440 1355 1502 1377 suo
1520 1356 1676 1388 corpore,
1706 1352 1738 1377 et
1755 1345 1790 1377 in
1808 1346 1896 1380 aliis.
1950 1346 2115 1380 Vidimus
2132 1347 2231 1380 labo-

1254 1400 1368 1427 rantes
1383 1394 1529 1427 laterum
1546 1395 1666 1427 dolore
1684 1395 1855 1429 foeliciter
1866 1396 2032 1429 liberatos
2044 1407 2126 1437 esse,
2152 1408 2231 1430 cum

1253 1445 1351 1475 daret
1374 1441 1541 1476 Acanthii
1564 1456 1709 1488 aquam,
1742 1445 1797 1476 cui
1821 1446 1913 1487 apud
1939 1457 2003 1478 nos
2028 1458 2165 1487 nomen,
2182 1453 2232 1481 est

1252 1491 1381 1525 Cardui
1394 1492 1584 1527 Benedicti.
1635 1493 1798 1526 Yidimus
1814 1506 2009 1537 repressum
2025 1496 2068 1528 ab
2086 1507 2125 1529 eo
2142 1509 2232 1542 κοιρ-

1252 1540 1419 1588 ὁιωγμὸν
1443 1543 1479 1574 in
1498 1554 1624 1585 magno
1642 1543 1816 1586 periculo,
1843 1545 2030 1578 corticibus
2047 1546 2143 1589 pomi
2159 1546 2232 1580 Pu-

1253 1592 1343 1631 nici,
1379 1592 1438 1636 qui
1462 1592 1561 1625 Sidia
1586 1593 1828 1627 nominantur.
1895 1593 1989 1628 llaec
2014 1608 2053 1628 eo
2078 1608 2232 1629 comme-

1253 1653 1372 1681 moro,
1399 1648 1438 1674 ut
1461 1641 1569 1685 ipsius
1592 1643 1761 1676 iudicium
1784 1650 1815 1677 et
1838 1645 2033 1688 exemplum
2054 1658 2231 1690 opponam

1253 1691 1394 1724 furiosis
1420 1693 1651 1735 quibusdam,
1684 1693 1745 1737 qui
1770 1694 1974 1737 sapientiam
2003 1707 2075 1728 esse
2098 1703 2233 1739 putant,

1254 1752 1316 1774 nec
1338 1748 1517 1781 naturam,
1540 1754 1603 1775 nec
1619 1743 1754 1776 divinas
1770 1745 2140 1786 commonefactiones,
2168 1758 2231 1779 nec

1254 1791 1420 1824 beneficia
1443 1790 1508 1824 Dei
1540 1793 1732 1835 adspicere,
1766 1794 1825 1827 sed
1856 1801 1991 1828 tantum
2017 1793 2167 1837 beluari,
2198 1803 2232 1830 et

1254 1841 1332 1873 aliis
1358 1842 1538 1874 obscoenis
1561 1843 1800 1887 voluptatibus
1822 1856 1893 1878 sese
1912 1846 2055 1886 dedere,
2082 1846 2157 1879 sine
2173 1858 2231 1879 or—

1254 1891 1359 1931 dine,
1392 1891 1467 1924 sine
1496 1892 1649 1935 legibu5‚
1683 1892 1875 1938 Cyclopum
1904 1907 2002 1928 more
2028 1896 2162 1937 vivere,
2198 1903 2231 1930 et

1255 1947 1372 1985 postea
1386 1939 1476 1974 hanc
1490 1942 1684 1976 barbariem
1699 1944 1881 1978 nominare
1895 1945 2149 1987 fortitudinem,
2172 1953 2232 1980 aut

1254 1991 1357 2026 etiam
1372 1992 1546 2036 pietatem.

1355 2041 1403 2076 Ut
1423 2049 1536 2076 autem
1559 2043 1691 2087 aliquid
1712 2045 1838 2078 usitato
1859 2056 1955 2077 more
1973 2045 2016 2077 de
2033 2045 2148 2089 aliqua
2165 2056 2231 2078 no-

1255 2098 1345 2124 strae
1370 2092 1452 2125 artis
1477 2099 1574 2137 parte
1598 2094 1728 2133 dicam,
1754 2102 1791 2128 ut
1813 2102 1913 2127 antea
1940 2096 1982 2127 de
2002 2095 2230 2129 fabricatione

1255 2142 1370 2175 cordis
1392 2149 1425 2175 et
1448 2141 1681 2175 thalamorum
1705 2144 1778 2177 eins
1803 2145 1892 2184 dixi,
1919 2145 1963 2178 ita
1983 2156 2077 2176 nnnc
2093 2146 2134 2177 de
2150 2145 2230 2188 pul-

1254 2203 1360 2225 mone
1383 2199 1415 2225 et
1437 2193 1479 2225 de
1503 2193 1705 2226 discrimine
1727 2195 1872 2228 arteriae
1898 2192 2055 2228 tracheae
2081 2201 2113 2227 et
2131 2207 2229 2227 oeso-

1256 2240 1359 2285 phagi
1383 2243 1514 2282 dicam,
1541 2244 1634 2287 quod
1660 2251 1699 2277 ut
1722 2245 1889 2285 facerem,
1914 2245 1986 2287 ipsa
2002 2241 2149 2277 Lutberi
2174 2257 2229 2277 re-

1255 2293 1456 2325 cordatione
1477 2300 1591 2326 motus
1614 2304 1703 2328 sum.
1755 2293 1924 2328 Distinxit
1944 2293 2038 2327 Deus
2060 2295 2149 2328 duos
2172 2307 2230 2328 ca-

1255 2342 1367 2381 nales,
1393 2355 1542 2388 quornm
1559 2344 1645 2377 alter
1660 2345 1776 2377 cibum
1793 2351 1826 2377 et
1842 2351 1961 2387 potum
1977 2342 2073 2377 vehit
2090 2345 2124 2377 in
2144 2357 2230 2378 ven-

1256 2392 1438 2431 triculum,
1479 2393 1659 2433 videlicet,
1700 2391 1933 2437 oesophagus,
1968 2395 2056 2427 alter
2080 2395 2135 2427 cui
2162 2407 2227 2428 no-

1255 2454 1335 2474 men
1366 2450 1416 2476 est
1446 2444 1571 2476 arteria
1603 2442 1760 2483 trachea,
1794 2456 1856 2476 nec
1880 2445 2084 2477 cibumnec
2106 2451 2227 2487 potum

1254 2489 1366 2533 vehit,
1391 2495 1449 2525 sed
1470 2494 1567 2526 cordi
1584 2494 1767 2526 adiunctus
1786 2500 1853 2533 est,
1881 2495 1975 2527 velut
1988 2501 2106 2527 orator
2123 2494 2227 2527 Prin-

1254 2542 1335 2585 cipi.
1388 2542 1476 2576 Nam
1498 2550 1531 2577 et
1553 2543 1642 2576 aeris
1661 2541 1844 2577 hauriendi
1864 2551 1895 2577 et
1914 2545 2093 2578 emittendi
2113 2556 2227 2585 causa,

1254 2598 1286 2624 et
1311 2600 1453 2636 propter
1477 2605 1596 2626 vocem
1620 2593 1728 2626 factus
1753 2601 1812 2627 est.
1864 2592 1994 2628 Omnia
2017 2594 2054 2626 in
2077 2595 2227 2627 fabrica-

1255 2642 1350 2675 tione
1375 2640 1523 2677 humani
1546 2643 1702 2686 corporis
1725 2644 1827 2688 plena
1849 2651 1929 2679 sunt
1952 2645 2054 2685 artiS,
2088 2644 2225 2678 consilii
