2324 2955
99 111 174 151 37⁷

99 206 197 230 suam
212 193 314 228 nobis
330 193 480 227 formam
497 193 625 231 donat,
653 193 747 237 quod
763 199 795 226 et
811 193 936 226 merito
953 199 985 226 et
1003 191 1077 224 effi-

100 245 193 279 cacia
209 245 361 278 salvator
376 251 443 284 cst,
471 244 565 288 quod
582 254 600 275 a
619 241 692 276 Deo
707 244 810 277 nobis
828 244 938 277 factus
955 248 1005 276 est
1020 253 1075 275 sa-

97 295 243 340 pientia,
270 294 418 335 iusticia,
440 293 678 332 sanctificatio,
705 300 739 327 et
756 294 962 337 redemptio.
1005 291 1074 325 Pro

97 343 155 379 his
178 345 342 379 omnibus
363 343 539 377 beneficiis
569 343 635 377 tibi
658 344 708 376 fili
728 343 795 377 Dei
818 342 969 377 Domine
991 347 1075 378 lesu

99 396 245 431 Christe
267 393 427 428 crucifixe
449 406 514 438 pro
538 394 641 428 nobis
657 401 689 428 et
705 394 922 433 resuscitate,
949 394 1076 437 gratias

100 458 185 490 ago,
210 451 311 489 teque
336 456 418 485 oro,
444 456 581 489 semper
602 451 642 478 ut
666 456 730 478 nos
751 444 914 489 aspicias,
941 446 1076 485 doceas,

98 496 271 540 gubernes
287 501 322 529 et
337 501 497 539 protegas
515 507 590 535 nos,
614 501 646 528 et
663 502 722 528 tua
740 495 850 528 forma
869 506 931 527 nos
950 495 986 527 in
1005 501 1076 528 tota

97 545 300 580 aeternitate
316 545 454 580 induas.
507 544 592 578 Tibi
609 552 690 578 nota
707 551 757 578 est
782 543 957 578 humanae
973 551 1076 578 natu-

99 607 157 630 rae
171 596 286 630 forma
302 595 486 638 languida,
511 595 614 638 plena
634 595 793 638 caliginis
811 602 843 628 et
860 597 1077 636 morborum,

99 646 252 692 denique
270 646 440 679 deformia
458 645 626 678 cadavera
642 656 777 684 sumus,
806 658 870 678 nec
888 646 960 678 ulla
977 646 1075 678 firma

97 696 222 732 solatia
235 696 416 736 novimus,
441 695 510 727 nisi
526 696 621 740 quod
644 702 683 729 tu
700 707 764 729 nos
781 696 819 728 in
833 696 944 729 forma
960 693 1077 728 homi—

97 747 154 780 nis
179 745 323 790 aspicis,
348 751 382 779 et
408 745 550 791 quidem
576 746 695 787 iubes,
721 753 761 780 ut
787 747 830 779 ad
849 752 881 779 te
897 746 1077 788 confugia-

97 808 194 838 mus,
218 796 318 830 iuhes
338 807 357 829 a
372 801 405 829 te
427 796 499 840 peti
525 802 559 829 et
585 797 757 840 expectari
774 796 960 836 auxilium,
982 797 1076 840 quod

96 847 145 880 ita
166 845 378 891 promisisti,
408 853 447 879 ut
473 847 643 890 sanguine
666 854 699 881 et
732 846 986 881 resurrectione
1017 853 1077 880 tua

95 896 346 941 promissiones
363 897 617 941 obsignaveris.

184 972 342 1008 Petimus
358 972 466 1016 igitur
481 978 515 1005 et
530 978 751 1015 expectamus
767 984 785 1005 a
800 979 832 1005 te
849 973 1078 1015 gubernatio-

97 1035 179 1057 nem
195 1030 230 1057 et
244 1023 403 1056 salutem.
453 1021 534 1055 Non
551 1029 602 1056 est
615 1034 679 1066 par
701 1023 950 1057 certaminibus
967 1031 1000 1058 et
1017 1036 1079 1068 pe-

97 1073 218 1107 riculis
241 1072 372 1107 nostris
392 1072 465 1106 ulla
482 1070 636 1106 humana
654 1072 836 1116 vigilantia
856 1080 887 1107 et
905 1075 1078 1119 potentia.

98 1122 321 1158 Insidiantur
350 1123 452 1156 nobis
485 1123 690 1157 astutissimi
723 1125 882 1168 spiritus,
916 1126 1078 1159 ardentes

95 1171 264 1208 horribili
289 1173 372 1207 odio
396 1173 469 1213 tui,
493 1171 531 1206 hi
559 1180 727 1219 tyrannos
752 1181 785 1208 et
801 1173 973 1219 sophistas
987 1176 1079 1209 inci-

96 1231 190 1266 tant,
214 1231 255 1258 ut
272 1224 367 1258 idola
380 1224 580 1265 stabiliant,
605 1230 683 1258 tuos
701 1232 818 1259 coetus
835 1231 926 1258 recte
948 1227 1079 1259 docen-

96 1282 148 1308 tes
163 1274 352 1319 dissipent,
377 1281 438 1308 tua
452 1275 609 1307 membra
634 1274 817 1314 occidant,
836 1276 928 1308 bella
947 1276 1078 1310 iniusta

98 1331 274 1365 moveant,
290 1329 321 1357 et
340 1323 552 1356 vastationes
569 1323 607 1355 in
624 1333 750 1365 genere
767 1321 922 1356 humano
939 1325 1079 1365 faciant,

97 1375 237 1409 deleant
250 1373 473 1417 disciplinam
501 1379 535 1406 et
551 1385 671 1406 vocem
688 1379 767 1406 tuae
791 1374 983 1408 doctrinae.
1033 1373 1079 1409 Et

97 1423 137 1457 hi
152 1422 284 1456 habent
299 1424 500 1455 adiunctam
517 1423 703 1454 maximam
722 1421 906 1455 hominum
931 1432 1078 1467 partem.

98 1473 268 1506 Videmus
290 1472 384 1505 enim
408 1477 540 1515 quanta
565 1471 610 1504 sit
630 1472 820 1504 multitudo
840 1471 1079 1507 blahometica

100 1524 140 1557 in
157 1529 232 1557 toto
247 1522 334 1556 orbe
351 1527 542 1560 terrarum,
568 1527 700 1565 quanta
724 1522 923 1564 pontificia,
949 1529 1079 1567 quanta

94 1573 262 1612 fanatica,
289 1571 450 1605 videmus
468 1577 598 1616 quanta
622 1570 667 1604 sit
693 1572 847 1605 saevitia.
898 1571 1079 1606 Adversus

94 1631 148 1658 tot
171 1622 327 1657 hostium
351 1633 499 1665 genera,
535 1629 569 1655 et
594 1628 716 1654 contra
744 1628 860 1656 tantos
893 1624 1079 1664 exercitus,

99 1674 185 1721 quid
201 1684 320 1708 sumus
337 1683 420 1714 nos,
446 1671 508 1717 qui
527 1683 628 1704 verae
646 1669 822 1705 Ecclesiae
847 1674 1003 1707 membra
1021 1686 1082 1707 su-

96 1736 195 1766 mus,
227 1723 298 1757 nisi
322 1734 451 1767 paucae
474 1722 632 1755 oviculae
656 1721 751 1756 inter
766 1721 988 1765 Draconum,
1016 1723 1081 1758 Ti-

96 1775 234 1820 grium‚
260 1773 457 1808 Pardorum
475 1779 509 1806 et
524 1771 707 1817 Luporum
725 1774 882 1816 agmina,
909 1786 969 1808 seu
985 1776 1082 1820 quod

97 1831 172 1860 erat
187 1823 317 1859 Daniel
342 1824 435 1857 inter
457 1823 602 1856 leones?
625 1821 693 1856 Hic
718 1836 806 1868 quae
827 1825 999 1869 praesidia
1018 1823 1081 1858 ha-

96 1877 241 1917 bemus,
263 1874 331 1908 nisi
347 1881 380 1908 te
399 1874 449 1907 fili
465 1873 531 1908 Dei
549 1872 700 1906 Domine
719 1873 797 1908 lesu
812 1873 952 1909 Christe
969 1876 1081 1909 cruci-

96 1928 162 1960 fixe
184 1938 249 1970 pro
270 1925 373 1959 nobis
396 1931 429 1958 et
452 1924 670 1963 resuscitate,
703 1925 763 1969 qui
795 1926 920 1968 aspicis
950 1938 1014 1959 nos
1042 1926 1079 1958 in

96 1978 210 2011 forma
225 1974 391 2016 hominis,
416 1982 449 2009 et
469 1987 503 2008 es
513 1973 608 2008 Deus
626 1974 663 2006 in
680 1975 846 2008 excelsis?
873 1976 925 2008 Te
942 1977 1080 2017 invoco,

92 2024 139 2062 iit
155 2038 220 2061 nos
243 2027 386 2065 doceas,
414 2026 588 2069 gubernes
611 2031 644 2058 et
667 2027 853 2069 protegas?

198 2101 382 2138 Adhortor
404 2104 508 2137 etiam
536 2114 634 2136 senes
655 2109 688 2135 et
714 2103 888 2145 iuniores,
924 2112 962 2138 ut
987 2104 1081 2148 peri-

98 2156 176 2191 cula
193 2155 433 2195 considerent,
461 2162 494 2188 et
508 2165 580 2187 sese
597 2155 639 2186 ad
656 2153 871 2196 diligentiam
887 2163 919 2189 et
940 2155 1081 2188 invoca-

96 2207 231 2241 tionem
246 2206 436 2239 exuscitent
449 2233 458 2246 ‚
486 2217 549 2238 nec
567 2204 625 2236 illa
644 2203 858 2239 immanitate
876 2207 1078 2247 dogmatum

98 2256 252 2298 efferati,
277 2256 394 2290 laxent
407 2257 523 2290 frenos
540 2254 801 2299 cupiditatibus,
825 2270 913 2302 quae
931 2257 1080 2298 fingunt,

98 2305 190 2341 nihil
212 2318 299 2351 opus
324 2318 396 2340 esse
419 2307 626 2351 cogitatione
651 2306 850 2346 doctrinae,
887 2307 1072 2349 diligentia

98 2359 135 2391 in
153 2357 312 2401 regendis
325 2358 495 2396 moribus,
521 2356 729 2402 precatione.
782 2356 856 2391 lmo
873 2371 917 2392 ne
932 2358 1076 2403 quidem

98 2420 226 2442 novam
245 2407 481 2442 obedientiam
502 2406 731 2441 necessariam
750 2418 830 2440 esse.

97 2520 227 2554 poenas
240 2506 380 2542 attrahi.

621 106 780 143 DECL.
822 106 896 143 DE
937 103 1110 142 DICTO
1156 103 1174 138 1
1215 103 1483 144 PARALIP.
1518 107 1583 143 17.

884 2408 1078 2442 Doleamus
1104 2417 1105 2427 ¹

98 2459 227 2504 potius,
253 2464 286 2492 et
304 2455 359 2490 his
377 2465 409 2492 et
423 2458 501 2492 aliis
520 2455 757 2502 blasphemiis,
784 2460 901 2501 generi
920 2458 1076 2492 humano
1103 2433 1106 2493 i

430 2507 605 2549 Cometae,
631 2516 895 2550 terraemotus,
920 2509 1078 2544 chasma·
1102 2513 1104 2522 ¹

99 2567 154 2600 ta,
181 2559 344 2604 eclipses,
379 2558 474 2600 signa
499 2567 581 2593 sunt
603 2560 801 2592 suturarum
827 2561 1076 2594 calamitatum.
1102 2579 1103 2583 =

2038 109 2109 142 378

1132 189 1312 224 venientes
1336 202 1482 234 poenas,
1508 193 1568 225 sed
1591 192 1694 227 etiam
1718 189 1917 236 attrahunt,
1944 192 2038 226 iuxta
2054 194 2110 225 di-

1130 246 1242 273 ctum.-
1267 238 1349 274 Non
1384 238 1527 275 habebit
1548 241 1641 276 Deus
1674 243 1868 284 insontem,
1909 243 2110 288 quicunque

1129 301 1219 324 vane
1235 298 1381 335 usurpat
1405 303 1535 325 nomen
1554 293 1636 326 eius.

1231 356 1351 391 Simus
1376 357 1483 400 igitur
1507 360 1674 399 modesti,
1702 366 1735 392 et
1760 371 1840 392 vera
1864 368 1896 394 et
1921 361 2114 393 necessaria

1129 407 1323 449 discamus,
1349 408 1498 441 vitemus
1517 407 1771 453 sophismatum
1795 410 2006 454 praestigias.
2059 410 2113 443 Sit

1129 458 1234 491 etiam
1250 469 1331 490 cura
1348 458 1415 501 piis
1433 459 1645 491 conveniens
1662 461 1831 502 regendae
1850 461 1952 496 vitae.
2001 460 2113 493 Adse-

1128 514 1192 548 ret,
1215 514 1255 542 ut
1270 508 1408 548 videtis,
1425 506 1508 542 haec
1527 509 1618 542 a'e‘ris
1636 509 1772 542 siccitas
1790 510 2022 549 sterilitatem,
2045 523 2113 554 qua

1128 557 1224 591 Deus
1241 559 1482 592 temulentiam
1498 566 1531 593 et
1548 559 1743 602 ingluviem
1761 560 1896 603 puniet.
1948 559 1992 593 Et
2012 572 2114 603 saepe

1130 617 1346 643 concurrunt
1371 610 1489 653 plures
1521 621 1671 653 poenae,
1705 616 1745 643 ut
1770 610 1807 642 in
1835 621 1938 642 versu
1963 611 2111 642 dicitur:

1129 657 1202 703 ἥξει
1218 656 1403 706 ὃωριακὸς
1420 657 1576 704 πόλεμος
1589 658 1651 694 καὶ
1667 662 1769 704 λιμος
1789 657 1848 703 ἅμ’
1871 658 1986 706 αὐτῷ.

1230 725 1367 760 Harum
1396 739 1515 760 rerum
1538 727 1747 770 cogitatione
1769 727 1949 761 flectamus
1978 728 2114 760 animos

1130 782 1163 810 et
1184 777 1228 809 ad
1252 777 1457 810 modestiam
1486 783 1518 810 et
1538 778 1582 810 ad
1607 778 1885 819 invocationem,
1912 779 1992 824 quia
2016 778 2112 810 miti-

1130 827 1304 870 gationem
1323 839 1517 871 poenarum
1533 826 1629 862 Deus
1648 828 1745 862 iubet
1764 830 1852 872 peti,
1880 829 1967 862 sicut
1982 828 2113 872 inquit:

1130 877 1258 910 Invoca
1276 889 1332 910 me
1349 878 1387 910 in
1405 878 1462 910 die
1480 878 1738 920 tribulationis,
1765 886 1797 912 et
1821 880 1967 924 eripiam
1993 887 2038 913 te.

1229 943 1332 978 Hanc
1364 945 1739 978 commonefactionem
1764 947 1874 980 adieci
1898 948 2113 980 enarrationi

1130 995 1216 1028 dicti
1230 993 1389 1036 Davidis,
1416 995 1498 1040 quia
1514 995 1550 1028 id
1567 996 1604 1028 fit
1620 996 1770 1035 dulcius,
1798 1009 1876 1030 cum
1894 1005 2030 1031 nostras
2048 998 2113 1029 mi-

1129 1046 1235 1079 serias
1250 1046 1450 1090 aspicimus.

1230 1111 1465 1146 considerent
1482 1118 1600 1145 autem
1617 1111 1765 1145 studiosi
1792 1119 1823 1145 et
1844 1110 1925 1145 hoc:
1954 1111 2042 1146 Cum
2063 1114 2115 1144 vi-

1129 1163 1255 1203 deant,
1287 1162 1434 1205 cognitis
1462 1163 1639 1203 fontibus,
1671 1163 1900 1196 illustriorem
1932 1163 2005 1196 fieri
2036 1175 2115 1195 sen-

1129 1213 1276 1246 tentiam
1310 1211 1478 1252 Davidis,
1508 1213 1619 1257 magis
1649 1214 1799 1247 amanda
1830 1225 1903 1246 esse
1937 1214 2116 1247 doctrinae

1129 1264 1255 1300 studia.
1309 1262 1403 1297 Dixi.

1444 1399 1797 1432 Praesentatio.

1231 1479 1439 1513 Reverende
1472 1480 1608 1514 Doctor
1641 1480 1793 1524 Georgi,
1837 1483 1978 1515 domine
2011 1483 2113 1517 Vice-

1130 1530 1336 1563 cancellarie
1370 1530 1608 1570 ornatissime,
1649 1530 1874 1575 Praeceptor,
1913 1531 2056 1576 Collega
2081 1543 2112 1567 et

1129 1578 1319 1624 Compater
1343 1580 1538 1618 carissime,
1570 1593 1648 1613 cum
1673 1580 1849 1615 Dominus
1880 1589 1999 1615 noster
2021 1582 2116 1616 lesus

1104 1639 1107 1661 ι
1129 1628 1292 1664 Christus
1307 1632 1351 1664 ad
1369 1631 1560 1674 discipulos
1578 1631 1640 1664 ait:
1661 1630 1785 1665 Messis
1802 1633 1945 1678 quidem
1961 1635 2114 1678 copiosa,

1130 1682 1282 1726 operarii
1295 1694 1379 1715 vero
1394 1682 1510 1725 pauci,
1526 1680 1662 1724 Rogate
1679 1693 1758 1725 ergo
1769 1682 1962 1717 Dominum
1982 1686 2113 1721 messis,

1130 1739 1169 1766 ut
1187 1733 1349 1766 extrudat
1364 1732 1542 1776 operarios
1556 1732 1593 1764 in
1613 1744 1758 1766 messem
1774 1745 1882 1767 suam.
1925 1733 2113 1779 Utrunque

1131 1789 1267 1823 monet,
1292 1783 1462 1817 salutares
1479 1781 1648 1816 Doctores
1663 1782 1729 1816 Dei
1747 1785 1880 1817 donum
1899 1797 1988 1823 esse,
2017 1798 2113 1818 eum-

1132 1845 1199 1878 que
1221 1834 1330 1875 velle,
1355 1840 1395 1867 ut
1418 1834 1536 1877 agnita
1561 1834 1804 1876 magnitudine
1823 1833 1927 1869 huius
1945 1837 2116 1872 beneficii.

1132 1884 1296 1917 ardenter
1310 1895 1468 1924 oremus,
1494 1891 1533 1917 ut
1550 1884 1621 1927 ipse
1638 1885 1696 1918 det
1714 1885 1832 1918 fideles
1849 1893 1880 1919 et
1899 1887 2036 1919 foelices
2047 1885 2114 1920 Ee-

1132 1934 1253 1967 clesiae
1270 1935 1531 1977 gubernatores,
1569 1933 1738 1968 Videmus
1755 1937 1885 1969 multos
1902 1937 1938 1969 in
1958 1949 2115 1975 messem,

1132 1982 1199 2017 hoc
1215 1992 1283 2025 est,
1310 1985 1347 2017 in
1363 1984 1652 2027 gubernationem
1666 1984 1844 2019 Ecclesiae
1863 1994 2039 2030 praetextu
2057 2000 2114 2019 or-

1131 2035 1289 2068 dinariae
1305 2035 1533 2069 successionis
1553 2035 1730 2077 irrupisse,
1759 2048 1830 2068 non
1848 2037 2037 2080 operarios,
2054 2041 2114 2070 sert

1131 2093 1270 2119 ventres
1293 2086 1456 2128 ignavos,
1493 2085 1731 2128 voluptatibus
1754 2087 1907 2126 deditos,
1944 2095 1975 2120 et
2004 2089 2111 2129 tnagis

1132 2137 1175 2169 de
1194 2134 1260 2169 hoc
1279 2137 1460 2176 sollicitos,
1487 2136 1665 2180 quomodo
1685 2137 1752 2169 sibi
1775 2138 1966 2171 sacerdotia
1983 2145 2012 2171 et
2032 2150 2114 2182 opes

1131 2188 1327 2227 cumulent,
1370 2199 1474 2233 quam
1499 2187 1676 2231 quomodo
1700 2187 1773 2221 Deo
1796 2185 1986 2221 Ecclesiam
2015 2189 2112 2220 rolli-

1129 2245 1224 2280 gant.

1219 2305 1355 2339 liursus
1370 2305 1458 2337 alios
1479 2304 1655 2337 cernimus
1674 2317 1745 2338 non
1767 2314 1940 2350 expectata
1959 2308 2112 2349 legitima

1129 2357 1331 2396 vocatione,
1361 2357 1397 2388 in
1417 2367 1561 2388 messem
1579 2355 1768 2398 irrepsisse,
1796 2369 1834 2390 eo
1853 2358 1994 2402 quidem
2015 2370 2113 2401 prae—

1131 2414 1246 2447 textu,
1273 2407 1367 2452 quod
1396 2406 1505 2438 velint
1529 2406 1683 2448 operari,
1710 2409 1768 2440 scd
1787 2409 1870 2440 «lum
1893 2409 1959 2442 sibi
1973 2410 2036 2442 soli
2056 2422 2109 2441 sa-

1129 2470 1210 2501 pere
1228 2459 1402 2493 videntur,
1427 2463 1457 2489 et
1474 2456 1584 2488 zelum
1602 2456 1814 2498 singularem
1833 2466 2006 2502 arrogant,
2024 2460 2111 2492 alio-

1129 2520 1206 2541 rum
1240 2509 1392 2550 legitime
1427 2513 1630 2539 vocatorum
1666 2514 1697 2540 et
1730 2509 1885 2542 fult-lium
1917 2522 2110 2543 messorum

1128 2571 1250 2602 operas
1270 2560 1411 2592 turbant
1429 2563 1461 2590 et
1479 2557 1693 2600 impediunt,
1719 2565 1821 2604 atque
1850 2560 1893 2593 ita
1913 2561 1947 2593 lit
1962 2588 1969 2599 ,
1996 2568 2034 2593 ut
2053 2574 2107 2592 et·-

98 2609 144 2644 Et
161 2609 301 2655 quidem
320 2609 400 2642 talia
416 2609 511 2651 sigua
529 2608 582 2644 his
597 2610 765 2654 proximis
781 2612 881 2643 annis
900 2612 1005 2644 multa
1024 2610 1076 2641 vi-
1101 2610 1103 2652 J
1129 2621 1206 2642 rum
1225 2610 1322 2642 labor
1342 2607 1460 2640 infelix
1479 2608 1538 2645 sit,
1566 2614 1602 2640 ut
1621 2609 1741 2641 multis
1760 2610 1862 2643 etiam
1882 2612 2110 2653 perniciosus.

97 2662 224 2695 dimus.
273 2660 342 2694 Sed
364 2656 601 2703 blasphemiae
624 2671 696 2694 non
722 2666 858 2694 tantum
877 2662 1073 2706 significant
1099 2655 1103 2701 i
1127 2658 1245 2702 Quare
1270 2658 1493 2703 gratissimas
1518 2669 1636 2691 causas
1659 2656 1828 2693 habemus
1864 2659 1926 2693 boc
1955 2668 2109 2702 tempore
