2324 2955
90 96 164 135 389

90 182 264 220 Iohannis
286 192 349 215 ceu
377 177 482 214 hamo
506 188 596 223 pene
620 176 923 220 strangulabatur:
956 174 1083 209 Pecca-

91 244 167 270 tum
184 240 235 268 est
252 232 435 277 iniquitas,
484 228 697 273 Disputabat
715 229 896 274 quomodo
913 226 1083 284 iniquitas

89 285 210 320 omnia
227 290 367 328 peccata
391 281 701 325 complecteretur,
729 291 809 313 cum
835 278 1008 313 sententia
1037 277 1083 310 sit

89 336 196 370 obvia
221 336 259 368 in
283 332 416 367 Graeca
440 331 591 365 lectione
616 328 782 377 ἁμαρτία
806 328 905 365 ἐστὶν
931 325 1081 373 ἅιψουια.

89 386 225 421 Definit
246 390 425 430 peccatum
454 380 620 416 antithesi
644 393 799 415 normae
861 380 952 415 Cum
984 380 1079 413 enim

91 439 145 472 lex
164 438 208 470 sit
223 447 347 469 norma
365 435 552 468 ostendens
567 439 671 473 recta,
693 432 916 477 perspicuum
934 438 985 465 est
999 442 1080 475 pec-,-

90 495 205 522 catum
222 498 314 528 esse,
341 486 516 532 quidquid
532 485 576 518 ab
591 484 653 517 illa
675 495 800 517 norma
822 484 1015 544 discrepat,
1040 488 1080 515 ut

89 545 173 573 sunt
187 538 335 572 usitatae
350 537 572 571 definitiones
589 535 830 580 privationum
854 532 949 569 κατὰ
966 529 1080 579 ἀφαί-

88 599 191 635 ρεσιν
214 586 397 624 ἐναντίον.
459 587 512 622 Ita
537 598 638 631 saepe
662 597 732 620 una
760 598 828 620 vox
855 587 893 619 in
919 585 1079 619 fontibus

89 641 256 675 lectorem
275 641 319 673 de
336 638 473 683 magnis
489 638 593 672 rebus
611 638 721 673 docet.
766 635 819 671 Ac
836 635 978 671 recitari
994 635 1077 669 talia

89 692 248 736 exempla
266 691 375 724 multa
392 696 548 734 possent.

193 749 368 792 Quartum
398 760 482 782 vero
514 749 781 782 incommodum
806 747 981 781 inscitiam
1006 746 1078 779 lin-

90 811 237 844 guarum
253 800 377 843 ingens
396 800 568 844 sequitur,
585 801 680 844 quod
692 798 938 834 Refutationes
955 809 1076 831 omnes

89 858 173 884 sunt
197 850 457 893 languidiores,
490 851 559 884 nisi
580 851 780 894 proferatur
801 850 875 882 sine
901 848 1076 891 ambigui-

90 907 179 940 tate,
207 901 293 946 quid
311 901 354 933 sit
373 901 411 933 in
429 901 599 936 fontibus.
644 898 824 933 Osiander
841 901 988 933 verbum
1005 898 1076 932 lm-

89 958 213 995 putare
238 951 275 984 in
294 951 425 984 Genesi
450 958 483 984 et
501 950 612 984 Paulo
636 951 910 983 transformabat
932 950 970 982 in
997 961 1076 982 ver-

88 1002 175 1035 bum
191 1002 397 1034 infundere:
424 1000 565 1035 Iusticia
585 998 751 1034 Abrahae
766 1001 936 1045 imputata
953 1007 1016 1042 est,
1038 1000 1074 1033 id

88 1058 157 1093 est,
185 1052 312 1087 infusa.

191 1100 270 1136 Etsi
287 1113 410 1135 verum
427 1107 497 1143 est,
517 1100 652 1134 effundi
668 1101 842 1146 Spiritum
861 1108 1019 1134 sanctum
1038 1101 1074 1133 in

90 1152 196 1186 corda
222 1152 458 1185 credentium:
484 1158 603 1185 tamen
630 1150 813 1185 retinenda
838 1159 889 1186 est
914 1152 1075 1185 consola-

89 1203 159 1243 tio,
193 1214 282 1248 quae
306 1203 468 1237 adfirmat
488 1214 553 1235 nos
579 1209 722 1246 propter
745 1203 984 1236 obedientiam
1010 1202 1075 1234 filii

89 1252 157 1286 Dei
175 1252 304 1294 iustos,
328 1253 365 1286 id
384 1259 444 1292 est,
471 1251 547 1286 Deo
563 1260 720 1296 acceptos
735 1265 818 1293 esse,
844 1265 917 1285 non
934 1259 1075 1296 propter

91 1303 243 1336 infusam
273 1303 484 1342 novitatem,
526 1302 629 1334 sicuti
656 1302 834 1334 Pontificii
867 1304 1075 1342 docuerunt,

91 1353 154 1398 qui
184 1353 288 1385 etiam
315 1349 382 1385 hoc
407 1352 514 1384 modo
536 1358 771 1395 corruperunt
799 1351 950 1385 dictum:
989 1351 1074 1385 lusti

91 1414 212 1436 sumus
228 1414 289 1445 per
305 1402 452 1444 gratiam
464 1427 473 1441 ‚
496 1402 532 1433 id
549 1408 618 1440 est,
648 1408 793 1445 propter
808 1402 961 1435 infusam
986 1414 1074 1445 qua-

90 1453 233 1486 litatem.
285 1449 488 1484 Retinenda
506 1456 556 1482 est
573 1456 690 1483 autem
708 1451 850 1493 propria
867 1451 1073 1493 significatio

89 1501 344 1535 vocabulorum
358 1499 605 1543 imputationis
621 1506 655 1533 et
670 1500 811 1542 gratiae,
828 1511 916 1544 quae
927 1498 1074 1532 Ebraeis

91 1551 297 1586 notissimae
315 1557 409 1585 sunt.
461 1548 579 1583 Etiam
601 1556 722 1583 nostro
746 1556 904 1594 tempore
927 1550 1074 1594 scripse-

53 1630 56 1631 .
90 1608 176 1637 runt
197 1602 360 1647 quidam,
394 1600 433 1633 in
456 1599 657 1633 Infantibus
686 1612 760 1634 non
785 1612 857 1633 esse
881 1607 1074 1644 peccatum,

91 1653 173 1699 quia
190 1659 371 1696 peccatum
387 1650 558 1694 significet
574 1651 760 1686 actionem.
813 1650 862 1685 At
883 1651 1074 1685 scientibus

91 1701 238 1749 phrasin
259 1701 446 1736 Ebraicam
470 1701 697 1735 notissimum
719 1708 787 1743 est,
813 1701 850 1735 id
873 1713 1003 1735 nomen
1027 1702 1073 1734 si-

91 1754 255 1798 gnificare
270 1753 401 1786 malum
422 1763 582 1796 pugnans
598 1763 676 1784 cum
702 1752 776 1795 lege
792 1751 877 1793 Dei,
904 1759 937 1786 et
963 1765 1074 1794 reum,

91 1805 165 1838 sive
183 1804 226 1837 sit
243 1803 351 1844 actio,
377 1803 449 1836 sive
466 1800 612 1836 haerens
628 1802 665 1835 in
685 1810 809 1836 natura
834 1803 988 1847 pravitas
1014 1816 1073 1837 seu

90 1856 256 1889 defectus.

193 1904 357 1949 Denique
381 1910 418 1937 ut
443 1904 487 1937 sit
510 1903 547 1936 in
563 1901 716 1937 Ecclesia
736 1903 929 1945 certitudo,
955 1904 1074 1948 priva—

92 1957 156 1990 tim
181 1962 213 1989 et
238 1955 377 1999 publice
400 1954 480 1987 sciri
508 1954 622 1988 fontes
646 1955 690 1988 ab
712 1954 892 2000 aliquibus
916 1966 1074 1987 necessa-

94 2007 186 2040 rium
212 2014 280 2047 est,
320 2005 380 2050 qni
404 2012 558 2038 caeteros
581 2011 615 2038 et
639 2005 777 2038 erudire
810 2012 843 2038 et
867 2005 1074 2038 confirmare

94 2057 239 2102 possint.
293 2055 363 2088 Nec
389 2056 548 2098 ignaviae
571 2056 827 2089 excusationem
853 2067 1074 2100 quaeramus,

94 2109 187 2153 quod
209 2118 286 2139 cnm
305 2113 426 2139 exeant
450 2106 754 2150 interpretationes
778 2118 851 2139 non
876 2107 989 2139 solum
1014 2118 1073 2140 ve-

95 2166 184 2192 teres
203 2158 311 2190 l'actae
328 2156 579 2199 negligentius,
604 2157 663 2190 sed
678 2157 781 2190 etiam
802 2164 959 2190 recentes
980 2157 1074 2190 mul-

94 2215 168 2249 tae,
196 2220 267 2240 non
288 2207 447 2241 videatur
468 2219 593 2251 operae
615 2208 769 2251 precium
793 2208 965 2241 collocare
985 2214 1074 2241 tem-

96 2270 160 2303 pus
178 2259 214 2291 in
232 2258 495 2302 peregrinarum
514 2258 712 2300 linguarum
727 2258 895 2292 studium.
949 2258 1073 2292 Laudo

96 2317 129 2343 et
162 2310 378 2342 voluntatem
412 2309 644 2352 interpretum
675 2315 708 2342 et
734 2321 838 2352 opera
863 2309 950 2353 ipsa.
1002 2309 1072 2343 Sed

96 2372 175 2394 cum
194 2360 264 2392 sint
279 2359 483 2400 dissimiles,
510 2358 600 2392 hanc
616 2360 724 2403 ipsam
741 2360 787 2392 ol»
805 2371 942 2393 causam
960 2359 1075 2393 sontes

97 2410 252 2445 adeundi
271 2417 371 2451 sunt,
395 2417 433 2444 ut
451 2422 569 2443 veram
587 2410 796 2444 sententiam
813 2411 939 2453 eligas,
964 2417 998 2444 et
1021 2410 1075 2444 vi-

97 2463 180 2495 deas
197 2472 270 2494 non
287 2460 410 2494 alienis
426 2461 558 2502 oculis,
580 2462 639 2494 sed
657 2461 736 2495 tuis.
788 2458 834 2494 Et
848 2461 912 2495 ubi
934 2473 1001 2494 vox
1024 2467 1076 2494 est

97 2513 217 2545 eadem
241 2512 490 2555 interpretum,
517 2518 633 2545 tamen
652 2509 719 2545 hoc
735 2512 791 2552 fit,
816 2505 909 2556 quod
930 2512 966 2545 in
983 2519 1076 2546 vete-

98 2563 195 2596 ribus
210 2562 368 2595 versihus
386 2562 529 2596 dicitur:

193 2621 230 2648 Et
253 2628 416 2658 quanquam
440 2628 525 2656 sapor
548 2625 592 2648 est
614 2621 710 2647 ablata
732 2619 824 2647 dulcis
847 2621 874 2647 in
899 2620 984 2657 unda,

235 2662 354 2690 Dulcius
376 2671 413 2690 ex
436 2662 496 2699 ipso
521 2661 602 2691 sonte
626 2663 761 2692 bibuntur
784 2672 887 2700 aquae.

575 87 737 128 DECL.
771 87 843 125 DE
870 85 1096 126 LINGUA
1122 86 1292 124 HEBR.
1319 85 1631 126 DISCENDA.

2049 95 2122 130 390

1238 173 1451 220 Quanquam
1469 186 1532 219 ego
1548 187 1623 210 non
1642 175 1757 210 solum
1774 176 1961 213 dulcedine
1984 180 2121 214 studio-

1135 235 1190 258 sos
1215 225 1352 259 moveri
1377 226 1480 265 volo,
1512 226 1698 261 Certitudo
1727 231 1920 273 expetenda
1945 237 2012 272 est,
2039 243 2119 265 cum

1133 276 1279 321 quidem
1295 276 1392 309 nulla
1409 277 1650 322 interpretatio
1668 286 1738 313 tarn
1756 287 1916 315 accurata
1933 282 2010 315 fieri
2036 294 2118 327 pos-

1131 327 1194 367 sit,
1222 339 1310 372 quae
1334 328 1490 371 pondera
1515 330 1704 363 verborum
1727 337 1760 364 et
1779 330 1960 375 emphases
1985 333 2117 378 ubique

1130 378 1278 412 reddere
1307 378 1428 422 possit.
1498 378 1562 414 Est
1597 387 1713 414 autem
1745 383 1951 426 praesertim
1976 382 2116 418 Ebraea

1129 429 1250 472 lingua
1280 430 1383 473 plena
1413 432 1738 465 venustissimarum
1770 433 1972 476 figurarum.
2032 434 2115 468 Non

1129 480 1306 515 aberravit
1328 481 1500 526 interpres
1524 495 1542 515 a
1569 483 1758 524 sententia,
1784 495 1862 516 cum
1886 485 1991 519 dixit:
2020 485 2114 528 Quia

1129 538 1238 575 ponet
1255 532 1409 565 animam
1427 545 1523 566 suam
1543 545 1606 577 pro
1631 540 1789 577 peccam,
1813 547 1895 579 περι
1919 533 2114 581 ἁμαρτίας.

1128 582 1198 617 Sed
1217 583 1329 617 multo
1346 583 1519 618 illustrius
1536 591 1586 618 est
1602 582 1781 618 Ebraeum
1807 586 1913 624 DUN,
1941 588 2035 630 quod
2057 598 2112 619 re-

1128 633 1237 668 tinuit
1252 633 1403 676 Paulus,
1429 634 1523 669 Eum
1545 635 1607 680 qui
1626 647 1699 668 non
1716 647 1788 668 nov
1792 635 1818 668 it
1834 642 2032 679 peccatum,
2060 637 2112 669 fe-

1128 685 1176 719 cit
1197 692 1388 730 peccatum.
1446 685 1518 720 Nec
1542 686 1622 719 falsi
1650 686 1785 719 crimen
1809 687 1979 727 ducatur,
2015 688 2112 731 quod

1126 737 1209 771 fecit
1232 738 1421 781 interpres:
1459 736 1537 771 Hoc
1561 744 1612 771 est
1644 749 1775 770 nomen
1804 738 1899 782 quod
1933 738 2112 770 vocabunt

1127 799 1226 829 eum,
1253 788 1429 821 Dominus
1446 788 1556 822 iustus
1574 795 1702 823 noster.
1757 788 1825 822 Sed
1846 788 1957 822 multo
1973 788 2112 832 plenius

1126 844 1196 878 est,
1225 839 1319 882 quod
1347 838 1586 872 Grammatica
1615 845 1708 872 certo
1733 839 1833 871 reddi
1859 839 2028 882 postulat,
2057 837 2112 871 Ie-

1127 885 1219 921 hova
1235 889 1366 923 iustitia
1386 897 1515 924 nostra.
1556 888 1663 932 Quod
1681 889 1784 923 etiam
1802 890 1946 923 retinuit
1962 889 2110 922 Paulus:

1126 938 1252 972 Factus
1270 946 1321 973 est
1339 940 1441 972 nobis
1456 952 1474 972 a
1490 940 1564 973 Deo
1580 940 1750 983 sapientia
1769 946 1800 973 et
1819 940 1968 974 iusticia.
1994 939 2111 973 Huius

1126 990 1261 1032 generis
1277 990 1434 1034 exempla
1461 990 1614 1034 plurima
1636 990 1775 1023 recitari
1799 997 1951 1033 possent.
2004 989 2110 1023 Addo

1125 1047 1241 1073 autem
1273 1047 1306 1074 et
1334 1038 1420 1082 hoc,
1454 1041 1549 1085 quod
1575 1041 1645 1073 scio
1675 1040 1832 1074 eruditos
1859 1047 1890 1074 et
1921 1041 2111 1084 prudentes

1127 1091 1211 1123 boni
1234 1092 1432 1124 consulere:
1468 1090 1657 1124 Fateamur
1682 1102 1747 1123 nos
1769 1089 1932 1124 homines
1950 1103 2039 1131 esse,
2067 1091 2111 1123 de

1126 1142 1255 1186 quibus
1272 1142 1404 1175 dictum
1421 1148 1487 1175 est:
1505 1139 1661 1179 οὐδεῑς
1641 1154 1688 1175 αι
1692 1137 1859 1186 θρωπωι
1878 1140 1976 1176 ἐστὶι
1991 1140 2111 1175 ἅπαν-

1125 1204 1171 1225 τα
1190 1189 1316 1238 σοφός.
1362 1192 1545 1226 Interdum
1565 1204 1637 1224 non
1655 1204 1680 1224 s
1674 1192 1737 1225 itis
1752 1192 1880 1226 intenti
1896 1204 2027 1232 sumus,
2053 1192 2111 1224 in-

1126 1243 1265 1275 terdum
1291 1243 1394 1276 etiam
1420 1255 1499 1276 cum
1525 1254 1645 1275 snmus
1670 1243 1814 1283 intenti,
1851 1249 1967 1276 tamen
1991 1255 2008 1275 a
2029 1254 2111 1285 pro-

1127 1293 1240 1335 posito
1257 1294 1467 1326 abducimur
1482 1293 1663 1336 peregrina
1681 1293 1798 1337 aliqua
1819 1294 1941 1337 specie.
1986 1292 2111 1335 Magni

1126 1343 1297 1376 momenti
1330 1343 1500 1375 sententia
1534 1350 1585 1375 est
1619 1343 1656 1374 in
1690 1342 1848 1376 Psalmo:
1885 1341 2110 1376 Osculamini

1126 1391 1251 1426 filium.
1321 1391 1362 1425 Id
1390 1404 1453 1425 cur
1485 1392 1658 1425 mutarint
1685 1391 1830 1433 Graeci,
1864 1405 1908 1425 ne
1938 1392 2109 1436 suspicari

1126 1442 1268 1485 quidem
1289 1453 1442 1485 possum.
1496 1441 1712 1475 Gravissima
1730 1444 1888 1476 doctrina
1905 1451 1955 1478 est
1972 1444 2008 1477 in
2026 1442 2108 1477 Iob:

1126 1490 1217 1523 Vere
1240 1491 1311 1523 scio
1337 1492 1432 1535 quod
1461 1503 1534 1524 non
1554 1492 1597 1524 sit
1614 1492 1726 1525 iustus
1744 1504 1863 1525 coram
1880 1492 1968 1529 Deo,
2020 1492 2110 1527 For-

1125 1540 1225 1574 tassis
1250 1538 1430 1574 horridius
1454 1538 1521 1574 hoc
1547 1540 1733 1587 leronymo
1758 1543 1871 1576 visum
1896 1550 1967 1584 est,
2002 1543 2110 1578 illivit

1125 1602 1206 1634 ergo
1235 1592 1279 1624 de
1302 1603 1381 1624 sno:
1425 1590 1506 1624 Non
1537 1599 1587 1625 est
1616 1592 1727 1626 iustus
1758 1590 1864 1626 homo
1889 1600 2112 1638 comparatus

1125 1640 1212 1677 Deo.
1265 1641 1404 1675 Videtis
1428 1642 1534 1675 obrui
1560 1644 1714 1676 nativam
1741 1644 1968 1685 sententiam,
2001 1652 2034 1679 et
2058 1645 2110 1677 le-

1125 1692 1216 1725 ctori
1238 1693 1458 1736 peregrinam
1482 1694 1620 1726 ostendi
1641 1694 1683 1726 (le
1707 1706 1743 1726 re
1761 1695 1924 1729 maxima.
1978 1694 2020 1728 In
2037 1693 2110 1728 Da-

1125 1743 1217 1775 niele
1239 1743 1378 1776 addidit
1409 1743 1640 1787 perniciosam
1672 1745 1898 1788 particulam:
1938 1745 2110 1779 Fortassis

1125 1793 1280 1836 ignoscet
1297 1793 1412 1832 Deus‚
1437 1806 1516 1827 cum
1534 1795 1571 1826 in
1594 1801 1687 1828 textu
1705 1796 1750 1829 sit
1768 1797 1990 1831 asseveratio:
2018 1794 2109 1830 Ecce

1126 1844 1192 1877 erit
1215 1845 1349 1877 sanatio
1375 1844 1583 1878 delictorum
1614 1852 1768 1881 tuorum.
1826 1846 1907 1879 Non
1936 1845 2020 1880 haec
2048 1854 2108 1880 aut

1125 1892 1408 1939 reprehendendi
1429 1896 1545 1928 studio
1562 1896 1660 1934 dico,
1688 1903 1747 1929 aut
1764 1898 1857 1941 quod
1876 1898 1980 1931 velim
1998 1899 2108 1931 inter-

1125 1952 1264 1989 pretum
1283 1957 1407 1979 censor
1429 1957 1489 1978 seu
1507 1944 1731 1979 Aristarchus
1757 1947 1888 1988 videri,
1916 1950 1975 1981 sed
2001 1948 2108 1980 officii

1125 1996 1194 2028 mei
1221 1995 1309 2029 ratio
1332 1996 1505 2039 postulat,
1539 2004 1577 2030 ut
1601 1994 1655 2029 his
1677 1997 1935 2031 monitionibus
1961 1999 2106 2032 excitem

1125 2046 1282 2079 iuniores
1297 2048 1341 2079 ad
1365 2047 1584 2081 discendnm.
1636 2045 1682 2080 Et
1706 2053 1823 2080 tamen
1849 2060 1956 2091 panca
1979 2049 2106 2081 rudera

1125 2109 1165 2129 ex
1192 2097 1393 2139 ingentibus
1419 2097 1551 2130 acervis
1578 2097 1723 2140 protuli.
1776 2098 1906 2131 Levius
1929 2104 1978 2131 est
2003 2110 2106 2142 supe-

1124 2147 1280 2181 rioribus
1308 2148 1450 2186 erratis,
1486 2148 1581 2192 quod
1615 2148 1651 2179 in
1676 2148 1807 2181 librum
1833 2147 1942 2182 Amos
1967 2149 2107 2192 irrepsit

1124 2199 1218 2242 apud
1243 2197 1400 2231 Graecos
1424 2210 1554 2230 nomen
1585 2198 1707 2231 sideris
1731 2196 1913 2242 Rempha,
1952 2201 2046 2243 qnod
2070 2201 2107 2232 in

1124 2247 1222 2282 Actis
1237 2249 1437 2293 apostolicis
1453 2248 1640 2289 retinetur,
1669 2248 1722 2280 vel
1738 2249 1819 2293 quia
1835 2249 1883 2283 sic
1902 2250 2006 2293 vulgo
2025 2257 2108 2285 tunc

1125 2300 1223 2333 stella
1252 2300 1370 2344 aliqua
1405 2299 1584 2332 nominata
1609 2305 1680 2337 est,
1722 2299 1776 2331 vel
1809 2300 1891 2344 quia
1924 2301 2107 2334 literarum

1125 2350 1245 2394 figuris
1262 2350 1469 2394 interpretes
1487 2349 1622 2393 decepti
1642 2355 1735 2385 sunt.
1789 2348 1831 2382 ln
1849 2357 1944 2385 textu
1968 2358 2018 2384 cst
2041 2364 2107 2384 no-

1125 2397 1336 2435 menmiwv.
1387 2398 1434 2433 Et
1457 2406 1730 2433 consentaneum
1754 2406 1822 2441 est,
1849 2413 1928 2434 eum
1955 2402 1998 2434 (le
2013 2402 2107 2435 Sirio

1126 2452 1244 2497 loqui,
1269 2452 1368 2485 cuius
1382 2458 1478 2484 ortus
1495 2450 1636 2483 initium
1662 2457 1734 2484 erat
1756 2452 1840 2484 anni
1862 2450 2025 2498 Aegyptii
2051 2454 2108 2485 die

1127 2503 1261 2537 decima
1279 2508 1399 2535 octava
1419 2500 1500 2533 Iulii
1520 2500 1677 2534 incidens
1693 2502 1728 2534 in
1748 2509 1883 2546 tempus
1900 2504 2107 2536 exundatio-

1127 2554 1183 2586 nis
1200 2552 1284 2588 Nili.
1338 2551 1458 2596 ltaque
1473 2562 1492 2584 a
1509 2550 1603 2585 Sirio
1625 2558 1790 2596 tanquam
1816 2565 1835 2586 a
1860 2554 2026 2591 numine,

1129 2603 1225 2637 lenni
1241 2603 1313 2636 ritu
1329 2602 1518 2635 exundatio
1536 2602 1618 2635 felix
1637 2603 1829 2646 petebatur.
1881 2603 1985 2636 llnnc
2012 2605 2107 2639 idoli.

1129 2655 1262 2688 cultum
1294 2660 1386 2687 taxat
1412 2650 1602 2696 Propheta.
1660 2653 1729 2688 Sed
1755 2666 1826 2687 non
1853 2655 1971 2687 onmia
1997 2661 2109 2687 errata

1426 2701 1475 2739 25
1492 2702 1510 2724 *

2052 2566 2108 2586 St)-
