2324 2955
198 115 268 148 831

198 199 294 230 cibus
316 198 356 230 ad
375 191 669 231 monomachiam,
696 188 752 223 hic
767 189 896 223 Darius
910 189 1100 225 Cadusium
1118 192 1172 224 vi-

198 255 272 280 ctor
288 246 423 279 occidit,
476 244 593 283 Quare
606 240 793 274 Armeniae
809 242 1013 284 gubernatio
1030 242 1060 274 ei
1078 254 1171 275 com-

198 298 359 329 mendata
384 300 442 326 est.
496 290 571 324 Etsi
598 299 712 324 autem
738 298 921 325 vocaverat
944 303 1023 324 eum
1047 293 1090 324 ad
1118 305 1172 325 re-

197 357 302 389 gnum
322 344 472 385 Bagoas,
498 348 613 373 tamen
635 348 671 374 ut
694 353 829 383 semper
845 342 880 373 in
899 350 992 374 metu
1011 349 1092 375 sunt
1108 340 1172 375 ho-

197 395 361 433 micIdae,
395 391 488 424 hunc
519 404 658 435 quoque
684 399 862 430 metuens,
896 403 1029 424 veneno
1051 393 1172 425 tollere

195 444 343 477 Darium
366 449 510 475 conatus
531 448 591 475 est.
644 440 712 474 Sed
740 453 775 473 re
794 441 944 474 indicata
961 440 1089 474 Darius
1104 441 1172 475 Ba-

195 506 295 535 goam
319 503 491 525 venenum
514 492 607 535 quod
632 492 667 523 in
692 503 731 523 eo
755 491 917 523 convivio
939 492 1011 534 regi
1028 493 1172 525 daturus

196 551 286 583 crat,
312 543 430 576 bibere
448 542 571 584 coegit.
626 541 674 574 lta
694 540 827 583 Bagoas
845 542 1015 575 extinctus
1031 544 1172 575 tandem

195 594 362 627 scelerum
381 604 522 625 suorum
543 603 669 635 poenas
687 592 792 624 dedit.

296 642 385 677 Cum
418 650 531 675 autem
563 642 664 674 sciret
688 640 836 679 Darius,
872 641 940 674 iam
963 654 981 674 a
1006 639 1171 684 Philippo

196 695 319 727 missos
336 705 405 726 esse
423 692 589 725 exercitus
604 692 639 723 in
651 692 769 724 Asiam
781 719 789 731 ,
817 692 923 724 mittit
940 699 971 724 et
988 692 1060 734 ipse
1077 703 1172 724 exer-

197 745 302 784 citus,
329 750 361 775 et
377 743 493 775 classis
510 743 631 774 ducem
650 741 967 774 facitMemnonem
979 739 1173 781 Rhodium,

196 794 295 827 cuius
320 793 441 836 peritia
467 792 533 825 fuit
550 792 737 831 excellens,
764 791 850 823 etin
869 791 1016 824 Graecia
1033 798 1171 824 mortuo

195 842 361 886 Philippo
387 842 573 875 concitavit
597 848 715 874 contra
741 839 982 874 Alexandrum
1008 841 1172 874 civitates.

195 890 448 925 Demosthenes
472 891 594 931 etiam,
620 898 659 924 ut
682 892 746 923 suit
771 891 967 935 inquietus,
994 892 1078 924 belli
1094 903 1173 924 sua-

196 954 253 975 sor
274 943 356 982 suit,
384 942 439 974 cui
460 942 660 974 adversatus
683 947 733 974 est
750 939 940 981 Demades,
966 941 1026 984 qui
1044 941 1110 980 ait,
1138 952 1172 973 se

195 990 457 1036 reprehendisse
469 989 714 1024 Demosthenis
732 991 927 1029 decretum,
955 991 1047 1034 quod
1068 991 1173 1023 fuerit
1198 990 1200 1013 'v

195 1049 332 1075 tantum
356 1038 508 1083 ὀνόμασι
532 1038 665 1082 καλὸν,
694 1047 725 1072 et
751 1041 870 1073 suisset
884 1041 1066 1072 exitiosum
1086 1040 1173 1073 Rei-

197 1092 376 1135 publicae,
402 1091 428 1123 si
449 1088 680 1123 Athenienses
697 1090 1002 1132 obtemperassent.
1054 1089 1173 1132 Inquit

196 1142 300 1174 etiam
316 1139 521 1179 Aeschines,
547 1137 813 1173 aDemosthene
831 1140 916 1171 adeo
931 1145 1084 1181 spretum
1103 1149 1173 1171 esse

195 1191 454 1229 Alexandrum,
480 1198 518 1223 ut
536 1189 725 1222 nominarit
745 1201 822 1221 eum
839 1186 1036 1235 μαργίῖιμν.

295 1240 383 1273 Cum
406 1240 512 1282 igitur
535 1239 636 1273 multi
661 1238 866 1282 iri-Graecia
888 1239 1071 1272 florentem
1088 1237 1173 1270 Per—

195 1302 310 1323 sarum
328 1290 516 1333 potentiam
534 1290 767 1329 intuerentur,
795 1296 826 1322 et
843 1289 1057 1322 confiderent
1074 1288 1173 1320 auxi—

196 1341 251 1372 liis
268 1339 414 1372 Persicis
426 1366 434 1379 ,
462 1337 658 1371 hortatores
677 1339 819 1371 fuerunt
841 1339 1044 1372 desectionis
1061 1350 1078 1371 a
1095 1350 1173 1380 rege

193 1390 436 1424 Macedonico.
497 1387 661 1420 Thebani
685 1388 791 1430 igitur
817 1388 1027 1431 praesidium
1052 1387 1173 1420 Mace-

196 1440 361 1472 donicum
377 1451 416 1471 ex
434 1450 511 1471 arce
527 1439 740 1477 deiecerunt,
765 1444 799 1471 et
814 1439 990 1471 decretum
1007 1438 1174 1478 fecerunt,

195 1497 233 1522 ut
266 1489 326 1533 qui
351 1488 517 1521 Graeciae
546 1489 742 1521 libertatem
771 1488 946 1521 defensuri
975 1495 1103 1528 essent,
1138 1499 1173 1521 se

195 1551 271 1572 cum
296 1539 376 1581 ipsis
403 1539 665 1582 coniungerent.
730 1537 824 1571 Ilaec
848 1549 940 1571 nova
962 1538 1049 1571 belli
1072 1549 1173 1571 causa

194 1590 261 1622 suit
279 1589 491 1622 Alexandra

296 1638 377 1671 Post
401 1646 547 1671 mortem
568 1635 725 1680 Philippi
750 1644 867 1679 gentes
891 1638 1093 1676 bellicosae,
1120 1639 1173 1670 vi-

195 1688 292 1720 cinae
316 1688 545 1720 Macedoniae
571 1699 624 1719 res
645 1698 751 1720 novas
774 1687 1027 1727 moliebantur,
1061 1685 1174 1730 Illyrii

196 1746 228 1771 et
253 1737 415 1772 Triballi.
469 1737 605 1770 llorum
632 1737 757 1769 sedatis
783 1736 994 1768 tumultibus
1020 1733 1173 1768 Alexan-

196 1789 258 1820 der
282 1788 381 1819 initio
404 1788 501 1829 regni
519 1786 684 1831 Syrmnm
702 1798 840 1830 quoqne
859 1797 973 1828 regem
992 1784 1173 1826 Getarum,

195 1849 213 1870 a
229 1850 298 1882 quo
316 1837 494 1881 Syrmimu
515 1843 631 1879 postea
646 1837 866 1869 nominatum
885 1843 955 1875 est,
982 1836 1092 1878 coegit
1112 1848 1172 1879 pa—

195 1899 267 1919 cem
290 1894 417 1931 petere.
472 1886 525 1919 lbi
548 1898 624 1918 cum
645 1886 861 1928 cognovisset
885 1883 1075 1918 Thebanos
1097 1886 1171 1918 bel-

195 1937 269 1970 lum
288 1937 446 1976 movisse,
476 1937 634 1969 celeriter
652 1935 882 1968 inGraeciam
900 1936 1016 1977 rediit,
1045 1943 1171 1969 etcum

194 1987 328 2030 aliquot
355 1987 480 2029 praelia
507 1986 596 2018 circa
612 1986 820 2018 Cadmaeam
845 1992 877 2018 et
898 1985 933 2017 in
952 1986 1060 2029 portis
1076 1984 1173 2019 The-

194 2037 295 2069 banis
318 2038 404 2069 sacta
431 2043 559 2076 essent,
586 2036 691 2068 infusi
716 2036 845 2069 milites
862 2034 1054 2068 Alexandri
1079 2036 1171 2069 intra

194 2094 327 2130 portas,
360 2094 549 2130 coeperunt
571 2084 731 2126 Thebas,
757 2086 817 2119 ubi
843 2097 965 2128 magna
991 2087 1111 2119 caedes
1135 2087 1173 2119 in

195 2137 267 2179 ipsa
286 2138 370 2169 urbe
388 2138 474 2170 facta
492 2143 552 2170 est.
609 2135 791 2169 Inter-secta
809 2143 888 2168 sunt
904 2147 961 2168 sex
977 2137 1087 2169 millia
1107 2134 1172 2170 ho-

194 2187 348 2227 minum,
383 2193 479 2229 capta
511 2193 542 2219 et
574 2187 709 2219 redacta
742 2187 778 2218 in
804 2186 1003 2219 servitutem
1030 2187 1171 2229 triginta

195 2236 318 2269 millia.
372 2236 463 2269 Urbs
478 2234 649 2269 Thebana
668 2237 956 2269 funditus'deleta
973 2243 1041 2277 est,
1069 2249 1171 2281 quam

195 2292 309 2318 tamen
341 2293 456 2329 postea
484 2285 678 2319 Cassander
710 2287 845 2320 restitui
879 2287 989 2320 iussit.
1052 2285 1097 2320 Et
1130 2288 1172 2320 de

195 2336 365 2375 exulibus,
392 2337 668 2380 quieffugerant‚
695 2338 871 2370 decretum
884 2343 944 2377 est,
972 2348 1170 2382 neusquam

196 2385 242 2418 eis
263 2386 296 2417 in
317 2384 461 2418 Graecia
478 2383 667 2429 hospitium
685 2388 919 2430 praeberetur.
972 2387 1041 2421 Sed
1061 2385 1172 2420 Athe—

196 2435 332 2467 nienses
348 2447 514 2468 memores
531 2437 653 2468 veteris
670 2437 844 2477 beneficii,
870 2449 949 2469 cum
965 2444 1086 2470 contra
1103 2438 1171 2471 La-

196 2485 500 2517 cedaemoniorum
531 2486 706 2519 decretum
741 2485 904 2520 Thebani
936 2487 1019 2530 ipsis
1052 2485 1171 2531 hospi-

197 2535 282 2568 tium
309 2535 559 2578 praebuerant,
594 2549 685 2569 nunc
712 2544 916 2580 receperunt
939 2538 1072 2578 exules,
1107 2550 1171 2571 nec

196 2597 253 2618 eos
276 2585 494 2628 expulerunt.
552 2583 651 2617 Ilanc
673 2587 919 2629 gratitudinem
945 2595 1062 2631 postea
1085 2586 1169 2622 Ale-

195 2636 324 2668 xander
343 2634 592 2678 comprobavit.

437 108 642 146 SCRtPTA
671 107 744 141 PII.
773 105 886 140 MEL.
912 106 979 141 AD
1007 106 1133 145 HIST.
1161 106 1303 144 PROF.
1330 105 1394 142 ET
1424 105 1615 144 PIIILOS.
1642 106 1959 145 SPECTANTIA.

2127 110 2198 144 832

1326 191 1423 225 Anni
1449 198 1529 225 sunt
1547 198 1661 226 autem
1681 193 1724 225 ab
1740 204 1779 225 eo
1796 199 1968 236 tempore,
1993 206 2061 238 quo
2081 200 2199 236 captae

1225 249 1306 276 sunt
1322 240 1481 275 Athenae
1498 254 1515 274 a
1532 242 1712 287 Lysandro
1727 243 1920 285 sexaginta,
1947 255 2010 276 nec
2027 250 2107 276 sunt
2120 244 2200 286 plu-

1225 305 1288 324 res.
1350 291 1440 324 Tam
1471 291 1594 334 exiguo
1625 299 1780 335 tempore
1805 293 1957 336 primum
1984 291 2143 325 Athenae
2167 300 2200 325 et

1226 342 1410 385 imperium
1427 342 1618 375 amiserunt
1634 349 1667 374 et
1683 349 1799 385 captae
1815 350 1907 377 sunt.
1943 342 2065 375 Postea
2076 342 2201 385 Sparta

1225 393 1350 424 amisso
1374 392 1520 435 imperio
1544 392 1727 425 durissime
1751 393 1877 425 afflicta
1893 399 1952 426 est.
2004 392 2075 425 Nec
2090 392 2200 424 multo

1227 449 1303 486 post
1324 442 1408 475 urbs
1427 440 1596 475 Thebana
1621 442 1780 475 funditus
1801 443 1913 475 deleta
1938 449 1995 476 est.
2050 441 2201 485 Fuitque

1226 494 1254 524 is
1279 504 1392 525 annus
1416 492 1540 525 tertius
1564 499 1639 535 post
1664 492 1857 525 luctuosam
1878 504 2028 535 pugnam
2048 493 2091 524 ad
2109 489 2202 524 Che—

1226 554 1377 577 roneam.
1430 541 1481 575 lta
1508 554 1586 574 cum
1609 542 1783 574 floruisset
1809 540 1955 574 Graecia
1979 542 2144 584 sapientia
2170 548 2202 574 et

1226 594 1371 632 virtute,
1397 599 1513 635 postea
1539 592 1650 624 laxata
1675 592 1880 634 disciplina,
1907 604 1984 624 cum
2010 591 2203 635 petulantia

1225 642 1405 676 iuniorum
1429 649 1461 674 et
1484 642 1675 674 ambitione
1699 642 1790 675 bella
1818 654 1889 674 non
1914 641 2104 674 necessaria
2125 652 2202 673 mo-

1226 699 1339 732 veret,
1367 703 1572 734 magnorum
1592 692 1759 725 scelerum
1780 703 1907 735 poenas
1926 692 2037 732 dedit,
2065 691 2151 723 sicut
2169 697 2203 722 et

1226 741 1291 775 hoc
1314 749 1467 786 tempore
1483 742 1667 774 Turcicam
1691 742 1913 787 tyrannidem
1931 741 2071 775 attraxit
2087 740 2203 774 idolo-

1226 804 1302 825 rum
1322 793 1438 833 cultu,
1466 792 1676 825 libidinibus
1692 798 1724 825 et
1740 792 1829 825 odiis
1848 792 2058 826 domesticis.

1325 858 1481 901 Dignum
1505 871 1587 892 vero
1607 858 1775 891 memoria
1791 866 1840 892 est
1856 859 1984 891 factum
2002 857 2204 891 Timocleae

1225 916 1404 942 matronae
1421 907 1630 946 Thebanae,
1658 921 1676 941 a
1699 920 1767 953 qua
1792 920 1869 941 cum
1886 915 2042 953 posceret
2060 908 2205 952 quidam

1226 971 1265 991 ex
1288 957 1479 992 Alexandri
1513 959 1718 990 ductoribus
1752 958 1925 1002 quidquid
1952 955 2102 991 habebat
2126 956 2204 990 auri

1226 1016 1257 1041 et
1275 1009 1428 1050 argenti,
1456 1016 1487 1042 et
1506 1009 1563 1040 illa
1582 1008 1720 1051 corpori
1738 1015 1922 1047 metueret,
1949 1007 2034 1040 dixit
2050 1019 2085 1040 se
2102 1018 2204 1039 mon-

1226 1065 1413 1090 straturam
1436 1070 1505 1101 quo
1528 1058 1717 1092 abiecisset.
1777 1055 1905 1090 Educit
1929 1057 2035 1099 igitur
2056 1057 2203 1089 militem

1226 1108 1268 1139 ad
1287 1114 1428 1149 puteum
1447 1107 1483 1138 in
1500 1104 1639 1138 hortum
1654 1132 1662 1146 ,
1689 1113 1722 1139 et
1737 1107 1802 1146 ait,
1829 1107 1879 1138 ibi
1896 1107 2106 1139 occultatum
2122 1117 2204 1139 esse.

1225 1156 1385 1200 Cumque
1407 1156 1498 1188 oculi
1523 1156 1646 1188 militis
1670 1157 1712 1188 ad
1739 1163 1883 1199 puteum
1907 1157 2065 1188 conversi
2082 1163 2205 1194 essent,

1226 1207 1298 1249 ipsa
1315 1218 1394 1238 eum
1412 1205 1580 1249 impellit,
1607 1205 1691 1239 etin
1708 1212 1850 1249 puteum
1869 1206 2082 1249 praecipitat.
2134 1204 2205 1237 Po-

1225 1264 1295 1290 stea
1320 1257 1362 1289 ad
1381 1254 1622 1289 Alexandrum
1644 1256 1831 1289 adducitur
1849 1255 2033 1296 Matrona,
2061 1255 2121 1299 qui
2143 1267 2205 1287 au-

1226 1308 1325 1339 diens
1353 1307 1426 1339 eius
1450 1306 1706 1345 narrationem,
1742 1313 1775 1339 et
1798 1306 2019 1338 nobilitatem
2042 1304 2206 1343 familiae,

1226 1357 1325 1389 iussit
1343 1367 1417 1388 eam
1435 1367 1513 1388 cum
1531 1355 1610 1387 filiis
1629 1362 1661 1388 et
1678 1355 1816 1387 filiabus
1834 1355 1981 1387 liberam
1999 1365 2081 1388 esse.
2132 1352 2204 1387 Re-

1225 1417 1282 1448 ges
1309 1406 1402 1438 enim
1427 1412 1465 1438 ut
1490 1405 1639 1438 aliarum
1662 1405 1850 1446 virtutum,
1884 1403 1931 1438 ita
1955 1410 1987 1438 et
2011 1403 2205 1448 pudiciciae

1226 1456 1425 1489 defensores
1443 1467 1515 1488 esse
1531 1455 1668 1488 debent.

1326 1522 1409 1555 Post
1432 1519 1636 1554 Thebarum
1662 1520 1836 1554 excidium
1863 1521 1907 1554 ab
1926 1518 2204 1554 Atheniensibus

1226 1572 1349 1617 petivit
1373 1571 1592 1611 Alexander,
1620 1577 1657 1604 ut
1682 1572 1849 1604 dederent
1873 1578 2048 1609 oratores,
2074 1571 2204 1604 Demo-

1225 1621 1386 1656 sthenem
1405 1621 1662 1666 etLycurgum,
1689 1621 1749 1664 qui
1767 1620 1898 1653 bellum
1917 1627 2106 1655 suaserant.
2159 1619 2206 1653 Et

1225 1671 1359 1704 censuit
1381 1669 1561 1710 Phocion,
1597 1671 1686 1703 sicut
1710 1670 1796 1702 olim
1820 1668 2012 1702 Erechthei
2039 1670 2129 1701 tiliae
2154 1670 2205 1702 fa-

1226 1728 1298 1754 ctae
1319 1726 1431 1753 essent
1447 1720 1608 1752 victimae
1624 1732 1687 1763 pro
1705 1719 1813 1762 patria
1825 1744 1834 1758 ‚
1859 1719 1906 1751 ita
1923 1719 1989 1761 ipsi
2006 1731 2145 1763 quoque
2161 1721 2204 1752 ad

1226 1768 1358 1803 hostem
1381 1770 1600 1810 accederent,
1629 1781 1668 1802 ac
1690 1780 1725 1801 se
1749 1768 1896 1801 interfici
1919 1775 2139 1812 paterentur,
2167 1777 2205 1803 ut

1225 1820 1336 1863 patria
1368 1820 1558 1863 tranquilla
1589 1826 1685 1852 esset.
1747 1818 1815 1851 Hic
1839 1816 2092 1852 Demosthenes
2114 1819 2203 1852 reci-

1225 1870 1310 1902 tavit
1335 1868 1533 1912 Apologum
1556 1869 1598 1901 de
1613 1868 1744 1911 Lupis,
1771 1868 1833 1912 qui
1857 1869 2057 1911 pastoribus
2084 1881 2202 1913 pacem

1225 1920 1428 1959 offerebant,
1455 1930 1493 1952 ea
1507 1919 1721 1959 conditione,
1748 1918 1777 1950 si
1794 1929 1895 1951 canes
1911 1919 2087 1953 dederent.
2133 1919 2202 1953 Sed

1225 1982 1303 2003 cum
1330 1970 1481 2013 populus
1504 1969 1698 2009 dubitaret,
1724 1975 1842 2002 orator
1865 1967 2037 2002 Demades
2061 1970 2104 2002 ad
2119 1968 2203 2003 Ale—

1225 2021 1397 2054 xandrum
1416 2020 1650 2063 profecturum
1668 2031 1702 2052 se
1716 2030 1788 2052 esse
1804 2018 1975 2062 promisit.
2029 2018 2122 2052 Huic
2139 2032 2203 2064 po-

1226 2071 1328 2114 pulus
1355 2071 1414 2103 dat
1438 2069 1620 2110 mandata,
1652 2076 1691 2103 ut
1714 2081 1832 2113 pacem
1854 2075 1957 2112 petat.
2026 2068 2132 2110 Item,
2165 2077 2203 2103 ut

1225 2127 1336 2164 petat,
1377 2132 1422 2153 ne
1454 2127 1622 2161 cogantur
1654 2120 1770 2153 exules
1799 2116 1990 2152 Thebanos
2022 2120 2201 2163 expellere.

1225 2171 1325 2213 Quae
1357 2170 1475 2204 omnia
1498 2168 1665 2203 Demadis
1695 2170 1867 2212 legatione
1900 2170 2081 2213 impetrata
2109 2176 2201 2204 sunt.

1224 2221 1318 2254 Haec
1342 2220 1536 2255 Alexandri
1566 2220 1761 2254 moderatio
1793 2220 1828 2252 in
1860 2219 2004 2252 victoria
2029 2219 2201 2252 excellens

1225 2272 1334 2305 xirtus
1350 2271 1434 2311 suit,
1461 2277 1495 2304 et
1516 2283 1604 2315 opus
1623 2270 1706 2308 Dei,
1734 2270 1794 2315 qui
1813 2270 2015 2302 incenderat
2031 2280 2110 2301 eum
2127 2269 2200 2302 sin-

1224 2323 1336 2364 gulari
1366 2322 1516 2364 impetn,
1551 2322 1594 2354 ad
1619 2321 1812 2354 faciendam
1839 2318 1976 2361 imperii
2001 2319 2200 2353 translatio-

1224 2385 1302 2405 nem
1314 2399 1323 2412 ,
1347 2378 1378 2404 et
1397 2372 1610 2415 puniendam
1628 2371 1807 2404 saeviciam
1824 2377 1856 2402 et
1872 2369 1991 2401 luxum
2002 2368 2200 2408 Persarum,

1223 2423 1311 2456 sicut
1333 2422 1507 2455 Siracides
1540 2422 1655 2466 inquit
1685 2432 1757 2463 cap.
1778 2419 1850 2451 10.:
1885 2418 2035 2466 Propter
2059 2419 2197 2452 iniusti-

1223 2473 1310 2505 ciam
1328 2484 1473 2515 regnum
1492 2484 1511 2504 a
1528 2480 1628 2514 gente
1646 2472 1681 2504 in
1700 2475 1835 2513 gentem
1856 2469 2072 2502 transfertur.

1324 2537 1413 2571 Pace
1436 2537 1622 2570 constituta
1645 2536 1680 2568 in
1699 2534 1844 2567 Graecia
1865 2534 2043 2567 communi
2061 2535 2198 2568 decreto

1222 2588 1423 2621 nominatus
1447 2595 1495 2620 est
1516 2582 1727 2620 Alexander
1750 2585 1819 2617 dux
1838 2583 2053 2617 Graecorum
2077 2592 2196 2617 contra

1221 2637 1353 2680 Persas,
1380 2645 1412 2673 et
1427 2638 1577 2672 secundo
1594 2647 1685 2671 anno
1702 2635 1801 2669 duxit
1818 2635 2005 2669 exercitum
2020 2635 2057 2667 in
2066 2633 2197 2675 Asiam,
