2324 2955
59 126 108 162 93

158 206 348 244 Doctrinae
363 217 532 241 summam
549 204 730 249 probabat,
757 215 957 250 quanquam
977 215 1039 235 vo-

58 261 151 295 lebat
166 260 336 305 quaedam
353 257 422 291 dici
439 257 556 289 minus
571 253 727 296 horride,
745 256 916 301 quaedam
934 253 1037 286 ctiam

57 311 133 345 fieri
158 310 374 343 moderatius
396 314 429 341 et
451 319 469 340 a
493 306 625 351 populo
651 313 684 339 et
705 307 749 339 ab
774 306 870 343 aliis,
905 311 942 337 ut
966 309 1038 336 erat

57 361 189 405 gravis,
215 366 375 393 constans
394 364 428 391 et
444 357 649 401 disciplinae
672 367 803 390 amans.
856 354 926 388 Sed
944 365 1039 387 nun-

58 423 161 456 quam
178 409 334 443 discessit
350 420 367 441 a
385 407 563 441 doctrinae
582 407 750 451 puritate,
776 413 809 439 et
828 417 907 437 vere
924 405 1036 447 imago

58 467 132 494 erat
148 471 287 493 morum
304 459 411 502 ipsius
429 458 560 491 dictum
575 454 777 500 Sophoclis:
805 455 904 488 Talis
919 461 968 488 est
984 454 1038 487 v1r

57 512 190 549 bonus,
217 521 352 553 semper
371 515 421 542 est
436 508 503 541 sibi
520 507 655 541 similis.

159 559 200 593 In
223 566 400 593 conventu
419 556 700 596 wormatiensi,
737 567 815 589 cum
840 552 1036 588 Lutherum

57 611 221 645 audirent
248 609 443 654 Imperator
464 606 611 641 Carolus
643 613 676 640 et
707 605 856 639 Senatus
888 604 1037 648 imperii,

57 662 131 705 ipse
149 661 278 694 dicenti
296 661 431 699 aderat,
457 664 490 690 et
508 657 621 701 palam
644 668 722 689 cum
745 668 784 689 eo
810 655 1037 694 deliberabat,

57 719 91 745 et
107 711 321 747 ostendebat,
349 720 384 741 se
399 707 472 740 eius
488 706 685 740 doctrinam
702 705 876 750 amplecti.
912 704 1035 738 Postea

57 762 124 796 suit
145 761 358 804 gubernator
384 757 611 801 inspectionis
634 755 869 789 Ecclesiarum
897 756 934 788 in
961 755 1036 798 ripa

57 811 170 846 Salac.
223 808 313 844 Cum
329 807 650 842 enimMonetarius
670 814 704 841 et
717 805 883 849 Pelargus
899 806 1037 839 turbas-

56 867 134 895 sent
151 858 340 898 Ecclesias,
368 865 401 892 et
426 859 551 891 misera
572 858 671 901 plebs
695 857 826 890 alicubi
849 856 1038 889 seditiones

56 910 238 951 movisset,
277 909 403 943 sedatis
437 908 646 942 tumultibus
682 906 850 951 Princeps
883 907 1038 950 optimus

57 961 207 995 loannes
224 960 335 993 voluit
352 959 476 1003 inspici
486 957 669 992 Ecclesias.
723 955 812 990 Eam
830 968 902 990 rem
920 967 1038 990 neces-

57 1012 184 1045 sariam
200 1009 458 1043 commendavit
474 1008 627 1053 primum
641 1007 789 1041 Doctori
807 1006 1038 1052 Hieronymo,

57 1062 99 1096 ld
115 1061 300 1095 consilium
319 1057 505 1093 honestum
518 1065 552 1092 et
569 1058 666 1103 pium
682 1058 853 1101 profuisse
862 1056 1039 1097 Ecclesiis,

59 1112 162 1145 foelix
179 1117 323 1144 eventus
341 1109 512 1149 ostendit,
533 1115 572 1142 ut
590 1108 693 1141 multi
709 1115 853 1143 norunt.
893 1105 1040 1141 Abhor-

58 1163 157 1195 rebat
172 1161 267 1194 enim
283 1172 302 1193 a
320 1160 480 1193 fanaticis
496 1166 529 1193 et
544 1159 718 1192 seditiosis
733 1158 981 1203 opinionibus,
1008 1163 1039 1190 et

58 1212 196 1245 volebat
206 1210 379 1244 Ecclesias
394 1216 484 1244 recte
503 1209 632 1250 doceri,
659 1216 693 1242 et
712 1209 912 1253 pastoribus
928 1206 1040 1241 hone-

58 1270 126 1297 stas
143 1262 317 1294 mercedes
334 1261 518 1300 constitui,
545 1272 613 1305 qua
631 1261 674 1292 de
692 1272 728 1292 re
744 1258 824 1292 Dux
843 1258 991 1292 Ioannes
1008 1265 1040 1291 et

58 1312 251 1346 liberaliter
273 1312 438 1343 mandata
461 1311 616 1344 dederat.
682 1309 914 1341 Meminimus
937 1309 1040 1341 etiam

60 1374 140 1395 cum
169 1361 401 1393 donationum
437 1357 656 1390 confirmatio
692 1364 890 1401 peteretur,
938 1358 1041 1388 citata

60 1411 125 1445 hac
149 1408 321 1442 sententia
344 1406 483 1440 Esaiae:
527 1405 574 1439 Et
601 1418 698 1448 reges
723 1413 829 1438 erunt
851 1406 1041 1438 nutritores

60 1462 123 1496 tui.
153 1458 240 1493 Cum
253 1458 414 1500 princeps
424 1456 526 1488 valde
541 1456 731 1488 delectatus
743 1461 829 1487 esset
846 1467 884 1487 ea
901 1461 1042 1487 senten-

59 1512 125 1552 tia,
150 1508 266 1542 statim
285 1507 506 1550 impetratam
528 1516 600 1538 esse
616 1505 933 1539 confirmationem.

158 1557 354 1600 Coniugem
379 1554 503 1590 babuit
524 1552 826 1595 honestissimam,
864 1566 943 1587 cum
974 1564 1041 1597 qua

59 1621 194 1645 summa
225 1608 412 1641 concordia
442 1613 475 1639 et
506 1612 597 1639 caste
629 1605 716 1638 vixit
748 1616 861 1638 annos
891 1603 1043 1647 amplius

58 1659 299 1705 quadraginta.
351 1655 402 1690 Ex
421 1654 485 1689 bac
506 1656 580 1689 nati
603 1656 729 1689 vivunt
754 1653 871 1688 adhuc
895 1655 987 1687 filius
1011 1660 1042 1686 et

60 1712 130 1745 filia
148 1717 308 1743 matrona
326 1705 590 1747 honestissima,
618 1718 681 1751 qae
699 1706 797 1739 vidui
815 1705 923 1750 patris
941 1717 1043 1737 oeco-

60 1761 216 1795 nomiam
232 1759 337 1792 vidua
354 1757 574 1801 gubernavit.
627 1755 719 1800 Erga
743 1768 912 1800 pauperes
936 1756 1043 1788 bene-

60 1811 232 1845 ficentiam
251 1809 445 1842 liberaliter
461 1807 651 1841 exercebat.
718 1806 759 1840 ln
779 1806 971 1840 tolerandis
988 1806 1045 1837 in-

61 1862 162 1895 iuriis
196 1860 353 1894 dolorem
382 1866 416 1892 et
445 1858 671 1902 cupiditatem
700 1858 876 1890 vindictae
901 1862 1044 1901 propter

60 1913 237 1958 publicam
264 1909 556 1954 tranquillitatem
584 1915 616 1941 et
637 1916 781 1953 propter
797 1907 911 1941 Deum
931 1907 1040 1951 repri-

60 1964 187 1997 mebat.
239 1960 401 2005 Denique
421 1970 535 1992 mores
559 1959 633 1992 eius
657 1959 853 2002 exemplum
880 1969 952 1990 esse
977 1957 1044 1989 viri

61 2012 219 2051 honesti,
246 2011 297 2055 pii
314 2018 346 2045 et
362 2010 508 2043 officiosi
533 2015 705 2053 poterant.
761 2009 859 2042 Talis
875 2021 953 2042 cum
969 2009 1044 2040 fue-

62 2065 128 2102 rit,
150 2069 182 2095 et
204 2074 283 2095 cum
310 2061 485 2105 praeclare
512 2059 656 2093 meritus
682 2060 727 2093 sit
750 2060 792 2093 de
817 2060 920 2092 nobis
946 2065 979 2091 et
1002 2059 1044 2091 de

60 2112 280 2158 Republica,
306 2112 404 2144 decet
426 2122 490 2144 nos
506 2110 580 2143 eins
599 2122 677 2144 cum
696 2110 947 2153 significatione
965 2120 1042 2150 gra-

62 2163 226 2199 titudinis
258 2161 444 2195 recordari.
503 2158 550 2194 Et
579 2161 774 2206 exemplum
804 2161 926 2194 multis
959 2160 1044 2193 utile

62 2222 139 2252 est„
176 2212 334 2247 Debetur
351 2211 528 2254 gratitudo
543 2211 701 2254 singulis,
729 2212 789 2256 qui
806 2224 869 2245 suo
888 2212 965 2244 loco
984 2211 1044 2244 be-

62 2264 241 2299 nefaciunt
272 2262 390 2306 generi
418 2259 583 2297 humano.
642 2261 819 2303 Ducibus,
854 2262 914 2307 qui
939 2261 1045 2294 armis

64 2315 239 2360 repellunt
255 2311 389 2353 hostes,
415 2319 448 2346 et
464 2324 581 2356 pacem
600 2319 751 2348 tuentur.
804 2313 1046 2352 Senatoribus‚

64 2367 125 2412 qui
150 2371 275 2407 regunt
302 2364 458 2398 civitates
484 2369 516 2395 ct
542 2360 727 2395 hominum
749 2363 978 2401 commercia,
1012 2369 1045 2396 et

65 2418 189 2451 iuvant
206 2413 365 2448 homines
384 2413 560 2448 aedificiis.
612 2413 681 2447 Sed
705 2414 894 2456 cogitemus
914 2414 1044 2446 maiora

63 2479 136 2502 esse
158 2465 341 2504 beneficia,
367 2465 656 2508 propagationem
681 2476 780 2497 verae
799 2465 978 2498 doctrinae
1004 2465 1046 2497 de

63 2517 138 2552 Deo
158 2523 192 2550 et
209 2517 252 2549 de
268 2515 417 2557 legibus,
444 2515 568 2548 iustam
587 2515 877 2557 gubernationem
895 2515 1046 2548 iudicio-

64 2580 163 2606 rum,
187 2573 219 2600 et
238 2565 383 2599 consilia
400 2565 563 2598 salutaria
589 2566 626 2598 in
643 2564 851 2610 Republica.
902 2564 956 2598 Ac
980 2577 1046 2609 po-

66 2618 211 2652 steritati
238 2628 309 2649 non
335 2616 448 2648 solum
475 2617 669 2659 proderunt
690 2616 835 2660 scripta,
860 2628 946 2661 quae
964 2616 1047 2648 reli-

66 2669 142 2715 quit
161 2668 291 2702 Doctor
307 2666 564 2711 hieronymus,
587 2668 645 2701 scd
671 2668 781 2701 multo
809 2668 918 2711 magis
944 2667 1046 2701 audi-

635 117 792 156 DECL.
827 116 899 153 DE
932 114 1176 153 HIERON.
1213 114 1486 152 SCIIURFF.

2024 115 2072 151 94

1090 208 1198 242 tores,
1225 201 1285 246 qui
1309 213 1391 234 voce
1414 201 1524 245 ipsius
1548 199 1696 241 eruditi,
1728 207 1867 244 accepta
1891 199 2070 232 doctrinae

1091 252 1223 285 semina
1240 251 1318 284 aliis
1342 252 1498 289 tradent,
1524 258 1556 284 et
1574 263 1724 296 quorum
1742 263 1837 284 nunc
1861 250 1979 294 aliquo
1994 248 2068 281 Deo

1090 303 1250 342 iuvante,
1275 312 1419 343 magnos
1436 301 1571 334 labores
1588 302 1625 334 in
1645 301 1875 345 Reipublicae
1895 301 2070 344 guberua—

1090 353 1185 386 tione
1202 351 1352 384 fideliter
1368 351 1553 385 sustinent.

1189 410 1388 445 Domestica
1406 412 1620 444 consuetudo
1638 411 1757 444 multis
1785 411 1886 443 annis
1910 410 1976 443 suit
2001 409 2071 441 cla-

1089 461 1226 495 rissimo
1252 461 1328 493 viro
1352 460 1393 495 D.
1411 460 1531 493 Ulrico
1548 461 1734 494 Mordisen
1758 473 1835 494 cum
1865 474 1926 500 eo,
1967 471 2070 504 quern

1089 511 1235 557 quidem
1265 518 1303 544 ut
1336 511 1447 543 filiurn
1471 511 1611 551 dilexit,
1653 517 1686 543 et
1713 512 1773 554 qui
1795 511 1945 543 xvicissim
1971 521 2072 553 prae-

1088 569 1263 606 ceptorem
1287 561 1416 594 amavit
1443 568 1611 605 tanquam
1638 567 1784 604 patrem.
1851 560 1950 594 Yixit
1975 560 2068 603 apud

1088 625 1167 646 eum
1189 619 1221 645 et
1240 612 1294 644 vir
1311 611 1524 644 clarissimus
1535 610 1667 644 Doctor
1679 608 1982 651 MelchiorKling‚
2011 609 2071 652 qui

1088 664 1193 696 ambo
1213 662 1250 695 in
1267 660 1331 694 hac
1347 662 1493 699 vicinia,
1521 672 1609 706 quos
1627 660 1764 694 labores
1788 660 1850 692 diu
1874 661 1941 692 iam
1969 659 2072 692 susti-

1089 720 1214 756 neant,
1241 724 1313 745 non
1329 712 1509 755 ignoratis.

1192 779 1234 812 In
1250 778 1439 812 Academia
1460 778 1502 810 ad
1521 776 1693 810 Viadrum
1718 775 1809 809 Iuris
1833 776 1941 809 lector
1967 782 1998 809 et
2020 776 2074 807 in-

1090 838 1222 873 terpres
1240 836 1289 862 est
1306 830 1360 862 vir
1370 828 1593 868 clarissimus,
1609 826 1741 860 Doctor
1752 827 1902 860 Ioannes
1920 840 1936 859 a
1949 826 2076 865 Borck,

1089 880 1307 920 Bremensis‚
1342 891 1411 924 quo
1435 878 1557 911 multis
1580 878 1682 910 annis
1709 889 1812 910 nemo
1839 878 1905 910 suit
1928 876 2075 910 Doctori

1090 930 1309 965 familiarior.
1363 928 1430 962 Sed
1447 929 1591 971 longum
1610 935 1696 961 esset
1712 940 1873 961 enarrare
1893 939 2024 961 omneS.

1192 996 1234 1030 In
1259 1003 1411 1029 extremo
1437 1007 1547 1039 agone
1572 995 1695 1035 etiam,
1737 995 1913 1038 ingressus
1942 1006 2073 1027 annum

1091 1055 1257 1093 quartum
1284 1055 1316 1080 et
1342 1046 1654 1090 septuagesimum,
1681 1046 1762 1078 fidei
1787 1046 1897 1078 robur
1913 1045 2077 1085 ostendit,

1091 1097 1346 1132 ardentissimis
1368 1098 1459 1130 votis
1474 1095 1666 1130 Ecclesiam
1692 1103 1725 1129 et
1751 1108 1823 1130 sese
1849 1103 1881 1129 et
1905 1107 1984 1128 suos
2000 1093 2075 1128 Deo

1092 1148 1362 1188 commendavit,
1386 1159 1487 1192 saepe
1505 1154 1665 1191 repetens
1684 1153 1716 1179 et
1733 1147 1932 1192 symbolum
1949 1153 1980 1179 et
1999 1157 2077 1189 pre-

1092 1200 1284 1239 cationem,
1309 1210 1348 1231 ac
1373 1198 1502 1231 diserte
1527 1204 1670 1230 testatus
1694 1204 1763 1237 est,
1790 1209 1824 1229 se
1843 1194 1937 1229 hunc
1954 1207 2077 1228 verum

1092 1249 1206 1283 Deum
1225 1250 1408 1289 invocare,
1435 1248 1495 1293 qui
1515 1260 1549 1281 se
1565 1248 1725 1292 patefecit
1744 1248 1849 1280 misso
1868 1247 1939 1279 filio
1952 1271 1961 1284 ‚
1989 1253 2020 1279 et
2043 1257 2078 1277 se

1093 1307 1166 1333 toto
1184 1306 1323 1342 pectore
1339 1299 1523 1331 adfirmare
1535 1325 1544 1338 ,
1569 1297 1660 1331 hanc
1674 1310 1781 1330 unam
1801 1299 1843 1330 de
1855 1296 1930 1330 Deo
1947 1296 2078 1329 doctri-

1093 1361 1174 1379 nam
1202 1360 1317 1378 veram
1343 1360 1433 1386 esse,
1473 1360 1561 1390 quae
1592 1348 1629 1378 in
1663 1348 1764 1379 libris
1796 1345 2012 1390 propheticis
2045 1353 2077 1377 et

1093 1396 1293 1440 apostolicis
1317 1402 1348 1428 et
1365 1395 1542 1440 'symbolis
1565 1396 1691 1439 scripta
1727 1403 1795 1437 est,
1835 1409 1873 1429 ae
1897 1409 1997 1440 saepe
2020 1408 2078 1428 ex-

1094 1457 1210 1489 pressa
1234 1456 1463 1489 personarum
1493 1446 1674 1478 mentione
1697 1447 1802 1479 dixit:
1840 1444 2078 1490 Omnipotens

1094 1495 1204 1535 Deus,
1234 1501 1375 1528 aeterne
1399 1501 1497 1538 pater
1521 1494 1668 1527 Domini
1692 1496 1803 1528 nostri
1830 1495 1907 1529 Iesu
1932 1494 2079 1533 Christi,

1094 1551 1229 1578 creator
1253 1545 1341 1577 coeli
1364 1551 1397 1578 et
1419 1551 1549 1585 terrae,
1590 1545 1796 1588 angelorum
1822 1552 1855 1578 et
1878 1543 2079 1585 hominum,

1094 1602 1128 1629 et
1152 1595 1301 1628 aliarum
1329 1602 1568 1628 creaturarum
1596 1595 1776 1636 omnium,
1810 1608 1887 1629 cum
1917 1597 1989 1629 filio
2018 1603 2078 1629 tuo

1095 1653 1279 1679 coaeterno
1316 1652 1348 1678 et
1373 1644 1508 1688 Spiritu
1538 1652 1656 1678 sancto
1687 1658 1768 1687 oro,
1816 1647 1980 1680 miserere
2009 1647 2078 1679 mei

1095 1703 1237 1740 propter
1255 1695 1367 1728 lesum
1384 1693 1565 1728 Christum
1585 1696 1696 1729 filium
1720 1703 1841 1740 tuum,
1876 1698 2079 1730 crucifixum

1096 1759 1158 1791 pro
1184 1746 1288 1779 nobis
1307 1753 1341 1780 et
1368 1746 1634 1787 resuscitatum,
1668 1747 1843 1780 sanctifica
1868 1760 1924 1780 me
1941 1747 2078 1791 Spiritu

1095 1805 1155 1831 tuo
1182 1803 1313 1830 sancto.
1366 1795 1406 1829 In
1431 1809 1556 1830 manus
1580 1804 1655 1831 tuas
1678 1798 1886 1830 commendo
1915 1798 2078 1841 spiritum

1096 1860 1224 1881 meum.
1287 1846 1383 1880 Inter
1405 1847 1487 1880 talia
1510 1854 1589 1881 vota
1612 1860 1692 1881 cum
1717 1848 1845 1881 fiducia
1870 1849 1933 1880 filii
1957 1847 2021 1881 Dei
2047 1855 2079 1881 et

1095 1911 1154 1943 spe
1177 1910 1276 1931 mens
1300 1904 1410 1931 erecta
1437 1910 1509 1930 non
1535 1899 1680 1931 obscure
1697 1899 1908 1939 ostenderit,
1936 1911 1970 1931 se
1988 1899 2079 1931 ‹lesi-

1095 1949 1192 1982 derio
1220 1949 1485 1981 consuetudinis
1505 1947 1638 1982 Cliristi
1664 1956 1697 1982 et
1721 1949 1877 1982 coelestis
1903 1948 2080 1982 Ecclesiae

1095 1999 1213 2039 adfici,
1240 1999 1358 2031 anima
1373 1999 1446 2031 eius
1464 1996 1529 2031 lioe
1553 1999 1694 2032 mortali
1717 2011 1853 2032 carcerc
1878 2000 2013 2043 placide
2037 2000 2080 2031 li-

1095 2051 1212 2083 berata
1229 2057 1290 2084 est.
1343 2048 1416 2082 Nos
1432 2049 1640 2082 memoriam
1661 2055 1693 2082 et
1718 2049 1882 2082 virtutem
1911 2049 2020 2092 ipsius
2047 2057 2080 2082 et

1095 2100 1275 2134 doctrinae
1292 2099 1514 2139 retineamus,
1542 2106 1574 2132 et
1590 2097 1855 2133 honestissimos
1874 2111 1987 2132 mores
2006 2100 2081 2133 cius

1097 2152 1296 2190 imitemur,
1331 2156 1364 2183 et
1388 2161 1576 2194 sequamur
1601 2150 1636 2182 in
1660 2150 1776 2183 studio
1800 2149 1970 2182 iudicium
1995 2150 2080 2188 eius,

1095 2200 1500 2247 quaeramus'doctrinae
1522 2201 1653 2241 sontes,
1680 2212 1743 2232 nec
1759 2200 1863 2233 stulta
1879 2200 2081 2233 curiositate

1095 2253 1351 2296 adplaudamus
1375 2251 1502 2294 ineptis
1525 2251 1612 2290 illis,
1639 2251 1699 2295 qui
1726 2262 1820 2283 nunc
1846 2250 2024 2291 iactitant,
2046 2262 2082 2283 se

1096 2315 1224 2336 novam
1241 2304 1388 2335 sormam
1407 2301 1587 2335 doctrinae
1606 2300 1696 2334 luris
1718 2307 1975 2334 monstraturos
1997 2313 2082 2339 csse,

1095 2366 1246 2400 quorum
1275 2352 1507 2386 insulsitatem
1541 2358 1573 2385 ct
1602 2350 1791 2385 stulticiam
1817 2351 1889 2395 ipse
1920 2352 2081 2385 omnium

1096 2405 1247 2438 maxime
1265 2403 1512 2437 detestabatur.

1198 2461 1275 2496 Oro
1309 2468 1423 2494 autem
1456 2460 1567 2492 filium
1599 2459 1667 2492 Dei
1693 2457 1887 2493 Dominum
1922 2468 2081 2495 nostrum

1097 2514 1211 2547 lesum
1228 2511 1409 2546 Christum
1422 2538 1430 2549 ‚
1457 2517 1495 2544 ut
1513 2522 1649 2554 semper
1669 2510 1704 2542 in
1723 2507 1778 2543 his
1794 2511 1997 2554 regionibus
2015 2511 2082 2545 Ec-

1097 2565 1237 2598 clesiam
1257 2563 1323 2595 sibi
1341 2562 1483 2603 colligat
1510 2567 1542 2594 et
1562 2573 1635 2593 ram
1658 2561 1848 2603 gubernet,
1876 2568 1907 2594 et
1927 2569 2082 2606 protegat

1097 2616 1170 2648 eins
1188 2613 1355 2656 hospitia,
1383 2619 1414 2646 et
1438 2624 1509 2644 non
1535 2611 1625 2644 sinat
1649 2612 1758 2644 deleri
1784 2609 1929 2646 honesta
1954 2612 2085 2646 doctri-

1097 2678 1161 2699 nae
1177 2665 1291 2699 studia
1309 2670 1341 2698 et
1361 2663 1596 2707 disciplinam,
1647 2660 1742 2697 Dixi.
