2324 2955
159 123 231 158 499

263 210 322 244 21.
354 206 399 240 Et
422 211 519 238 crant
543 201 684 246 politica
709 199 892 240 mandata,
927 199 1055 244 quibus
1078 201 1140 234 de-

159 260 235 293 buit
253 259 393 291 obedire
410 253 571 298 populus,
600 256 744 295 propter
759 250 890 294 regiam
908 250 1141 292 autoritatem,

160 311 246 344 sicut
262 307 339 340 aliis
354 306 469 346 legum
489 301 621 336 edictis.

258 357 318 390 22.
352 352 550 388 Dissimiles
573 356 654 384 sunt
676 349 903 389 traditiones,
932 361 1021 395 quae
1044 361 1141 384 nunc

159 409 360 450 exiguntur,
402 403 497 436 velut
521 400 707 435 necessarii
732 400 868 442 cultus,
901 407 936 435 et
961 407 1142 445 praetextu

158 455 406 490 ecclesiasticae
425 452 612 496 potestatis.

256 506 316 541 23.
352 503 506 548 Oportet
520 503 613 536 enim
629 502 667 535 in
679 498 836 535 Ecclesia
851 501 995 535 retineri
1010 501 1143 535 doctri-

157 569 239 591 nam
256 558 298 590 de
314 555 452 589 iusticia
471 554 569 594 fidei,
602 553 696 598 quod
713 552 780 585 fide
796 552 1005 596 accipiamus
1020 552 1142 585 remis-

158 609 292 641 sionem
307 612 529 651 peccatorum
543 631 552 644 ‚
577 611 609 637 et
624 604 691 636 fide
710 602 955 641 iustificemur‚
982 614 1045 635 nec
1062 613 1142 646 pos-

158 659 266 693 simus
280 658 416 702 placare
433 656 519 688 iram
537 653 601 687 Dei
620 665 682 698 per
705 653 790 686 tales
814 653 939 686 cultus.
992 650 1144 695 Oportet

157 710 252 743 enim
271 716 303 742 et
319 707 462 742 retineri
480 705 676 739 doctrinam
695 704 737 736 de
754 704 914 736 libertate
930 700 1144 743 Christiana,

157 760 253 805 quod
277 771 349 792 non
364 758 433 791 sint
451 755 635 789 necessarIi
657 755 741 787 tales
765 754 878 787 cultus
902 754 946 787 ad
970 752 1143 786 iusticiam

157 810 249 844 fidei.
300 807 346 842 Et
371 808 465 853 quod
489 805 723 848 Evangelium
748 801 933 847 prohibeat
954 809 1145 847 peccatum,

158 867 191 894 et
207 859 378 895 iusticiam
395 869 526 902 ponere
543 857 580 889 in
595 856 725 889 talibus
739 853 1057 889 observationibus.

498 943 655 976 Astrono
661 943 803 975 micum.

259 1009 321 1045 24.
349 1008 482 1041 Terrae
495 1007 607 1040 forma
624 1018 697 1039 non
715 1013 765 1038 est
780 1006 938 1038 absolute
955 1002 1146 1048 sphaerica,

157 1060 295 1095 tametsi
310 1059 448 1092 Plinius
464 1057 572 1090 dicat:
599 1054 662 1089 Est
680 1063 795 1089 autem
819 1062 911 1088 terra
935 1055 1045 1096 figura
1071 1053 1146 1096 pri—

158 1124 234 1149 ma,
277 1111 318 1142 de
341 1120 410 1153 qua
436 1117 624 1141 consensus
648 1105 797 1144 iudicat,
837 1104 1031 1147 orbemque
1055 1109 1146 1135 certe

159 1162 309 1195 dicimus
322 1167 432 1194 terrae
444 1184 453 1199 ‚
480 1169 584 1202 quem
601 1155 791 1189 verticibus
807 1154 942 1187 includi
959 1154 1120 1188 fatemur.

159 1278 381 1326 (XXXVI.)
408 1279 511 1312 Alia
533 1276 824 1319 disputatio:
851 1272 897 1306 de
918 1271 1147 1306 Traditioni-

337 1329 412 1363 bus.
464 1329 566 1369 (opp.
583 1328 675 1360 Basa.
693 1327 731 1357 T.
751 1326 807 1356 111.
834 1338 864 1366 p,
879 1326 968 1363 296.)

160 1405 253 1446 Non
278 1409 358 1442 licet
381 1408 542 1442 omittere
566 1405 731 1447 Decalogi
753 1415 877 1448 opera,
910 1403 1048 1437 tametsi
1073 1414 1145 1436 non

163 1460 361 1496 iustificam.

263 1512 297 1544 2.
332 1508 411 1542 Non
436 1507 515 1540 licet
538 1506 698 1539 omittere
724 1505 835 1538 edicta
860 1503 1145 1547 Magistratuum,

162 1560 299 1596 tametsi
314 1571 387 1592 non
404 1557 604 1591 iustificant.

264 1619 299 1653 3.
333 1618 441 1653 Recte
461 1614 680 1659 Augustinus
705 1614 811 1654 dixit,
839 1614 881 1646 de
908 1612 1145 1646 ecclesiasticis

162 1669 422 1705 traditionibus.
489 1666 620 1699 Totum
645 1663 711 1698 hoc
736 1676 844 1708 genus
865 1675 984 1696 rerum
1018 1663 1145 1696 liberas

162 1720 270 1754 habet
287 1718 560 1753 observationes.

266 1777 300 1812 4.
336 1776 475 1810 Gerson
493 1774 599 1808 sensit
613 1771 675 1806 has
690 1773 769 1807 ideo
784 1771 909 1804 violari
926 1781 1037 1814 posse,
1063 1770 1145 1815 quia

164 1828 333 1874 Episcopi
349 1839 422 1860 non
440 1824 593 1858 habeant
607 1824 661 1857 ius
678 1822 854 1856 condendi
872 1821 1088 1856 traditiones.

266 1886 300 1922 5.
335 1886 404 1920 Sed
428 1884 511 1918 haec
537 1884 626 1918 ratio
644 1895 717 1916 non
734 1882 816 1915 satis
834 1880 950 1914 munit
966 1880 1146 1913 conscien-

165 1940 248 1973 tIam
268 1938 306 1970 in
323 1936 497 1970 violandis
511 1934 773 1968 traditionibus.

268 1998 302 2031 6.
339 1996 428 2030 Nam
452 1995 555 2028 ctiam
573 1993 734 2039 tyrannis
752 1992 897 2025 obedire
914 1997 1063 2035 oportet.

265 2056 299 2091 7.
334 2054 414 2089 Alia
433 2053 539 2097 igitur
558 2052 658 2084 firma
675 2051 762 2084 ratio
780 2051 977 2095 quaerenda
994 2056 1053 2082 est.

269 2115 303 2148 8.
342 2112 414 2155 Qui
440 2122 577 2151 errore,
617 2115 678 2142 aut
701 2120 741 2141 ex
767 2114 945 2140 contemtu
969 2107 1148 2150 potestatis

165 2165 301 2198 xiolant
323 2162 549 2201 traditiones,
577 2171 656 2193 cum
673 2158 828 2191 viderint
844 2169 878 2190 se
895 2157 1068 2190 scandalis
1090 2169 1149 2191 oc-

169 2215 341 2248 casionem
361 2213 515 2254 dedisse,
543 2222 615 2244 non
635 2210 758 2243 leviter
776 2208 1085 2252 periclitabuntur.

507 2297 810 2330 Astronomz‘cum.

270 2366 307 2399 9.
348 2364 455 2399 Recte
479 2363 617 2407 scripsit
640 2358 869 2400 Plutarchus,
900 2358 993 2392 Solis
1015 2365 1150 2392 motum

174 2428 310 2451 summo
332 2416 408 2448 loco
430 2413 668 2448 tardissimum
692 2424 784 2453 esse,
818 2409 957 2444 tametsi
981 2409 1151 2452 regularis

173 2469 227 2503 sit,
280 2465 394 2498 Verba
419 2470 499 2497 sunt
522 2460 704 2497 Plutarchi
726 2463 769 2495 de
791 2460 970 2504 Principe:
998 2460 1152 2503 Mmov-

177 2517 287 2562 μένου
314 2514 379 2550 τὸν
402 2512 503 2559 ἥλιον
525 2515 591 2547 τοῦ
615 2513 809 2557 ἄρχοντος,
836 2510 875 2550 ὃς
897 2509 987 2545 ὅταν
1010 2508 1151 2555 ὕψωμα

174 2565 270 2613 λάβῃ
295 2565 486 2614 μέγιστον,
515 2561 680 2608 ἐξαρθεὶς
702 2562 740 2597 ἐν
766 2563 840 2601 τοῖς
855 2559 1017 2608 βαρείοις
1036 2557 1153 2606 ἐλάχι-

177 2631 245 2652 στα
278 2617 430 2652 κινεῖται
462 2614 515 2659 τῷ
551 2611 770 2660 σχολαιτέρῳ
809 2611 874 2648 τὸν
919 2610 1070 2660 δρυμόν,
1096 2611 1153 2658 ’,εἷς

172 2665 336 2716 amputes
357 2660 639 2713 καθιστάμενος.

924 110 1410 150 DISPUTATIONES

2100 115 2175 151 500

1423 195 1493 226 DE
1535 196 1942 231 SACRAMENTIS.

1293 270 1530 318 (XXXVII.)
1562 274 1781 319 Disputatio
1806 274 1852 309 de
1873 275 2079 319 Baptismo.

1430 324 1533 366 (opp.
1550 324 1643 360 Basa.
1661 326 1699 358 T.
1715 327 1773 360 111.
1802 340 1833 368 p.
1850 327 1940 366 297.)

1193 406 1401 459 Baptismus
1417 420 1468 448 est
1487 414 1626 457 signum
1644 415 1834 459 promissae
1849 414 1992 459 gratiae.

1295 474 1330 507 2.
1364 472 1436 506 Nec
1465 473 1673 516 significatio
1693 474 1737 506 ad
1759 485 1870 507 unum
1895 481 2032 518 tempus
2054 472 2177 507 referri

1195 524 1317 564 debet,
1345 524 1405 556 sed
1427 524 1470 556 ad
1487 535 1629 557 omnem
1645 523 1779 559 vitame

1299 582 1332 615 3.
1369 580 1460 614 Vere
1483 582 1645 616 iustificat
1660 580 1879 626 Baptismus,
1915 593 1993 615 cum
2016 593 2055 615 eo
2079 583 2178 625 signo

1197 633 1334 667 excitati
1359 632 1534 666 credimus
1558 632 1662 666 nobis
1684 639 1828 677 propter
1844 630 2025 666 Christum
2046 633 2179 666 remitti

1197 690 1346 728 peccata.

1299 741 1334 775 4.
1369 740 1459 775 Cum
1488 741 1620 774 Paulus
1644 741 1748 782 dicit,
1789 740 1936 775 Iudaeos
1960 748 2178 775 transeuntes

1196 804 1259 837 per
1282 804 1376 825 mare
1399 793 1547 825 rubrum
1571 792 1761 835 baptisatos
1784 803 1874 831 esse,
1909 792 2179 835 intelligendum

1198 850 1265 880 est,
1292 844 1387 887 quod
1404 854 1483 875 vere
1500 842 1665 885 baptisati
1683 842 1764 876 sint.

1298 899 1332 934 5.
1363 900 1493 934 Errant
1517 899 1714 943 Cingliani,
1741 911 1820 933 cum
1843 907 1970 944 putant
1995 902 2182 934 transitum

1198 951 1298 984 illum
1332 958 1468 985 tantum
1501 951 1644 984 alterius
1674 950 1784 993 signi,
1819 952 1914 995 quod
1938 958 2056 995 postea
2080 951 2182 985 insti-

1199 1003 1369 1035 tuendum
1400 1008 1507 1042 esset,
1548 1008 1672 1046 typum
1702 1001 1826 1041 fuisse,
1872 1014 1945 1034 non
1977 1002 2083 1035 fuisse
2111 1002 2182 1034 illis

1199 1052 1337 1094 signum
1354 1051 1619 1085 iustificationis.

1300 1109 1334 1142 6.
1367 1106 1502 1140 Eadem
1523 1109 1625 1148 fides,
1650 1108 1770 1140 eadem
1789 1107 1925 1142 iusticia
1949 1116 1999 1142 est
2024 1111 2184 1143 omnium

1199 1157 1428 1198 Sanctorum,
1456 1157 1546 1191 sicut
1568 1158 1661 1190 idem
1684 1158 1832 1190 verbum
1858 1164 1892 1191 et
1915 1158 2009 1191 idem
2033 1160 2184 1202 Spiritus

1199 1215 1354 1248 sanctus,
1378 1208 1515 1241 tametsi
1533 1208 1631 1250 signa
1646 1213 1841 1242 mutantur.

1303 1269 1337 1302 7.
1375 1267 1466 1300 Vere
1481 1267 1547 1301 fuit
1562 1266 1781 1310 Baptismus,
1807 1265 1889 1300 vehi
1906 1267 1941 1300 in
1961 1279 2038 1301 arca
2053 1280 2114 1311 per
2131 1270 2185 1301 di-

1201 1317 1347 1351 luvium.

1301 1375 1338 1410 8.
1374 1375 1465 1408 Vere
1484 1375 1551 1409 fuit
1566 1375 1785 1420 Baptismus,
1812 1378 1980 1412 transitus
2003 1390 2066 1422 per
2082 1390 2187 1418 mare,

1200 1427 1337 1461 tametsi
1358 1425 1488 1460 Paulus
1512 1427 1623 1467 dicat,
1663 1427 1743 1460 illos
1778 1427 1815 1459 in
1838 1426 1964 1462 Mosen
1995 1429 2186 1471 baptisatos

1200 1489 1284 1513 esse.

1300 1535 1334 1570 9.
1369 1534 1604 1568 Parvulorum
1621 1533 1822 1579 Baptismus
1840 1548 1912 1569 non
1931 1544 1980 1570 est
1997 1536 2128 1570 irritus.

1304 1594 1360 1628 10.
1398 1592 1472 1626 Imo
1496 1594 1595 1626 furor
1625 1600 1675 1627 est
1700 1593 1893 1636 affirmare,
1927 1597 2020 1640 quod
2048 1597 2184 1639 parvuli

1197 1645 1272 1678 sine
1292 1644 1515 1679 sacramentis
1532 1644 1619 1677 salvi
1635 1644 1728 1678 fiant.

1591 1735 1801 1779 Physicum.

1306 1811 1362 1845 11,
1398 1807 1490 1841 Vera
1514 1814 1563 1841 est
1588 1809 1777 1843 sententia:
1822 1807 1921 1843 Nihil
1947 1818 1996 1845 est
2018 1811 2055 1845 in
2081 1815 2184 1849 intel-

1199 1862 1309 1901 lectu,
1343 1860 1429 1905 quin
1451 1859 1549 1903 prius
1572 1859 1678 1893 suerit
1700 1860 1737 1892 in
1764 1871 1885 1901 sensu,
1919 1864 2053 1896 tametsi
2079 1877 2186 1909 quae-

1200 1913 1280 1946 dam
1312 1910 1463 1944 noticiae
1492 1916 1682 1944 nascantur
1711 1911 1912 1952 nobiscum,
1948 1924 2033 1956 quas
2059 1924 2184 1949 vocant

1200 1959 1409 2009 προλήψεις.

1276 2092 1383 2126 Alia
1413 2089 1695 2133 disputatio:
1732 2089 1779 2124 de
1801 2092 1921 2127 coena
1946 2094 2109 2130 Domini.

1446 2142 1546 2183 (Opp.
1564 2142 1657 2174 Basil.
1674 2143 1713 2174 T.
1727 2141 1784 2176 III.
1811 2157 1840 2185 p.
1855 2147 1945 2185 298.)

1204 2223 1357 2265 Certum
1391 2238 1458 2272 est,
1494 2232 1620 2266 veteris
1651 2229 1828 2266 Ecclesiae
1857 2233 2065 2267 sententiam
2100 2246 2182 2273 esse,

1204 2284 1298 2327 quod
1317 2294 1396 2315 vere
1414 2282 1503 2315 adsit
1519 2281 1656 2327 Corpus
1665 2280 1798 2316 Christi
1817 2283 1853 2315 in
1869 2295 1974 2317 coena
1984 2281 2183 2320 Dominica.

1204 2390 1226 2425 h
1306 2344 1338 2376 2.
1373 2339 1418 2374 Et
1436 2338 1519 2374 haec
1536 2341 1707 2376 sententia
1726 2340 1924 2385 Scripturae
1942 2342 2183 2377 testimonium

1231 2392 1320 2426 abet.

1307 2451 1341 2487 3.
1375 2450 1534 2495 Cinglius
1552 2449 1781 2496 praeter’rem
1799 2450 2030 2493 vociferatur,
2056 2450 2184 2486 Errare

1205 2514 1261 2535 eos
1277 2503 1338 2547 qui
1356 2502 1478 2536 dicunt
1496 2502 1717 2536 Sacramenta
1734 2501 1940 2535 confirmare
1956 2503 2070 2536 fidem.

1307 2560 1341 2595 4.
1372 2559 1445 2593 Nos
1460 2560 1554 2593 enim
1571 2559 1764 2592 iudicamus
1782 2571 1839 2592 eos
1856 2571 1957 2593 usum
1975 2559 2183 2594 Sacramen—

1204 2618 1319 2644 torum
1338 2622 1410 2644 non
1435 2610 1647 2652 intelligere,
1673 2609 1735 2654 qui
1759 2617 1885 2653 negant
1910 2611 1987 2644 ideo
2010 2611 2058 2644 eis
2082 2619 2182 2646 uten-

1205 2662 1289 2695 dum
1307 2673 1396 2704 esse,
1421 2667 1461 2696 ut
1478 2660 1704 2695 confirmetur
1720 2660 1815 2696 fides.
