2324 2955
203 132 250 166 03
755 117 909 154 DECL.
945 115 1017 153 DE
1051 117 1321 160 SIBYLLA‚
1354 117 1638 156 PRINCtPE.

205 214 291 255 Dei,
319 213 377 258 qui
393 223 465 245 eam
484 215 533 243 tot
551 216 660 240 annos
677 204 713 236 in
728 210 825 237 tanto
840 203 949 243 luctu,
975 213 1175 247 quanquam

205 272 329 298 natura
358 263 423 295 snit
446 256 611 292 imbecilli
637 265 798 298 corpore,
835 260 868 287 et
893 253 973 285 inde
997 264 1106 296 usque
1133 253 1176 284 ab

206 312 433 348 adolescentia
456 306 578 341 similis
602 304 877 343 contabescenti‚
911 303 1018 336 erexit
1043 302 1176 346 Spiritu

206 370 342 401 sancto,
369 366 483 392 ettam
501 358 602 398 longa
619 356 649 388 ei
668 355 756 387 vitae
781 354 895 397 spacia
913 354 1026 392 dedit,
1050 358 1087 384 ut
1104 364 1178 384 ma-

206 415 309 447 ritum
325 422 364 443 ex
382 410 485 451 longo
502 406 604 439 exilio
624 405 785 438 reducem
804 404 888 436 laeta
907 403 1058 442 videret,
1084 402 1175 446 quod

206 464 277 506 ipsa
294 472 403 494 unum
422 471 439 491 a
460 457 533 491 Deo
559 456 625 488 fide
644 455 827 498 petiverat,
855 459 887 486 et
909 464 963 494 spe
981 459 1178 485 constanter

206 515 459 556 expectaverat‚
498 513 537 540 ut
564 512 644 539 ante
679 510 825 537 mortem
851 503 1004 536 reditum
1033 500 1178 535 Domini

206 566 372 596 cerneret.

306 609 382 644 Etsi
406 614 519 641 autem
543 606 623 645 alii,
649 616 685 636 ac
708 602 888 646 praecipue
905 601 958 633 vir
970 600 1180 633 clarissimus

207 661 388 703 Stigelius,
415 657 555 699 ingenio
579 662 611 687 et
628 655 755 686 virtute
773 651 961 688 excellens,
988 662 1056 694 quo
1074 662 1176 682 nemo

208 711 328 745 scribit
352 707 417 742 hoc
440 715 593 749 tempore
617 715 754 736 carmen
780 701 919 740 melius,
947 700 1180 732 transmittent

207 764 250 795 de
276 761 347 804 ipsa
369 759 410 791 ad
437 764 591 800 posteros
617 751 855 797 splendidiora
885 751 1030 793 scripta,
1064 756 1179 782 tamen

208 810 352 844 honesta
369 806 521 849 exempla
541 815 639 846 saepe
655 810 685 835 et
705 802 831 833 multos
848 807 1001 842 repetere
1017 800 1102 832 utile
1120 805 1180 835 est,

207 873 246 894 ac
269 858 377 892 nostri
402 855 504 889 officii
528 861 576 886 est
605 852 803 884 iunioribus
828 861 1098 882 commemorare
1127 859 1180 880 res

207 911 329 952 dignas
352 905 540 940 memoria,
576 909 608 935 et
631 900 824 934 hortatores
849 910 938 938 esse,
971 905 1009 931 ut
1036 898 1181 941 posteris

206 959 346 993 tradant
368 967 421 989 res
436 955 558 996 dignas
583 951 796 994 cognitione:
832 954 923 982 certe
944 949 1039 981 bono
1066 947 1181 981 studio

207 1007 370 1042 historias
386 1005 488 1039 utiles
506 1002 700 1036 recitamus.

309 1056 481 1091 Usitatum
499 1059 548 1086 est
567 1058 680 1085 autem
698 1061 774 1082 cum
794 1049 836 1080 de
853 1047 1077 1091 Principibus
1095 1045 1183 1078 dici-

209 1118 284 1149 tur,
310 1106 426 1149 stirpis
448 1103 662 1136 mentionem
686 1102 814 1139 facere,
841 1105 873 1131 et
897 1098 1067 1130 maiorum
1086 1107 1183 1137 egre-

209 1160 264 1203 gia
285 1159 371 1191 facta
394 1165 554 1192 narrare,
582 1151 661 1195 quia
683 1162 760 1183 cum
786 1148 1003 1181 verissimum
1030 1147 1075 1180 sit
1092 1146 1183 1178 ‹livi-

209 1210 304 1243 nitus
327 1205 511 1239 hominum
543 1202 669 1245 gradus
694 1199 876 1232 distinctos
908 1209 996 1236 esse,
1030 1197 1104 1228 laus
1136 1200 1184 1227 est

209 1269 335 1300 magna
350 1253 562 1290 nobilitatis,
590 1251 670 1296 quia
687 1262 704 1282 a
722 1249 797 1282 Deo
815 1247 957 1281 caeteris
981 1245 1185 1301 hominibus

209 1308 362 1341 familiae
378 1304 580 1338 excellentes
597 1300 767 1344 praelatae
785 1305 882 1337 sunt,
908 1304 940 1330 et
957 1302 1098 1329 ornatae
1115 1306 1185 1326 exi-

210 1357 291 1391 miis
306 1354 505 1387 virtutibus.
541 1351 751 1390 Quanquam
769 1354 881 1377 autem
901 1344 1039 1388 Physici
1055 1345 1186 1380 dicunt,

212 1406 343 1441 semina
360 1403 529 1435 virtutum
545 1395 739 1442 propagari,
757 1395 851 1439 quod
867 1405 938 1425 non
954 1388 1186 1436 reprebendo,

212 1465 327 1492 tamen
350 1452 435 1486 haec
457 1449 572 1493 potior
589 1457 687 1480 causa
711 1452 776 1484 est,
802 1450 943 1487 propter
958 1453 1060 1486 quain
1078 1441 1114 1472 in
1137 1440 1186 1471 fa-

212 1506 319 1540 miliis
336 1501 485 1535 heroicis
501 1497 609 1541 aliqui
632 1495 758 1539 posteri
779 1493 967 1529 excellunt,
995 1491 1074 1534 quia
1093 1489 1187 1522 Deus

214 1558 287 1599 ipse
313 1549 563 1596 aliquantisper
595 1551 706 1578 servat
731 1543 933 1576 excellentes
956 1540 1122 1577 familias,
1156 1545 1186 1570 et

215 1607 351 1649 aliquos
386 1599 534 1634 subinde
568 1608 608 1629 ex
640 1594 785 1639 posteris
812 1599 914 1625 ornat
940 1589 1187 1624 excellentibus

213 1655 325 1690 donis.
1135 1687 1143 1694 θ

312 1702 400 1737 Nata
426 1706 475 1732 est
496 1696 648 1732 Domina
675 1693 808 1739 Sibylla
839 1704 878 1724 ex
907 1697 1004 1734 patre
1026 1689 1188 1731 Principe

214 1752 398 1791 Ctevensi,
426 1756 458 1782 et
477 1755 586 1781 matre
604 1745 765 1788 Principe
791 1740 985 1775 lnliacensi.
1038 1738 1113 1771 Hae
1138 1738 1187 1769 fa-

216 1805 332 1838 miliae
356 1808 389 1834 et
415 1798 618 1841 cognatione
647 1803 679 1828 et
706 1793 903 1826 foederibus
929 1790 1081 1833 antiquis
1106 1799 1189 1820 con-

217 1857 355 1888 iunctae
371 1857 464 1889 sunt,
481 1855 513 1881 et
530 1858 617 1892 quae
633 1846 675 1878 sit
692 1855 808 1877 earum
825 1840 991 1886 potentia,
1019 1837 1084 1872 hoc
1102 1844 1189 1894 tem-

217 1916 301 1949 pore
323 1899 543 1934 notissimum
567 1903 626 1931 est.
679 1893 787 1926 Ortae
809 1898 890 1925 sunt
913 1896 1026 1923 autem
1045 1901 1062 1922 a
1084 1894 1190 1931 stirpe

219 1951 405 1987 Godesridi
432 1946 584 1981 Bilionei
611 1952 642 1978 et
668 1942 835 1977 Balduini
868 1940 1001 1979 fratris,
1040 1949 1190 1984 quorum

219 2015 297 2037 cum
314 2000 417 2035 suerit
433 1997 602 2031 excellens
620 1995 729 2027 virtus
742 2020 752 2034 ‚
778 2000 816 2025 ut
833 1997 948 2035 postea
966 1990 1092 2029 dicam,
1118 1999 1191 2020 ma-

218 2064 326 2096 gnum
343 2052 446 2083 decus
467 2054 516 2080 est
540 2046 622 2079 tales
644 2042 805 2077 habuisse
829 2041 993 2079 maiores,
1019 2051 1097 2072 cum
1113 2038 1193 2083 qui-

219 2105 298 2135 dem
316 2100 381 2134 hoc
397 2109 516 2131 verum
534 2107 605 2128 esse
629 2094 797 2132 iudicem,
823 2092 859 2123 in
885 2089 1026 2123 familiis
1047 2087 1194 2121 illustri-

220 2154 285 2185 bus
300 2150 404 2188 nasci,
428 2147 568 2180 initium
585 2144 727 2188 aliquod
745 2154 814 2175 esse
831 2140 984 2179 virtutis,
1003 2139 1084 2183 quia
1099 2138 1194 2172 Deus

222 2202 307 2236 tales
318 2198 465 2232 familias
481 2194 727 2229 excellentibus
745 2190 933 2224 virtutibus
950 2195 1062 2221 ornat.

323 2247 386 2282 Est
411 2254 524 2279 autem
547 2243 653 2278 bodie
677 2243 715 2275 in
736 2240 864 2274 vicinia
880 2238 1034 2272 Traiecti
1057 2237 1094 2270 in
1113 2236 1195 2270 Bel-

226 2301 301 2343 gico
324 2310 382 2331 arx
405 2295 544 2334 Bilion,
575 2301 608 2327 et
629 2293 743 2326 vicina
766 2291 861 2333 regio
885 2289 929 2322 ab
959 2300 1035 2322 arce
1066 2299 1194 2320 nomen

223 2349 366 2383 habens.
420 2345 471 2378 lbi
496 2344 567 2376 nati
597 2350 675 2376 sunt
699 2341 914 2375 Godefridus
946 2345 978 2371 et
1000 2337 1196 2370 Balduinus

226 2401 362 2437 fratres,
388 2408 426 2428 ex
445 2393 644 2438 parentibus
661 2403 809 2436 quorum
823 2397 921 2422 vetus
936 2388 1002 2421 fuit
1019 2387 1196 2427 nobilitas,

226 2455 366 2493 propter
391 2457 494 2490 quam
517 2450 548 2475 et
567 2442 780 2474 Godesridus
804 2452 843 2472 ex
862 2438 971 2482 patria
988 2437 1121 2469 ditione
1138 2448 1195 2468 ac—

227 2499 370 2532 cersitus
386 2502 434 2527 est
453 2495 487 2526 in
504 2492 651 2524 vicinam
668 2488 930 2529 Lotharin‘giam
943 2515 951 2527 ,
978 2494 1010 2520 et
1025 2487 1131 2519 factus
1148 2493 1197 2519 est

228 2550 271 2581 ah
306 2547 513 2589 Imperatore
542 2541 695 2574 llenrico
728 2539 807 2572 llll.
832 2538 910 2571 Dux
940 2534 1196 2577 Lotharingiae.

229 2597 356 2631 Incidit
382 2595 455 2627 eius
478 2599 570 2625 aetas
599 2591 635 2622 in
667 2590 796 2622 bellum
830 2589 930 2621 civile
951 2585 1095 2619 Henrici
1118 2584 1199 2618 llll.

229 2648 318 2691 apud
336 2657 437 2691 quem
454 2643 553 2675 duxit
575 2640 761 2673 exercitum
786 2638 822 2670 in
838 2637 956 2677 ltalia,
983 2636 1067 2671 etin
1091 2635 1198 2680 ipsius

2150 119 2198 154 64

1225 204 1321 238 urbis
1344 201 1478 236 Romae
1500 203 1752 245 expugnatione
1777 203 1997 244 vulneratus,
2023 214 2101 236 cum
2127 204 2201 236 for-

1226 254 1324 287 tassis
1350 259 1382 285 et
1409 263 1516 295 genus
1547 252 1631 284 belli
1663 265 1736 286 non
1763 254 1945 297 probaret,
1979 259 2099 286 votum
2125 251 2199 286 Deo

1226 304 1323 341 fecit,
1349 313 1384 334 se
1408 301 1571 344 deinceps
1595 302 1714 335 relicto
1739 301 1806 335 hoc
1832 303 1943 342 bello,
1968 302 2201 335 militaturum

1228 365 1298 386 esse
1323 352 1397 385 Deo
1428 362 1490 394 pro
1517 351 1718 384 defensione
1739 351 2021 385 Christianorum
2051 352 2201 395 populo-

1228 414 1304 436 rum
1324 403 1488 434 adversus
1505 400 1695 434 Saracenos
1713 409 1744 435 et
1760 401 1908 437 Turcos.
1958 401 2081 435 Postea
2096 402 2203 444 igitur

1228 464 1304 485 cum
1324 462 1481 484 reversus
1496 458 1582 484 esset
1599 451 1636 482 in
1652 450 1829 493 Belgicum
1840 478 1848 491 ,
1875 450 2033 484 hortator
2047 452 2112 484 suit
2127 450 2203 484 aliis

1228 502 1402 541 Ducibus,
1429 507 1466 533 ut
1490 512 1551 533 suo
1578 501 1734 544 exemplo
1758 498 1847 533 hanc
1870 501 2031 534 militiam
2053 501 2205 545 suscipe-

1229 558 1316 585 rent.
1370 550 1548 584 Credibile
1572 557 1622 583 est
1651 551 1763 583 bonos
1791 549 1971 593 Principes
1996 557 2033 584 ut
2055 551 2205 583 vitarent

1230 602 1360 634 bellum
1376 600 1488 640 civile,
1515 600 1616 632 aliam
1634 597 1869 632 honestiorem
1887 599 2048 632 militiam
2065 607 2206 643 praetu-

1229 652 1325 691 lisse,
1352 657 1383 683 et
1403 651 1522 682 eodem
1548 657 1702 692 tempore
1720 650 1889 682 auxilium
1907 648 2032 682 Graeci
2052 648 2204 692 Impera-

1230 708 1321 734 tores
1352 712 1369 732 a
1394 699 1556 733 Romano
1580 698 1746 732 pontifice
1776 699 1994 742 petiverunt,
2029 711 2106 731 cum
2137 699 2206 731 iam

1231 749 1394 784 Saraceni
1411 756 1443 783 et
1459 749 1566 782 Turci
1590 761 1678 793 pene
1694 755 1799 782 totam
1822 749 1995 781 minorem
2013 747 2132 781 Asiam
2149 760 2207 781 oc-

1231 806 1426 844 cupassent.

1332 848 1422 882 Cum
1445 848 1551 890 igitur
1571 849 1607 881 in
1627 848 1771 893 Synodo
1789 848 1995 882 deliberatio
2014 855 2119 889 esset,
2145 849 2207 881 de-

1233 899 1411 931 mittendis
1427 899 1563 931 auxiliis
1579 899 1615 930 in
1633 898 1764 938 Asiam,
1789 897 2003 931 Godefridus
2020 896 2209 931 Lotharin-

1233 948 1306 990 giae
1332 949 1420 986 dux,
1453 955 1484 982 et
1506 948 1579 980 eius
1603 949 1710 981 frater
1733 947 1948 985 Balduinus‚
1975 954 2008 980 et
2031 946 2208 981 Robertus

1234 998 1421 1030 Flandriae
1446 1010 1578 1037 comes,
1611 1004 1644 1030 et
1668 996 1845 1031 Robertus
1868 996 2105 1030 Normanniae
2128 998 2210 1038 dux,

1234 1048 1325 1080 filius
1358 1048 1448 1090 regis
1476 1045 1634 1089 Anglici,
1669 1054 1701 1080 et
1735 1046 1960 1079 Boemundus
1995 1046 2209 1080 Tarentinus

1234 1097 1416 1140 Princeps,
1442 1103 1473 1130 et
1493 1096 1660 1136 Guelfus,
1686 1103 1718 1129 et
1733 1097 1793 1129 alii
1808 1096 2018 1130 nobilissimi
2040 1104 2071 1130 et
2092 1097 2211 1130 fortis-

1234 1148 1313 1180 simi
1336 1147 1402 1180 viri
1426 1158 1497 1180 sese
1521 1147 1796 1184 coniunxerunt,
1832 1159 1869 1179 ac
1894 1147 2148 1189 promiserunt,
2177 1157 2211 1178 se

1235 1197 1305 1230 suis
1321 1197 1518 1240 sumptibus
1537 1197 1701 1229 ducturos
1728 1207 1799 1229 esse
1816 1196 2002 1229 exercitum
2026 1196 2062 1228 in
2080 1196 2212 1229 Asiam.

1236 1245 1402 1280 Ostendit
1424 1246 1528 1279 etiam
1551 1245 1730 1286 Pontifex,
1756 1258 1790 1279 se
1815 1246 2029 1279 indicturum
2054 1257 2124 1278 esse
2148 1245 2213 1279 tri-

1236 1298 1318 1330 buta
1336 1297 1379 1329 ad
1397 1296 1540 1328 alendos
1557 1296 1736 1329 exercitus,
1770 1295 1865 1328 Haec
1880 1296 2023 1328 consilia
2041 1293 2107 1328 hoc
2124 1302 2213 1328 tem-

1237 1357 1319 1386 pore
1338 1346 1394 1375 vix
1412 1344 1594 1377 credibilia
1617 1351 1716 1383 sunt,
1742 1354 1820 1375 cum
1840 1353 1903 1374 nec
1920 1348 2015 1375 tanta
2040 1351 2090 1376 est
2109 1344 2214 1376 Prin-

1236 1392 1353 1435 cipum
1376 1392 1468 1424 inter
1494 1404 1565 1424 sese
1595 1391 1816 1431 coniunctio,
1851 1398 1889 1425 ut
1918 1393 2020 1425 multi
2043 1393 2117 1426 sine
2141 1405 2212 1426 uno

1238 1441 1449 1484 Imperatore
1472 1441 1533 1473 diu
1553 1441 1742 1473 concordes
1765 1452 1836 1473 esse
1859 1441 2010 1483 possint,
2037 1454 2100 1474 nec
2118 1449 2214 1476 tanta

1237 1491 1366 1530 virtus,
1393 1496 1430 1522 ut
1448 1489 1591 1533 privatis
1614 1489 1835 1523 facultatibus
1851 1489 2079 1533 Reipublicae
2096 1492 2214 1535 opitu-

1237 1541 1302 1573 lari
1317 1540 1437 1573 velint.
1489 1539 1650 1583 Denique
1668 1540 1775 1573 multa
1792 1547 1873 1573 sunt
1892 1539 1955 1573 hoc
1974 1548 2127 1584 tempore
2142 1542 2215 1575 dis-

1238 1590 1366 1623 similia
1381 1589 1434 1621 illi
1449 1587 1607 1622 heroicae
1625 1589 1737 1622 aetati.
1783 1589 1834 1622 Ac
1851 1588 1937 1622 mihi
1956 1590 2096 1634 quidem
2114 1591 2214 1624 vide-

1239 1647 1295 1673 tur
1313 1639 1436 1672 similis
1463 1650 1533 1672 esse
1557 1636 1640 1672 haec
1664 1639 1838 1682 expeditio
1861 1639 2115 1682 argonauticae.
2168 1641 2215 1675 Ut

1239 1689 1449 1722 nobilissimi
1478 1688 1659 1732 Principes
1689 1689 1724 1720 in
1750 1689 1896 1722 Graecia
1924 1702 2001 1722 cum
2027 1691 2149 1722 Iasone
2179 1691 2216 1722 in

1239 1737 1436 1774 Colchicam
1461 1739 1687 1781 navigarunt,
1713 1736 1901 1777 Aeacidae,
1938 1739 2077 1778 Peleus,
2111 1739 2216 1772 Tela-

1240 1801 1341 1829 mon,
1367 1786 1502 1833 Tiphys
1520 1795 1551 1822 et
1567 1788 1624 1821 alii
1643 1789 1743 1821 multi
1761 1789 1835 1821 sine
1852 1790 1945 1832 regio
1964 1789 2110 1833 imperio
2133 1802 2216 1822 con—

1240 1840 1371 1873 cordes.
1425 1837 1474 1871 lta
1490 1836 1526 1870 hi
1545 1838 1655 1871 nostri
1673 1836 1896 1880 Argonautae
1914 1839 1949 1870 in
1974 1851 2073 1871 causa
2099 1840 2217 1872 iustis-

1241 1890 1346 1927 sima,
1372 1899 1507 1921 summa
1530 1888 1716 1921 concordia
1736 1888 1855 1922 multis
1880 1889 1981 1922 annis
1999 1889 2100 1921 simul
2122 1890 2217 1922 mili-

1242 1944 1416 1973 taverunt.

1343 1987 1414 2020 Nec
1434 1987 1499 2020 suit
1526 1986 1661 2020 inutilis
1682 1988 1875 2031 expeditio,
1911 1995 1948 2020 ut
1977 2000 2069 2020 nunc
2102 1988 2217 2031 ignavi

1243 2039 1439 2082 disputant,
1469 2049 1546 2069 cum
1570 2037 1660 2069 enim
1678 2037 1713 2069 in
1732 2038 1813 2070 Asia
1830 2038 2097 2071 dominarentur
2115 2038 2219 2072 Sara-

1246 2088 1322 2124 ceni
1345 2094 1378 2121 et
1394 2086 1522 2126 Turei,
1547 2093 1579 2120 et
1596 2098 1735 2128 graecus
1756 2088 1946 2130 imperator
1964 2089 2018 2120 vix
2034 2088 2220 2120 defendere

1245 2137 1423 2180 Europam
1442 2142 1571 2180 posset,
1598 2134 1634 2168 hi
1659 2137 1757 2169 latini
1775 2136 1971 2181 Principes,
2000 2145 2037 2171 ut
2056 2138 2218 2170 nomina-

1245 2190 1393 2225 bantur,
1421 2185 1539 2219 Asiam
1561 2193 1826 2230 recuperarunt,
1853 2198 1997 2231 eamque
2014 2186 2220 2230 imperatori

1246 2249 1367 2281 graeco
1398 2236 1642 2276 restituerunt,
1675 2243 1791 2280 postea
1822 2236 1992 2279 progressi
2025 2235 2162 2281 Syriam
2188 2245 2220 2271 et

1246 2286 1476 2321 Palaestinam
1494 2293 1728 2329 occuparunt,
1754 2297 1792 2318 ac
1807 2297 1952 2328 regnum
1969 2286 2004 2318 in
2024 2297 2063 2318 ea
2079 2287 2221 2329 regione

1246 2349 1356 2382 usque
1380 2337 1422 2369 ad
1440 2333 1590 2369 Charras
1612 2336 1886 2376 constituerunt,
1911 2335 2079 2369 restitutis
2100 2334 2222 2371 Eccle-

1248 2388 1307 2421 siis
1330 2387 1366 2419 in
1385 2384 1486 2423 Asia,
1521 2385 1621 2430 Syria
1644 2392 1674 2419 et
1699 2385 1913 2423 Palaestina,
1947 2386 2052 2430 idque
2075 2397 2221 2429 regnum

1248 2442 1435 2470 tenuerunt
1455 2447 1566 2468 annos
1582 2435 1730 2478 amplius
1751 2435 1936 2477 octoginta.
1990 2435 2061 2468 Nec
2079 2436 2144 2478 ipsi
2163 2449 2220 2469 ac-

1248 2486 1390 2520 cusandi
1415 2492 1513 2525 sunt,
1549 2486 1641 2529 quod
1667 2485 1794 2528 posteri
1818 2497 1888 2517 non
1915 2486 2044 2518 diutins
2066 2487 2220 2518 retInue-

1248 2543 1348 2576 runt,
1390 2535 1449 2580 qui
1485 2535 1625 2568 fuerunt
1659 2534 1831 2567 maiorum
1871 2535 2068 2570 dissimiles.
2131 2535 2219 2568 Nam

1248 2586 1403 2630 priorum
1433 2585 1569 2618 Ducum
1598 2583 1764 2626 sapientia
1810 2591 1842 2617 et
1876 2585 2080 2628 magnitudo
2113 2585 2221 2618 animi

1247 2642 1343 2669 tanta
1361 2635 1445 2676 suit,
1471 2640 1509 2667 ut
1532 2644 1752 2667 communem
1774 2634 1919 2668 salutem
1944 2641 1977 2668 et
1998 2635 2219 2668 concordiam
