2324 2955
111 116 185 152 245

210 201 263 236 De
299 199 446 235 Euclide
482 202 657 242 referunt,

108 251 342 288 Athenienses
360 260 391 286 et
408 253 540 286 vicinos
552 252 774 295 Megarenses
790 254 953 294 dissidiis,
981 252 1092 287 Athe-

108 305 246 338 nienses
265 304 377 337 edicto
395 303 535 347 publico
554 304 742 347 cavissent,
771 311 808 337 ut
825 306 851 337 si
876 305 953 349 quis
970 305 1092 347 Mega—

108 356 264 389 rensium
285 355 406 399 pedem
425 351 582 387 Athenas
606 355 764 388 intulisse
784 353 1021 399 deprehensus
1037 367 1090 388 es-

109 413 177 446 set,
215 417 252 438 ea
283 416 336 437 res
367 405 397 437 ei
431 402 570 437 homini
596 406 752 449 capitalis
776 413 880 445 esset,
915 404 1090 439 Eucliden

107 457 165 501 qui
185 455 338 498 Megaris
360 462 450 495 erat,
478 463 510 489 et
529 454 679 489 Athenis
693 468 765 489 esse
790 464 869 489 ante
894 457 926 488 id
954 464 1090 500 tempus

105 514 208 551 atque
233 507 355 539 audire
380 505 558 541 Socratem
585 514 830 545 consueverat,
859 515 935 550 post
958 509 1088 541 editum

106 558 140 590 id
158 558 335 590 decretum
354 558 419 590 sub
437 564 572 590 noctem
597 557 800 601 priusquam
825 559 1090 601 advesperasce—

103 614 156 641 ret
173 608 290 641 tunica
309 608 411 649 longa
434 607 597 640 muliebri
621 607 785 640 indutum
811 616 843 642 et
868 610 975 652 pallio
1001 609 1089 640 ami-

104 665 197 692 ctum
224 659 450 697 versicolore,
484 665 517 691 et
548 666 651 701 caput
682 666 785 704 atque
811 672 869 692 ora
895 660 1047 692 velatum
1073 671 1090 691 e

104 710 210 742 domo
242 721 301 742 sua
329 708 481 751 Megaris
506 706 664 741 Athenas
696 722 923 748 commeasse,
965 717 1003 743 ut
1034 710 1088 742 vel

103 760 215 793 noctis
239 759 357 804 aliquo
383 766 539 802 tempore
561 761 788 793 consiliorum
817 773 1089 805 sermonumque

103 810 258 844 Socratis
274 811 369 843 fieret
389 811 560 854 particeps
572 837 580 850 ,
609 823 798 856 rursusque
815 812 880 844 sub
896 812 1006 845 lucem
1032 824 1088 844 ea-

103 862 182 893 dem
208 867 300 893 veste
328 867 455 894 tectum
480 862 590 893 millia
617 874 778 905 passuum
805 863 909 905 paulo
935 863 1088 905 amplius

101 911 226 955 viginti
245 912 399 945 rediisse.
453 910 558 945 Hunc
576 923 656 955 ergo
674 925 752 945 cum
778 925 849 945 non
867 914 1015 956 piguerit
1033 913 1087 945 vel

102 974 180 995 cum
198 963 322 1006 capitis
340 963 392 994 sui
410 963 565 1006 periculo
585 970 721 996 tantum
747 965 863 995 eundo
889 965 1088 996 redeundo-

102 1024 170 1057 que
194 1013 260 1046 iter
285 1013 443 1057 quotidie
466 1014 656 1053 conficere,
684 1020 722 1046 nt
741 1014 892 1047 Socratis
913 1015 1088 1048 frueretur

100 1063 400 1107 disputationibus
432 1064 578 1096 eruditis
608 1066 721 1097 noctis
743 1065 858 1108 aliqua
885 1073 997 1108 parte,
1027 1077 1088 1097 vos

100 1126 172 1147 non
196 1114 308 1157 pigeat
332 1121 383 1147 tot
406 1115 649 1148 occasionibus
673 1115 858 1155 invitatos,
884 1123 933 1149 tot
950 1117 1087 1148 adiutos

101 1165 421 1208 oportunitatibus,
451 1172 501 1198 tot
518 1166 766 1199 amantissimis
782 1167 927 1199 monitis
947 1168 1088 1205 nostris,

98 1223 131 1248 et
148 1216 444 1249 obtestationibus
462 1216 646 1259 impulsos,
675 1217 895 1250 sedulitatem
916 1218 1086 1250 imitando

99 1263 258 1299 Euctidis
284 1266 319 1298 in
345 1278 482 1298 summo
500 1275 531 1299 et
549 1267 842 1310 tranquillissimo
866 1268 941 1300 ocio
959 1280 1087 1309 cogno-

100 1327 204 1352 scere,
223 1327 310 1359 quae
328 1316 363 1346 in
384 1313 436 1347 his
448 1314 712 1346 Elementorum
731 1315 830 1347 libris
848 1324 1007 1357 congesta
1027 1319 1088 1348 de-

101 1366 299 1409 scriptaque
323 1372 441 1399 extant
464 1377 565 1397 verae
583 1363 831 1408 Philosophiae
857 1366 1084 1399 fundamenta

100 1416 298 1460 praecipua.

200 1481 284 1514 Non
320 1480 500 1512 instituam
538 1481 908 1513 commemorationem
946 1481 1084 1523 longam

98 1539 264 1565 notorum
285 1538 317 1565 et
341 1530 611 1574 conspicuorum
641 1532 836 1571 fructuum,
865 1532 924 1576 qni
951 1544 989 1564 ex
1013 1544 1086 1564 ma-

97 1581 294 1616 thematicis
313 1581 509 1625 disciplinis
526 1582 567 1613 ad
587 1588 691 1614 totam
704 1579 985 1624 Philosophiam,
1014 1583 1084 1615 imo

97 1635 138 1666 ad
167 1632 360 1666 Ecclesiam
393 1639 424 1665 et
458 1633 656 1665 societatem
689 1633 824 1675 generis
857 1631 1001 1665 humani
1030 1645 1086 1666 re-

99 1687 207 1718 deunt
226 1683 406 1717 uberrimi.
460 1682 531 1716 Nec
549 1684 905 1716 commonefactiones
922 1691 1086 1728 repetam,

99 1747 187 1781 quae
212 1747 311 1768 aures
331 1741 461 1768 vestras
479 1735 738 1767 circumsonant
763 1735 943 1779 quotidie,
971 1736 1028 1767 sed
1047 1742 1086 1768 ut

98 1799 216 1820 earum
243 1786 472 1829 vosmetipsos
497 1785 708 1827 cogitatione
735 1786 888 1818 excitetis
907 1792 940 1818 et
958 1786 1085 1818 confir-

98 1838 198 1871 metis
225 1838 266 1870 ad
294 1836 473 1869 ardentius
498 1836 690 1879 impensius
716 1843 748 1869 et
772 1836 988 1870 constantius
1013 1843 1085 1869 stn-

98 1889 196 1921 dium
214 1886 348 1922 hortor.
401 1886 453 1920 De
471 1884 698 1920 Arithmetica
719 1888 894 1931 praeclare
911 1886 1010 1920 Plato
1031 1887 1085 1919 iu-

99 1940 192 1985 quit:
235 1934 372 1973 Πάντα
407 1934 446 1971 δὲ
482 1936 646 1972 ἀπολεῖτε
679 1936 720 1972 τὸ
757 1935 956 1983 παράπαν,
995 1936 1086 1972 ὅταν

99 1987 351 2035 ἀριθμητικὴν
375 1987 429 2027 τῖς
454 1987 574 2033 ἀνέλῃ.

200 2057 308 2091 Fores
325 2058 417 2090 enim
438 2058 509 2098 ipsa
527 2057 637 2100 aperit
654 2063 685 2090 et
703 2058 890 2101 praestruit
906 2070 944 2090 ac
962 2057 1085 2090 sternit

97 2109 233 2142 aditum
253 2109 295 2141 ad
315 2108 468 2153 reliquas
485 2108 697 2151 disciplinas.
726 2107 877 2142 Foribns
898 2109 950 2140 vel
969 2108 1085 2141 occlu—

98 2160 144 2193 sis
164 2166 267 2204 atqne
284 2160 472 2197 obseratis,
498 2160 551 2192 vel
569 2171 710 2203 prorsus
728 2160 915 2192 obstructis
941 2172 1007 2204 qua
1029 2172 1085 2191 ac-

98 2209 263 2244 cedetur?
300 2211 353 2243 vel
373 2223 461 2255 quae
479 2210 543 2243 erit
566 2210 717 2243 eruditio
735 2211 810 2244 sine
835 2211 964 2244 noticia
989 2210 1085 2242 ordi-

99 2262 154 2294 nis
174 2268 205 2295 et
224 2273 464 2296 numerorum.

201 2327 416 2362 Exercebitis
442 2339 522 2370 ergo
549 2325 639 2360 hanc
675 2328 787 2369 primo
820 2329 979 2361 omnium
1013 2341 1085 2360 ma-

99 2380 210 2419 xime,
245 2381 404 2414 Mcnzmr
428 2376 467 2413 δὲ
492 2379 519 2412 εἰ
544 2376 605 2412 καὶ
630 2378 822 2423 ἅνθρωποι
845 2378 987 2424 μέλλειν
1012 2378 1086 2413 ἔσε-

100 2431 211 2472 σθαι,
248 2431 275 2464 si
310 2438 348 2464 ut
372 2430 471 2463 Plato
503 2431 640 2475 inquit,
677 2430 748 2462 lieri
773 2438 805 2464 et
829 2443 900 2463 esse
924 2428 1086 2462 homines

99 2482 215 2517 vultis,
272 2479 318 2515 At
346 2479 401 2514 his
428 2482 510 2525 ipsis
533 2493 619 2526 quas
646 2481 798 2514 custodit
818 2488 854 2514 et
872 2481 1087 2515 discentibus

99 2529 452 2576 aperitAritbmetica
470 2533 604 2565 soi-ibus
623 2532 779 2574 cogitetis
797 2532 998 2575 inscriptam
1016 2544 1088 2565 esse

101 2581 309 2631 ἐπιγραφὴν
343 2584 456 2616 illam:
497 2580 773 2630 ἀγεωμὲῑρηιος
806 2580 925 2621 οὐδεὶς
954 2580 1087 2617 εἰσίτω.

103 2633 250 2677 Ingressi
277 2635 313 2667 in
339 2646 451 2667 arcem
480 2634 746 2676 disciplinarum
776 2632 1004 2667 Aridum-tica
1032 2634 1086 2667 in-

99 2686 223 2719 diceet
245 2686 422 2725 ianitrice,
451 2695 513 2717 cen
531 2683 723 2730 labyrinthi
743 2686 923 2718 cuiusdam
951 2686 1086 2728 perple-
1111 2693 1114 2721 ι

590 114 746 151 DECL.
783 115 855 152 DE
889 116 1124 154 STUDIIS
1160 116 1285 152 VET.
1321 118 1670 156 PHILOSOPH.

711 215 789 235 cum
833 203 966 236 obortis
1002 203 1120 236 inter'

2069 126 2141 161 246

1146 203 1197 235 xis
1217 211 1249 236 et
1265 205 1475 238 errabundis
1492 206 1761 250 implicabimini
1779 208 1990 247 tramitibus,
2009 217 2041 244 et
2059 213 2136 255 opi-

1146 253 1316 286 nionibus
1342 254 1653 290 circumducemini
1682 258 1844 299 incertis,
1873 266 1976 304 atque
2001 273 2018 293 a
2043 264 2135 295 veri-

1146 304 1226 336 tatis
1250 311 1362 337 certae
1391 316 1428 337 ac
1453 306 1603 340 directae
1628 320 1751 342 norma
1781 310 1903 343 crebro
1926 311 2133 346 aberrabitis

1146 354 1303 387 destituti
1328 356 1435 389 ductu
1462 355 1705 399 Geometriae,
1746 373 1834 405 quae
1856 363 1924 395 τοῦ
1947 360 2002 395 ἀεὶ
2027 362 2132 402 ὄντος

1145 407 1282 452 γνῶσις
1307 412 1373 444 est,
1419 414 1449 440 et
1474 406 1630 441 methodi
1655 410 1799 452 artifex,
1841 418 1873 445 et
1899 414 2063 446 extructis
2091 426 2129 447 ac

1145 456 1314 489 contextis
1336 457 1696 493 demonstrationibus
1729 462 1801 494 sola
1836 474 1923 506 pene
1955 461 1996 497 τὸ
2029 462 2128 509 ὕπαρ

1144 507 1324 540 evidenter
1355 508 1504 550 profert,
1542 516 1574 542 et
1600 522 1688 554 quae
1709 511 1753 544 sit
1778 512 1829 544 vis
1856 514 2129 548 demonstratio·

1143 569 1229 590 num
1259 558 1295 589 in
1320 559 1485 591 omnibus
1512 560 1662 600 artibus,
1696 573 1784 605 quae
1814 564 2006 604 certitudo,
2041 577 2128 610 quae

1143 608 1348 641 discrimina
1369 610 1590 642 certitudinis
1607 611 1770 646 ostendit.

1244 656 1409 704 Physicas
1425 658 1586 704 θεωρίας
1603 662 1760 694 mutilari
1784 663 1919 695 exclusa
1946 670 1979 697 et
2001 666 2125 699 omissa

1143 708 1346 743 Geometria
1364 718 1456 744 certo
1476 711 1576 744 vohis
1593 713 1839 755 persuadeatis.
1883 712 2014 746 Earum
2032 716 2124 748 enim

1143 772 1215 792 non
1246 761 1430 793 minimam
1467 769 1596 805 partem
1625 774 1643 794 a
1669 774 1835 797 sensuum
1863 764 1994 797 iudicio
2026 773 2128 811 atque

1143 811 1448 844 animadversione
1492 813 1686 845 ordientem
1704 838 1713 851 ,
1767 814 1944 847 rationum
1985 816 2126 860 quidem

1143 859 1364 906 physicarum
1383 872 1584 905 argumenta
1605 864 1802 902 declarant,
1829 863 2029 905 ἀποδείξεις
2045 880 2125 900 vero

1141 912 1370 954 geometricae
1388 914 1512 956 planae
1535 915 1724 948 absolvunt
1750 928 1788 948 ac
1813 917 2007 952 stabiliunt.
2059 917 2128 950 Ne-

1141 975 1208 1007 que
1224 971 1471 1007 assequuturos
1488 976 1548 997 vos
1565 965 1748 998 confidatis
1766 979 1934 1011 unquam,
1962 969 2046 1012 quid
2066 969 2127 1001 illo

1143 1013 1299 1047 Platonis
1320 1012 1558 1056 pulcherrimo
1582 1016 1796 1057 significetur
1816 1017 1928 1057 dicto,
1956 1016 2020 1051 τὸν
2037 1018 2128 1052 θεὸν

1142 1062 1195 1097 ἀεὶ
1213 1065 1454 1111 γεωμετριῖν,
1485 1077 1554 1109 quo
1575 1078 1636 1098 ceu
1653 1066 1812 1109 pingitur
1836 1068 2043 1101 admiranda
2066 1081 2128 1111 gu-

1142 1115 1300 1148 bernatio
1321 1122 1353 1147 et
1372 1116 1478 1148 totius
1498 1123 1643 1149 naturae
1660 1124 1691 1150 et
1709 1118 1846 1159 generis
1865 1115 2030 1156 humani,
2059 1120 2127 1152 nisi

1141 1178 1214 1198 eam
1241 1173 1370 1206 artem,
1411 1179 1499 1211 quae
1524 1167 1607 1211 quid
1635 1167 1676 1200 sit
1701 1169 1923 1214 γεωμετρεῖν
1949 1170 2129 1212 profitetur

1141 1224 1171 1249 et
1200 1217 1366 1260 explicat,
1397 1218 1665 1257 consulueritis,
1702 1231 1790 1262 quae
1824 1220 1878 1251 vel
1909 1220 2000 1259 sola,
2037 1221 2128 1253 socia

1130 1264 1256 1302 'men
1280 1268 1344 1299 sibi
1368 1268 1530 1300 adiuncta
1557 1275 1733 1300 tantorum
1763 1277 1951 1303 conatuum
1977 1277 2009 1303 et
2032 1271 2131 1304 laho-

1141 1328 1218 1348 rum
1243 1314 1492 1356 Aritbmetica,
1520 1318 1634 1350 evolat
1657 1318 1691 1350 in
1719 1320 1876 1359 coelum,
1902 1327 1935 1353 et
1959 1318 2130 1354 humanas

1143 1372 1273 1397 mentes
1304 1363 1402 1398 humi
1433 1367 1600 1407 abiectas,
1636 1376 1739 1412 atque
1772 1370 1941 1412 caligante
1971 1379 2129 1413 gravatas

1143 1417 1315 1455 caecitate,
1345 1416 1506 1461 interque
1524 1430 1644 1460 vepres
1661 1426 1692 1451 et
1709 1420 1850 1453 dumeta
1868 1427 2042 1464 reptantes
2061 1423 2130 1455 eri-

1142 1466 1211 1507 git,
1240 1466 1347 1510 inque
1362 1467 1458 1498 illam
1479 1479 1599 1500 rursus
1616 1469 1797 1502 coelestem
1817 1472 1934 1503 sedem
1954 1470 2130 1513 subvehit,

1141 1523 1171 1547 ct
1199 1516 1455 1558 sapientissime
1481 1525 1699 1551 constructae
1724 1521 1849 1551 mundi
1874 1520 2056 1555 machinae
2080 1524 2130 1556 fa-

1140 1566 1284 1606 bricam,
1313 1567 1455 1609 propius
1475 1574 1658 1607 monstrat,
1685 1569 1868 1603 declaratis
1885 1571 2003 1616 aliquo
2023 1575 2128 1606 modo

1140 1614 1317 1649 architecti
1343 1617 1510 1655 consilio,
1539 1618 1574 1650 in
1596 1619 1781 1652 formando
1803 1621 2130 1669 distribuendoque,

1141 1667 1362 1710 providentia
1382 1668 1416 1700 in
1437 1670 1677 1702 conservando
1694 1683 1732 1703 ac
1751 1672 2002 1713 gubernando,
2029 1674 2130 1707 deni-

1140 1730 1206 1763 que
1237 1718 1417 1752 exulantes
1448 1720 1584 1752 animos
1614 1720 1650 1752 in
1685 1722 1868 1754 coelestem
1900 1724 2035 1758 reducit
2070 1737 2130 1768 pa-

1141 1770 1242 1801 triam
1255 1796 1263 1809 ,
1288 1776 1319 1802 et
1336 1770 1376 1801 ad
1398 1770 1671 1804 familiaritatem
1690 1773 1893 1806 coelestium
1912 1775 2070 1820 adeoque
2086 1777 2129 1808 ad

1140 1820 1355 1862 agnitionem
1377 1819 1442 1852 Dei
1460 1819 1639 1855 architecti
1659 1829 1688 1854 et
1713 1824 1857 1857 rectoris
1873 1836 1910 1857 ac
1932 1827 2131 1859 moderato—

1140 1871 1186 1903 ris
1203 1877 1381 1904 tantorum
1400 1884 1545 1915 operum
1563 1874 1721 1916 perpetui
1741 1886 1779 1906 ac
1797 1875 2044 1918 sapientissimi
2061 1883 2131 1909 tra-

1140 1921 1256 1959 ducit,
1284 1922 1454 1965 explicato
1472 1929 1546 1955 rato
1565 1930 1724 1968 statuque
1750 1925 1875 1958 ordine
1891 1927 2032 1959 orbium
2051 1939 2130 1960 coc-

1141 1972 1300 2011 lestium,
1344 1979 1375 2005 et
1408 1974 1646 2016 pervestigatis
1672 1982 1831 2007 motuum
1863 1977 2064 2009 certissimis
2092 1990 2129 2010 ac

1139 2023 1383 2056 constantibus
1411 2024 1566 2065 legibus,
1604 2025 1690 2056 mira
1719 2025 1860 2069 quidem
1885 2028 2051 2061 varietate
2075 2028 2126 2060 di-

1140 2074 1293 2114 stinctis,
1323 2074 1380 2106 sed
1399 2075 1570 2107 concinna
1593 2081 1708 2107 tamen
1737 2076 1827 2108 inter
1852 2088 1923 2109 sese
1945 2075 2130 2111 harmonia

1140 2125 1434 2167 congruentibus,
1466 2133 1733 2170 mensuramque
1760 2127 1850 2159 mole.
1879 2140 2066 2171 corporum
2099 2136 2130 2162 et

1140 2176 1264 2220 spaciis
1286 2176 1414 2220 quibus
1439 2176 1691 2217 disiunguntur
1711 2189 1749 2209 ac
1772 2178 1921 2219 distant,
1949 2186 2042 2212 tanta
2069 2181 2130 2212 de-

1140 2227 1437 2259 monstratiomim
1458 2227 1632 2259 evidentia
1650 2239 1687 2259 ac
1704 2228 1935 2269 certitudine,
1962 2237 1998 2263 ut
2018 2243 2130 2275 quan-

1140 2278 1270 2311 tumvis
1296 2279 1456 2311 furenter
1480 2278 1768 2318 reclamantilms‚
1795 2279 1826 2310 xi
1854 2286 2056 2325 extorqueat
2076 2293 2130 2314 as-

1140 2329 1337 2361 sensionem
1356 2330 1398 2360 de
1420 2328 1640 2371 providentia
1661 2328 1736 2364 Dei.
1791 2327 1866 2362 llae
1888 2338 1979 2364 artes
2002 2333 2044 2364 de
2068 2333 2132 2364 ob-

1140 2380 1378 2412 servationum
1409 2387 1439 2412 ct
1469 2379 1622 2411 eruditae
1648 2380 1881 2423 experientiae.
1910 2383 2130 2416 documentis

1141 2430 1404 2464 Astronomiam
1430 2430 1683 2468 condiderunt,
1719 2443 1808 2474 quae.
1835 2444 1911 2464 cum
1946 2434 2021 2466 illas
2053 2445 2129 2466 snas

1140 2494 1200 2514 ceu
1218 2481 1403 2524 genitrices
1421 2492 1458 2512 ac
1478 2481 1631 2513 nutrices
1649 2481 1768 2513 divelli
1796 2495 1813 2514 a
1837 2494 1909 2515 sese
1934 2496 1971 2516 ac
1996 2485 2128 2516 secludi

1140 2545 1320 2576 nunquam
1345 2532 1516 2574 patiatur,
1544 2531 1751 2564 latissimum
1777 2534 1981 2577 multiplicis
1999 2535 2129 2566 doctri—

1140 2596 1205 2616 nae
1229 2595 1390 2625 campum
1416 2584 1546 2626 aperit,
1581 2595 1685 2627 quein
1714 2583 1849 2625 ingredi
1875 2597 1935 2617 nec
1963 2597 2129 2617 numero-

1141 2647 1216 2666 rum
1234 2634 1392 2665 doctrina
1413 2634 1608 2671 excultum,
1635 2646 1747 2678 neque
1770 2635 1975 2667 instructum
1995 2635 2126 2678 praesi—

1140 2685 1196 2717 dio
1223 2691 1252 2717 et
1283 2690 1449 2728 apparatu
1478 2685 1766 2725 ge()1nctric.‘u·uin
1798 2684 2017 2723 ‹ixiod‘bi-Stwr
2048 2698 2126 2718 cum

1443 2731 1513 2769 16*
