2324 2955
172 123 241 156 163

174 209 210 239 in
244 217 278 238 se
314 201 517 239 concitavit,
555 204 593 230 ut
626 196 696 237 ipse
719 199 815 226 tanto
841 199 875 226 et
896 199 966 226 tam
990 190 1155 224 horribili

178 255 366 300 supplicio,
394 258 426 284 et
442 257 510 283 tota
528 245 709 290 posteritas
725 255 802 276 cum
820 243 894 286 ipso
911 243 1155 275 mulctaretur:

179 318 282 351 quam
302 311 450 336 atrocem
469 304 502 330 ct
518 295 749 330 truculentam
768 305 914 337 poenam
931 292 1012 324 mali
1031 293 1157 333 guber-

180 363 317 389 natores
333 352 403 383 suis
419 348 532 381 variae
550 344 809 378 inobedientiae
826 343 971 387 peccatis
988 343 1104 381 luent,
1125 347 1159 373 et

182 399 435 447 expectabunt?
464 404 495 430 et
520 396 664 434 alienis,
699 394 827 438 quibus
850 405 884 425 se
908 392 1159 430 contaminant,

182 466 260 487 cum
281 462 366 496 quos
386 449 514 482 debent
532 453 564 479 et
583 450 727 489 possunt
744 455 762 476 a
782 443 976 482 maleficiis,
1004 442 1159 485 discipli-

183 505 255 543 nis,
282 509 313 533 et
333 499 500 533 institutis
520 509 591 529 non
609 493 810 531 cohercent,
838 499 870 525 et
886 492 1088 526 refrenant?

283 550 358 583 Hac
380 547 536 582 muneris
556 545 665 578 nostri
683 544 850 585 religione
864 570 872 583 ‚
896 549 928 575 et
943 553 1073 586 poenae
1089 552 1161 573 ma-

183 601 386 646 gnitudine,
410 610 497 644 quae
514 594 701 629 desertioni
718 594 791 627 eius
808 593 993 625 constituta
1011 599 1076 631 est,
1098 602 1162 623 nos

185 653 313 697 quibus
349 648 554 692 gubernatio
587 642 734 679 Scholae
768 641 1036 686 philosophicae
1071 641 1162 683 apud

185 699 456 736 Rostochienses
489 703 539 730 est
569 696 748 733 mandata,
786 705 904 725 sumus
930 691 1091 728 adducti,
1126 697 1164 723 ut

186 765 259 785 nou
286 751 396 783 solum
422 750 463 781 de
488 748 665 779 iuventute
683 751 821 776 nostrae
839 741 1051 774 institutioni
1071 752 1164 773 com-

186 803 308 839 missa,
336 800 391 843 pie
414 806 446 831 et
470 795 660 829 liberaliter
683 794 891 831 erudienda,
915 793 973 824 sed
999 792 1100 824 etiam
1123 792 1165 823 de

188 851 372 894 disciplina
395 858 533 880 morum
561 844 774 877 restituenda
801 850 831 875 et
849 848 1047 875 constanter
1064 848 1165 873 tuen-

189 904 254 941 da,
297 900 483 940 diligenter
515 895 804 933 deliberaremus,
847 899 879 925 et
912 892 1000 924 serio
1032 891 1166 935 aliquid

190 950 489 984 constitueremus,
515 944 716 988 praesertim
734 955 810 975 cum
826 943 1023 974 videremus
1038 942 1168 973 floren-

190 1009 258 1034 tem
281 1006 425 1032 aetatem
453 1007 576 1037 magna
600 1006 637 1025 ex
666 1000 780 1035 parte,
809 1005 880 1024 non
909 993 1000 1036 quod
1030 989 1166 1023 honesti

190 1051 301 1087 ratio,
335 1056 368 1081 et
394 1047 496 1091 aequi
529 1052 561 1077 et
592 1044 677 1076 boni
703 1044 792 1085 leges
820 1043 960 1081 iubent,
993 1042 1050 1073 sed
1075 1041 1168 1084 quod

191 1100 281 1134 caeci
326 1098 514 1131 libidinum
548 1101 580 1127 et
620 1094 848 1135 cupiditatum
889 1098 1001 1124 aestus
1042 1092 1169 1126 ferunt,

191 1152 355 1184 audacter
388 1145 567 1189 amplecti,
609 1149 641 1175 et
670 1143 891 1185 impudenter
921 1141 1037 1185 sequi,
1076 1141 1170 1184 quod

192 1200 384 1233 multorum
410 1195 591 1241 quaerelae
616 1193 746 1237 ubique
766 1204 872 1235 prope
892 1198 1082 1230 terrarum,
1105 1188 1170 1221 hoc

192 1250 290 1283 fatali
314 1256 485 1291 tempore,
519 1245 673 1277 accidere
694 1248 883 1281 testantur,
908 1247 938 1273 et
963 1247 1002 1272 ut
1025 1252 1088 1272 nos
1113 1251 1171 1271 ex-

194 1300 370 1343 perimur,
396 1297 512 1328 minor
536 1296 606 1327 sere
630 1304 708 1335 pars
730 1303 870 1330 eorum,
897 1290 957 1333 qui
982 1290 1018 1321 in
1037 1287 1172 1321 scholas

194 1350 383 1382 mittuntur
407 1345 522 1378 studio
549 1342 705 1374 discendi
730 1351 888 1377 accensa,
924 1345 1015 1370 recta
1040 1340 1081 1369 ad
1107 1338 1172 1368 ali-

196 1410 300 1443 quam
329 1395 508 1429 doctrinae
540 1392 696 1429 laudem,
737 1395 769 1422 et
803 1388 943 1421 virtutis
976 1390 1098 1425 decus,
1134 1392 1172 1418 ut

196 1455 350 1492 oportet,
388 1443 582 1477 contendit:
625 1438 677 1472 Ex
702 1438 845 1471 caeteris
868 1438 926 1469 alii
953 1438 1004 1468 sui
1028 1434 1172 1467 honoris

198 1506 229 1531 et
254 1497 373 1530 salutis
397 1493 517 1531 obliti,
542 1497 676 1534 praeter
698 1487 894 1520 scholarum
921 1487 1027 1525 loges,
1056 1493 1085 1517 et
1112 1497 1173 1527 pa-

198 1555 334 1580 rentum
365 1544 546 1580 mandata,
582 1552 639 1578 ea,
672 1550 759 1582 quae
782 1537 900 1578 gulae,
936 1543 968 1567 et
996 1535 1108 1567 ventri
1137 1534 1170 1565 in

197 1595 388 1641 praesentia
417 1592 534 1625 suavia
560 1596 658 1626 sunt,
691 1593 886 1624 sectantur,
922 1592 954 1617 et
978 1585 1088 1628 prima
1111 1582 1172 1615 ha-

197 1650 298 1685 bent,
345 1655 447 1687 seque
479 1641 612 1673 levibus
645 1645 677 1670 et
709 1638 855 1680 impuris
884 1635 1172 1671 adolescentibus,

197 1709 283 1742 quae
307 1701 415 1738 pestes
431 1692 533 1724 etiam
553 1690 587 1721 in
606 1685 760 1725 ScholiS,
786 1693 823 1719 ut
841 1685 982 1717 Zizania
1001 1691 1033 1717 et
1051 1684 1171 1716 lolium

200 1749 234 1779 in
260 1746 372 1778 tritico
398 1741 639 1785 reperiuntur,
666 1737 852 1775 associant,
879 1735 1007 1780 quihus
1025 1734 1173 1766 ducibus

199 1797 346 1840 popinas
377 1800 409 1826 et
438 1802 582 1833 ganeas,
613 1800 685 1820 nou
711 1786 895 1819 Musarum
923 1786 1023 1818 aedes
1047 1791 1078 1817 et
1102 1784 1174 1816 Mi-

200 1857 325 1879 nervae
355 1842 482 1886 templa
510 1841 730 1882 frequentare
752 1842 970 1874 assuescunt,
1002 1847 1020 1868 a
1046 1835 1173 1879 quibus

199 1898 246 1930 ita
271 1896 312 1928 ad
337 1890 465 1927 Bacchi
487 1901 614 1932 organa
643 1895 674 1920 et
698 1888 738 1919 ad
765 1888 872 1919 lustra
892 1884 1038 1918 Veneris
1063 1886 1173 1917 dedu-

201 1952 346 1984 cuntur,
372 1950 496 1976 utnon
514 1940 626 1972 solum
644 1938 717 1970 dies
732 1944 765 1969 et
781 1947 933 1973 menseS,
958 1937 1017 1968 sed
1034 1941 1066 1967 et
1083 1941 1174 1967 totos

198 2006 310 2030 annos
331 1993 561 2038 parasitorum
584 2000 698 2024 more,
725 1987 760 2018 in
783 1986 893 2028 turpis
913 1986 1012 2027 gulae
1031 1991 1063 2017 et
1080 1984 1172 2017 suedi

198 2045 328 2079 ventris
353 2042 532 2075 curatione
557 2043 780 2075 consumant,
815 2036 911 2079 quasi
939 2047 1009 2068 non
1033 2035 1173 2077 religio-

199 2097 252 2129 nis
280 2102 312 2128 et
343 2094 523 2126 literarum
554 2099 676 2127 causa,
712 2087 770 2119 sed
803 2086 992 2118 libidinum
1019 2091 1051 2118 et
1076 2085 1172 2128 cupi-

200 2147 346 2179 ditatum
379 2142 627 2185 explendarum
659 2136 786 2179 gratia,
827 2135 981 2178 pecuniis
1013 2135 1172 2168 instructi

201 2197 237 2228 in
257 2195 403 2227 maiores
421 2189 556 2224 scholas
573 2187 804 2220 mitterentur.
858 2184 929 2226 Qui
947 2186 1050 2217 duces
1068 2197 1171 2229 quam

199 2255 334 2289 graves,
360 2250 392 2275 et
414 2240 625 2285 periculosae
643 2234 839 2269 scholastici
857 2242 974 2268 coetus
993 2243 1167 2277 corrupte-

199 2297 252 2328 lae
283 2294 370 2332 sint,
412 2292 534 2333 vulgus
566 2285 929 2325 adulescentulorum,
972 2296 1034 2317 nec
1065 2285 1172 2323 videt,

195 2357 258 2378 nec
276 2343 394 2376 credit.

296 2393 384 2426 Nam
415 2397 455 2423 ut
488 2387 668 2430 vulpecula
700 2384 870 2430 Aesopica
904 2384 1031 2421 cauda,
1073 2384 1196 2430 cuius!

196 2445 308 2489 specie
336 2449 367 2475 et
399 2442 510 2473 forma
531 2438 812 2476 commendatur,
847 2435 987 2472 amissa,
1021 2440 1169 2465 caeteras

197 2496 316 2538 vulpes
346 2493 387 2525 ad
422 2502 496 2522 eam
526 2487 680 2530 corporis
704 2494 854 2528 partem,
887 2492 925 2518 ut
949 2483 1108 2516 inutilem
1137 2490 1168 2515 et
1192 2495 1194 2510 ι

193 2545 333 2578 noxiam
364 2539 601 2576 resecandam,
635 2549 680 2569 ne
709 2537 780 2569 sola
809 2535 920 2579 turpis
945 2542 976 2567 et
1001 2533 1168 2566 deformis

743 107 900 143 DECL.
933 105 1008 140 DE
1041 103 1269 140 SCHOLA
1304 100 1594 138 ROSTOCH.

2114 105 2189 141 164

1207 189 1309 222 laude
1333 193 1504 228 carentes,
1531 188 1764 222 adolescentes
1787 200 1903 221 rerum
1928 190 2127 234 imperitos,
2153 197 2187 224 et

1207 241 1250 272 ad
1291 239 1400 270 otium
1437 244 1469 269 et
1507 238 1736 281 cupiditatum
1768 239 1941 272 lenocinia
1971 252 2030 272 sua
2065 247 2189 284 sponte

1207 289 1482 333 propentlenteS‚
1515 289 1720 321 veteratorie
1743 296 1775 321 et
1800 296 1928 327 astute,
1963 290 2065 332 plane
2093 290 2190 323 Sire-

1209 350 1293 371 num
1318 344 1419 369 cantu
1444 337 1485 368 ad
1504 347 1538 368 se
1556 337 1733 378 alliciunt,
1757 346 1795 372 ut
1812 352 1868 372 eos
1885 341 1928 372 ab
1945 339 2041 371 omni
2061 340 2190 381 cogita-

1209 389 1302 421 tione
1330 387 1435 419 osficii
1465 387 1633 419 abductos
1664 389 1718 419 sui
1750 401 1851 431 quam
1879 389 2079 422 simillimos
2113 390 2194 421 red-

1211 440 1315 477 dant,
1343 437 1405 469 etsi
1431 443 1512 469 sunt
1536 437 1674 477 literae,
1702 438 1828 481 quihus
1849 437 1974 472 horum
1992 439 2109 471 studia
2130 439 2195 471 bo-

1212 489 1266 520 nis
1287 487 1369 519 viris
1398 487 1435 518 in
1457 486 1644 520 Academia
1670 490 1976 529 commendantur,
2013 487 2069 521 hic
2092 489 2194 521 valde

1214 539 1395 576 laborant,
1424 543 1454 569 et
1479 537 1580 568 malis
1597 537 1731 570 artibus
1749 537 1920 579 efficiunt,
1947 551 1989 571 ne
2006 539 2048 571 iis
2067 539 2195 583 quibus

1217 587 1389 632 oportuit,
1415 587 1618 619 reddantur.

1316 637 1431 669 Tanta
1462 643 1511 669 est
1540 637 1685 670 istorum
1716 634 2017 681 Sycophantarum
2049 638 2194 671 audacia

1216 695 1248 721 et
1271 687 1420 721 malicia.
1480 684 1553 718 Alii
1577 693 1700 719 natura
1728 687 1816 720 tardi
1843 693 1875 719 et
1900 687 2006 729 pigri,
2042 687 2194 720 desidiae

1218 749 1288 771 sese
1311 738 1462 774 dedunt,
1492 743 1524 769 et
1546 737 1582 768 in
1607 736 1701 779 turpi
1724 737 1819 776 ocio,
1846 737 2002 778 ignaviae
2020 738 2149 780 frigore
2165 744 2198 770 et

1218 788 1351 820 veterni
1380 798 1502 829 sopore
1537 787 1584 819 ita
1613 786 1858 827 congelantur,
1893 793 1930 819 ut
1960 787 2016 819 vix
2040 798 2196 832 unquam

1220 839 1260 870 ad
1289 838 1443 870 discendi
1470 848 1588 868 curam
1607 836 1898 879 expergiscantur.
1951 836 2007 870 Sic
2026 838 2107 881 ipsis
2126 849 2198 869 rne-

1220 889 1287 920 lior
1311 894 1422 925 aetas,
1450 892 1481 918 et
1507 898 1559 918 res
1585 898 1601 918 a
1618 886 1821 929 parentibus
1837 887 2053 928 suppeditata
2073 888 2108 919 in
2126 887 2198 919 vir-

1220 938 1303 971 tutis
1327 937 1502 975 studium,
1528 937 1619 968 male
1644 936 1849 974 collocatur,
1876 942 1908 968 et
1930 936 2074 979 indigne
2099 937 2198 980 perit.

1223 986 1293 1019 Alii
1321 987 1458 1019 levitate
1482 992 1643 1026 naturae,
1667 992 1701 1018 et
1721 986 1854 1027 ingenii
1873 986 2037 1019 varietate
2055 986 2200 1026 seducti,

1221 1037 1286 1069 sibi
1308 1037 1458 1079 graviter
1477 1043 1621 1075 nocent,
1650 1042 1681 1068 et
1698 1036 1832 1069 aditum
1850 1037 1894 1068 ad
1913 1037 2122 1079 optimarum
2143 1047 2200 1069 ar-

1222 1087 1308 1120 tium
1337 1086 1573 1129 cognitionem
1603 1086 1858 1125 intercludunt,
1893 1087 1987 1130 quod
2019 1087 2062 1119 ab
2088 1087 2131 1119 iis
2156 1087 2199 1118 ad

1222 1148 1309 1181 quae
1333 1138 1436 1168 modo
1460 1136 1697 1177 cognoscenda
1719 1142 1950 1175 accesserunt,
1978 1137 2020 1168 ad
2039 1136 2124 1176 alia,
2148 1142 2201 1168 at-

1223 1198 1289 1231 que
1319 1186 1385 1217 alia
1416 1197 1549 1217 summa
1576 1186 1811 1218 inconstantia
1836 1186 2055 1226 auferantur,
2089 1186 2200 1218 multa

1225 1236 1457 1278 ineeptantes,
1493 1235 1529 1266 in
1552 1235 1649 1267 nulla
1672 1246 1708 1267 re
1732 1234 1823 1266 firmi
1851 1241 1883 1267 et
1906 1236 2056 1270 stabiles.
2119 1234 2201 1277 Quo

1224 1285 1374 1316 levitatis
1399 1285 1481 1315 vitio
1507 1285 1560 1321 sit,
1593 1291 1631 1316 ut
1655 1285 1691 1314 in
1716 1284 1815 1315 nullo
1838 1284 1892 1316 vel
1916 1285 2113 1325 doctrinae,
2147 1284 2201 1317 vel

1224 1333 1479 1365 exercitationis
1515 1343 1640 1373 genere
1675 1331 1843 1374 tantisper
1872 1333 2074 1375 persistant,
2118 1334 2201 1366 dum

1224 1382 1316 1426 quod
1343 1382 1483 1420 volunt,
1511 1388 1543 1413 et
1559 1382 1688 1413 debent
1702 1388 1941 1425 assequantur.
1993 1382 2049 1415 Ad
2069 1390 2202 1427 postre-

1225 1443 1319 1463 mum
1344 1438 1440 1469 sunt,
1471 1431 1507 1462 in
1533 1431 1660 1474 quibus
1683 1442 1795 1474 neque
1820 1431 1952 1472 ingenii
1975 1432 2065 1471 vim,
2089 1445 2202 1477 neque

1224 1481 1381 1513 discendi
1408 1481 1562 1512 laborem
1582 1480 1773 1519 desideres,
1800 1481 1859 1512 sed
1877 1481 2000 1513 melius
2021 1482 2201 1523 iudicium,

1225 1537 1256 1562 et
1280 1530 1407 1562 rectius
1432 1529 1638 1566 consilium,
1667 1529 1725 1573 qui
1750 1541 1909 1572 perversa
1934 1531 2142 1574 cupiditate,
2170 1539 2201 1566 et

1225 1580 1326 1612 stulta
1352 1579 1544 1612 ambitione
1571 1579 1765 1620 praeteritis
1791 1579 1929 1623 linguae
1953 1581 2079 1614 latinae
2104 1594 2202 1626 prae-

1225 1630 1347 1672 ceptis,
1375 1629 1502 1673 quibus
1519 1629 1672 1672 reliquae
1688 1636 1777 1662 artes
1792 1636 1957 1674 tanquam
1972 1632 2202 1666 fundamento

1225 1680 1407 1719 nituntur,
1439 1681 1481 1711 ad
1512 1679 1660 1711 maiores
1692 1685 1780 1712 artes
1813 1687 1845 1712 et
1869 1681 2071 1724 disciplinas
2093 1682 2202 1715 illotis

1225 1730 1370 1773 pedibus
1405 1736 1437 1762 et
1475 1729 1654 1766 manibus,
1698 1735 1735 1761 ut
1769 1729 1914 1767 dicitur,
1955 1739 2201 1775 approperant,

1225 1780 1261 1812 in
1286 1779 1415 1823 quibus
1439 1779 1535 1812 stulti
1560 1779 1793 1811 adolescentes
1818 1781 1917 1812 valde
1938 1781 2078 1825 quidem
2099 1783 2202 1815 desu-

1225 1831 1324 1868 dant,
1352 1836 1391 1861 ut
1416 1841 1470 1861 eas
1488 1835 1714 1873 cognoscant,
1743 1836 1773 1862 et
1791 1830 1849 1861 diu
1868 1831 2087 1876 multumque
2104 1833 2202 1865 labo-

1224 1886 1322 1919 rant,
1355 1880 1413 1911 sed
1445 1886 1560 1911 tamen
1592 1879 1724 1910 nullam
1755 1890 1871 1912 earum
1905 1881 2038 1914 firmam
2062 1889 2095 1916 et
2118 1883 2202 1915 soli-

1224 1931 1304 1962 dam
1342 1929 1577 1971 cognitionem
1617 1937 1895 1973 consequuntur,
1943 1932 2036 1975 quod
2076 1944 2201 1975 parum

1225 1979 1437 2024 praeparati,
1465 1986 1498 2012 et
1521 1980 1570 2012 rei
1590 1978 1846 2012 Grammaticae
1869 1982 1971 2014 rudes
1986 1983 2027 2014 ad
2047 1994 2103 2015 eas
2120 1994 2201 2026 pro-

1224 2030 1398 2063 volarunt.

1325 2078 1413 2113 Cum
1437 2076 1520 2111 haec
1546 2079 1688 2122 inquam
1711 2085 1849 2112 nostrae
1863 2078 2011 2114 Scholae
2031 2082 2138 2119 mala,
2167 2089 2201 2115 et

1223 2130 1419 2163 studiorum
1450 2129 1638 2162 iuventutis
1666 2130 1878 2163 calamitates
1901 2143 2137 2169 cerneremus,
2168 2139 2201 2165 et

1223 2180 1384 2213 exercitia
1410 2186 1482 2212 tum
1506 2179 1606 2224 styli,
1640 2185 1713 2212 tum
1737 2180 1948 2219 disserendi,
1977 2189 2015 2215 ut
2039 2193 2136 2225 saepe
2163 2182 2200 2214 fit

1225 2231 1260 2262 in
1287 2229 1478 2263 maioribus
1503 2228 1630 2262 scholis
1654 2230 1800 2261 omnino
1825 2231 1950 2270 iacere,
1985 2243 2073 2275 quae
2096 2232 2199 2271 culta,

1223 2292 1326 2325 quam
1343 2280 1473 2313 variam
1491 2287 1523 2313 et
1541 2280 1769 2323 multiplicem
1786 2281 1970 2313 utilitatem
1986 2279 2199 2315 scholasticis

1222 2331 1387 2370 afferant,
1415 2330 1498 2374 quid
1524 2330 1649 2363 attinet
1670 2329 1800 2369 dicere,
1826 2342 1904 2363 cum
1928 2342 2030 2364 nemo
2049 2332 2111 2372 sit,
2138 2333 2197 2377 qui

1221 2382 1374 2423 ignoret,
1407 2386 1440 2412 et
1473 2392 1526 2412 res
1555 2380 1627 2424 ipsa
1652 2380 1834 2423 loquatur,
1867 2386 1899 2412 et
1924 2382 2199 2425 perspiceremus

1221 2429 1274 2463 his
1296 2438 1364 2463 tam
1391 2431 1495 2462 variis
1518 2428 1666 2463 Scholae
1689 2430 1913 2473 corruptelis,
1948 2433 2115 2466 necsatis
2138 2445 2196 2465 oc·-

1219 2481 1331 2516 curri,
1366 2492 1428 2513 nec
1454 2479 1685 2519 Medicinam,
1717 2490 1807 2523 quae
1836 2491 1910 2512 eam
1940 2483 2032 2515 malo
2056 2483 2197 2523 levaret,

1192 2541 1193 2545 ¹
1218 2528 1378 2564 adhiberi
1398 2542 1512 2574 posse,
1541 2530 1606 2563 nisi
1623 2539 1744 2562 omnes
1760 2530 1797 2561 in
1810 2528 1936 2564 Schola
1948 2529 2195 2577 philosophica

195 2598 229 2629 in
269 2606 333 2627 suo
360 2602 483 2635 genere
516 2587 744 2630 reperiretur,
783 2586 907 2620 callide
935 2592 967 2618 et
1000 2583 1167 2616 insidiose
1191 2577 1192 2608 1
1216 2584 1396 2619 docentes,
1424 2580 1515 2614 inter
1534 2580 1615 2612 sede
1638 2578 1709 2612 illis
1726 2579 1821 2614 vitiis
1839 2592 1879 2613 ex
1897 2581 2055 2615 moribus
2072 2583 2196 2616 iuven-

192 2644 410 2690 impellebat:
437 2640 485 2674 sic
508 2638 562 2672 illi
585 2637 778 2670 nebulones
806 2636 904 2669 omni
928 2633 1107 2669 honestate
1131 2640 1165 2667 et

1217 2631 1298 2665 tutis
1322 2631 1480 2664 delendis
1498 2630 1752 2671 consentirent,
1777 2636 1811 2664 et
1830 2628 1895 2665 hoc
1911 2631 2025 2676 ipsum
2045 2633 2197 2666 coniun—
