2324 2955
178 117 249 153 187

284 202 387 236 Nunc
404 212 510 245 pauca
529 199 571 230 de
588 197 662 239 ipso
682 194 829 229 authore
847 196 1020 233 adiiciam,
1037 200 1076 228 ut
1091 207 1161 239 quo

186 262 344 298 tempore
363 251 503 288 vixerit,
531 254 562 280 et
577 247 654 292 quis
671 247 794 287 fuerit,
820 246 1047 292 cognoscatis,
1074 257 1162 290 quae

186 305 341 338 narratio
357 314 434 334 cnm
454 300 496 332 sit
515 298 617 331 nobis
634 298 850 330 occasionem
876 297 1075 341 praebitura
1102 308 1163 328 cu-

186 356 320 389 iusdam
336 350 547 384 necessariae
563 346 628 382 hoc
648 356 802 392 tempore
817 347 1080 386 admonitionis,
1106 358 1163 379 ae—

186 416 293 450 quum
320 409 387 439 cst,
422 401 594 445 patienter
629 411 690 432 vos
719 411 793 431 eam
814 399 957 439 audire,
993 398 1097 442 idque
1125 403 1163 430 ut

183 454 329 493 faciatis,
357 452 460 485 etiam
477 463 551 484 oro.

286 503 423 536 Plinius
442 500 896 535 secundusNovocomensis
910 501 986 534 suit.
1014 497 1162 532 Comum

185 563 299 590 autem
312 554 430 587 ltaliae
443 553 717 596 Transpadanae
729 553 898 595 oppidum
912 559 973 590 est,
990 561 1062 582 non
1081 560 1164 592 pro-

187 608 243 640 cul
269 618 287 639 a
306 604 513 638 Mediolano
534 604 577 636 ad
595 603 738 636 Larium
758 603 889 643 lacum,
918 602 978 647 qui
1003 612 1098 633 nunc
1121 600 1163 631 ab

187 656 253 691 hoc
271 657 346 700 ipso
367 655 496 698 oppido
514 656 564 687 Det·
582 652 718 694 OEbttmct
743 653 805 696 feei)
833 654 1039 696 appellatur.
1091 650 1163 682 Alii

184 708 424 740 Veronensem
455 717 533 737 eum
559 705 710 745 faciunt,
744 704 830 737 moti
858 702 923 736 hoc
948 707 1165 745 argumento,

184 760 279 804 quod
296 757 487 795 Catullum,
515 767 618 800 quem
639 762 773 788 constat
792 754 1031 787 Veronensem
1049 752 1164 791 fuisse,

185 821 287 842 suum
314 814 581 840 conterraneum
608 813 717 838 vocat.
769 805 880 838 Natus
896 812 945 838 est
962 810 1098 843 autem,
1126 809 1165 835 ut

186 859 365 901 colligitur
389 869 482 889 anno
507 856 642 889 decimo
669 856 893 899 Imperatoris
912 855 1068 894 Tiberii,
1094 865 1164 893 seu,

185 916 263 954 post
279 915 427 941 mortem
447 906 617 949 Augusti,
645 919 713 951 quo
734 914 888 951 tempore
907 905 1082 940 Dominus
1099 916 1164 936 no-

185 968 255 994 ster
281 958 376 992 lesus
399 956 562 991 Christus
587 958 656 990 iam
684 964 803 997 natus,
846 965 879 990 et
902 968 1005 1000 agens
1031 967 1163 988 annum

185 1010 306 1044 aetatis
331 1009 534 1041 vicesimum
552 1015 705 1048 sextum,
733 1008 845 1042 adhuc
871 1009 935 1041 sub
961 1020 1041 1040 cura
1061 1013 1093 1039 et
1111 1006 1160 1038 di·

185 1061 332 1105 sciplina
368 1065 552 1103 parentum
589 1066 678 1096 erat,
715 1071 779 1091 uec
811 1061 894 1091 dum
931 1057 1165 1090 ministerium

186 1124 287 1146 suum
314 1110 454 1154 publice
479 1106 716 1144 inchoaverat.
770 1109 853 1142 Fuit
875 1115 988 1142 autem
1008 1109 1036 1140 is
1053 1117 1166 1140 annus

187 1162 314 1196 natalis
340 1160 469 1200 Plinii,
504 1161 736 1202 sexagesimus
770 1161 915 1205 quintus
947 1165 1023 1202 post
1056 1159 1167 1190 inter-

184 1216 313 1247 fectum
329 1211 381 1246 M.
398 1211 614 1251 Ciceronem,
640 1212 782 1256 quintus
799 1222 912 1243 annus
927 1216 1003 1253 post
1018 1214 1166 1241 mortem

187 1262 392 1298 Germanici
420 1260 593 1301 Caesaris,
636 1261 711 1294 Titi
735 1261 829 1294 Livii
852 1260 1038 1299 Historici,
1072 1265 1106 1291 et
1129 1257 1167 1291 P.

187 1313 313 1348 Ovidii
337 1312 485 1351 Poetae,
519 1312 580 1355 qui
605 1318 673 1343 tres
700 1318 913 1353 praestantes
940 1310 1102 1351 ingenio,
1135 1314 1167 1339 et

185 1363 308 1398 multis
325 1362 402 1394 aliis
421 1361 524 1393 (lonis
543 1361 628 1400 viri,
656 1361 778 1392 eodem
800 1371 892 1392 anno
910 1359 1086 1391 obierunt.
1114 1355 1166 1388 Eo

185 1423 342 1458 tempore
361 1413 421 1444 illa
439 1410 608 1444 orationis
626 1410 772 1444 Latinae
790 1411 922 1453 puritas
939 1415 971 1442 et
986 1408 1168 1450 elegantia,

185 1473 219 1500 et
237 1462 502 1508 compositionis
518 1461 618 1501 ratio,
645 1473 733 1506 quae
749 1461 862 1493 suerat
876 1459 1056 1494 Ciceronis
1075 1465 1169 1490 aeta-

187 1524 239 1557 te,
274 1516 342 1548 iam
369 1510 536 1546 nonnihil
562 1518 634 1544 erat
659 1512 774 1544 studio
795 1510 979 1549 novitatis,
1013 1517 1051 1541 ut
1070 1508 1169 1547 solet,

189 1569 373 1600 immutata
399 1564 435 1595 in
461 1560 639 1595 horridius
668 1563 844 1606 quoddam
871 1568 905 1594 et
924 1560 1096 1593 concisius
1115 1559 1169 1591 di-

190 1616 293 1651 cendi
310 1626 438 1657 genus,
463 1613 564 1658 quale
583 1613 619 1644 iu
636 1610 741 1646 huius
759 1610 917 1646 authoris
936 1611 1073 1654 scriptis
1093 1622 1167 1642 cer-

188 1680 272 1701 nere
296 1667 392 1706 licet,
426 1665 486 1709 qui
511 1671 627 1697 tamen
646 1664 705 1697 ubi
725 1663 897 1701 adolevit,
932 1662 1033 1695 etiam
1051 1672 1169 1693 causas

188 1720 226 1751 in
243 1719 319 1751 foro
346 1717 434 1759 egit,
457 1722 490 1748 et
508 1715 618 1747 libros
636 1715 679 1747 de
696 1713 932 1747 Grammatica
951 1711 1168 1755 conscripsit.

189 1769 287 1802 Vixit
312 1775 428 1801 autem
452 1766 568 1799 seculo
585 1765 743 1798 omnium
762 1777 850 1810 quae
866 1765 1025 1803 suerunt,
1053 1763 1169 1802 credo,

191 1818 474 1862 corruptissime,
500 1817 562 1849 ubi
583 1828 653 1862 qon
680 1817 783 1849 modo
803 1815 938 1858 legibus
956 1815 1104 1853 scelera,
1132 1825 1169 1845 ac

190 1869 395 1916 praesertim
435 1867 621 1907 libidines,
662 1879 735 1899 non
775 1864 1067 1904 cehercebantur,
1110 1864 1169 1896 sed

190 1923 234 1955 ab
261 1921 344 1965 ipsis
375 1918 649 1962 Imperatoribus
673 1918 709 1949 in
736 1917 860 1959 vulgus
877 1916 1036 1960 pessimis
1055 1927 1171 1947 exem-

190 1973 257 2016 plis
280 1976 530 2015 propagantur.
587 1967 698 2001 Natus
721 1968 814 2000 enim
839 1975 995 2010 tempore
1021 1965 1170 2002 Tiberii,

190 2024 255 2056 sub
272 2019 547 2066 inquinatissimi
563 2026 595 2052 et
612 2018 844 2051 crudelissimi
872 2018 1041 2062 principis
1058 2017 1170 2060 impe-

190 2075 243 2107 rio
267 2072 433 2107 tredecim
462 2081 572 2102 annos
598 2069 694 2104 vixit.
749 2068 846 2102 Vidit
872 2075 988 2112 postea
1004 2067 1170 2100 immania

190 2125 317 2158 scelera
334 2121 411 2156 Caii
431 2120 628 2163 Caligulae,
655 2119 815 2156 Claudii,
843 2119 1002 2152 Neronis.
1046 2117 1170 2150 Postea

190 2176 258 2208 fuit
282 2180 452 2217 spectator
478 2170 696 2205 tristissimae
718 2170 900 2209 lanienae,
927 2169 987 2202 nbi
1014 2175 1082 2202 tres
1103 2167 1170 2200 lm-

191 2232 368 2270 peratores
392 2223 556 2265 deinceps
582 2232 654 2253 sese
669 2227 792 2253 mutuo
811 2221 1055 2258 confecerunt,
1084 2217 1172 2251 Gal-

191 2278 254 2316 ba,
283 2271 380 2307 Otho
401 2281 433 2306 et
452 2273 635 2310 Vitellius,
663 2278 696 2304 et
719 2283 837 2304 secum
856 2282 943 2314 pene
960 2269 1100 2313 imperii
1119 2269 1172 2301 vi-

192 2338 247 2360 res
263 2331 481 2360 everterunt,
508 2334 592 2367 quas
611 2329 729 2366 postea
755 2329 870 2355 tamen
888 2332 1008 2353 rursus
1025 2326 1170 2352 conatus

195 2384 245 2411 est
262 2376 409 2409 excitare
433 2373 667 2417 Vespasianus
692 2379 808 2416 pater,
839 2372 899 2416 qui
935 2371 1038 2404 etiam
1067 2371 1172 2402 disci-

193 2428 328 2473 plinam
367 2436 505 2457 morum
545 2423 778 2456 severioribus
815 2423 950 2466 legibus
980 2418 1170 2455 cohercuit.

195 2478 265 2513 Sed
284 2476 469 2521 imperium
496 2475 569 2507 eius
596 2486 668 2505 non
685 2475 837 2507 multum
856 2473 947 2506 ultra
964 2483 1091 2505 novem
1109 2483 1171 2503 an—

193 2541 258 2563 nos
274 2526 426 2561 duravit.
482 2524 521 2557 ln
539 2525 598 2557 tali
618 2537 754 2556 morum
775 2524 1021 2568 corruptione,
1048 2529 1081 2555 et
1098 2522 1172 2554 bel—

193 2582 308 2613 lorum
326 2577 573 2611 intestinorum
593 2575 689 2607 rabie
708 2576 766 2619 qui
791 2576 934 2615 vivunt,
962 2585 1061 2616 aegre
1083 2573 1173 2605 effu-

192 2631 313 2675 giunt,
347 2628 432 2673 quin
462 2626 595 2671 aliquid
629 2626 868 2659 communium
902 2626 1075 2658 viciorum
1106 2623 1171 2667 ipsi

192 2692 332 2727 quoque
351 2679 543 2717 imbibant,
572 2684 699 2710 utnon
717 2677 818 2710 facile
838 2677 1040 2719 contagium
1066 2681 1098 2708 et
1116 2674 1170 2707 in-

639 112 800 147 DECL.
833 109 906 144 DE
942 109 1084 143 Vl'rA
1124 108 1192 143 ET
1234 107 1498 144 SCRlPTlS
1531 109 1724 151 PLlNll.

2122 113 2192 147 188

1214 194 1400 227 sectionem
1417 193 1539 236 effugit
1555 194 1600 234 is,
1621 196 1679 241 qui
1703 196 1738 228 in
1760 195 1942 240 pestilente
1961 200 2039 230 a'e're
2056 197 2193 231 diutius

1216 245 1345 278 versari
1372 243 1518 286 cogitur.
1569 243 1623 278 Ex
1654 244 1760 279 huius
1792 247 1900 280 seculi
1933 247 2102 291 pravitate
2136 245 2193 281 hic

1216 302 1333 328 noster
1356 292 1484 327 author
1510 294 1588 327 illas
1611 296 1733 339 impias
1750 304 1783 330 et
1799 296 1990 341 Epicureas
2009 298 2193 341 opiniones

1217 343 1333 378 hausit
1345 371 1352 385 ‚
1381 345 1476 389 quod
1500 351 1601 387 negat
1615 344 1728 379 Deum
1754 359 1825 381 esse
1843 348 1950 381 alium
1968 360 2072 392 quam
2089 360 2194 381 mun-

1216 397 1299 429 dum
1312 423 1320 436 ‚
1348 395 1440 428 tollit
1458 396 1730 438 providentiam,
1757 405 1789 432 et
1807 399 1931 432 irridet
1947 410 2017 440 eos,
2043 399 2105 444 qui
2120 410 2195 431 cre-

1216 448 1300 480 dant
1317 447 1447 478 inferos
1470 457 1558 486 esse,
1587 455 1647 480 aut
1669 447 1804 482 animas
1828 456 1983 494 separata
2000 462 2018 483 a
2037 449 2195 493 corpori-

1217 498 1281 530 bus
1300 508 1477 541 superesse
1495 509 1532 530 ac
1552 497 1679 531 vivere.

1317 546 1502 581 Caeterum
1519 559 1633 581 mores
1651 548 1726 581 eius
1741 560 1814 581 non
1830 549 1976 592 perinde
1992 549 2195 594 inquinatos

1219 599 1340 639 fuisse,
1375 599 1603 641 temperantia
1629 599 1737 642 ipsius
1763 606 1795 632 et
1813 599 1984 633 indefessa
2013 601 2197 633 assiduitas

1218 650 1351 692 arguit,
1385 661 1474 693 quae
1497 649 1643 682 virtutes
1672 650 1855 694 praecipua
1880 657 1961 684 sunt
1984 662 2046 683 ceu
2072 649 2196 695 ἀλεξη-

1217 698 1342 746 τήρια,
1369 706 1488 732 contra
1506 699 1676 742 plurimos
1695 701 1865 733 viciorum
1892 701 2044 734 morbos.
2100 700 2197 734 Idem

1219 752 1343 795 probat
1360 751 1464 783 etiam
1483 750 1634 783 amicitia
1649 750 1855 794 Vespasiani
1874 751 2109 795 Imperatoris,
2136 764 2198 785 cu-

1219 803 1273 835 ius
1308 801 1489 844 integritas
1526 807 1558 834 et
1576 802 1740 834 severitas
1777 802 1814 834 in
1848 815 1986 843 morum
2011 803 2197 847 disciplina

1218 854 1357 886 laudata
1375 852 1563 884 admodum
1584 859 1633 884 est
1650 852 1687 884 in
1703 850 1870 892 historiis,
1899 854 2196 897 quemadmodum

1218 904 1281 936 filii
1305 914 1445 947 quoque
1473 901 1566 943 Titi,
1598 903 1726 947 quibus
1755 904 1927 936 ambobus
1958 916 2037 936 cum
2062 903 2199 937 Plinius

1219 965 1318 986 carus
1335 960 1367 986 et
1384 953 1676 986 familiarissimus
1693 954 1813 986 fuerit:
1843 966 1915 987 non
1935 961 1983 987 est
1999 955 2201 995 verisimile,

1220 1016 1297 1037 eum
1313 1004 1366 1036 sui
1383 1003 1489 1035 seculi
1506 1003 1683 1036 licentiam
1703 1005 1739 1037 in
1756 1005 1913 1038 moribus
1928 1017 2124 1049 usurpasse.

1320 1053 1485 1087 Eruditio
1503 1054 1577 1086 eius
1595 1061 1710 1087 autem
1730 1067 1807 1088 cum
1826 1056 1996 1088 excellens
2013 1063 2110 1096 esset,
2129 1056 2202 1095 illo,

1220 1106 1262 1138 de
1290 1117 1359 1149 quo
1386 1111 1502 1148 postea
1521 1105 1673 1143 dicetur,
1699 1106 1836 1139 ardenti
1855 1107 1972 1139 studio
1990 1114 2201 1150 comparata,

1220 1157 1326 1188 latere
1349 1160 1421 1187 non
1444 1156 1569 1198 potuit.
1628 1155 1747 1200 ltaque
1770 1157 1873 1189 etiam
1898 1169 1917 1189 a
1933 1157 2111 1200 prioribus
2132 1156 2201 1189 lm-

1222 1206 1458 1250 peratoribuS,
1494 1206 1680 1249 praecipue
1724 1218 1805 1238 vero
1841 1208 2026 1250 postremis
2055 1208 2204 1248 duobus,

1222 1268 1308 1301 quos
1324 1256 1406 1293 dixi,
1425 1257 1467 1287 ad
1485 1256 1672 1298 dignitates
1689 1257 1858 1289 militares
1876 1264 2013 1290 evectus
2031 1265 2091 1292 est.
2129 1256 2202 1290 Or-

1221 1307 1321 1338 dines
1339 1312 1453 1337 autem
1472 1311 1505 1337 et
1521 1311 1653 1337 turmas
1671 1307 1770 1338 duxit
1786 1307 1821 1337 in
1833 1306 2016 1349 Hispaniis
2031 1315 2064 1341 et
2073 1307 2204 1346 Africa,

1223 1355 1407 1398 praecipue
1434 1366 1516 1386 vero
1542 1354 1578 1385 in
1605 1353 1795 1387 Germania
1827 1363 1965 1397 nostra,
2002 1358 2038 1390 in
2063 1370 2129 1402 qua
2156 1359 2204 1392 ita

1222 1406 1284 1438 diu
1309 1411 1464 1438 versatus
1482 1411 1548 1444 est,
1574 1411 1613 1437 ut
1636 1406 1843 1449 conquisitis
1867 1414 1898 1440 et
1914 1408 2134 1450 perlustratis
2149 1410 2203 1442 di-

1221 1456 1370 1498 ligenter
1387 1455 1595 1494 annalibus,
1622 1456 1741 1488 omnia
1766 1456 1879 1495 bella,
1900 1469 1989 1501 quae
2012 1470 2090 1491 cum
2111 1458 2202 1492 Ger-

1223 1506 1337 1538 manis
1353 1506 1394 1538 ad
1415 1516 1474 1537 sua
1487 1516 1597 1549 usque
1614 1512 1770 1549 tempora
1797 1519 1815 1539 a
1830 1505 2002 1541 Romanis
2020 1516 2110 1551 gesta
2128 1510 2204 1543 fue-

1223 1563 1322 1599 rant,
1351 1556 1589 1599 descripserit,
1625 1556 1749 1599 viginti
1777 1569 1814 1590 ea
1839 1558 2081 1593 voluminibus
2108 1573 2204 1593 com-

1223 1608 1362 1651 plexus,
1399 1607 1459 1651 qui
1486 1606 1570 1638 libri
1596 1607 1624 1638 si
1660 1613 1834 1645 extarent,
1870 1606 2078 1643 haberemus
2109 1609 2203 1645 haud

1223 1658 1330 1691 dubie
1348 1664 1380 1690 et
1395 1658 1596 1699 regionum,
1624 1664 1658 1690 et
1677 1659 1888 1701 populorum
1908 1658 2202 1695 Germanicorum

1223 1708 1451 1742 certissimam
1466 1707 1750 1751 descriptionem,
1773 1722 1878 1754 quam
1895 1722 1991 1744 nunc
2009 1723 2109 1756 saepe
2125 1725 2203 1747 cum

1223 1760 1345 1793 dolore
1367 1759 1616 1792 desideramus.

1325 1808 1598 1843 Commendatae
1630 1810 1734 1842 etiam
1765 1811 1795 1842 ei
1828 1811 1973 1846 fuerunt
1995 1813 2038 1845 ab
2070 1814 2205 1858 aliquot

1226 1860 1501 1905 imperatoribus
1516 1872 1633 1893 rerum
1652 1860 1958 1904 imperatoriarum
1986 1865 2205 1907 procuratio-

1224 1924 1305 1952 nes,
1338 1911 1376 1943 in
1407 1911 1534 1956 quibus
1566 1923 1645 1944 cum
1669 1911 1773 1944 fidem
1797 1919 1830 1946 et
1861 1914 2079 1956 diligentiam
2105 1926 2202 1949 suam

1224 1962 1449 2005 Principibus
1467 1962 1662 2005 probasset,
1691 1964 1851 2006 pervenit
1865 1965 1908 1996 ad
1926 1976 2068 2008 magnas
2084 1978 2178 2010 opeS.

1328 2012 1559 2056 Praecipuum
1576 2020 1703 2053 autem,
1732 2025 1794 2046 cur
1811 2015 1854 2046 de
1871 2012 1937 2047 hoc
1954 2013 2102 2049 authore
2116 2014 2205 2049 mihi

1226 2062 1283 2097 hic
1304 2064 1492 2096 dicendum
1516 2070 1675 2107 putarem
1688 2091 1696 2104 ,
1725 2071 1775 2098 est
1791 2065 1887 2098 illius
1904 2066 2112 2100 incredibile
2129 2075 2203 2101 stu-

1225 2116 1324 2148 dium
1351 2114 1490 2157 legendi
1516 2121 1549 2146 et
1573 2116 1767 2148 annotandi
1786 2128 1842 2156 ea,
1871 2129 1960 2161 quae
1980 2117 2072 2150 inter
2087 2118 2205 2161 legen—

1225 2167 1310 2199 dum
1332 2165 1576 2198 observatione
1601 2166 1706 2208 digna
1737 2174 1983 2207 occurrerunt,
2018 2180 2121 2212 quam
2151 2181 2204 2201 as-

1225 2217 1426 2249 siduitatem
1467 2216 1575 2260 ipsius
1617 2217 1815 2250 luculenter
1852 2218 2032 2261 descripsit
2075 2220 2205 2252 sororis

1226 2268 1336 2307 filius,
1361 2266 1498 2300 Plinius
1517 2266 1640 2300 lunior
1657 2267 1693 2299 in
1712 2265 1868 2311 Epistola
1884 2269 2034 2312 quadam
2059 2271 2100 2302 ad
2118 2269 2206 2303 Cae-

1226 2319 1367 2356 cilium,
1395 2318 1430 2349 in
1455 2330 1522 2362 qua
1549 2318 1654 2357 dicit,
1681 2318 1895 2351 avunculum
1913 2330 2035 2357 suum,
2064 2332 2107 2352 ne
2126 2321 2206 2365 qui-

1226 2371 1303 2402 dem
1323 2380 1423 2401 curae
1442 2369 1596 2412 corporis
1616 2381 1757 2413 operam
1776 2369 1929 2410 dedisse,
1957 2377 2016 2402 aut
2042 2382 2204 2404 coenasse

1226 2420 1300 2452 sine
1320 2420 1468 2452 lectione
1485 2420 1658 2453 librorum
1677 2426 1735 2452 aut
1759 2419 2025 2454 auscultatione.
2079 2421 2205 2456 Surrem

1225 2471 1314 2503 xisse
1335 2470 1531 2515 plerunque
1556 2471 1706 2503 secunda
1732 2467 1818 2502 hora
1844 2471 1975 2511 noctis,
2002 2478 2040 2505 ut
2056 2484 2120 2506 nos
2139 2485 2206 2506 nu-

1225 2532 1421 2559 meramus,
1452 2521 1629 2554 interdum
1659 2520 1792 2564 prima,
1826 2532 1925 2565 saepe
1955 2522 2059 2555 etiam
2090 2524 2204 2557 media

1226 2579 1346 2612 nocte,
1372 2572 1462 2606 sicut
1486 2573 1559 2616 ipse
1581 2577 1727 2604 testatur
1739 2570 1896 2612 Plinius,
1922 2584 1957 2605 se
1979 2585 2056 2605 cum
2082 2585 2205 2607 somno

1226 2622 1464 2657 valetudinem
1494 2627 1731 2665 computasse,
1769 2618 1835 2655 hoc
1869 2629 1937 2663 est,
1978 2635 2102 2657 somno
2133 2637 2204 2657 non

1226 2673 1304 2716 plus
1320 2673 1488 2717 temporis
1504 2672 1735 2715 impendisse,
1761 2685 1864 2718 quam
1891 2674 2086 2708 valetudini
2103 2682 2206 2709 tuen-
