<?xml version="1.0" encoding="UTF-8"?>
<!DOCTYPE html PUBLIC "-//W3C//DTD XHTML 1.0 Transitional//EN"
    "http://www.w3.org/TR/xhtml1/DTD/xhtml1-transitional.dtd">
<html xmlns="http://www.w3.org/1999/xhtml" xml:lang="en" lang="en">
 <head>
  <title>
</title>
<meta http-equiv="Content-Type" content="text/html;charset=utf-8" />
  <meta name='ocr-system' content='tesseract 3.04.00' />
  <meta name='ocr-capabilities' content='ocr_page ocr_carea ocr_par ocr_line ocrx_word'/>
</head>
<body>
  <div class='ocr_page' id='page_1' title='image "./operaquaesupersu12melauoft_0218.png"; bbox 0 0 2324 2955; ppageno 0'>
   <div class='ocr_carea' id='block_1_1' title="bbox 168 103 241 141">
    <p class='ocr_par' dir='ltr' id='par_1_1' title="bbox 168 103 241 141">
     <span class='ocr_line' id='line_1_1' title="bbox 168 103 241 141; baseline -0.055 0"><span class='ocrx_word' id='word_1_1' title='bbox 168 103 241 141; x_wconf 84' lang='lat'>419</span> 
     </span>
    </p>
   </div>
   <div class='ocr_carea' id='block_1_2' title="bbox 169 181 1162 2645">
    <p class='ocr_par' dir='ltr' id='par_1_2' title="bbox 179 181 1162 986">
     <span class='ocr_line' id='line_1_2' title="bbox 179 181 1158 233; baseline -0.005 -10"><span class='ocrx_word' id='word_1_2' title='bbox 179 200 251 223; x_wconf 89' lang='lat' dir='ltr'>esse</span> <span class='ocrx_word' id='word_1_3' title='bbox 266 188 406 233; x_wconf 87' lang='lat' dir='ltr'>quidem</span> <span class='ocrx_word' id='word_1_4' title='bbox 425 191 578 231; x_wconf 84' lang='lat' dir='ltr'>peccata,</span> <span class='ocrx_word' id='word_1_5' title='bbox 600 182 658 216; x_wconf 91' lang='lat' dir='ltr'>sed</span> <span class='ocrx_word' id='word_1_6' title='bbox 679 193 717 216; x_wconf 87' lang='lat' dir='ltr'>ea</span> <span class='ocrx_word' id='word_1_7' title='bbox 735 181 822 226; x_wconf 84' lang='lat' dir='ltr'>tegi,</span> <span class='ocrx_word' id='word_1_8' title='bbox 849 182 885 216; x_wconf 90' lang='lat' dir='ltr'>id</span> <span class='ocrx_word' id='word_1_9' title='bbox 905 190 974 224; x_wconf 88' lang='lat' dir='ltr'>est,</span> <span class='ocrx_word' id='word_1_10' title='bbox 1000 195 1072 217; x_wconf 92' lang='lat' dir='ltr'>non</span> <span class='ocrx_word' id='word_1_11' title='bbox 1091 185 1158 218; x_wconf 89' lang='lat' dir='ltr'>im-</span> 
     </span>
     <span class='ocr_line' id='line_1_3' title="bbox 181 234 1159 285; baseline -0.005 -11"><span class='ocrx_word' id='word_1_12' title='bbox 181 240 297 285; x_wconf 85' lang='lat' dir='ltr'>putari</span> <span class='ocrx_word' id='word_1_13' title='bbox 311 240 354 271; x_wconf 87' lang='lat' dir='ltr'>ad</span> <span class='ocrx_word' id='word_1_14' title='bbox 377 247 525 281; x_wconf 90' lang='lat' dir='ltr'>poenam</span> <span class='ocrx_word' id='word_1_15' title='bbox 551 240 747 274; x_wconf 88' lang='lat' dir='ltr'>aeternam,</span> <span class='ocrx_word' id='word_1_16' title='bbox 773 245 846 267; x_wconf 91' lang='lat' dir='ltr'>non</span> <span class='ocrx_word' id='word_1_17' title='bbox 870 234 1100 278; x_wconf 82' lang='lat' dir='ltr'>pronunciari</span> <span class='ocrx_word' id='word_1_18' title='bbox 1120 243 1159 269; x_wconf 89' lang='lat' dir='ltr'>ut</span> 
     </span>
     <span class='ocr_line' id='line_1_4' title="bbox 181 282 1160 335; baseline -0.003 -12"><span class='ocrx_word' id='word_1_19' title='bbox 181 300 330 335; x_wconf 84' lang='lat' dir='ltr'>persona</span> <span class='ocrx_word' id='word_1_20' title='bbox 345 288 389 320; x_wconf 90' lang='lat' dir='ltr'>sit</span> <span class='ocrx_word' id='word_1_21' title='bbox 401 288 577 318; x_wconf 85' lang='lat' dir='ltr'>damnata.</span> <span class='ocrx_word' id='word_1_22' title='bbox 627 282 676 318; x_wconf 87' lang='lat' dir='ltr'>Et</span> <span class='ocrx_word' id='word_1_23' title='bbox 692 284 799 318; x_wconf 89' lang='lat' dir='ltr'>verbo</span> <span class='ocrx_word' id='word_1_24' title='bbox 823 285 963 328; x_wconf 85' lang='lat' dir='ltr'>tegendi</span> <span class='ocrx_word' id='word_1_25' title='bbox 985 286 1160 329; x_wconf 84' lang='lat' dir='ltr'>significa-</span> 
     </span>
     <span class='ocr_line' id='line_1_5' title="bbox 183 334 1158 382; baseline -0.002 -9"><span class='ocrx_word' id='word_1_26' title='bbox 183 348 240 374; x_wconf 89' lang='lat' dir='ltr'>tur</span> <span class='ocrx_word' id='word_1_27' title='bbox 253 338 424 371; x_wconf 78' lang='lat' dir='ltr'>mediator</span> <span class='ocrx_word' id='word_1_28' title='bbox 441 335 533 369; x_wconf 85' lang='lat' dir='ltr'>filius</span> <span class='ocrx_word' id='word_1_29' title='bbox 550 334 634 375; x_wconf 89' lang='lat' dir='ltr'>Dei,</span> <span class='ocrx_word' id='word_1_30' title='bbox 661 335 723 379; x_wconf 88' lang='lat' dir='ltr'>qui</span> <span class='ocrx_word' id='word_1_31' title='bbox 740 341 789 369; x_wconf 90' lang='lat' dir='ltr'>est</span> <span class='ocrx_word' id='word_1_32' title='bbox 805 336 1063 375; x_wconf 88' lang='lat' dir='ltr'>umbraculum,</span> <span class='ocrx_word' id='word_1_33' title='bbox 1088 349 1158 382; x_wconf 92' lang='lat' dir='ltr'>quo</span> 
     </span>
     <span class='ocr_line' id='line_1_6' title="bbox 182 385 1159 431; baseline 0 -10"><span class='ocrx_word' id='word_1_34' title='bbox 182 389 350 431; x_wconf 81' lang='lat' dir='ltr'>tegimur,</span> <span class='ocrx_word' id='word_1_35' title='bbox 376 386 457 431; x_wconf 83' lang='lat' dir='ltr'>quia</span> <span class='ocrx_word' id='word_1_36' title='bbox 474 386 548 430; x_wconf 88' lang='lat' dir='ltr'>ipse</span> <span class='ocrx_word' id='word_1_37' title='bbox 565 385 602 418; x_wconf 91' lang='lat' dir='ltr'>in</span> <span class='ocrx_word' id='word_1_38' title='bbox 617 396 688 418; x_wconf 89' lang='lat' dir='ltr'>sese</span> <span class='ocrx_word' id='word_1_39' title='bbox 704 385 878 421; x_wconf 78' lang='lat' dir='ltr'>derivavit</span> <span class='ocrx_word' id='word_1_40' title='bbox 891 386 991 428; x_wconf 87' lang='lat' dir='ltr'>iram,</span> <span class='ocrx_word' id='word_1_41' title='bbox 1015 398 1078 431; x_wconf 89' lang='lat' dir='ltr'>pro</span> <span class='ocrx_word' id='word_1_42' title='bbox 1094 399 1159 421; x_wconf 92' lang='lat' dir='ltr'>no-</span> 
     </span>
     <span class='ocr_line' id='line_1_7' title="bbox 182 434 1160 483; baseline 0 -11"><span class='ocrx_word' id='word_1_43' title='bbox 182 440 237 473; x_wconf 90' lang='lat' dir='ltr'>bis</span> <span class='ocrx_word' id='word_1_44' title='bbox 261 437 424 471; x_wconf 72' lang='lat' dir='ltr'>satisfecit</span> <span class='ocrx_word' id='word_1_45' title='bbox 447 436 604 470; x_wconf 87' lang='lat' dir='ltr'>iusticiae</span> <span class='ocrx_word' id='word_1_46' title='bbox 618 434 705 477; x_wconf 90' lang='lat' dir='ltr'>Dei,</span> <span class='ocrx_word' id='word_1_47' title='bbox 729 443 762 470; x_wconf 91' lang='lat' dir='ltr'>et</span> <span class='ocrx_word' id='word_1_48' title='bbox 785 436 855 470; x_wconf 86' lang='lat' dir='ltr'>iam</span> <span class='ocrx_word' id='word_1_49' title='bbox 879 449 1020 483; x_wconf 89' lang='lat' dir='ltr'>quoque</span> <span class='ocrx_word' id='word_1_50' title='bbox 1035 438 1160 482; x_wconf 90' lang='lat' dir='ltr'>depre-</span> 
     </span>
     <span class='ocr_line' id='line_1_8' title="bbox 183 487 1160 531; baseline 0 -9"><span class='ocrx_word' id='word_1_51' title='bbox 183 496 279 523; x_wconf 89' lang='lat' dir='ltr'>cator</span> <span class='ocrx_word' id='word_1_52' title='bbox 301 494 369 528; x_wconf 89' lang='lat' dir='ltr'>est,</span> <span class='ocrx_word' id='word_1_53' title='bbox 394 494 429 520; x_wconf 88' lang='lat' dir='ltr'>et</span> <span class='ocrx_word' id='word_1_54' title='bbox 453 493 597 531; x_wconf 87' lang='lat' dir='ltr'>propter</span> <span class='ocrx_word' id='word_1_55' title='bbox 619 499 698 520; x_wconf 90' lang='lat' dir='ltr'>eum</span> <span class='ocrx_word' id='word_1_56' title='bbox 725 487 826 521; x_wconf 89' lang='lat' dir='ltr'>nobis</span> <span class='ocrx_word' id='word_1_57' title='bbox 841 489 1017 531; x_wconf 87' lang='lat' dir='ltr'>parcitur,</span> <span class='ocrx_word' id='word_1_58' title='bbox 1043 495 1076 522; x_wconf 91' lang='lat' dir='ltr'>et</span> <span class='ocrx_word' id='word_1_59' title='bbox 1093 489 1160 522; x_wconf 91' lang='lat' dir='ltr'>im-</span> 
     </span>
     <span class='ocr_line' id='line_1_9' title="bbox 183 537 1160 584; baseline 0.001 -12"><span class='ocrx_word' id='word_1_60' title='bbox 183 546 327 584; x_wconf 81' lang='lat' dir='ltr'><strong>putatur</strong></span> <span class='ocrx_word' id='word_1_61' title='bbox 345 538 447 570; x_wconf 88' lang='lat' dir='ltr'>nobis</span> <span class='ocrx_word' id='word_1_62' title='bbox 470 537 579 582; x_wconf 87' lang='lat' dir='ltr'>ipsius</span> <span class='ocrx_word' id='word_1_63' title='bbox 604 537 756 578; x_wconf 87' lang='lat' dir='ltr'>iusticia,</span> <span class='ocrx_word' id='word_1_64' title='bbox 784 538 872 572; x_wconf 90' lang='lat' dir='ltr'>sicut</span> <span class='ocrx_word' id='word_1_65' title='bbox 887 538 1018 572; x_wconf 90' lang='lat' dir='ltr'>Paulus</span> <span class='ocrx_word' id='word_1_66' title='bbox 1043 539 1160 584; x_wconf 87' lang='lat' dir='ltr'>inquit</span> 
     </span>
     <span class='ocr_line' id='line_1_10' title="bbox 183 588 1160 633; baseline -0.001 -10"><span class='ocrx_word' id='word_1_67' title='bbox 183 588 288 624; x_wconf 79' lang='lat' dir='ltr'>Rom.</span> <span class='ocrx_word' id='word_1_68' title='bbox 305 588 357 622; x_wconf 86' lang='lat'>5.:</span> <span class='ocrx_word' id='word_1_69' title='bbox 392 588 539 633; x_wconf 89' lang='lat' dir='ltr'>Propter</span> <span class='ocrx_word' id='word_1_70' title='bbox 556 588 660 621; x_wconf 91' lang='lat' dir='ltr'>unius</span> <span class='ocrx_word' id='word_1_71' title='bbox 679 589 916 622; x_wconf 81' lang='lat' dir='ltr'>obedientiam</span> <span class='ocrx_word' id='word_1_72' title='bbox 933 589 1014 623; x_wconf 90' lang='lat' dir='ltr'>iusti</span> <span class='ocrx_word' id='word_1_73' title='bbox 1031 591 1160 624; x_wconf 89' lang='lat' dir='ltr'>consti-</span> 
     </span>
     <span class='ocr_line' id='line_1_11' title="bbox 184 638 1161 683; baseline 0.001 -10"><span class='ocrx_word' id='word_1_74' title='bbox 184 646 329 673; x_wconf 80' lang='lat' dir='ltr'>tuentur</span> <span class='ocrx_word' id='word_1_75' title='bbox 345 639 459 673; x_wconf 83' lang='lat' dir='ltr'>multi.</span> <span class='ocrx_word' id='word_1_76' title='bbox 509 639 614 672; x_wconf 85' lang='lat' dir='ltr'>Item:</span> <span class='ocrx_word' id='word_1_77' title='bbox 642 638 715 672; x_wconf 87' lang='lat' dir='ltr'>Iam</span> <span class='ocrx_word' id='word_1_78' title='bbox 732 651 803 672; x_wconf 92' lang='lat' dir='ltr'>non</span> <span class='ocrx_word' id='word_1_79' title='bbox 821 639 903 672; x_wconf 90' lang='lat' dir='ltr'>estis</span> <span class='ocrx_word' id='word_1_80' title='bbox 919 641 985 673; x_wconf 91' lang='lat' dir='ltr'>sub</span> <span class='ocrx_word' id='word_1_81' title='bbox 1003 641 1087 683; x_wconf 84' lang='lat' dir='ltr'>lege,</span> <span class='ocrx_word' id='word_1_82' title='bbox 1102 641 1161 674; x_wconf 87' lang='lat' dir='ltr'>sed</span> 
     </span>
     <span class='ocr_line' id='line_1_12' title="bbox 183 684 1161 735; baseline 0 -11"><span class='ocrx_word' id='word_1_83' title='bbox 183 691 249 724; x_wconf 87' lang='lat' dir='ltr'>sub</span> <span class='ocrx_word' id='word_1_84' title='bbox 265 684 387 733; x_wconf 75' lang='lat' dir='ltr'>gratia,</span> <span class='ocrx_word' id='word_1_85' title='bbox 405 688 509 723; x_wconf 86' lang='lat' dir='ltr'>Rom.</span> <span class='ocrx_word' id='word_1_86' title='bbox 526 690 577 729; x_wconf 90' lang='grc'>6,,</span> <span class='ocrx_word' id='word_1_87' title='bbox 598 689 632 722; x_wconf 90' lang='lat' dir='ltr'>id</span> <span class='ocrx_word' id='word_1_88' title='bbox 652 696 712 728; x_wconf 87' lang='lat' dir='ltr'>cst,</span> <span class='ocrx_word' id='word_1_89' title='bbox 735 702 808 723; x_wconf 91' lang='lat' dir='ltr'>non</span> <span class='ocrx_word' id='word_1_90' title='bbox 825 690 906 724; x_wconf 89' lang='lat' dir='ltr'>estis</span> <span class='ocrx_word' id='word_1_91' title='bbox 923 691 1050 735; x_wconf 84' lang='lat' dir='ltr'>captivi</span> <span class='ocrx_word' id='word_1_92' title='bbox 1066 691 1161 734; x_wconf 86' lang='lat' dir='ltr'>legis,</span> 
     </span>
     <span class='ocr_line' id='line_1_13' title="bbox 183 740 1162 784; baseline 0.002 -11"><span class='ocrx_word' id='word_1_93' title='bbox 183 742 242 774; x_wconf 91' lang='lat' dir='ltr'>sed</span> <span class='ocrx_word' id='word_1_94' title='bbox 262 741 389 783; x_wconf 75' lang='lat' dir='ltr'>tegitur</span> <span class='ocrx_word' id='word_1_95' title='bbox 407 746 520 773; x_wconf 89' lang='lat' dir='ltr'>vestra</span> <span class='ocrx_word' id='word_1_96' title='bbox 536 740 720 773; x_wconf 84' lang='lat' dir='ltr'>infirmitas</span> <span class='ocrx_word' id='word_1_97' title='bbox 742 741 893 784; x_wconf 86' lang='lat' dir='ltr'>gratuita</span> <span class='ocrx_word' id='word_1_98' title='bbox 910 742 1162 782; x_wconf 82' lang='lat' dir='ltr'>misericordia,</span> 
     </span>
     <span class='ocr_line' id='line_1_14' title="bbox 183 791 1162 836; baseline 0.001 -12"><span class='ocrx_word' id='word_1_99' title='bbox 183 791 387 824; x_wconf 84' lang='lat' dir='ltr'>remissione</span> <span class='ocrx_word' id='word_1_100' title='bbox 400 797 432 823; x_wconf 91' lang='lat' dir='ltr'>et</span> <span class='ocrx_word' id='word_1_101' title='bbox 445 791 730 823; x_wconf 75' lang='lat' dir='ltr'>reconciliatione</span> <span class='ocrx_word' id='word_1_102' title='bbox 743 793 872 825; x_wconf 88' lang='lat' dir='ltr'>donata</span> <span class='ocrx_word' id='word_1_103' title='bbox 884 799 1028 836; x_wconf 89' lang='lat' dir='ltr'>propter</span> <span class='ocrx_word' id='word_1_104' title='bbox 1038 793 1162 831; x_wconf 89' lang='lat' dir='ltr'>filium,</span> 
     </span>
     <span class='ocr_line' id='line_1_15' title="bbox 183 839 1162 884; baseline 0.003 -10"><span class='ocrx_word' id='word_1_105' title='bbox 183 848 216 874; x_wconf 84' lang='lat' dir='ltr'>et</span> <span class='ocrx_word' id='word_1_106' title='bbox 238 853 300 884; x_wconf 89' lang='lat' dir='ltr'>per</span> <span class='ocrx_word' id='word_1_107' title='bbox 322 852 412 874; x_wconf 92' lang='lat' dir='ltr'>eum.</span> <span class='ocrx_word' id='word_1_108' title='bbox 464 839 551 873; x_wconf 90' lang='lat' dir='ltr'>Item</span> <span class='ocrx_word' id='word_1_109' title='bbox 568 839 672 875; x_wconf 81' lang='lat' dir='ltr'>Rom.</span> <span class='ocrx_word' id='word_1_110' title='bbox 690 839 741 874; x_wconf 84' lang='lat'>5.:</span> <span class='ocrx_word' id='word_1_111' title='bbox 779 841 902 876; x_wconf 80' lang='lat' dir='ltr'>Gratia</span> <span class='ocrx_word' id='word_1_112' title='bbox 922 843 1087 877; x_wconf 83' lang='lat' dir='ltr'>exuberat</span> <span class='ocrx_word' id='word_1_113' title='bbox 1104 854 1162 876; x_wconf 92' lang='lat' dir='ltr'>su-</span> 
     </span>
     <span class='ocr_line' id='line_1_16' title="bbox 181 889 1162 935; baseline 0.003 -11"><span class='ocrx_word' id='word_1_114' title='bbox 181 903 245 935; x_wconf 91' lang='lat' dir='ltr'>pra</span> <span class='ocrx_word' id='word_1_115' title='bbox 261 897 450 935; x_wconf 88' lang='lat' dir='ltr'>peccatum.</span> <span class='ocrx_word' id='word_1_116' title='bbox 479 889 564 924; x_wconf 87' lang='lat' dir='ltr'>Item</span> <span class='ocrx_word' id='word_1_117' title='bbox 581 890 685 925; x_wconf 87' lang='lat' dir='ltr'>Rom.</span> <span class='ocrx_word' id='word_1_118' title='bbox 704 893 752 926; x_wconf 86' lang='lat'>8.:</span> <span class='ocrx_word' id='word_1_119' title='bbox 777 892 883 926; x_wconf 80' lang='lat' dir='ltr'>Nulla</span> <span class='ocrx_word' id='word_1_120' title='bbox 900 905 995 926; x_wconf 91' lang='lat' dir='ltr'>nunc</span> <span class='ocrx_word' id='word_1_121' title='bbox 1010 900 1061 927; x_wconf 89' lang='lat' dir='ltr'>est</span> <span class='ocrx_word' id='word_1_122' title='bbox 1076 906 1162 927; x_wconf 88' lang='lat' dir='ltr'>con-</span> 
     </span>
     <span class='ocr_line' id='line_1_17' title="bbox 183 938 1109 986; baseline 0.002 -11"><span class='ocrx_word' id='word_1_123' title='bbox 183 941 361 981; x_wconf 85' lang='lat' dir='ltr'>demnatio</span> <span class='ocrx_word' id='word_1_124' title='bbox 380 941 416 973; x_wconf 91' lang='lat' dir='ltr'>in</span> <span class='ocrx_word' id='word_1_125' title='bbox 431 938 498 980; x_wconf 88' lang='lat' dir='ltr'>his,</span> <span class='ocrx_word' id='word_1_126' title='bbox 525 941 586 986; x_wconf 92' lang='lat' dir='ltr'>qui</span> <span class='ocrx_word' id='word_1_127' title='bbox 604 943 786 976; x_wconf 87' lang='lat' dir='ltr'>ambulant</span> <span class='ocrx_word' id='word_1_128' title='bbox 804 943 841 975; x_wconf 89' lang='lat' dir='ltr'>in</span> <span class='ocrx_word' id='word_1_129' title='bbox 858 941 1000 977; x_wconf 90' lang='lat' dir='ltr'>Christo</span> <span class='ocrx_word' id='word_1_130' title='bbox 1023 943 1109 977; x_wconf 83' lang='lat' dir='ltr'>Iesu.</span> 
     </span>
    </p>

    <p class='ocr_par' dir='ltr' id='par_1_3' title="bbox 177 990 1162 2092">
     <span class='ocr_line' id='line_1_18' title="bbox 284 990 1161 1035; baseline 0.001 -10"><span class='ocrx_word' id='word_1_131' title='bbox 284 990 361 1025; x_wconf 79' lang='lat' dir='ltr'>Etsi</span> <span class='ocrx_word' id='word_1_132' title='bbox 386 991 492 1034; x_wconf 85' lang='lat' dir='ltr'>igitur</span> <span class='ocrx_word' id='word_1_133' title='bbox 513 992 715 1035; x_wconf 84' lang='lat' dir='ltr'>planissime</span> <span class='ocrx_word' id='word_1_134' title='bbox 744 994 975 1034; x_wconf 79' lang='lat' dir='ltr'>affirmamus,</span> <span class='ocrx_word' id='word_1_135' title='bbox 1008 994 1046 1027; x_wconf 92' lang='lat' dir='ltr'>in</span> <span class='ocrx_word' id='word_1_136' title='bbox 1076 1006 1161 1028; x_wconf 90' lang='lat' dir='ltr'>con-</span> 
     </span>
     <span class='ocr_line' id='line_1_19' title="bbox 182 1041 1162 1088; baseline 0.001 -13"><span class='ocrx_word' id='word_1_137' title='bbox 182 1053 284 1075; x_wconf 88' lang='lat' dir='ltr'>verso</span> <span class='ocrx_word' id='word_1_138' title='bbox 308 1041 383 1075; x_wconf 88' lang='lat' dir='ltr'>fieri</span> <span class='ocrx_word' id='word_1_139' title='bbox 413 1042 710 1085; x_wconf 78' lang='lat' dir='ltr'>regenerationem</span> <span class='ocrx_word' id='word_1_140' title='bbox 740 1050 772 1077; x_wconf 89' lang='lat' dir='ltr'>et</span> <span class='ocrx_word' id='word_1_141' title='bbox 803 1044 1076 1078; x_wconf 83' lang='lat' dir='ltr'>vivificationem</span> <span class='ocrx_word' id='word_1_142' title='bbox 1101 1056 1162 1088; x_wconf 88' lang='lat' dir='ltr'>per</span> 
     </span>
     <span class='ocr_line' id='line_1_20' title="bbox 182 1092 1159 1127; baseline 0.002 -2"><span class='ocrx_word' id='word_1_143' title='bbox 182 1092 313 1126; x_wconf 87' lang='lat' dir='ltr'>filium:</span> <span class='ocrx_word' id='word_1_144' title='bbox 341 1099 456 1126; x_wconf 91' lang='lat' dir='ltr'>tamen</span> <span class='ocrx_word' id='word_1_145' title='bbox 481 1104 554 1126; x_wconf 91' lang='lat' dir='ltr'>non</span> <span class='ocrx_word' id='word_1_146' title='bbox 580 1093 693 1126; x_wconf 88' lang='lat' dir='ltr'>solum</span> <span class='ocrx_word' id='word_1_147' title='bbox 717 1094 761 1126; x_wconf 92' lang='lat' dir='ltr'>de</span> <span class='ocrx_word' id='word_1_148' title='bbox 776 1094 959 1127; x_wconf 79' lang='lat' dir='ltr'>effectione</span> <span class='ocrx_word' id='word_1_149' title='bbox 972 1094 1159 1127; x_wconf 85' lang='lat' dir='ltr'>dicendum</span> 
     </span>
     <span class='ocr_line' id='line_1_21' title="bbox 182 1140 1160 1183; baseline 0.001 -8"><span class='ocrx_word' id='word_1_150' title='bbox 182 1149 245 1183; x_wconf 90' lang='lat' dir='ltr'>est,</span> <span class='ocrx_word' id='word_1_151' title='bbox 262 1143 320 1176; x_wconf 89' lang='lat' dir='ltr'>sed</span> <span class='ocrx_word' id='word_1_152' title='bbox 337 1143 442 1176; x_wconf 86' lang='lat' dir='ltr'>etiam</span> <span class='ocrx_word' id='word_1_153' title='bbox 455 1143 497 1176; x_wconf 87' lang='lat' dir='ltr'>de</span> <span class='ocrx_word' id='word_1_154' title='bbox 508 1140 573 1176; x_wconf 89' lang='lat' dir='ltr'>hac</span> <span class='ocrx_word' id='word_1_155' title='bbox 585 1143 823 1177; x_wconf 83' lang='lat' dir='ltr'>consolatione</span> <span class='ocrx_word' id='word_1_156' title='bbox 838 1145 1032 1178; x_wconf 89' lang='lat' dir='ltr'>necessaria</span> <span class='ocrx_word' id='word_1_157' title='bbox 1045 1144 1160 1178; x_wconf 91' lang='lat' dir='ltr'>omni-</span> 
     </span>
     <span class='ocr_line' id='line_1_22' title="bbox 181 1193 1159 1237; baseline 0 -11"><span class='ocrx_word' id='word_1_158' title='bbox 181 1194 249 1227; x_wconf 86' lang='lat' dir='ltr'>hus</span> <span class='ocrx_word' id='word_1_159' title='bbox 275 1193 402 1226; x_wconf 89' lang='lat' dir='ltr'>sanctis</span> <span class='ocrx_word' id='word_1_160' title='bbox 426 1193 463 1225; x_wconf 88' lang='lat' dir='ltr'>in</span> <span class='ocrx_word' id='word_1_161' title='bbox 487 1200 673 1237; x_wconf 89' lang='lat' dir='ltr'>conspectu</span> <span class='ocrx_word' id='word_1_162' title='bbox 697 1206 777 1227; x_wconf 86' lang='lat' dir='ltr'>suae</span> <span class='ocrx_word' id='word_1_163' title='bbox 799 1194 1036 1237; x_wconf 86' lang='lat' dir='ltr'>indignitatis,</span> <span class='ocrx_word' id='word_1_164' title='bbox 1063 1202 1096 1228; x_wconf 90' lang='lat' dir='ltr'>et</span> <span class='ocrx_word' id='word_1_165' title='bbox 1122 1195 1159 1227; x_wconf 90' lang='lat' dir='ltr'>in</span> 
     </span>
     <span class='ocr_line' id='line_1_23' title="bbox 181 1243 1160 1287; baseline 0 -10"><span class='ocrx_word' id='word_1_166' title='bbox 181 1255 265 1277; x_wconf 87' lang='lat' dir='ltr'>vero</span> <span class='ocrx_word' id='word_1_167' title='bbox 282 1255 409 1287; x_wconf 85' lang='lat' dir='ltr'>agone,</span> <span class='ocrx_word' id='word_1_168' title='bbox 429 1243 492 1276; x_wconf 90' lang='lat' dir='ltr'>ubi</span> <span class='ocrx_word' id='word_1_169' title='bbox 509 1255 647 1277; x_wconf 89' lang='lat' dir='ltr'>necesse</span> <span class='ocrx_word' id='word_1_170' title='bbox 665 1250 714 1277; x_wconf 89' lang='lat' dir='ltr'>est</span> <span class='ocrx_word' id='word_1_171' title='bbox 732 1245 835 1285; x_wconf 87' lang='lat' dir='ltr'>scire,</span> <span class='ocrx_word' id='word_1_172' title='bbox 862 1246 897 1278; x_wconf 87' lang='lat' dir='ltr'>in</span> <span class='ocrx_word' id='word_1_173' title='bbox 916 1245 1160 1278; x_wconf 88' lang='lat' dir='ltr'>iustificatione</span> 
     </span>
     <span class='ocr_line' id='line_1_24' title="bbox 180 1290 1160 1340; baseline 0 -13"><span class='ocrx_word' id='word_1_174' title='bbox 180 1305 318 1338; x_wconf 87' lang='lat' dir='ltr'>semper</span> <span class='ocrx_word' id='word_1_175' title='bbox 337 1290 624 1336; x_wconf 88' lang='lat' dir='ltr'>comprehensam</span> <span class='ocrx_word' id='word_1_176' title='bbox 648 1306 721 1327; x_wconf 88' lang='lat' dir='ltr'>esse</span> <span class='ocrx_word' id='word_1_177' title='bbox 743 1296 983 1328; x_wconf 84' lang='lat' dir='ltr'>remissionem</span> <span class='ocrx_word' id='word_1_178' title='bbox 999 1302 1160 1340; x_wconf 82' lang='lat' dir='ltr'>peccato-</span> 
     </span>
     <span class='ocr_line' id='line_1_25' title="bbox 179 1341 1158 1390; baseline 0 -14"><span class='ocrx_word' id='word_1_179' title='bbox 179 1355 278 1384; x_wconf 87' lang='lat' dir='ltr'>rum,</span> <span class='ocrx_word' id='word_1_180' title='bbox 305 1350 337 1377; x_wconf 86' lang='lat' dir='ltr'>et</span> <span class='ocrx_word' id='word_1_181' title='bbox 352 1341 416 1376; x_wconf 90' lang='lat' dir='ltr'>hac</span> <span class='ocrx_word' id='word_1_182' title='bbox 440 1343 525 1383; x_wconf 83' lang='lat' dir='ltr'>fide,</span> <span class='ocrx_word' id='word_1_183' title='bbox 552 1343 588 1376; x_wconf 88' lang='lat' dir='ltr'>id</span> <span class='ocrx_word' id='word_1_184' title='bbox 613 1351 683 1384; x_wconf 89' lang='lat' dir='ltr'>est,</span> <span class='ocrx_word' id='word_1_185' title='bbox 710 1345 835 1377; x_wconf 88' lang='lat' dir='ltr'>fiducia</span> <span class='ocrx_word' id='word_1_186' title='bbox 858 1345 1099 1390; x_wconf 86' lang='lat' dir='ltr'>acquiescente</span> <span class='ocrx_word' id='word_1_187' title='bbox 1122 1345 1158 1376; x_wconf 90' lang='lat' dir='ltr'>in</span> 
     </span>
     <span class='ocr_line' id='line_1_26' title="bbox 180 1392 1160 1437; baseline 0.001 -11"><span class='ocrx_word' id='word_1_188' title='bbox 180 1394 253 1427; x_wconf 87' lang='lat' dir='ltr'>filio</span> <span class='ocrx_word' id='word_1_189' title='bbox 270 1394 353 1435; x_wconf 87' lang='lat' dir='ltr'>Dei,</span> <span class='ocrx_word' id='word_1_190' title='bbox 379 1393 618 1437; x_wconf 88' lang='lat' dir='ltr'>accipiendam</span> <span class='ocrx_word' id='word_1_191' title='bbox 643 1405 733 1432; x_wconf 88' lang='lat' dir='ltr'>esse,</span> <span class='ocrx_word' id='word_1_192' title='bbox 762 1401 795 1428; x_wconf 90' lang='lat' dir='ltr'>et</span> <span class='ocrx_word' id='word_1_193' title='bbox 817 1392 901 1428; x_wconf 84' lang='lat' dir='ltr'>haec</span> <span class='ocrx_word' id='word_1_194' title='bbox 924 1395 1008 1427; x_wconf 90' lang='lat' dir='ltr'>fides</span> <span class='ocrx_word' id='word_1_195' title='bbox 1032 1395 1160 1428; x_wconf 88' lang='lat' dir='ltr'>nititur</span> 
     </span>
     <span class='ocr_line' id='line_1_27' title="bbox 178 1443 1158 1483; baseline -0.002 -5"><span class='ocrx_word' id='word_1_196' title='bbox 178 1445 372 1478; x_wconf 87' lang='lat' dir='ltr'>mediatore</span> <span class='ocrx_word' id='word_1_197' title='bbox 392 1451 425 1478; x_wconf 91' lang='lat' dir='ltr'>et</span> <span class='ocrx_word' id='word_1_198' title='bbox 447 1455 584 1477; x_wconf 88' lang='lat' dir='ltr'>summo</span> <span class='ocrx_word' id='word_1_199' title='bbox 612 1445 808 1483; x_wconf 85' lang='lat' dir='ltr'>sacerdote,</span> <span class='ocrx_word' id='word_1_200' title='bbox 838 1445 917 1478; x_wconf 90' lang='lat' dir='ltr'>Deo</span> <span class='ocrx_word' id='word_1_201' title='bbox 943 1452 977 1478; x_wconf 89' lang='lat' dir='ltr'>et</span> <span class='ocrx_word' id='word_1_202' title='bbox 1002 1443 1158 1480; x_wconf 83' lang='lat' dir='ltr'>homine.</span> 
     </span>
     <span class='ocr_line' id='line_1_28' title="bbox 179 1493 1158 1539; baseline -0.002 -11"><span class='ocrx_word' id='word_1_203' title='bbox 179 1493 275 1528; x_wconf 83' lang='lat' dir='ltr'>llaec</span> <span class='ocrx_word' id='word_1_204' title='bbox 296 1495 370 1538; x_wconf 88' lang='lat' dir='ltr'>ipsa</span> <span class='ocrx_word' id='word_1_205' title='bbox 387 1494 579 1527; x_wconf 85' lang='lat' dir='ltr'>consolatio</span> <span class='ocrx_word' id='word_1_206' title='bbox 603 1500 653 1527; x_wconf 90' lang='lat' dir='ltr'>est</span> <span class='ocrx_word' id='word_1_207' title='bbox 669 1495 810 1534; x_wconf 84' lang='lat' dir='ltr'>modus,</span> <span class='ocrx_word' id='word_1_208' title='bbox 834 1507 904 1539; x_wconf 88' lang='lat' dir='ltr'>quo</span> <span class='ocrx_word' id='word_1_209' title='bbox 923 1495 960 1527; x_wconf 81' lang='lat' dir='ltr'>fit</span> <span class='ocrx_word' id='word_1_210' title='bbox 976 1506 1158 1537; x_wconf 85' lang='lat' dir='ltr'>regenera-</span> 
     </span>
     <span class='ocr_line' id='line_1_29' title="bbox 180 1543 1158 1586; baseline -0.001 -8"><span class='ocrx_word' id='word_1_211' title='bbox 180 1545 248 1586; x_wconf 87' lang='lat' dir='ltr'>tio,</span> <span class='ocrx_word' id='word_1_212' title='bbox 274 1545 364 1578; x_wconf 90' lang='lat' dir='ltr'>sicut</span> <span class='ocrx_word' id='word_1_213' title='bbox 387 1544 424 1576; x_wconf 91' lang='lat' dir='ltr'>in</span> <span class='ocrx_word' id='word_1_214' title='bbox 446 1555 582 1576; x_wconf 88' lang='lat' dir='ltr'>summo</span> <span class='ocrx_word' id='word_1_215' title='bbox 601 1555 711 1586; x_wconf 82' lang='lat' dir='ltr'>agone</span> <span class='ocrx_word' id='word_1_216' title='bbox 728 1544 832 1577; x_wconf 86' lang='lat' dir='ltr'>sentit</span> <span class='ocrx_word' id='word_1_217' title='bbox 849 1543 954 1577; x_wconf 86' lang='lat' dir='ltr'>homo</span> <span class='ocrx_word' id='word_1_218' title='bbox 971 1556 1158 1577; x_wconf 81' lang='lat' dir='ltr'>conversus</span> 
     </span>
     <span class='ocr_line' id='line_1_30' title="bbox 179 1594 1156 1638; baseline -0.002 -10"><span class='ocrx_word' id='word_1_219' title='bbox 179 1606 215 1628; x_wconf 92' lang='lat' dir='ltr'>se</span> <span class='ocrx_word' id='word_1_220' title='bbox 239 1594 325 1637; x_wconf 86' lang='lat' dir='ltr'>erigi</span> <span class='ocrx_word' id='word_1_221' title='bbox 348 1594 604 1634; x_wconf 84' lang='lat' dir='ltr'>consolatione,</span> <span class='ocrx_word' id='word_1_222' title='bbox 631 1595 772 1638; x_wconf 89' lang='lat' dir='ltr'>quando</span> <span class='ocrx_word' id='word_1_223' title='bbox 797 1606 895 1627; x_wconf 90' lang='lat' dir='ltr'>mens</span> <span class='ocrx_word' id='word_1_224' title='bbox 920 1606 1082 1638; x_wconf 83' lang='lat' dir='ltr'>oppressa</span> <span class='ocrx_word' id='word_1_225' title='bbox 1102 1595 1156 1626; x_wconf 80' lang='lat' dir='ltr'>in·</span> 
     </span>
     <span class='ocr_line' id='line_1_31' title="bbox 179 1642 1157 1689; baseline -0.001 -11"><span class='ocrx_word' id='word_1_226' title='bbox 179 1646 341 1688; x_wconf 86' lang='lat' dir='ltr'>gentibus</span> <span class='ocrx_word' id='word_1_227' title='bbox 360 1644 560 1685; x_wconf 87' lang='lat' dir='ltr'>doloribus,</span> <span class='ocrx_word' id='word_1_228' title='bbox 598 1644 665 1677; x_wconf 84' lang='lat' dir='ltr'>fide</span> <span class='ocrx_word' id='word_1_229' title='bbox 688 1642 956 1689; x_wconf 88' lang='lat' dir='ltr'>apprehendens</span> <span class='ocrx_word' id='word_1_230' title='bbox 987 1645 1157 1678; x_wconf 75' lang='lat' dir='ltr'>mediato-</span> 
     </span>
     <span class='ocr_line' id='line_1_32' title="bbox 178 1694 1157 1734; baseline -0.001 -6"><span class='ocrx_word' id='word_1_231' title='bbox 178 1707 272 1733; x_wconf 81' lang='lat' dir='ltr'>rem,</span> <span class='ocrx_word' id='word_1_232' title='bbox 297 1694 450 1728; x_wconf 84' lang='lat' dir='ltr'>sentiens</span> <span class='ocrx_word' id='word_1_233' title='bbox 474 1706 509 1727; x_wconf 93' lang='lat' dir='ltr'>se</span> <span class='ocrx_word' id='word_1_234' title='bbox 531 1707 570 1727; x_wconf 88' lang='lat' dir='ltr'>ex</span> <span class='ocrx_word' id='word_1_235' title='bbox 596 1695 716 1728; x_wconf 82' lang='lat' dir='ltr'>inferis</span> <span class='ocrx_word' id='word_1_236' title='bbox 740 1702 772 1729; x_wconf 87' lang='lat' dir='ltr'>et</span> <span class='ocrx_word' id='word_1_237' title='bbox 796 1707 834 1728; x_wconf 86' lang='lat' dir='ltr'>ex</span> <span class='ocrx_word' id='word_1_238' title='bbox 852 1703 965 1729; x_wconf 92' lang='lat' dir='ltr'>morte</span> <span class='ocrx_word' id='word_1_239' title='bbox 982 1696 1098 1734; x_wconf 91' lang='lat' dir='ltr'>educi,</span> <span class='ocrx_word' id='word_1_240' title='bbox 1125 1702 1157 1728; x_wconf 80' lang='lat' dir='ltr'>ct</span> 
     </span>
     <span class='ocr_line' id='line_1_33' title="bbox 178 1743 1156 1789; baseline 0.002 -11"><span class='ocrx_word' id='word_1_241' title='bbox 178 1746 248 1778; x_wconf 89' lang='lat' dir='ltr'>iam</span> <span class='ocrx_word' id='word_1_242' title='bbox 266 1743 393 1779; x_wconf 82' lang='lat' dir='ltr'>habere</span> <span class='ocrx_word' id='word_1_243' title='bbox 411 1757 528 1789; x_wconf 88' lang='lat' dir='ltr'>pacem</span> <span class='ocrx_word' id='word_1_244' title='bbox 548 1746 641 1788; x_wconf 89' lang='lat' dir='ltr'>apud</span> <span class='ocrx_word' id='word_1_245' title='bbox 657 1744 782 1784; x_wconf 76' lang='lat' dir='ltr'>Deum.</span> <span class='ocrx_word' id='word_1_246' title='bbox 809 1746 898 1779; x_wconf 91' lang='lat' dir='ltr'>sicut</span> <span class='ocrx_word' id='word_1_247' title='bbox 915 1745 1053 1779; x_wconf 78' lang='lat' dir='ltr'>Psalmo</span> <span class='ocrx_word' id='word_1_248' title='bbox 1074 1746 1156 1781; x_wconf 77' lang='lat'>102.</span> 
     </span>
     <span class='ocr_line' id='line_1_34' title="bbox 180 1795 1157 1841; baseline -0.001 -12"><span class='ocrx_word' id='word_1_249' title='bbox 180 1796 328 1830; x_wconf 84' lang='lat' dir='ltr'>dicitur:</span> <span class='ocrx_word' id='word_1_250' title='bbox 356 1795 509 1828; x_wconf 88' lang='lat' dir='ltr'>Benedic</span> <span class='ocrx_word' id='word_1_251' title='bbox 527 1796 643 1828; x_wconf 90' lang='lat' dir='ltr'>anima</span> <span class='ocrx_word' id='word_1_252' title='bbox 661 1808 736 1828; x_wconf 82' lang='lat' dir='ltr'>mea</span> <span class='ocrx_word' id='word_1_253' title='bbox 754 1795 930 1836; x_wconf 89' lang='lat' dir='ltr'>Domino,</span> <span class='ocrx_word' id='word_1_254' title='bbox 958 1796 1018 1841; x_wconf 91' lang='lat' dir='ltr'>qui</span> <span class='ocrx_word' id='word_1_255' title='bbox 1037 1796 1157 1839; x_wconf 88' lang='lat' dir='ltr'>propi—</span> 
     </span>
     <span class='ocr_line' id='line_1_35' title="bbox 178 1845 1156 1890; baseline -0.001 -11"><span class='ocrx_word' id='word_1_256' title='bbox 178 1847 291 1880; x_wconf 89' lang='lat' dir='ltr'>ciatur</span> <span class='ocrx_word' id='word_1_257' title='bbox 315 1846 480 1879; x_wconf 89' lang='lat' dir='ltr'>omnibus</span> <span class='ocrx_word' id='word_1_258' title='bbox 504 1845 749 1890; x_wconf 84' lang='lat' dir='ltr'>iniquitatibus</span> <span class='ocrx_word' id='word_1_259' title='bbox 768 1847 852 1884; x_wconf 85' lang='lat' dir='ltr'>tuis,</span> <span class='ocrx_word' id='word_1_260' title='bbox 878 1846 937 1890; x_wconf 84' lang='lat' dir='ltr'>qui</span> <span class='ocrx_word' id='word_1_261' title='bbox 955 1847 1096 1879; x_wconf 85' lang='lat' dir='ltr'>redimit</span> <span class='ocrx_word' id='word_1_262' title='bbox 1114 1848 1156 1879; x_wconf 89' lang='lat' dir='ltr'>de</span> 
     </span>
     <span class='ocr_line' id='line_1_36' title="bbox 178 1895 1157 1938; baseline 0 -9"><span class='ocrx_word' id='word_1_263' title='bbox 178 1897 324 1930; x_wconf 84' lang='lat' dir='ltr'>interitu</span> <span class='ocrx_word' id='word_1_264' title='bbox 341 1897 447 1930; x_wconf 86' lang='lat' dir='ltr'>vitam</span> <span class='ocrx_word' id='word_1_265' title='bbox 462 1903 570 1931; x_wconf 86' lang='lat' dir='ltr'>tuam.</span> <span class='ocrx_word' id='word_1_266' title='bbox 624 1896 743 1938; x_wconf 86' lang='lat' dir='ltr'>Quare</span> <span class='ocrx_word' id='word_1_267' title='bbox 766 1897 803 1929; x_wconf 91' lang='lat' dir='ltr'>in</span> <span class='ocrx_word' id='word_1_268' title='bbox 821 1895 959 1930; x_wconf 78' lang='lat' dir='ltr'>Psalmo</span> <span class='ocrx_word' id='word_1_269' title='bbox 979 1897 1037 1931; x_wconf 83' lang='lat'>31.</span> <span class='ocrx_word' id='word_1_270' title='bbox 1055 1897 1157 1929; x_wconf 90' lang='lat' dir='ltr'>addi-</span> 
     </span>
     <span class='ocr_line' id='line_1_37' title="bbox 178 1946 1155 1990; baseline 0 -10"><span class='ocrx_word' id='word_1_271' title='bbox 178 1954 253 1980; x_wconf 85' lang='lat' dir='ltr'>tur:</span> <span class='ocrx_word' id='word_1_272' title='bbox 282 1946 362 1980; x_wconf 92' lang='lat' dir='ltr'>Non</span> <span class='ocrx_word' id='word_1_273' title='bbox 381 1953 430 1980; x_wconf 91' lang='lat' dir='ltr'>est</span> <span class='ocrx_word' id='word_1_274' title='bbox 448 1947 484 1979; x_wconf 93' lang='lat' dir='ltr'>in</span> <span class='ocrx_word' id='word_1_275' title='bbox 501 1946 626 1990; x_wconf 90' lang='lat' dir='ltr'>spiritu</span> <span class='ocrx_word' id='word_1_276' title='bbox 641 1947 715 1979; x_wconf 89' lang='lat' dir='ltr'>eius</span> <span class='ocrx_word' id='word_1_277' title='bbox 730 1947 844 1987; x_wconf 68' lang='lat' dir='ltr'>dolum,</span> <span class='ocrx_word' id='word_1_278' title='bbox 865 1947 901 1980; x_wconf 91' lang='lat' dir='ltr'>id</span> <span class='ocrx_word' id='word_1_279' title='bbox 917 1954 978 1988; x_wconf 88' lang='lat' dir='ltr'>est,</span> <span class='ocrx_word' id='word_1_280' title='bbox 1004 1954 1053 1980; x_wconf 88' lang='lat' dir='ltr'>est</span> <span class='ocrx_word' id='word_1_281' title='bbox 1071 1960 1155 1980; x_wconf 90' lang='lat' dir='ltr'>con-</span> 
     </span>
     <span class='ocr_line' id='line_1_38' title="bbox 178 1997 1156 2042; baseline 0.001 -12"><span class='ocrx_word' id='word_1_282' title='bbox 178 1997 280 2030; x_wconf 83' lang='lat' dir='ltr'>fessio</span> <span class='ocrx_word' id='word_1_283' title='bbox 300 1997 441 2041; x_wconf 88' lang='lat' dir='ltr'>peccati,</span> <span class='ocrx_word' id='word_1_284' title='bbox 459 2003 493 2031; x_wconf 92' lang='lat' dir='ltr'>et</span> <span class='ocrx_word' id='word_1_285' title='bbox 509 1997 696 2031; x_wconf 87' lang='lat' dir='ltr'>vivificatio</span> <span class='ocrx_word' id='word_1_286' title='bbox 713 1997 868 2042; x_wconf 89' lang='lat' dir='ltr'>spiritus,</span> <span class='ocrx_word' id='word_1_287' title='bbox 885 2009 963 2031; x_wconf 88' lang='lat' dir='ltr'>cum</span> <span class='ocrx_word' id='word_1_288' title='bbox 983 1998 1049 2031; x_wconf 84' lang='lat' dir='ltr'>fide</span> <span class='ocrx_word' id='word_1_289' title='bbox 1066 1998 1156 2031; x_wconf 91' lang='lat' dir='ltr'>acci-</span> 
     </span>
     <span class='ocr_line' id='line_1_39' title="bbox 177 2048 525 2092; baseline 0.009 -12"><span class='ocrx_word' id='word_1_290' title='bbox 177 2048 273 2092; x_wconf 89' lang='lat' dir='ltr'>pitur</span> <span class='ocrx_word' id='word_1_291' title='bbox 289 2048 445 2082; x_wconf 79' lang='lat' dir='ltr'>remissio</span> <span class='ocrx_word' id='word_1_292' title='bbox 463 2054 525 2083; x_wconf 89' lang='lat' dir='ltr'>etc.</span> 
     </span>
    </p>

    <p class='ocr_par' dir='ltr' id='par_1_4' title="bbox 169 2097 1157 2645">
     <span class='ocr_line' id='line_1_40' title="bbox 279 2097 1157 2133; baseline -0.001 -1"><span class='ocrx_word' id='word_1_293' title='bbox 279 2098 354 2132; x_wconf 76' lang='lat' dir='ltr'>LV.</span> <span class='ocrx_word' id='word_1_294' title='bbox 386 2097 545 2133; x_wconf 82' lang='lat' dir='ltr'>Recitata</span> <span class='ocrx_word' id='word_1_295' title='bbox 568 2097 808 2131; x_wconf 82' lang='lat' dir='ltr'>consolatione</span> <span class='ocrx_word' id='word_1_296' title='bbox 829 2098 1020 2131; x_wconf 86' lang='lat' dir='ltr'>necessaria</span> <span class='ocrx_word' id='word_1_297' title='bbox 1038 2098 1157 2131; x_wconf 86' lang='lat' dir='ltr'>omni-</span> 
     </span>
     <span class='ocr_line' id='line_1_41' title="bbox 178 2147 1156 2193; baseline 0.001 -11"><span class='ocrx_word' id='word_1_298' title='bbox 178 2149 246 2182; x_wconf 89' lang='lat' dir='ltr'>bus</span> <span class='ocrx_word' id='word_1_299' title='bbox 269 2149 305 2182; x_wconf 90' lang='lat' dir='ltr'>in</span> <span class='ocrx_word' id='word_1_300' title='bbox 329 2147 393 2182; x_wconf 85' lang='lat' dir='ltr'>hac</span> <span class='ocrx_word' id='word_1_301' title='bbox 416 2149 505 2188; x_wconf 88' lang='lat' dir='ltr'>vita,</span> <span class='ocrx_word' id='word_1_302' title='bbox 545 2148 707 2181; x_wconf 89' lang='lat' dir='ltr'>videlicet</span> <span class='ocrx_word' id='word_1_303' title='bbox 730 2149 824 2193; x_wconf 87' lang='lat' dir='ltr'>quod</span> <span class='ocrx_word' id='word_1_304' title='bbox 849 2160 997 2192; x_wconf 88' lang='lat' dir='ltr'>persona</span> <span class='ocrx_word' id='word_1_305' title='bbox 1024 2150 1156 2192; x_wconf 82' lang='lat' dir='ltr'>placeat</span> 
     </span>
     <span class='ocr_line' id='line_1_42' title="bbox 178 2197 1155 2243; baseline 0 -11"><span class='ocrx_word' id='word_1_306' title='bbox 178 2197 257 2232; x_wconf 88' lang='lat' dir='ltr'>Deo</span> <span class='ocrx_word' id='word_1_307' title='bbox 278 2206 418 2243; x_wconf 90' lang='lat' dir='ltr'>propter</span> <span class='ocrx_word' id='word_1_308' title='bbox 440 2199 551 2233; x_wconf 87' lang='lat' dir='ltr'>filium</span> <span class='ocrx_word' id='word_1_309' title='bbox 569 2197 635 2232; x_wconf 91' lang='lat' dir='ltr'>Dei</span> <span class='ocrx_word' id='word_1_310' title='bbox 649 2199 876 2232; x_wconf 87' lang='lat' dir='ltr'>mediatorem</span> <span class='ocrx_word' id='word_1_311' title='bbox 900 2205 931 2232; x_wconf 87' lang='lat' dir='ltr'>et</span> <span class='ocrx_word' id='word_1_312' title='bbox 949 2200 1155 2242; x_wconf 87' lang='lat' dir='ltr'>deprecato—</span> 
     </span>
     <span class='ocr_line' id='line_1_43' title="bbox 180 2247 1154 2294; baseline 0.002 -13"><span class='ocrx_word' id='word_1_313' title='bbox 180 2261 253 2281; x_wconf 88' lang='lat' dir='ltr'>rem</span> <span class='ocrx_word' id='word_1_314' title='bbox 287 2250 372 2289; x_wconf 86' lang='lat' dir='ltr'>fide,</span> <span class='ocrx_word' id='word_1_315' title='bbox 405 2262 473 2293; x_wconf 82' lang='lat' dir='ltr'>qua</span> <span class='ocrx_word' id='word_1_316' title='bbox 505 2247 722 2294; x_wconf 79' lang='lat' dir='ltr'>apprehendi</span> <span class='ocrx_word' id='word_1_317' title='bbox 748 2261 826 2282; x_wconf 89' lang='lat' dir='ltr'>eum</span> <span class='ocrx_word' id='word_1_318' title='bbox 851 2260 989 2282; x_wconf 89' lang='lat' dir='ltr'>necesse</span> <span class='ocrx_word' id='word_1_319' title='bbox 1021 2256 1088 2289; x_wconf 85' lang='lat' dir='ltr'>est,</span> <span class='ocrx_word' id='word_1_320' title='bbox 1121 2257 1154 2284; x_wconf 90' lang='lat' dir='ltr'>et</span> 
     </span>
     <span class='ocr_line' id='line_1_44' title="bbox 179 2299 1154 2344; baseline 0.001 -12"><span class='ocrx_word' id='word_1_321' title='bbox 179 2299 265 2342; x_wconf 86' lang='lat' dir='ltr'>erigi</span> <span class='ocrx_word' id='word_1_322' title='bbox 282 2300 386 2332; x_wconf 89' lang='lat' dir='ltr'>corda</span> <span class='ocrx_word' id='word_1_323' title='bbox 410 2300 446 2331; x_wconf 89' lang='lat' dir='ltr'>in</span> <span class='ocrx_word' id='word_1_324' title='bbox 471 2300 562 2333; x_wconf 89' lang='lat' dir='ltr'>veris</span> <span class='ocrx_word' id='word_1_325' title='bbox 578 2300 784 2344; x_wconf 86' lang='lat' dir='ltr'>pavoribus:</span> <span class='ocrx_word' id='word_1_326' title='bbox 811 2307 927 2344; x_wconf 88' lang='lat' dir='ltr'>postea</span> <span class='ocrx_word' id='word_1_327' title='bbox 944 2300 1046 2332; x_wconf 87' lang='lat' dir='ltr'>etiam</span> <span class='ocrx_word' id='word_1_328' title='bbox 1066 2300 1154 2333; x_wconf 87' lang='lat' dir='ltr'>scia-</span> 
     </span>
     <span class='ocr_line' id='line_1_45' title="bbox 177 2348 1152 2394; baseline 0.002 -13"><span class='ocrx_word' id='word_1_329' title='bbox 177 2360 270 2390; x_wconf 85' lang='lat' dir='ltr'>mus,</span> <span class='ocrx_word' id='word_1_330' title='bbox 296 2350 450 2383; x_wconf 86' lang='lat' dir='ltr'>membra</span> <span class='ocrx_word' id='word_1_331' title='bbox 469 2357 586 2383; x_wconf 89' lang='lat' dir='ltr'>nostra</span> <span class='ocrx_word' id='word_1_332' title='bbox 603 2351 803 2394; x_wconf 87' lang='lat' dir='ltr'>praebenda</span> <span class='ocrx_word' id='word_1_333' title='bbox 818 2362 900 2390; x_wconf 90' lang='lat' dir='ltr'>esse,</span> <span class='ocrx_word' id='word_1_334' title='bbox 926 2348 1048 2384; x_wconf 88' lang='lat' dir='ltr'>utDeo</span> <span class='ocrx_word' id='word_1_335' title='bbox 1066 2351 1152 2383; x_wconf 89' lang='lat' dir='ltr'>obe-</span> 
     </span>
     <span class='ocr_line' id='line_1_46' title="bbox 176 2399 1152 2439; baseline 0.003 -7"><span class='ocrx_word' id='word_1_336' title='bbox 176 2399 295 2439; x_wconf 90' lang='lat' dir='ltr'>diant,</span> <span class='ocrx_word' id='word_1_337' title='bbox 330 2411 392 2432; x_wconf 85' lang='lat' dir='ltr'>nec</span> <span class='ocrx_word' id='word_1_338' title='bbox 423 2411 564 2433; x_wconf 77' lang='lat' dir='ltr'>ruamus</span> <span class='ocrx_word' id='word_1_339' title='bbox 593 2408 714 2435; x_wconf 89' lang='lat' dir='ltr'>contra</span> <span class='ocrx_word' id='word_1_340' title='bbox 744 2401 1005 2437; x_wconf 83' lang='lat' dir='ltr'>conscientiam.</span> <span class='ocrx_word' id='word_1_341' title='bbox 1057 2400 1152 2435; x_wconf 74' lang='lat' dir='ltr'>Haec</span> 
     </span>
     <span class='ocr_line' id='line_1_47' title="bbox 173 2449 1150 2495; baseline 0.002 -13"><span class='ocrx_word' id='word_1_342' title='bbox 173 2450 282 2493; x_wconf 84' lang='lat' dir='ltr'>igitur</span> <span class='ocrx_word' id='word_1_343' title='bbox 300 2449 436 2483; x_wconf 85' lang='lat' dir='ltr'>incoata</span> <span class='ocrx_word' id='word_1_344' title='bbox 453 2457 485 2484; x_wconf 88' lang='lat' dir='ltr'>et</span> <span class='ocrx_word' id='word_1_345' title='bbox 501 2452 725 2495; x_wconf 88' lang='lat' dir='ltr'>quantumvis</span> <span class='ocrx_word' id='word_1_346' title='bbox 746 2452 912 2495; x_wconf 84' lang='lat' dir='ltr'>languida</span> <span class='ocrx_word' id='word_1_347' title='bbox 938 2451 1150 2490; x_wconf 86' lang='lat' dir='ltr'>obedientia,</span> 
     </span>
     <span class='ocr_line' id='line_1_48' title="bbox 174 2500 1150 2544; baseline 0.001 -10"><span class='ocrx_word' id='word_1_348' title='bbox 174 2507 291 2534; x_wconf 89' lang='lat' dir='ltr'>tamen</span> <span class='ocrx_word' id='word_1_349' title='bbox 317 2500 427 2544; x_wconf 84' lang='lat' dir='ltr'>placet</span> <span class='ocrx_word' id='word_1_350' title='bbox 444 2500 516 2533; x_wconf 90' lang='lat' dir='ltr'>Deo</span> <span class='ocrx_word' id='word_1_351' title='bbox 541 2508 683 2544; x_wconf 86' lang='lat' dir='ltr'>propter</span> <span class='ocrx_word' id='word_1_352' title='bbox 707 2503 955 2543; x_wconf 88' lang='lat' dir='ltr'>mediatorem,</span> <span class='ocrx_word' id='word_1_353' title='bbox 980 2502 1069 2536; x_wconf 89' lang='lat' dir='ltr'>sicut</span> <span class='ocrx_word' id='word_1_354' title='bbox 1084 2501 1150 2535; x_wconf 90' lang='lat' dir='ltr'>Pe-</span> 
     </span>
     <span class='ocr_line' id='line_1_49' title="bbox 172 2550 1150 2597; baseline 0.001 -13"><span class='ocrx_word' id='word_1_355' title='bbox 172 2557 247 2585; x_wconf 85' lang='lat' dir='ltr'>trus</span> <span class='ocrx_word' id='word_1_356' title='bbox 265 2550 398 2596; x_wconf 90' lang='lat' dir='ltr'>inquit,</span> <span class='ocrx_word' id='word_1_357' title='bbox 426 2551 457 2585; x_wconf 89' lang='lat'>1.</span> <span class='ocrx_word' id='word_1_358' title='bbox 473 2550 546 2583; x_wconf 75' lang='lat' dir='ltr'>Pet.</span> <span class='ocrx_word' id='word_1_359' title='bbox 564 2552 614 2585; x_wconf 63' lang='lat'>2:</span> <span class='ocrx_word' id='word_1_360' title='bbox 648 2550 784 2586; x_wconf 85' lang='lat' dir='ltr'>Offerte</span> <span class='ocrx_word' id='word_1_361' title='bbox 800 2550 930 2586; x_wconf 90' lang='lat' dir='ltr'>hostias</span> <span class='ocrx_word' id='word_1_362' title='bbox 952 2552 1150 2597; x_wconf 87' lang='lat' dir='ltr'>spirituales</span> 
     </span>
     <span class='ocr_line' id='line_1_50' title="bbox 169 2599 1148 2645; baseline 0.005 -11"><span class='ocrx_word' id='word_1_363' title='bbox 169 2600 409 2644; x_wconf 85' lang='lat' dir='ltr'>acceptasDeo</span> <span class='ocrx_word' id='word_1_364' title='bbox 426 2613 487 2645; x_wconf 89' lang='lat' dir='ltr'>per</span> <span class='ocrx_word' id='word_1_365' title='bbox 504 2599 615 2633; x_wconf 87' lang='lat' dir='ltr'>Iesum</span> <span class='ocrx_word' id='word_1_366' title='bbox 625 2599 814 2636; x_wconf 82' lang='lat' dir='ltr'>Christum.</span> <span class='ocrx_word' id='word_1_367' title='bbox 842 2602 888 2637; x_wconf 89' lang='lat' dir='ltr'>Et</span> <span class='ocrx_word' id='word_1_368' title='bbox 903 2602 1057 2638; x_wconf 88' lang='lat' dir='ltr'>Roman.</span> <span class='ocrx_word' id='word_1_369' title='bbox 1075 2603 1148 2639; x_wconf 88' lang='lat'><strong>14.:</strong></span> 
     </span>
    </p>
   </div>
   <div class='ocr_carea' id='block_1_3' title="bbox 927 95 1424 136">
    <p class='ocr_par' dir='ltr' id='par_1_5' title="bbox 927 95 1424 136">
     <span class='ocr_line' id='line_1_51' title="bbox 927 95 1424 136; baseline 0 -3"><span class='ocrx_word' id='word_1_370' title='bbox 927 95 1424 136; x_wconf 82' lang='lat' dir='ltr'>PROPOSITIONES.</span> 
     </span>
    </p>
   </div>
   <div class='ocr_carea' id='block_1_4' title="bbox 2110 103 2187 142">
    <p class='ocr_par' dir='ltr' id='par_1_6' title="bbox 2110 103 2187 142">
     <span class='ocr_line' id='line_1_52' title="bbox 2110 103 2187 142; baseline 0 -1"><span class='ocrx_word' id='word_1_371' title='bbox 2110 103 2187 142; x_wconf 72' lang='lat'>420</span> 
     </span>
    </p>
   </div>
   <div class='ocr_carea' id='block_1_5' title="bbox 1200 182 2195 2648">
    <p class='ocr_par' dir='ltr' id='par_1_7' title="bbox 1209 182 2193 686">
     <span class='ocr_line' id='line_1_53' title="bbox 1209 182 2187 234; baseline 0.007 -16"><span class='ocrx_word' id='word_1_372' title='bbox 1209 192 1260 220; x_wconf 89' lang='lat' dir='ltr'>est</span> <span class='ocrx_word' id='word_1_373' title='bbox 1281 182 1498 219; x_wconf 83' lang='lat' dir='ltr'>hominibus.</span> <span class='ocrx_word' id='word_1_374' title='bbox 1551 183 1701 221; x_wconf 81' lang='lat' dir='ltr'>Hebrae.</span> <span class='ocrx_word' id='word_1_375' title='bbox 1731 184 1803 221; x_wconf 82' lang='lat'><strong>13.:</strong></span> <span class='ocrx_word' id='word_1_376' title='bbox 1839 185 1906 221; x_wconf 85' lang='lat' dir='ltr'>Per</span> <span class='ocrx_word' id='word_1_377' title='bbox 1930 188 2045 234; x_wconf 90' lang='lat' dir='ltr'>ipsum</span> <span class='ocrx_word' id='word_1_378' title='bbox 2066 190 2187 224; x_wconf 77' lang='lat' dir='ltr'>offeri-</span> 
     </span>
     <span class='ocr_line' id='line_1_54' title="bbox 1210 234 2189 282; baseline 0.006 -12"><span class='ocrx_word' id='word_1_379' title='bbox 1210 247 1287 270; x_wconf 88' lang='lat' dir='ltr'>mus</span> <span class='ocrx_word' id='word_1_380' title='bbox 1311 234 1519 269; x_wconf 79' lang='lat' dir='ltr'>sacrificium</span> <span class='ocrx_word' id='word_1_381' title='bbox 1541 236 1657 270; x_wconf 89' lang='lat' dir='ltr'>laudis</span> <span class='ocrx_word' id='word_1_382' title='bbox 1687 244 1867 282; x_wconf 88' lang='lat' dir='ltr'>acceptum</span> <span class='ocrx_word' id='word_1_383' title='bbox 1889 237 1984 280; x_wconf 93' lang='lat' dir='ltr'>Deo,</span> <span class='ocrx_word' id='word_1_384' title='bbox 2026 237 2093 275; x_wconf 85' lang='lat' dir='ltr'>hoc</span> <span class='ocrx_word' id='word_1_385' title='bbox 2125 249 2189 282; x_wconf 89' lang='lat' dir='ltr'>est,</span> 
     </span>
     <span class='ocr_line' id='line_1_55' title="bbox 1209 286 2188 332; baseline 0.001 -13"><span class='ocrx_word' id='word_1_386' title='bbox 1209 288 1361 320; x_wconf 78' lang='lat' dir='ltr'>fructum</span> <span class='ocrx_word' id='word_1_387' title='bbox 1386 286 1561 320; x_wconf 84' lang='lat' dir='ltr'>labiorum</span> <span class='ocrx_word' id='word_1_388' title='bbox 1585 288 1828 322; x_wconf 87' lang='lat' dir='ltr'>confitentium</span> <span class='ocrx_word' id='word_1_389' title='bbox 1855 290 1993 322; x_wconf 91' lang='lat' dir='ltr'>nomini</span> <span class='ocrx_word' id='word_1_390' title='bbox 2009 290 2101 332; x_wconf 86' lang='lat' dir='ltr'>eius,</span> <span class='ocrx_word' id='word_1_391' title='bbox 2127 293 2188 327; x_wconf 77' lang='lat' dir='ltr'>he-</span> 
     </span>
     <span class='ocr_line' id='line_1_56' title="bbox 1210 337 2188 380; baseline 0.007 -10"><span class='ocrx_word' id='word_1_392' title='bbox 1210 337 1413 370; x_wconf 87' lang='lat' dir='ltr'>neficentiae</span> <span class='ocrx_word' id='word_1_393' title='bbox 1430 343 1462 370; x_wconf 91' lang='lat' dir='ltr'>et</span> <span class='ocrx_word' id='word_1_394' title='bbox 1477 338 1828 380; x_wconf 88' lang='lat' dir='ltr'>communicationis,</span> <span class='ocrx_word' id='word_1_395' title='bbox 1855 352 1900 373; x_wconf 92' lang='lat' dir='ltr'>ne</span> <span class='ocrx_word' id='word_1_396' title='bbox 1917 340 2188 378; x_wconf 83' lang='lat' dir='ltr'>obliviscamini.</span> 
     </span>
     <span class='ocr_line' id='line_1_57' title="bbox 1210 385 2188 433; baseline 0.004 -11"><span class='ocrx_word' id='word_1_397' title='bbox 1210 387 1256 422; x_wconf 88' lang='lat' dir='ltr'>Et</span> <span class='ocrx_word' id='word_1_398' title='bbox 1281 388 1317 420; x_wconf 89' lang='lat' dir='ltr'>in</span> <span class='ocrx_word' id='word_1_399' title='bbox 1334 385 1389 420; x_wconf 89' lang='lat' dir='ltr'>his</span> <span class='ocrx_word' id='word_1_400' title='bbox 1412 388 1513 421; x_wconf 89' lang='lat' dir='ltr'>dictis</span> <span class='ocrx_word' id='word_1_401' title='bbox 1537 388 1641 421; x_wconf 88' lang='lat' dir='ltr'>simul</span> <span class='ocrx_word' id='word_1_402' title='bbox 1659 387 1908 433; x_wconf 87' lang='lat' dir='ltr'>comprehensa</span> <span class='ocrx_word' id='word_1_403' title='bbox 1925 398 1975 425; x_wconf 84' lang='lat' dir='ltr'>est</span> <span class='ocrx_word' id='word_1_404' title='bbox 1993 391 2094 433; x_wconf 87' lang='lat' dir='ltr'>fides,</span> <span class='ocrx_word' id='word_1_405' title='bbox 2121 391 2188 426; x_wconf 89' lang='lat' dir='ltr'>Per</span> 
     </span>
     <span class='ocr_line' id='line_1_58' title="bbox 1212 438 2191 483; baseline 0.006 -12"><span class='ocrx_word' id='word_1_406' title='bbox 1212 439 1326 483; x_wconf 90' lang='lat' dir='ltr'>ipsum</span> <span class='ocrx_word' id='word_1_407' title='bbox 1344 438 1542 480; x_wconf 82' lang='lat' dir='ltr'>offerimus,</span> <span class='ocrx_word' id='word_1_408' title='bbox 1568 439 1604 471; x_wconf 90' lang='lat' dir='ltr'>id</span> <span class='ocrx_word' id='word_1_409' title='bbox 1622 445 1690 479; x_wconf 87' lang='lat' dir='ltr'>est,</span> <span class='ocrx_word' id='word_1_410' title='bbox 1714 439 1781 472; x_wconf 86' lang='lat' dir='ltr'>fide</span> <span class='ocrx_word' id='word_1_411' title='bbox 1797 441 1998 483; x_wconf 87' lang='lat' dir='ltr'>statuimus,</span> <span class='ocrx_word' id='word_1_412' title='bbox 2024 449 2057 476; x_wconf 90' lang='lat' dir='ltr'>et</span> <span class='ocrx_word' id='word_1_413' title='bbox 2074 453 2138 475; x_wconf 91' lang='lat' dir='ltr'>nos</span> <span class='ocrx_word' id='word_1_414' title='bbox 2157 449 2191 478; x_wconf 86' lang='lat' dir='ltr'>et</span> 
     </span>
     <span class='ocr_line' id='line_1_59' title="bbox 1211 487 2193 535; baseline 0.005 -13"><span class='ocrx_word' id='word_1_415' title='bbox 1211 487 1295 522; x_wconf 88' lang='lat' dir='ltr'>haec</span> <span class='ocrx_word' id='word_1_416' title='bbox 1309 501 1412 534; x_wconf 91' lang='lat' dir='ltr'>opera</span> <span class='ocrx_word' id='word_1_417' title='bbox 1429 497 1572 534; x_wconf 90' lang='lat' dir='ltr'>propter</span> <span class='ocrx_word' id='word_1_418' title='bbox 1593 490 1820 523; x_wconf 88' lang='lat' dir='ltr'>mediatorem</span> <span class='ocrx_word' id='word_1_419' title='bbox 1839 491 1993 535; x_wconf 87' lang='lat' dir='ltr'>placere,</span> <span class='ocrx_word' id='word_1_420' title='bbox 2021 500 2053 527; x_wconf 91' lang='lat' dir='ltr'>et</span> <span class='ocrx_word' id='word_1_421' title='bbox 2069 493 2193 527; x_wconf 86' lang='lat' dir='ltr'>referi·-</span> 
     </span>
     <span class='ocr_line' id='line_1_60' title="bbox 1211 537 2191 585; baseline 0.004 -12"><span class='ocrx_word' id='word_1_422' title='bbox 1211 552 1288 573; x_wconf 88' lang='lat' dir='ltr'>mus</span> <span class='ocrx_word' id='word_1_423' title='bbox 1305 551 1342 573; x_wconf 89' lang='lat' dir='ltr'>ea</span> <span class='ocrx_word' id='word_1_424' title='bbox 1361 540 1403 573; x_wconf 92' lang='lat' dir='ltr'>ad</span> <span class='ocrx_word' id='word_1_425' title='bbox 1422 537 1517 573; x_wconf 89' lang='lat' dir='ltr'>hunc</span> <span class='ocrx_word' id='word_1_426' title='bbox 1532 540 1656 580; x_wconf 87' lang='lat' dir='ltr'>finem,</span> <span class='ocrx_word' id='word_1_427' title='bbox 1681 547 1721 574; x_wconf 90' lang='lat' dir='ltr'>ut</span> <span class='ocrx_word' id='word_1_428' title='bbox 1738 539 1813 573; x_wconf 90' lang='lat' dir='ltr'>Deo</span> <span class='ocrx_word' id='word_1_429' title='bbox 1837 541 2041 576; x_wconf 84' lang='lat' dir='ltr'>exhibeatur</span> <span class='ocrx_word' id='word_1_430' title='bbox 2066 542 2191 585; x_wconf 91' lang='lat' dir='ltr'>honos,</span> 
     </span>
     <span class='ocr_line' id='line_1_61' title="bbox 1213 590 2189 632; baseline 0.004 -9"><span class='ocrx_word' id='word_1_431' title='bbox 1213 598 1244 623; x_wconf 86' lang='lat' dir='ltr'>et</span> <span class='ocrx_word' id='word_1_432' title='bbox 1268 597 1385 624; x_wconf 88' lang='lat' dir='ltr'>movet</span> <span class='ocrx_word' id='word_1_433' title='bbox 1410 591 1516 624; x_wconf 87' lang='lat' dir='ltr'>corda</span> <span class='ocrx_word' id='word_1_434' title='bbox 1540 597 1659 624; x_wconf 88' lang='lat' dir='ltr'>nostra</span> <span class='ocrx_word' id='word_1_435' title='bbox 1685 591 1776 624; x_wconf 87' lang='lat' dir='ltr'>filius</span> <span class='ocrx_word' id='word_1_436' title='bbox 1790 590 1875 632; x_wconf 88' lang='lat' dir='ltr'>Dei,</span> <span class='ocrx_word' id='word_1_437' title='bbox 1902 598 1935 625; x_wconf 88' lang='lat' dir='ltr'>et</span> <span class='ocrx_word' id='word_1_438' title='bbox 1951 593 2055 626; x_wconf 89' lang='lat' dir='ltr'>simul</span> <span class='ocrx_word' id='word_1_439' title='bbox 2071 606 2189 627; x_wconf 87' lang='lat' dir='ltr'>coram</span> 
     </span>
     <span class='ocr_line' id='line_1_62' title="bbox 1212 639 1989 686; baseline 0.003 -12"><span class='ocrx_word' id='word_1_440' title='bbox 1212 639 1287 674; x_wconf 90' lang='lat' dir='ltr'>Deo</span> <span class='ocrx_word' id='word_1_441' title='bbox 1303 647 1353 675; x_wconf 88' lang='lat' dir='ltr'>est</span> <span class='ocrx_word' id='word_1_442' title='bbox 1370 642 1573 686; x_wconf 84' lang='lat' dir='ltr'>deprecator</span> <span class='ocrx_word' id='word_1_443' title='bbox 1590 649 1622 675; x_wconf 91' lang='lat' dir='ltr'>et</span> <span class='ocrx_word' id='word_1_444' title='bbox 1641 653 1798 675; x_wconf 89' lang='lat' dir='ltr'>summus</span> <span class='ocrx_word' id='word_1_445' title='bbox 1820 643 1989 676; x_wconf 86' lang='lat' dir='ltr'>sacerdos.</span> 
     </span>
    </p>

    <p class='ocr_par' dir='ltr' id='par_1_8' title="bbox 1209 689 2195 1831">
     <span class='ocr_line' id='line_1_63' title="bbox 1295 689 2191 738; baseline 0.004 -14"><span class='ocrx_word' id='word_1_446' title='bbox 1295 691 1375 725; x_wconf 91' lang='lat' dir='ltr'>IIuc</span> <span class='ocrx_word' id='word_1_447' title='bbox 1391 692 1541 736; x_wconf 88' lang='lat' dir='ltr'>pertinet</span> <span class='ocrx_word' id='word_1_448' title='bbox 1555 692 1705 725; x_wconf 87' lang='lat' dir='ltr'>dictum:</span> <span class='ocrx_word' id='word_1_449' title='bbox 1729 689 1848 726; x_wconf 90' lang='lat' dir='ltr'>Omne</span> <span class='ocrx_word' id='word_1_450' title='bbox 1865 695 1958 738; x_wconf 91' lang='lat' dir='ltr'>quod</span> <span class='ocrx_word' id='word_1_451' title='bbox 1978 706 2051 727; x_wconf 91' lang='lat' dir='ltr'>non</span> <span class='ocrx_word' id='word_1_452' title='bbox 2066 706 2105 727; x_wconf 88' lang='lat' dir='ltr'>ex</span> <span class='ocrx_word' id='word_1_453' title='bbox 2123 694 2191 729; x_wconf 86' lang='lat' dir='ltr'>fide</span> 
     </span>
     <span class='ocr_line' id='line_1_64' title="bbox 1214 741 2191 787; baseline 0.004 -11"><span class='ocrx_word' id='word_1_454' title='bbox 1214 749 1280 784; x_wconf 88' lang='lat' dir='ltr'>est,</span> <span class='ocrx_word' id='word_1_455' title='bbox 1306 750 1484 787; x_wconf 90' lang='lat' dir='ltr'>peccatum</span> <span class='ocrx_word' id='word_1_456' title='bbox 1508 749 1570 777; x_wconf 85' lang='lat' dir='ltr'>est.</span> <span class='ocrx_word' id='word_1_457' title='bbox 1622 741 1717 776; x_wconf 89' lang='lat' dir='ltr'>Haec</span> <span class='ocrx_word' id='word_1_458' title='bbox 1743 744 1847 776; x_wconf 85' lang='lat' dir='ltr'>verba</span> <span class='ocrx_word' id='word_1_459' title='bbox 1871 756 1944 776; x_wconf 88' lang='lat' dir='ltr'>non</span> <span class='ocrx_word' id='word_1_460' title='bbox 1968 751 2103 779; x_wconf 84' lang='lat' dir='ltr'>tantum</span> <span class='ocrx_word' id='word_1_461' title='bbox 2128 757 2191 780; x_wconf 71' lang='grc' dir='ltr'>νο-</span> 
     </span>
     <span class='ocr_line' id='line_1_65' title="bbox 1212 792 2193 837; baseline 0.003 -11"><span class='ocrx_word' id='word_1_462' title='bbox 1212 794 1328 837; x_wconf 75' lang='grc' dir='ltr'><em>μικῶς</em></span> <span class='ocrx_word' id='word_1_463' title='bbox 1368 794 1629 836; x_wconf 84' lang='lat' dir='ltr'>intelligantur,</span> <span class='ocrx_word' id='word_1_464' title='bbox 1682 800 1721 826; x_wconf 89' lang='lat' dir='ltr'>ut</span> <span class='ocrx_word' id='word_1_465' title='bbox 1763 792 1927 827; x_wconf 81' lang='lat' dir='ltr'>monachi</span> <span class='ocrx_word' id='word_1_466' title='bbox 1965 804 2193 837; x_wconf 81' lang='lat' dir='ltr'>enarrarunt,</span> 
     </span>
     <span class='ocr_line' id='line_1_66' title="bbox 1215 842 2193 888; baseline 0.003 -12"><span class='ocrx_word' id='word_1_467' title='bbox 1215 842 1332 877; x_wconf 91' lang='lat' dir='ltr'>Omne</span> <span class='ocrx_word' id='word_1_468' title='bbox 1351 845 1446 888; x_wconf 90' lang='lat' dir='ltr'>quod</span> <span class='ocrx_word' id='word_1_469' title='bbox 1464 856 1535 877; x_wconf 91' lang='lat' dir='ltr'>non</span> <span class='ocrx_word' id='word_1_470' title='bbox 1554 850 1603 877; x_wconf 89' lang='lat' dir='ltr'>est</span> <span class='ocrx_word' id='word_1_471' title='bbox 1621 855 1660 876; x_wconf 84' lang='lat' dir='ltr'>ex</span> <span class='ocrx_word' id='word_1_472' title='bbox 1677 843 1761 883; x_wconf 86' lang='lat' dir='ltr'>fide,</span> <span class='ocrx_word' id='word_1_473' title='bbox 1788 851 1964 887; x_wconf 88' lang='lat' dir='ltr'>peccatum</span> <span class='ocrx_word' id='word_1_474' title='bbox 1985 853 2054 886; x_wconf 86' lang='lat' dir='ltr'>est,</span> <span class='ocrx_word' id='word_1_475' title='bbox 2077 846 2112 878; x_wconf 91' lang='lat' dir='ltr'>id</span> <span class='ocrx_word' id='word_1_476' title='bbox 2130 853 2193 885; x_wconf 88' lang='lat' dir='ltr'>est,</span> 
     </span>
     <span class='ocr_line' id='line_1_67' title="bbox 1214 892 2191 939; baseline 0.003 -12"><span class='ocrx_word' id='word_1_477' title='bbox 1214 895 1307 939; x_wconf 86' lang='lat' dir='ltr'>quod</span> <span class='ocrx_word' id='word_1_478' title='bbox 1337 892 1556 938; x_wconf 84' lang='lat' dir='ltr'>prohibitum</span> <span class='ocrx_word' id='word_1_479' title='bbox 1574 901 1624 928; x_wconf 85' lang='lat' dir='ltr'>est</span> <span class='ocrx_word' id='word_1_480' title='bbox 1641 895 1714 937; x_wconf 81' lang='lat' dir='ltr'>lege</span> <span class='ocrx_word' id='word_1_481' title='bbox 1728 892 1816 935; x_wconf 88' lang='lat' dir='ltr'>Dei,</span> <span class='ocrx_word' id='word_1_482' title='bbox 1843 901 1881 928; x_wconf 90' lang='lat' dir='ltr'>ut</span> <span class='ocrx_word' id='word_1_483' title='bbox 1899 895 2089 936; x_wconf 90' lang='lat' dir='ltr'>adulteria,</span> <span class='ocrx_word' id='word_1_484' title='bbox 2116 897 2191 930; x_wconf 87' lang='lat' dir='ltr'>fur-</span> 
     </span>
     <span class='ocr_line' id='line_1_68' title="bbox 1214 944 2192 985; baseline 0.002 -7"><span class='ocrx_word' id='word_1_485' title='bbox 1214 951 1265 985; x_wconf 88' lang='lat' dir='ltr'>ta,</span> <span class='ocrx_word' id='word_1_486' title='bbox 1286 956 1428 985; x_wconf 87' lang='lat' dir='ltr'>usuras,</span> <span class='ocrx_word' id='word_1_487' title='bbox 1454 945 1578 978; x_wconf 89' lang='lat' dir='ltr'>dicunt</span> <span class='ocrx_word' id='word_1_488' title='bbox 1600 957 1672 978; x_wconf 91' lang='lat' dir='ltr'>non</span> <span class='ocrx_word' id='word_1_489' title='bbox 1697 956 1770 978; x_wconf 90' lang='lat' dir='ltr'>esse</span> <span class='ocrx_word' id='word_1_490' title='bbox 1794 956 1832 977; x_wconf 86' lang='lat' dir='ltr'>ex</span> <span class='ocrx_word' id='word_1_491' title='bbox 1850 945 1928 979; x_wconf 87' lang='lat' dir='ltr'>fide.</span> <span class='ocrx_word' id='word_1_492' title='bbox 1980 944 2058 979; x_wconf 88' lang='lat' dir='ltr'>Etsi</span> <span class='ocrx_word' id='word_1_493' title='bbox 2075 954 2192 980; x_wconf 90' lang='lat' dir='ltr'>autem</span> 
     </span>
     <span class='ocr_line' id='line_1_69' title="bbox 1213 995 2192 1040; baseline 0.003 -13"><span class='ocrx_word' id='word_1_494' title='bbox 1213 1007 1334 1028; x_wconf 85' lang='lat' dir='ltr'>verum</span> <span class='ocrx_word' id='word_1_495' title='bbox 1359 1002 1427 1036; x_wconf 85' lang='lat' dir='ltr'>est,</span> <span class='ocrx_word' id='word_1_496' title='bbox 1461 1001 1639 1039; x_wconf 90' lang='lat' dir='ltr'>peccatum</span> <span class='ocrx_word' id='word_1_497' title='bbox 1661 1006 1733 1028; x_wconf 89' lang='lat' dir='ltr'>esse</span> <span class='ocrx_word' id='word_1_498' title='bbox 1756 995 1931 1040; x_wconf 89' lang='lat' dir='ltr'>quidquid</span> <span class='ocrx_word' id='word_1_499' title='bbox 1955 1003 2087 1039; x_wconf 84' lang='lat' dir='ltr'>pugnat</span> <span class='ocrx_word' id='word_1_500' title='bbox 2111 1009 2192 1030; x_wconf 89' lang='lat' dir='ltr'>cum</span> 
     </span>
     <span class='ocr_line' id='line_1_70' title="bbox 1213 1043 2194 1088; baseline 0.002 -10"><span class='ocrx_word' id='word_1_501' title='bbox 1213 1046 1286 1088; x_wconf 83' lang='lat' dir='ltr'>lege</span> <span class='ocrx_word' id='word_1_502' title='bbox 1304 1044 1391 1086; x_wconf 91' lang='lat' dir='ltr'>Dei,</span> <span class='ocrx_word' id='word_1_503' title='bbox 1417 1052 1534 1079; x_wconf 90' lang='lat' dir='ltr'>tamen</span> <span class='ocrx_word' id='word_1_504' title='bbox 1554 1052 1587 1079; x_wconf 89' lang='lat' dir='ltr'>et</span> <span class='ocrx_word' id='word_1_505' title='bbox 1610 1043 1694 1079; x_wconf 89' lang='lat' dir='ltr'>haec</span> <span class='ocrx_word' id='word_1_506' title='bbox 1718 1045 1916 1088; x_wconf 85' lang='lat' dir='ltr'>evangelica</span> <span class='ocrx_word' id='word_1_507' title='bbox 1942 1047 2113 1080; x_wconf 90' lang='lat' dir='ltr'>sententia</span> <span class='ocrx_word' id='word_1_508' title='bbox 2130 1048 2194 1080; x_wconf 88' lang='lat' dir='ltr'>ad-</span> 
     </span>
     <span class='ocr_line' id='line_1_71' title="bbox 1213 1095 2193 1140; baseline 0.004 -13"><span class='ocrx_word' id='word_1_509' title='bbox 1213 1096 1327 1128; x_wconf 90' lang='lat' dir='ltr'>denda</span> <span class='ocrx_word' id='word_1_510' title='bbox 1348 1102 1409 1130; x_wconf 87' lang='lat' dir='ltr'>est.</span> <span class='ocrx_word' id='word_1_511' title='bbox 1457 1095 1642 1128; x_wconf 89' lang='lat' dir='ltr'>Peccatum</span> <span class='ocrx_word' id='word_1_512' title='bbox 1662 1102 1712 1128; x_wconf 90' lang='lat' dir='ltr'>est</span> <span class='ocrx_word' id='word_1_513' title='bbox 1735 1108 1858 1136; x_wconf 89' lang='lat' dir='ltr'>omne,</span> <span class='ocrx_word' id='word_1_514' title='bbox 1884 1097 1978 1140; x_wconf 90' lang='lat' dir='ltr'>quod</span> <span class='ocrx_word' id='word_1_515' title='bbox 1997 1109 2070 1130; x_wconf 90' lang='lat' dir='ltr'>non</span> <span class='ocrx_word' id='word_1_516' title='bbox 2084 1104 2133 1131; x_wconf 89' lang='lat' dir='ltr'>est</span> <span class='ocrx_word' id='word_1_517' title='bbox 2152 1109 2193 1130; x_wconf 81' lang='lat' dir='ltr'>ex</span> 
     </span>
     <span class='ocr_line' id='line_1_72' title="bbox 1213 1144 2192 1188; baseline 0.004 -11"><span class='ocrx_word' id='word_1_518' title='bbox 1213 1145 1298 1185; x_wconf 87' lang='lat' dir='ltr'>fide,</span> <span class='ocrx_word' id='word_1_519' title='bbox 1325 1145 1360 1177; x_wconf 91' lang='lat' dir='ltr'>id</span> <span class='ocrx_word' id='word_1_520' title='bbox 1380 1151 1447 1185; x_wconf 85' lang='lat' dir='ltr'>est,</span> <span class='ocrx_word' id='word_1_521' title='bbox 1474 1157 1513 1177; x_wconf 86' lang='lat' dir='ltr'>ex</span> <span class='ocrx_word' id='word_1_522' title='bbox 1531 1145 1711 1188; x_wconf 84' lang='lat' dir='ltr'>agnitione</span> <span class='ocrx_word' id='word_1_523' title='bbox 1734 1145 1798 1176; x_wconf 87' lang='lat' dir='ltr'>filii</span> <span class='ocrx_word' id='word_1_524' title='bbox 1813 1144 1900 1186; x_wconf 92' lang='lat' dir='ltr'>Dei,</span> <span class='ocrx_word' id='word_1_525' title='bbox 1930 1153 1963 1179; x_wconf 91' lang='lat' dir='ltr'>et</span> <span class='ocrx_word' id='word_1_526' title='bbox 1980 1147 2105 1180; x_wconf 84' lang='lat' dir='ltr'>fiducia</span> <span class='ocrx_word' id='word_1_527' title='bbox 2122 1154 2192 1180; x_wconf 82' lang='lat' dir='ltr'>sta-</span> 
     </span>
     <span class='ocr_line' id='line_1_73' title="bbox 1213 1195 2192 1242; baseline 0.003 -14"><span class='ocrx_word' id='word_1_528' title='bbox 1213 1202 1349 1235; x_wconf 86' lang='lat' dir='ltr'>tuente,</span> <span class='ocrx_word' id='word_1_529' title='bbox 1383 1195 1477 1240; x_wconf 90' lang='lat' dir='ltr'>quod</span> <span class='ocrx_word' id='word_1_530' title='bbox 1502 1202 1646 1239; x_wconf 87' lang='lat' dir='ltr'>propter</span> <span class='ocrx_word' id='word_1_531' title='bbox 1676 1195 1904 1228; x_wconf 81' lang='lat' dir='ltr'>mediatorem</span> <span class='ocrx_word' id='word_1_532' title='bbox 1930 1197 2088 1239; x_wconf 86' lang='lat' dir='ltr'>placeant</span> <span class='ocrx_word' id='word_1_533' title='bbox 2112 1209 2192 1242; x_wconf 91' lang='lat' dir='ltr'>per-</span> 
     </span>
     <span class='ocr_line' id='line_1_74' title="bbox 1213 1242 2192 1289; baseline 0.003 -11"><span class='ocrx_word' id='word_1_534' title='bbox 1213 1257 1297 1278; x_wconf 89' lang='lat' dir='ltr'>sona</span> <span class='ocrx_word' id='word_1_535' title='bbox 1313 1252 1345 1278; x_wconf 90' lang='lat' dir='ltr'>et</span> <span class='ocrx_word' id='word_1_536' title='bbox 1362 1257 1449 1289; x_wconf 89' lang='lat' dir='ltr'>opus</span> <span class='ocrx_word' id='word_1_537' title='bbox 1461 1272 1470 1286; x_wconf 90' lang='lat'>,</span> <span class='ocrx_word' id='word_1_538' title='bbox 1496 1252 1534 1278; x_wconf 87' lang='lat' dir='ltr'>ut</span> <span class='ocrx_word' id='word_1_539' title='bbox 1551 1257 1655 1288; x_wconf 88' lang='lat' dir='ltr'>opera</span> <span class='ocrx_word' id='word_1_540' title='bbox 1674 1244 1759 1278; x_wconf 88' lang='lat' dir='ltr'>Saul</span> <span class='ocrx_word' id='word_1_541' title='bbox 1776 1242 1940 1286; x_wconf 80' lang='lat' dir='ltr'>honesta,</span> <span class='ocrx_word' id='word_1_542' title='bbox 1967 1259 2039 1279; x_wconf 92' lang='lat' dir='ltr'>non</span> <span class='ocrx_word' id='word_1_543' title='bbox 2054 1254 2137 1281; x_wconf 75' lang='lat' dir='ltr'>suxit</span> <span class='ocrx_word' id='word_1_544' title='bbox 2152 1260 2192 1281; x_wconf 80' lang='lat' dir='ltr'>ex</span> 
     </span>
     <span class='ocr_line' id='line_1_75' title="bbox 1212 1293 2193 1338; baseline 0.004 -11"><span class='ocrx_word' id='word_1_545' title='bbox 1212 1296 1299 1335; x_wconf 90' lang='lat' dir='ltr'>fide,</span> <span class='ocrx_word' id='word_1_546' title='bbox 1326 1295 1361 1327; x_wconf 88' lang='lat' dir='ltr'>id</span> <span class='ocrx_word' id='word_1_547' title='bbox 1381 1302 1448 1333; x_wconf 88' lang='lat' dir='ltr'>est,</span> <span class='ocrx_word' id='word_1_548' title='bbox 1476 1295 1550 1338; x_wconf 90' lang='lat' dir='ltr'>ipse</span> <span class='ocrx_word' id='word_1_549' title='bbox 1566 1296 1654 1338; x_wconf 83' lang='lat' dir='ltr'>sugit</span> <span class='ocrx_word' id='word_1_550' title='bbox 1667 1293 1803 1335; x_wconf 88' lang='lat' dir='ltr'>Deum,</span> <span class='ocrx_word' id='word_1_551' title='bbox 1826 1296 1988 1329; x_wconf 86' lang='lat' dir='ltr'>irascitur</span> <span class='ocrx_word' id='word_1_552' title='bbox 2005 1297 2046 1337; x_wconf 86' lang='lat' dir='ltr'>ei,</span> <span class='ocrx_word' id='word_1_553' title='bbox 2074 1305 2108 1331; x_wconf 83' lang='lat' dir='ltr'>et</span> <span class='ocrx_word' id='word_1_554' title='bbox 2122 1298 2193 1331; x_wconf 90' lang='lat' dir='ltr'>sre-</span> 
     </span>
     <span class='ocr_line' id='line_1_76' title="bbox 1212 1343 2192 1389; baseline 0.004 -12"><span class='ocrx_word' id='word_1_555' title='bbox 1212 1345 1277 1378; x_wconf 92' lang='lat' dir='ltr'>mit</span> <span class='ocrx_word' id='word_1_556' title='bbox 1302 1345 1468 1378; x_wconf 85' lang='lat' dir='ltr'>adversus</span> <span class='ocrx_word' id='word_1_557' title='bbox 1483 1343 1618 1386; x_wconf 87' lang='lat' dir='ltr'>Deum,</span> <span class='ocrx_word' id='word_1_558' title='bbox 1644 1356 1717 1377; x_wconf 92' lang='lat' dir='ltr'>non</span> <span class='ocrx_word' id='word_1_559' title='bbox 1743 1345 1930 1389; x_wconf 88' lang='lat' dir='ltr'>acquiescit</span> <span class='ocrx_word' id='word_1_560' title='bbox 1948 1353 1981 1379; x_wconf 89' lang='lat' dir='ltr'>et</span> <span class='ocrx_word' id='word_1_561' title='bbox 1998 1358 2070 1379; x_wconf 93' lang='lat' dir='ltr'>non</span> <span class='ocrx_word' id='word_1_562' title='bbox 2087 1348 2192 1382; x_wconf 86' lang='lat' dir='ltr'>laeta-</span> 
     </span>
     <span class='ocr_line' id='line_1_77' title="bbox 1212 1395 2194 1440; baseline 0.003 -11"><span class='ocrx_word' id='word_1_563' title='bbox 1212 1402 1270 1429; x_wconf 90' lang='lat' dir='ltr'>tur</span> <span class='ocrx_word' id='word_1_564' title='bbox 1286 1395 1322 1428; x_wconf 92' lang='lat' dir='ltr'>in</span> <span class='ocrx_word' id='word_1_565' title='bbox 1338 1395 1430 1436; x_wconf 85' lang='lat' dir='ltr'>Deo,</span> <span class='ocrx_word' id='word_1_566' title='bbox 1458 1401 1601 1439; x_wconf 90' lang='lat' dir='ltr'>propter</span> <span class='ocrx_word' id='word_1_567' title='bbox 1616 1395 1862 1436; x_wconf 88' lang='lat' dir='ltr'>mediatorem,</span> <span class='ocrx_word' id='word_1_568' title='bbox 1887 1408 1995 1440; x_wconf 89' lang='lat' dir='ltr'>quare</span> <span class='ocrx_word' id='word_1_569' title='bbox 2010 1409 2073 1431; x_wconf 90' lang='lat' dir='ltr'>nec</span> <span class='ocrx_word' id='word_1_570' title='bbox 2091 1398 2194 1432; x_wconf 89' lang='lat' dir='ltr'>invo-</span> 
     </span>
     <span class='ocr_line' id='line_1_78' title="bbox 1211 1444 2193 1491; baseline 0.004 -13"><span class='ocrx_word' id='word_1_571' title='bbox 1211 1453 1265 1479; x_wconf 91' lang='lat' dir='ltr'>cat</span> <span class='ocrx_word' id='word_1_572' title='bbox 1289 1457 1378 1478; x_wconf 90' lang='lat' dir='ltr'>eum.</span> <span class='ocrx_word' id='word_1_573' title='bbox 1430 1444 1509 1478; x_wconf 87' lang='lat' dir='ltr'>Huc</span> <span class='ocrx_word' id='word_1_574' title='bbox 1535 1446 1624 1477; x_wconf 91' lang='lat' dir='ltr'>adde</span> <span class='ocrx_word' id='word_1_575' title='bbox 1652 1451 1684 1478; x_wconf 91' lang='lat' dir='ltr'>et</span> <span class='ocrx_word' id='word_1_576' title='bbox 1708 1445 1776 1477; x_wconf 89' lang='lat' dir='ltr'>alia</span> <span class='ocrx_word' id='word_1_577' title='bbox 1805 1446 2023 1486; x_wconf 88' lang='lat' dir='ltr'>testimonia,</span> <span class='ocrx_word' id='word_1_578' title='bbox 2049 1459 2137 1491; x_wconf 88' lang='lat' dir='ltr'>quae</span> <span class='ocrx_word' id='word_1_579' title='bbox 2160 1455 2193 1483; x_wconf 80' lang='lat' dir='ltr'>et</span> 
     </span>
     <span class='ocr_line' id='line_1_79' title="bbox 1210 1495 2192 1539; baseline 0.003 -11"><span class='ocrx_word' id='word_1_580' title='bbox 1210 1496 1355 1535; x_wconf 89' lang='lat' dir='ltr'>docent,</span> <span class='ocrx_word' id='word_1_581' title='bbox 1383 1495 1560 1539; x_wconf 85' lang='lat' dir='ltr'>quomodo</span> <span class='ocrx_word' id='word_1_582' title='bbox 1575 1495 1734 1538; x_wconf 85' lang='lat' dir='ltr'>placeant</span> <span class='ocrx_word' id='word_1_583' title='bbox 1749 1495 1839 1527; x_wconf 89' lang='lat' dir='ltr'>bona</span> <span class='ocrx_word' id='word_1_584' title='bbox 1855 1507 1958 1538; x_wconf 85' lang='lat' dir='ltr'>opera</span> <span class='ocrx_word' id='word_1_585' title='bbox 1978 1503 2192 1537; x_wconf 86' lang='lat' dir='ltr'>renatorum,</span> 
     </span>
     <span class='ocr_line' id='line_1_80' title="bbox 1211 1543 2195 1587; baseline 0.003 -10"><span class='ocrx_word' id='word_1_586' title='bbox 1211 1552 1244 1578; x_wconf 91' lang='lat' dir='ltr'>et</span> <span class='ocrx_word' id='word_1_587' title='bbox 1263 1545 1449 1577; x_wconf 88' lang='lat' dir='ltr'>adfirmant</span> <span class='ocrx_word' id='word_1_588' title='bbox 1466 1556 1506 1576; x_wconf 80' lang='lat' dir='ltr'>ea</span> <span class='ocrx_word' id='word_1_589' title='bbox 1529 1544 1666 1587; x_wconf 85' lang='lat' dir='ltr'>placere</span> <span class='ocrx_word' id='word_1_590' title='bbox 1682 1543 1777 1582; x_wconf 83' lang='lat' dir='ltr'>Deo,</span> <span class='ocrx_word' id='word_1_591' title='bbox 1804 1552 1842 1578; x_wconf 90' lang='lat' dir='ltr'>ut</span> <span class='ocrx_word' id='word_1_592' title='bbox 1859 1544 1998 1579; x_wconf 83' lang='lat' dir='ltr'>Psalmo</span> <span class='ocrx_word' id='word_1_593' title='bbox 2013 1545 2092 1582; x_wconf 81' lang='lat'>50.:</span> <span class='ocrx_word' id='word_1_594' title='bbox 2126 1547 2195 1582; x_wconf 75' lang='lat' dir='ltr'>Sa·</span> 
     </span>
     <span class='ocr_line' id='line_1_81' title="bbox 1211 1594 2191 1638; baseline 0.004 -10"><span class='ocrx_word' id='word_1_595' title='bbox 1211 1595 1380 1628; x_wconf 88' lang='lat' dir='ltr'>crificium</span> <span class='ocrx_word' id='word_1_596' title='bbox 1403 1594 1477 1627; x_wconf 91' lang='lat' dir='ltr'>Deo</span> <span class='ocrx_word' id='word_1_597' title='bbox 1501 1594 1646 1638; x_wconf 90' lang='lat' dir='ltr'>spiritus</span> <span class='ocrx_word' id='word_1_598' title='bbox 1668 1594 1942 1634; x_wconf 87' lang='lat' dir='ltr'>contribulatus,</span> <span class='ocrx_word' id='word_1_599' title='bbox 1970 1608 2030 1629; x_wconf 93' lang='lat' dir='ltr'>cor</span> <span class='ocrx_word' id='word_1_600' title='bbox 2058 1599 2191 1632; x_wconf 86' lang='lat' dir='ltr'>contri-</span> 
     </span>
     <span class='ocr_line' id='line_1_82' title="bbox 1211 1642 2190 1691; baseline 0.003 -12"><span class='ocrx_word' id='word_1_601' title='bbox 1211 1653 1284 1680; x_wconf 87' lang='lat' dir='ltr'>tum</span> <span class='ocrx_word' id='word_1_602' title='bbox 1301 1652 1332 1678; x_wconf 88' lang='lat' dir='ltr'>et</span> <span class='ocrx_word' id='word_1_603' title='bbox 1350 1642 1574 1677; x_wconf 83' lang='lat' dir='ltr'>humiliatum</span> <span class='ocrx_word' id='word_1_604' title='bbox 1591 1643 1686 1678; x_wconf 89' lang='lat' dir='ltr'>Deus</span> <span class='ocrx_word' id='word_1_605' title='bbox 1702 1656 1774 1677; x_wconf 90' lang='lat' dir='ltr'>non</span> <span class='ocrx_word' id='word_1_606' title='bbox 1791 1645 1969 1690; x_wconf 77' lang='lat' dir='ltr'>despicies,</span> <span class='ocrx_word' id='word_1_607' title='bbox 2022 1647 2190 1691; x_wconf 85' lang='lat' dir='ltr'>Singula-</span> 
     </span>
     <span class='ocr_line' id='line_1_83' title="bbox 1209 1693 2190 1735; baseline 0.003 -6"><span class='ocrx_word' id='word_1_608' title='bbox 1209 1696 1257 1729; x_wconf 88' lang='lat' dir='ltr'>ris</span> <span class='ocrx_word' id='word_1_609' title='bbox 1271 1693 1385 1728; x_wconf 90' lang='lat' dir='ltr'>honos</span> <span class='ocrx_word' id='word_1_610' title='bbox 1408 1701 1474 1735; x_wconf 88' lang='lat' dir='ltr'>est,</span> <span class='ocrx_word' id='word_1_611' title='bbox 1497 1695 1681 1728; x_wconf 85' lang='lat' dir='ltr'>nominare</span> <span class='ocrx_word' id='word_1_612' title='bbox 1706 1702 1860 1728; x_wconf 85' lang='lat' dir='ltr'>nostram</span> <span class='ocrx_word' id='word_1_613' title='bbox 1877 1696 2115 1730; x_wconf 89' lang='lat' dir='ltr'>obedientiam</span> <span class='ocrx_word' id='word_1_614' title='bbox 2135 1711 2190 1732; x_wconf 88' lang='lat' dir='ltr'>sa-</span> 
     </span>
     <span class='ocr_line' id='line_1_84' title="bbox 1210 1743 2190 1792; baseline 0.004 -13"><span class='ocrx_word' id='word_1_615' title='bbox 1210 1746 1348 1786; x_wconf 85' lang='lat' dir='ltr'>crificia,</span> <span class='ocrx_word' id='word_1_616' title='bbox 1373 1752 1406 1778; x_wconf 93' lang='lat' dir='ltr'>et</span> <span class='ocrx_word' id='word_1_617' title='bbox 1423 1757 1560 1788; x_wconf 89' lang='lat' dir='ltr'>semper</span> <span class='ocrx_word' id='word_1_618' title='bbox 1573 1745 1804 1778; x_wconf 90' lang='lat' dir='ltr'>includuntur</span> <span class='ocrx_word' id='word_1_619' title='bbox 1820 1745 1856 1778; x_wconf 92' lang='lat' dir='ltr'>in</span> <span class='ocrx_word' id='word_1_620' title='bbox 1876 1743 1939 1780; x_wconf 86' lang='lat' dir='ltr'>hac</span> <span class='ocrx_word' id='word_1_621' title='bbox 1955 1748 2190 1792; x_wconf 87' lang='lat' dir='ltr'>appellatione</span> 
     </span>
     <span class='ocr_line' id='line_1_85' title="bbox 1209 1793 1589 1831; baseline -0.008 0"><span class='ocrx_word' id='word_1_622' title='bbox 1209 1804 1242 1831; x_wconf 83' lang='lat' dir='ltr'>et</span> <span class='ocrx_word' id='word_1_623' title='bbox 1264 1795 1432 1830; x_wconf 80' lang='lat' dir='ltr'>beneficia</span> <span class='ocrx_word' id='word_1_624' title='bbox 1447 1793 1589 1828; x_wconf 84' lang='lat' dir='ltr'>Christi.</span> 
     </span>
    </p>

    <p class='ocr_par' dir='ltr' id='par_1_9' title="bbox 1309 1845 1942 1889">
     <span class='ocr_line' id='line_1_86' title="bbox 1309 1845 1942 1889; baseline 0.002 -10"><span class='ocrx_word' id='word_1_625' title='bbox 1309 1846 1403 1879; x_wconf 69' lang='lat' dir='ltr'>LVI.</span> <span class='ocrx_word' id='word_1_626' title='bbox 1429 1845 1481 1879; x_wconf 90' lang='lat' dir='ltr'>De</span> <span class='ocrx_word' id='word_1_627' title='bbox 1496 1845 1698 1878; x_wconf 89' lang='lat' dir='ltr'>discrimine</span> <span class='ocrx_word' id='word_1_628' title='bbox 1713 1851 1942 1889; x_wconf 89' lang='lat' dir='ltr'>peccatorum.</span> 
     </span>
    </p>

    <p class='ocr_par' dir='ltr' id='par_1_10' title="bbox 1207 1896 2188 2292">
     <span class='ocr_line' id='line_1_87' title="bbox 1258 1896 2188 1941; baseline 0.004 -11"><span class='ocrx_word' id='word_1_629' title='bbox 1258 1896 1406 1930; x_wconf 88' lang='lat' dir='ltr'>Necesse</span> <span class='ocrx_word' id='word_1_630' title='bbox 1437 1902 1488 1929; x_wconf 89' lang='lat' dir='ltr'>est</span> <span class='ocrx_word' id='word_1_631' title='bbox 1526 1896 1679 1929; x_wconf 89' lang='lat' dir='ltr'>discerni</span> <span class='ocrx_word' id='word_1_632' title='bbox 1717 1902 1873 1939; x_wconf 83' lang='lat' dir='ltr'>peccata,</span> <span class='ocrx_word' id='word_1_633' title='bbox 1917 1909 2006 1941; x_wconf 87' lang='lat' dir='ltr'>quae</span> <span class='ocrx_word' id='word_1_634' title='bbox 2044 1908 2188 1935; x_wconf 91' lang='lat' dir='ltr'>manent</span> 
     </span>
     <span class='ocr_line' id='line_1_88' title="bbox 1209 1944 2187 1995; baseline 0.003 -15"><span class='ocrx_word' id='word_1_635' title='bbox 1209 1948 1245 1980; x_wconf 92' lang='lat' dir='ltr'>in</span> <span class='ocrx_word' id='word_1_636' title='bbox 1264 1947 1393 1980; x_wconf 88' lang='lat' dir='ltr'>renatis</span> <span class='ocrx_word' id='word_1_637' title='bbox 1413 1946 1449 1979; x_wconf 89' lang='lat' dir='ltr'>in</span> <span class='ocrx_word' id='word_1_638' title='bbox 1467 1944 1532 1979; x_wconf 91' lang='lat' dir='ltr'>hac</span> <span class='ocrx_word' id='word_1_639' title='bbox 1547 1947 1638 1987; x_wconf 87' lang='lat' dir='ltr'>vita,</span> <span class='ocrx_word' id='word_1_640' title='bbox 1664 1946 1707 1979; x_wconf 92' lang='lat' dir='ltr'>ab</span> <span class='ocrx_word' id='word_1_641' title='bbox 1726 1947 1796 1979; x_wconf 90' lang='lat' dir='ltr'>illis</span> <span class='ocrx_word' id='word_1_642' title='bbox 1818 1946 1995 1989; x_wconf 86' lang='lat' dir='ltr'>lapsibus,</span> <span class='ocrx_word' id='word_1_643' title='bbox 2023 1960 2083 1992; x_wconf 91' lang='lat' dir='ltr'>per</span> <span class='ocrx_word' id='word_1_644' title='bbox 2099 1962 2187 1995; x_wconf 82' lang='lat' dir='ltr'>quos</span> 
     </span>
     <span class='ocr_line' id='line_1_89' title="bbox 1210 1996 2187 2041; baseline 0.004 -10"><span class='ocrx_word' id='word_1_645' title='bbox 1210 1996 1315 2031; x_wconf 90' lang='lat' dir='ltr'>homo</span> <span class='ocrx_word' id='word_1_646' title='bbox 1330 1997 1459 2031; x_wconf 85' lang='lat' dir='ltr'>desinit</span> <span class='ocrx_word' id='word_1_647' title='bbox 1474 2009 1545 2030; x_wconf 89' lang='lat' dir='ltr'>esse</span> <span class='ocrx_word' id='word_1_648' title='bbox 1562 1997 1730 2040; x_wconf 84' lang='lat' dir='ltr'>templum</span> <span class='ocrx_word' id='word_1_649' title='bbox 1748 2003 1780 2031; x_wconf 90' lang='lat' dir='ltr'>et</span> <span class='ocrx_word' id='word_1_650' title='bbox 1805 1997 2023 2031; x_wconf 88' lang='lat' dir='ltr'>domicilium</span> <span class='ocrx_word' id='word_1_651' title='bbox 2042 1998 2126 2041; x_wconf 89' lang='lat' dir='ltr'>Dei,</span> <span class='ocrx_word' id='word_1_652' title='bbox 2153 2008 2187 2035; x_wconf 88' lang='lat' dir='ltr'>et</span> 
     </span>
     <span class='ocr_line' id='line_1_90' title="bbox 1209 2048 2186 2091; baseline 0.002 -9"><span class='ocrx_word' id='word_1_653' title='bbox 1209 2049 1338 2082; x_wconf 85' lang='lat' dir='ltr'>desinit</span> <span class='ocrx_word' id='word_1_654' title='bbox 1356 2059 1428 2081; x_wconf 70' lang='lat' dir='ltr'>esse</span> <span class='ocrx_word' id='word_1_655' title='bbox 1444 2048 1572 2088; x_wconf 84' lang='lat' dir='ltr'>iustus,</span> <span class='ocrx_word' id='word_1_656' title='bbox 1599 2054 1631 2081; x_wconf 87' lang='lat' dir='ltr'>et</span> <span class='ocrx_word' id='word_1_657' title='bbox 1652 2048 1688 2082; x_wconf 82' lang='lat' dir='ltr'>fit</span> <span class='ocrx_word' id='word_1_658' title='bbox 1706 2059 1785 2081; x_wconf 90' lang='lat' dir='ltr'>reus</span> <span class='ocrx_word' id='word_1_659' title='bbox 1801 2059 1934 2091; x_wconf 91' lang='lat' dir='ltr'>poenae</span> <span class='ocrx_word' id='word_1_660' title='bbox 1949 2055 2121 2090; x_wconf 86' lang='lat' dir='ltr'>aeternae,</span> <span class='ocrx_word' id='word_1_661' title='bbox 2140 2052 2186 2084; x_wconf 89' lang='lat' dir='ltr'>si-</span> 
     </span>
     <span class='ocr_line' id='line_1_91' title="bbox 1208 2097 2186 2143; baseline 0.003 -11"><span class='ocrx_word' id='word_1_662' title='bbox 1208 2106 1266 2134; x_wconf 91' lang='lat' dir='ltr'>cut</span> <span class='ocrx_word' id='word_1_663' title='bbox 1290 2106 1322 2133; x_wconf 88' lang='lat' dir='ltr'>et</span> <span class='ocrx_word' id='word_1_664' title='bbox 1340 2097 1469 2132; x_wconf 86' lang='lat' dir='ltr'>Paulus</span> <span class='ocrx_word' id='word_1_665' title='bbox 1492 2099 1659 2132; x_wconf 89' lang='lat' dir='ltr'>discernit</span> <span class='ocrx_word' id='word_1_666' title='bbox 1684 2099 1776 2131; x_wconf 91' lang='lat' dir='ltr'>inter</span> <span class='ocrx_word' id='word_1_667' title='bbox 1791 2105 1966 2142; x_wconf 89' lang='lat' dir='ltr'>peccatum</span> <span class='ocrx_word' id='word_1_668' title='bbox 1984 2111 2133 2143; x_wconf 84' lang='lat' dir='ltr'>regnans</span> <span class='ocrx_word' id='word_1_669' title='bbox 2152 2109 2186 2136; x_wconf 86' lang='lat' dir='ltr'>et</span> 
     </span>
     <span class='ocr_line' id='line_1_92' title="bbox 1207 2148 2184 2194; baseline 0.002 -11"><span class='ocrx_word' id='word_1_670' title='bbox 1207 2162 1280 2183; x_wconf 90' lang='lat' dir='ltr'>non</span> <span class='ocrx_word' id='word_1_671' title='bbox 1297 2161 1458 2191; x_wconf 78' lang='lat' dir='ltr'>regnans,</span> <span class='ocrx_word' id='word_1_672' title='bbox 1484 2148 1610 2183; x_wconf 87' lang='lat' dir='ltr'>Roma.</span> <span class='ocrx_word' id='word_1_673' title='bbox 1625 2149 1675 2183; x_wconf 86' lang='lat'>8.:</span> <span class='ocrx_word' id='word_1_674' title='bbox 1703 2148 1741 2183; x_wconf 90' lang='lat' dir='ltr'>Si</span> <span class='ocrx_word' id='word_1_675' title='bbox 1757 2148 1912 2183; x_wconf 88' lang='lat' dir='ltr'>actiones</span> <span class='ocrx_word' id='word_1_676' title='bbox 1928 2151 2042 2183; x_wconf 90' lang='lat' dir='ltr'>carnis</span> <span class='ocrx_word' id='word_1_677' title='bbox 2058 2152 2184 2194; x_wconf 88' lang='lat' dir='ltr'>spiritu</span> 
     </span>
     <span class='ocr_line' id='line_1_93' title="bbox 1207 2199 2185 2242; baseline 0 -8"><span class='ocrx_word' id='word_1_678' title='bbox 1207 2199 1478 2237; x_wconf 80' lang='lat' dir='ltr'>mortificabitis,</span> <span class='ocrx_word' id='word_1_679' title='bbox 1504 2200 1649 2242; x_wconf 86' lang='lat' dir='ltr'>vivetis,</span> <span class='ocrx_word' id='word_1_680' title='bbox 1673 2200 1704 2233; x_wconf 90' lang='lat' dir='ltr'>si</span> <span class='ocrx_word' id='word_1_681' title='bbox 1719 2200 1912 2234; x_wconf 89' lang='lat' dir='ltr'>secundum</span> <span class='ocrx_word' id='word_1_682' title='bbox 1931 2212 2070 2234; x_wconf 89' lang='lat' dir='ltr'>carnem</span> <span class='ocrx_word' id='word_1_683' title='bbox 2090 2202 2185 2235; x_wconf 80' lang='lat' dir='ltr'>vixe-</span> 
     </span>
     <span class='ocr_line' id='line_1_94' title="bbox 1207 2250 1539 2292; baseline -0.006 -8"><span class='ocrx_word' id='word_1_684' title='bbox 1207 2251 1300 2292; x_wconf 86' lang='lat' dir='ltr'>ritis,</span> <span class='ocrx_word' id='word_1_685' title='bbox 1327 2250 1539 2286; x_wconf 86' lang='lat' dir='ltr'>moriemini.</span> 
     </span>
    </p>

    <p class='ocr_par' dir='ltr' id='par_1_11' title="bbox 1200 2296 2185 2648">
     <span class='ocr_line' id='line_1_95' title="bbox 1306 2296 2185 2345; baseline 0.003 -11"><span class='ocrx_word' id='word_1_686' title='bbox 1306 2300 1421 2337; x_wconf 85' lang='lat' dir='ltr'>Lvtl.</span> <span class='ocrx_word' id='word_1_687' title='bbox 1447 2300 1688 2335; x_wconf 89' lang='lat' dir='ltr'>Certissimum</span> <span class='ocrx_word' id='word_1_688' title='bbox 1709 2306 1771 2340; x_wconf 88' lang='lat' dir='ltr'>est,</span> <span class='ocrx_word' id='word_1_689' title='bbox 1787 2296 1947 2332; x_wconf 83' lang='lat' dir='ltr'>homines</span> <span class='ocrx_word' id='word_1_690' title='bbox 1963 2300 2023 2345; x_wconf 90' lang='lat' dir='ltr'>qui</span> <span class='ocrx_word' id='word_1_691' title='bbox 2041 2301 2185 2337; x_wconf 83' lang='lat' dir='ltr'>fuerunt</span> 
     </span>
     <span class='ocr_line' id='line_1_96' title="bbox 1204 2349 2182 2396; baseline -0.004 -11"><span class='ocrx_word' id='word_1_692' title='bbox 1204 2352 1317 2385; x_wconf 87' lang='lat' dir='ltr'>renati</span> <span class='ocrx_word' id='word_1_693' title='bbox 1343 2359 1376 2386; x_wconf 89' lang='lat' dir='ltr'>ct</span> <span class='ocrx_word' id='word_1_694' title='bbox 1398 2351 1618 2392; x_wconf 85' lang='lat' dir='ltr'>sanctificati,</span> <span class='ocrx_word' id='word_1_695' title='bbox 1642 2362 1742 2396; x_wconf 91' lang='lat' dir='ltr'>posse</span> <span class='ocrx_word' id='word_1_696' title='bbox 1762 2360 1882 2383; x_wconf 84' lang='lat' dir='ltr'>rursus</span> <span class='ocrx_word' id='word_1_697' title='bbox 1903 2349 1993 2390; x_wconf 83' lang='lat' dir='ltr'>labi,</span> <span class='ocrx_word' id='word_1_698' title='bbox 2020 2357 2053 2385; x_wconf 92' lang='lat' dir='ltr'>et</span> <span class='ocrx_word' id='word_1_699' title='bbox 2077 2354 2182 2388; x_wconf 73' lang='lat' dir='ltr'>amit.</span> 
     </span>
     <span class='ocr_line' id='line_1_97' title="bbox 1203 2401 2178 2447; baseline 0.001 -10"><span class='ocrx_word' id='word_1_700' title='bbox 1203 2410 1276 2437; x_wconf 88' lang='lat' dir='ltr'>tere</span> <span class='ocrx_word' id='word_1_701' title='bbox 1302 2403 1473 2437; x_wconf 88' lang='lat' dir='ltr'>iusticiam</span> <span class='ocrx_word' id='word_1_702' title='bbox 1500 2409 1531 2436; x_wconf 92' lang='lat' dir='ltr'>et</span> <span class='ocrx_word' id='word_1_703' title='bbox 1556 2402 1727 2447; x_wconf 90' lang='lat' dir='ltr'>Spiritum</span> <span class='ocrx_word' id='word_1_704' title='bbox 1748 2406 1925 2442; x_wconf 89' lang='lat' dir='ltr'>sanctum,</span> <span class='ocrx_word' id='word_1_705' title='bbox 1949 2401 2040 2436; x_wconf 90' lang='lat' dir='ltr'>sicut</span> <span class='ocrx_word' id='word_1_706' title='bbox 2064 2401 2178 2438; x_wconf 90' lang='lat' dir='ltr'>Adam</span> 
     </span>
     <span class='ocr_line' id='line_1_98' title="bbox 1203 2450 2178 2495; baseline 0.001 -9"><span class='ocrx_word' id='word_1_707' title='bbox 1203 2460 1235 2487; x_wconf 91' lang='lat' dir='ltr'>et</span> <span class='ocrx_word' id='word_1_708' title='bbox 1244 2451 1318 2487; x_wconf 87' lang='lat' dir='ltr'>Eva</span> <span class='ocrx_word' id='word_1_709' title='bbox 1337 2460 1436 2488; x_wconf 88' lang='lat' dir='ltr'>erant</span> <span class='ocrx_word' id='word_1_710' title='bbox 1453 2453 1563 2494; x_wconf 88' lang='lat' dir='ltr'>electi,</span> <span class='ocrx_word' id='word_1_711' title='bbox 1580 2459 1611 2487; x_wconf 88' lang='lat' dir='ltr'>et</span> <span class='ocrx_word' id='word_1_712' title='bbox 1627 2459 1741 2486; x_wconf 91' lang='lat' dir='ltr'>tamen</span> <span class='ocrx_word' id='word_1_713' title='bbox 1758 2450 1795 2484; x_wconf 90' lang='lat' dir='ltr'>in</span> <span class='ocrx_word' id='word_1_714' title='bbox 1813 2450 1911 2495; x_wconf 90' lang='lat' dir='ltr'>lapsu</span> <span class='ocrx_word' id='word_1_715' title='bbox 1929 2459 2050 2487; x_wconf 86' lang='lat' dir='ltr'>revera</span> <span class='ocrx_word' id='word_1_716' title='bbox 2067 2455 2178 2487; x_wconf 89' lang='lat' dir='ltr'>aversi</span> 
     </span>
     <span class='ocr_line' id='line_1_99' title="bbox 1202 2501 2178 2545; baseline 0.001 -8"><span class='ocrx_word' id='word_1_717' title='bbox 1202 2511 1283 2538; x_wconf 88' lang='lat' dir='ltr'>sunt</span> <span class='ocrx_word' id='word_1_718' title='bbox 1308 2516 1326 2538; x_wconf 90' lang='lat' dir='ltr'>a</span> <span class='ocrx_word' id='word_1_719' title='bbox 1343 2503 1438 2544; x_wconf 89' lang='lat' dir='ltr'>Deo,</span> <span class='ocrx_word' id='word_1_720' title='bbox 1466 2511 1498 2538; x_wconf 83' lang='lat' dir='ltr'>et</span> <span class='ocrx_word' id='word_1_721' title='bbox 1520 2504 1600 2537; x_wconf 84' lang='lat' dir='ltr'>facti</span> <span class='ocrx_word' id='word_1_722' title='bbox 1625 2509 1705 2536; x_wconf 91' lang='lat' dir='ltr'>sunt</span> <span class='ocrx_word' id='word_1_723' title='bbox 1721 2501 1770 2535; x_wconf 90' lang='lat' dir='ltr'>rei</span> <span class='ocrx_word' id='word_1_724' title='bbox 1789 2501 1860 2534; x_wconf 88' lang='lat' dir='ltr'>irae</span> <span class='ocrx_word' id='word_1_725' title='bbox 1884 2508 2063 2545; x_wconf 88' lang='lat' dir='ltr'>aeternae,</span> <span class='ocrx_word' id='word_1_726' title='bbox 2089 2504 2178 2538; x_wconf 87' lang='lat' dir='ltr'>sicut</span> 
     </span>
     <span class='ocr_line' id='line_1_100' title="bbox 1202 2551 2178 2599; baseline 0.001 -12"><span class='ocrx_word' id='word_1_727' title='bbox 1202 2553 1331 2588; x_wconf 88' lang='lat' dir='ltr'>Paulus</span> <span class='ocrx_word' id='word_1_728' title='bbox 1347 2555 1463 2599; x_wconf 85' lang='lat' dir='ltr'>inquit</span> <span class='ocrx_word' id='word_1_729' title='bbox 1480 2554 1584 2589; x_wconf 89' lang='lat' dir='ltr'>Rom.</span> <span class='ocrx_word' id='word_1_730' title='bbox 1601 2551 1650 2586; x_wconf 88' lang='lat'>5.:</span> <span class='ocrx_word' id='word_1_731' title='bbox 1683 2552 1752 2586; x_wconf 92' lang='lat' dir='ltr'>Per</span> <span class='ocrx_word' id='word_1_732' title='bbox 1776 2551 1882 2586; x_wconf 88' lang='lat' dir='ltr'>unius</span> <span class='ocrx_word' id='word_1_733' title='bbox 1899 2552 2178 2588; x_wconf 78' lang='lat' dir='ltr'>inobedientiam</span> 
     </span>
     <span class='ocr_line' id='line_1_101' title="bbox 1200 2600 2176 2648; baseline 0.003 -12"><span class='ocrx_word' id='word_1_734' title='bbox 1200 2612 1379 2648; x_wconf 86' lang='lat' dir='ltr'>peccatum</span> <span class='ocrx_word' id='word_1_735' title='bbox 1398 2606 1434 2638; x_wconf 91' lang='lat' dir='ltr'>in</span> <span class='ocrx_word' id='word_1_736' title='bbox 1449 2603 1610 2638; x_wconf 88' lang='lat' dir='ltr'>homines</span> <span class='ocrx_word' id='word_1_737' title='bbox 1627 2602 1795 2648; x_wconf 88' lang='lat' dir='ltr'>pervenit.</span> <span class='ocrx_word' id='word_1_738' title='bbox 1849 2600 2072 2640; x_wconf 68' lang='lat' dir='ltr'>EtDeut.9,:</span> <span class='ocrx_word' id='word_1_739' title='bbox 2100 2602 2176 2639; x_wconf 86' lang='lat' dir='ltr'>Ad-</span> 
     </span>
    </p>
   </div>
   <div class='ocr_carea' id='block_1_6' title="bbox 167 2648 2175 2700">
    <p class='ocr_par' dir='ltr' id='par_1_12' title="bbox 167 2648 2175 2700">
     <span class='ocr_line' id='line_1_102' title="bbox 167 2648 2175 2700; baseline 0.002 -14"><span class='ocrx_word' id='word_1_740' title='bbox 167 2650 241 2696; x_wconf 87' lang='lat' dir='ltr'>Qui</span> <span class='ocrx_word' id='word_1_741' title='bbox 258 2651 297 2686; x_wconf 89' lang='lat' dir='ltr'>in</span> <span class='ocrx_word' id='word_1_742' title='bbox 311 2648 367 2687; x_wconf 88' lang='lat' dir='ltr'>his</span> <span class='ocrx_word' id='word_1_743' title='bbox 383 2652 488 2687; x_wconf 87' lang='lat' dir='ltr'>servit</span> <span class='ocrx_word' id='word_1_744' title='bbox 506 2648 667 2695; x_wconf 87' lang='lat' dir='ltr'>Christo,</span> <span class='ocrx_word' id='word_1_745' title='bbox 691 2653 803 2698; x_wconf 79' lang='lat' dir='ltr'>placet</span> <span class='ocrx_word' id='word_1_746' title='bbox 816 2653 909 2697; x_wconf 89' lang='lat' dir='ltr'>Deo,</span> <span class='ocrx_word' id='word_1_747' title='bbox 934 2661 965 2690; x_wconf 91' lang='lat' dir='ltr'>et</span> <span class='ocrx_word' id='word_1_748' title='bbox 979 2655 1147 2700; x_wconf 86' lang='lat' dir='ltr'>probatus</span> <span class='ocrx_word' id='word_1_749' title='bbox 1199 2666 1318 2691; x_wconf 85' lang='lat' dir='ltr'>versus</span> <span class='ocrx_word' id='word_1_750' title='bbox 1328 2654 1450 2691; x_wconf 88' lang='lat' dir='ltr'>Aaron</span> <span class='ocrx_word' id='word_1_751' title='bbox 1467 2654 1566 2690; x_wconf 88' lang='lat' dir='ltr'>valde</span> <span class='ocrx_word' id='word_1_752' title='bbox 1583 2654 1692 2690; x_wconf 85' lang='lat' dir='ltr'>iratus</span> <span class='ocrx_word' id='word_1_753' title='bbox 1710 2660 1760 2690; x_wconf 87' lang='lat' dir='ltr'>est</span> <span class='ocrx_word' id='word_1_754' title='bbox 1777 2652 1965 2695; x_wconf 89' lang='lat' dir='ltr'>Dominus,</span> <span class='ocrx_word' id='word_1_755' title='bbox 1987 2661 2026 2690; x_wconf 88' lang='lat' dir='ltr'>ut</span> <span class='ocrx_word' id='word_1_756' title='bbox 2043 2655 2175 2690; x_wconf 83' lang='lat' dir='ltr'>deleret</span> 
     </span>
    </p>
   </div>
  </div>
 </body>
</html>
