2324 2955
138 103 211 138 433

235 184 399 219 LXXIX.
434 185 541 229 Quod
557 191 589 219 et
607 185 670 219 ubi
687 183 896 220 sitEcclesia
908 214 917 229 ,
944 199 984 220 ex
1000 187 1126 220 defini-

135 237 230 270 tione
248 237 398 280 intelligi
416 244 539 282 potest.
580 235 823 270 Certissimum
852 245 902 272 est
926 237 1020 271 enim
1043 238 1124 271 illos
1150 260 1151 267 κ

133 284 296 321 homines
320 295 352 321 et
377 288 458 321 illos
486 294 604 321 coetus
628 300 701 321 non
727 299 799 321 esse
824 287 1017 323 Ecclesiam
1044 288 1123 328 Dei,

133 338 194 383 qui
210 345 269 372 aut
283 349 424 382 prorsus
440 338 604 381 ignorant
618 337 865 382 Evangelfflm,
893 340 1122 385 autaliquem

132 389 319 422 articulum
352 389 593 429 fundamenti,
629 390 665 422 id
701 397 770 431 est,
808 390 962 436 aliquem
992 391 1122 424 articu-

132 440 204 473 lum
224 439 323 477 fidei,
350 446 409 473 ant
427 441 625 474 doctrinam
635 439 798 483 Decalogi
817 448 1035 485 oppugnant,
1061 447 1122 474 aut

130 489 312 523 manifesta
338 490 431 524 idola
459 492 666 525 defendunt.
726 490 796 524 Hic
821 499 904 526 nota
931 493 1000 526 sint
1024 492 1121 526 testi-

129 540 249 573 monia
266 538 436 575 Iohannis
452 542 597 587 quinto:
634 541 706 583 Qui
723 554 795 575 non
822 540 973 577 honorat
996 543 1120 583 filium,

129 602 201 624 non
242 588 394 626 honorat
424 599 569 637 patrem.
635 591 743 634 Item,
780 594 810 626 1.
836 592 1042 628 Corinthios
1067 594 1118 628 3.:

129 640 416 678 Fundamentum
431 643 528 677 aliud
545 643 629 687 poni
650 655 722 676 non
743 651 871 688 potest,
898 657 1003 690 qnam
1021 645 1118 689 quod

129 693 284 737 positum
316 700 388 734 est,
428 695 523 739 quod
553 700 602 727 est
629 692 736 728 Iesus
760 689 944 728 Christus.

130 742 248 779 Galat.
269 744 318 778 1.:
353 743 392 778 Si
408 745 488 789 quis
510 745 606 778 aliud
626 743 860 789 Evangelium
884 747 1003 787 docet,
1031 758 1118 778 ana-

127 793 245 828 thema
259 795 315 829 sit.
365 794 521 829 Tantum
540 796 648 838 igitur
666 797 719 829 illi
737 795 897 830 homines
916 804 949 830 et
967 797 1020 830 illi
1038 808 1118 830 coe-

127 852 183 878 tus
206 851 290 879 sunt
314 846 471 879 membra
489 844 682 888 Ecclesiae,
708 848 913 893 ubicunque
929 855 1027 889 sunt,
1055 847 1118 892 qui

125 895 387 940 amplectuntur
415 895 601 940 Evangelii
633 899 830 932 doctrinam
863 899 1117 943 incorruptam,

127 952 161 980 et
178 958 381 993 quanquam
399 948 459 981 alii
477 948 556 992 plus
571 949 631 981 alii
651 949 768 982 minus
784 949 873 982 lucis
889 946 1038 991 habent,
1065 956 1119 983 ta—

1015 694 1116 736 Item,
1143 713 1146 719 ι

903 98 1408 140 PROPOSITIONES.

126 1008 209 1030 men
230 1009 379 1031 -necesse
408 1006 458 1032 est
487 1010 545 1032 eos
578 999 730 1032 retinere
761 1000 1051 1041 fundamentum,
1085 1006 1118 1033 et
1143 1019 1145 1029 ι

126 1059 248 1081 omnes
263 1049 429 1082 articulos
445 1049 546 1090 fidei,
572 1050 770 1083 doctrinam
780 1049 965 1094 Decalogi,
993 1058 1025 1085 et
1044 1062 1117 1084 non

124 1098 352 1142 pertinaciter
369 1100 556 1134 defendere
573 1100 678 1134 idola.
713 1099 793 1134 Huc
808 1102 985 1145 pertinent
1005 1102 1115 1135 dicta:

125 1145 223 1182 Oves
244 1162 340 1184 meae
362 1162 483 1184 vocem
504 1163 617 1184 meam
634 1152 796 1187 audiunt.
849 1150 952 1186 Item:
981 1152 1020 1186 Si
1037 1152 1117 1197 quis

126 1199 244 1243 diligit
263 1213 337 1243 me,
372 1212 569 1235 sermonem
600 1214 719 1235 meum
747 1202 918 1244 servabit,
961 1209 994 1237 et
1017 1210 1117 1248 pater

125 1261 225 1285 meus
239 1252 360 1295 diliget
376 1264 474 1291 eum,
502 1260 535 1286 et
552 1253 733 1286 veniemus
757 1254 802 1286 ad
827 1265 926 1295 eum,
953 1260 988 1288 et
1010 1266 1116 1288 man-

126 1300 262 1334 sionem
277 1303 371 1345 apud
387 1314 465 1336 eum
480 1303 662 1336 faciemus.

228 1351 375 1387 LXXX.
419 1351 488 1385 Hic
520 1352 588 1385 iam
618 1352 701 1386 sciri
725 1359 882 1397 oportet,
925 1353 1038 1398 qualis
1071 1354 1116 1387 sit

127 1414 209 1436 vera
225 1401 393 1437 Ecclesia.
437 1402 607 1435 Libenter
625 1404 720 1436 enim
745 1411 930 1437 cernerent
955 1402 1115 1437 homines

127 1454 350 1486 coniunctam
368 1453 480 1484 forma
503 1453 603 1494 regni
620 1453 772 1495 politici,
799 1454 984 1487 florentem
1004 1454 1116 1497 impe-

125 1503 201 1543 rio,
250 1502 340 1536 sicut
370 1500 538 1546 Episcopi
568 1503 820 1536 transformant
846 1501 1040 1536 Ecclesiam
1077 1503 1114 1535 in

124 1565 273 1599 regnum
297 1552 501 1596 politicum,
543 1553 602 1585 sed
630 1550 735 1586 habet
758 1550 915 1586 Ecclesia
941 1554 1112 1598 quaedam

125 1616 207 1638 vera
233 1604 349 1648 signa,
376 1603 505 1649 quibus
527 1604 666 1646 agnosci
687 1609 817 1647 potest:
845 1603 978 1637 Vocem
992 1601 1113 1637 Evan-

126 1655 208 1699 gelii
245 1655 506 1698 incorruptam,
545 1654 719 1697 legitimos
747 1666 830 1688 usus
865 1653 1114 1688 Sacramento—

126 1718 227 1746 rum,
252 1711 287 1739 et
311 1704 548 1738 obedientiam
575 1705 728 1738 debitam
752 1705 964 1739 ministerio.
1016 1704 1113 1738 Haec

127 1758 226 1799 signa
256 1756 402 1789 auribus
435 1761 467 1788 et
501 1755 611 1788 oculis
642 1755 791 1788 iudicari
815 1763 983 1799 possunt,
1023 1767 1113 1801 quae

127 1808 270 1853 quidem
286 1813 319 1840 et
335 1816 473 1839 necesse
488 1812 538 1838 est
555 1806 788 1847 considerari,
814 1813 854 1839 ut
868 1807 1028 1847 sciamus,
1056 1806 1113 1839 cui

125 1857 242 1892 coetui
261 1869 324 1891 nos
340 1857 531 1899 adiungere
548 1856 746 1892 debeamus,
797 1855 869 1891 Nec
885 1857 1034 1890 dubium
1053 1863 1114 1897 est,

126 1910 165 1942 in
182 1906 238 1942 his
256 1908 341 1952 ipsis
357 1907 514 1941 coetibus
536 1907 673 1952 aliquos
699 1918 770 1940 esse
796 1908 941 1948 electOS,
976 1907 1113 1941 etiamsi
1138 1932 1140 1940 .

125 1960 230 1994 multi
251 1958 397 1992 admixti
423 1965 525 1997 sunt,
566 1958 626 2003 qui
649 1970 721 1991 non
747 1965 829 1992 sunt
855 1959 982 1998 sancti,
1018 1959 1112 1991 iuxta

126 2011 260 2044 dictum
283 2008 407 2043 Esaiae
436 2009 566 2053 primo:
607 2007 682 2041 Nisi
706 2009 885 2043 Dominus
915 2009 1113 2054 reliquisset
1139 2018 1140 2030 ³

127 2061 232 2094 nobis
250 2072 388 2100 semen,
414 2061 503 2093 sicut
521 2059 673 2093 Sodoma
693 2071 856 2095 essemus,
906 2058 953 2092 Et
971 2060 1014 2092 ad
1031 2060 1113 2093 uni-

128 2118 234 2145 tatem
251 2109 428 2144 Ecclesiae
445 2121 636 2144 cousensus
656 2110 691 2143 in
715 2108 770 2143 his
794 2111 907 2144 tribus
926 2111 1030 2144 rebus
1050 2122 1113 2143 ne-

128 2162 298 2196 cessarius
322 2168 390 2202 est,
425 2160 603 2201 videlicet,
638 2161 674 2193 in
698 2161 856 2195 doctrina
882 2161 1114 2201 fundamenti,

127 2214 165 2246 in
182 2225 248 2246 usu
269 2213 424 2255 legitimo
443 2211 767 2253 Sacramentorum,
800 2219 833 2246 et
853 2213 889 2245 in
906 2212 1113 2256 praestanda

127 2263 326 2298 obedientia
357 2263 474 2296 debita
504 2262 710 2297 ministerio.
778 2261 818 2295 Id
847 2269 915 2302 est,
955 2262 1113 2306 Populus

127 2315 248 2348 audiat
278 2314 496 2351 doctrinam,
539 2314 754 2356 obtemperet
785 2313 933 2348 iudiciis.

126 2365 260 2409 plector
281 2365 373 2397 enim
392 2364 520 2398 iudicia
537 2377 615 2397 cum
633 2363 782 2396 nomino
798 2364 1032 2397 obedientiam
1052 2365 1114 2397 de-

129 2415 240 2449 bitam
258 2415 463 2449 ministerio.
519 2414 602 2448 Item
628 2427 672 2447 ne
698 2415 800 2447 saciat
822 2415 1067 2448 distractiones
1094 2426 1112 2447 a

131 2465 312 2500 communi
341 2466 502 2500 societate
526 2464 713 2499 Ecclesiae.

1006 2313 1113 2347 Com-
1138 2314 1140 2334 ³

1137 2405 1139 2456 ἲ

778 2463 824 2499 Et
856 2477 934 2497 cnm
966 2466 1140 2505 nominol

131 2527 341 2550 consensum
365 2516 402 2548 in
426 2517 676 2556 fundamento,
710 2516 903 2560 requiritur
924 2527 1114 2549 consensus
1138 2547 1139 2561 3

133 2567 171 2600 in
194 2567 350 2602 articulis
373 2566 453 2599 fidei
478 2574 510 2601 et
536 2568 571 2600 in
595 2566 790 2609 Decalog0‚

843 2567 976 2599 etiamsi
1009 2578 1113 2611 supra
1138 2571 1140 2604 'i

2095 113 2170 149 434

1177 188 1394 224 sensionum.
1450 190 1573 226 Manet
1591 193 1685 226 enim
1709 195 1842 241 aliquid
1871 197 2030 240 caliginis
2055 205 2087 232 et
2111 200 2166 232 in-

1177 238 1350 273 firmitatis
1369 241 1406 273 in
1424 243 1568 283 sanctis,
1597 243 1769 279 etPaulus
1788 247 1920 292 inquit:
1948 248 2110 282 Infirmos
2129 250 2165 283 in

1175 289 1243 322 fide
1259 292 1442 332 assumite,
1465 291 1617 327 Roman.
1633 296 1908 342 decimoquarto.

1276 339 1441 378 LXXXI.
1486 342 1541 377 Ad
1560 346 1728 380 unitatem
1747 346 1923 382 Ecclesiae
1942 362 2164 396 nequaquam

1174 392 1367 425 necessaria
1389 400 1440 427 est
1464 394 1658 429 similitudo
1687 400 1964 433 ceremoniarum
1989 399 2164 435 humana-

1174 453 1275 480 rum,
1302 443 1380 476 ideo
1402 444 1535 478 dictum
1551 454 1616 480 est:
1651 446 1763 480 Nemo
1788 462 1849 483 vos
1872 458 1994 494 arguat
2020 452 2057 485 in
2082 453 2161 486 cibo

1174 499 1207 525 et
1229 499 1335 536 potu,
1365 494 1403 527 in
1425 496 1551 530 ritibus
1575 497 1714 530 dierum
1739 499 1921 534 festorum.
1974 501 2075 536 IIanc
2096 505 2162 537 do-

1173 545 1321 577 ctrinam
1339 545 1420 578 sciri
1440 559 1577 580 necesse
1595 554 1656 589 est,
1683 560 1727 581 ne
1742 549 1800 581 alii
1819 552 2055 586 condemnent
2072 554 2161 587 alios

1172 601 1318 639 propter
1340 596 1647 632 dissimilitudines
1678 598 1715 630 in
1746 599 1875 633 ritibus
1896 599 2080 644 humanis,
2121 612 2162 638 ut

1172 652 1253 679 sunt
1268 648 1510 681 contentiones
1527 650 1570 682 de
1588 661 1678 693 pane
1700 661 1840 695 azymo,
1874 652 1916 684 de
1940 653 2162 695 fermentato,

1171 697 1214 729 de
1237 696 1398 739 ieiuniis,
1427 700 1468 732 de
1486 700 1688 733 discrimine
1710 701 1882 737 ciborum.
1936 701 2023 736 Vult
2043 710 2160 737 autem

1172 748 1327 791 conspici
1353 747 1447 783 Dens
1474 751 1673 784 libertatem
1694 751 1731 783 in
1754 749 1808 784 bis
1831 752 1958 786 ritibus
1984 751 2161 793 humanis,

1170 809 1215 830 ne
1233 799 1442 833 delabantur
1458 798 1619 834 homines
1646 801 1682 834 in
1707 814 1841 836 errores
1863 801 2099 847 pharisaicos‚
2127 813 2161 839 et

1171 855 1295 891 putent
1310 850 1396 883 tales
1416 858 1574 885 externas
1599 853 1861 886 observationes
1887 866 1960 887 esse
1983 856 2159 889 iusticiam

1171 897 1374 942 Evangelii,
1416 902 1497 934 item
1522 914 1594 935 esse
1617 903 1739 936 merita
1762 904 1977 938 remissionis
2002 914 2161 950 peccato-

1170 962 1261 983 rum.
1314 950 1470 984 Iustinus
1487 954 1675 996 respondet
1692 953 1820 987 Iudaeo
1839 957 2010 999 pugnanti
2028 958 2070 990 de
2087 968 2160 990 ser-

1171 1001 1296 1034 vandis
1321 1003 1546 1043 ceremoniis,
1583 1001 1744 1036 Christus
1778 1011 1827 1037 est
1861 1012 1978 1039 nostra
2009 1007 2079 1039 lex:
2122 1007 2160 1040 id

1171 1052 1303 1085 dictum
1321 1053 1441 1086 dextre
1459 1053 1678 1087 intellectum
1694 1054 1932 1088 dulcissimam
1959 1057 2159 1090 doctrinam

1172 1103 1345 1144 continet,
1373 1104 1432 1137 sed
1450 1104 1524 1148 ipse
1539 1105 1582 1137 de
1607 1105 1815 1138 ceremoniis
1832 1106 2000 1151 loquitur.
2052 1105 2159 1141 Chri-

1171 1159 1243 1187 stus
1281 1160 1331 1187 est
1364 1154 1437 1195 lex,
1475 1155 1608 1188 scilicet
1637 1156 1799 1198 impleta,
1842 1156 1914 1200 ipse
1943 1157 2159 1201 significatur

1169 1215 1259 1247 agno
1282 1211 1450 1245 mactato,
1484 1212 1517 1240 et
1539 1205 1653 1249 ipsum
1679 1204 1846 1239 habentes
1869 1204 2037 1242 habemus
2061 1211 2156 1253 quod

1169 1255 1225 1287 lex
1258 1255 1486 1298 significavit,
1521 1256 1609 1289 sicut
1642 1263 1674 1290 et
1698 1256 1829 1291 Paulus
1855 1258 1986 1303 inquit:
2028 1258 2157 1303 Legem

1169 1305 1276 1338 fuisse
1304 1307 1485 1345 umbram,
1532 1305 1669 1349 Corpus
1699 1314 1814 1340 autem
1846 1320 1918 1341 esse
1951 1305 2157 1344 Chrl'slum.

1169 1354 1298 1387 Dextre
1315 1362 1430 1388 autem
1449 1358 1705 1389 accommodari
1722 1359 1763 1389 ad
1778 1364 1884 1391 totam
1905 1359 2014 1402 legem
2033 1367 2155 1403 potest.

1169 1402 1331 1438 Christus
1357 1412 1477 1439 nostra
1503 1406 1557 1439 lex
1576 1414 1641 1447 est,
1670 1408 1800 1441 scilicet
1822 1409 1981 1453 impleta,
2018 1411 2099 1455 quia
2123 1420 2156 1446 et

1169 1455 1322 1495 merito‚'
1348 1467 1408 1488 seu
1437 1456 1670 1499 imputatione
1700 1465 1731 1490 et
1759 1460 2077 1494 communicatione
2100 1463 2155 1495 sui

1168 1515 1229 1536 seu
1246 1505 1428 1538 effectione
1446 1506 1621 1541 iustificat.
1674 1505 1827 1541 Exhibe!
1846 1509 1952 1551 igitur
1983 1513 2078 1555 quod
2100 1513 2154 1546 lex

1167 1554 1404 1597 significabat,
1438 1556 1520 1600 quia
1543 1568 1664 1590 sumus
1685 1558 1787 1598 iusti,
1822 1559 1856 1591 id
1883 1566 1951 1600 est,
1987 1558 2156 1596 habentes

1166 1605 1409 1638 remissionem
1431 1614 1651 1650 peccatorum
1676 1615 1707 1642 et
1728 1610 2048 1644 reconciliationem
2074 1625 2157 1656 pro-

1167 1662 1244 1700 pter
1272 1657 1521 1698 mediatorem,
1564 1657 1678 1691 Deum
1714 1666 1747 1692 et
1775 1657 1954 1693 hominem
1990 1662 2078 1701 fide,
2122 1671 2155 1698 et

1166 1707 1272 1740 simul
1290 1704 1458 1741 habentes
1476 1708 1588 1752 ipsum
1611 1710 1673 1753 qui
1696 1710 1733 1742 in
1759 1711 1861 1743 nobis
1885 1718 1933 1745 est
1957 1713 2094 1752 efficax,
2122 1721 2156 1748 et

1166 1757 1321 1791 vivificat
1350 1770 1415 1791 nos
1444 1759 1487 1791 ad
1521 1759 1627 1792 vitain
1660 1767 1857 1802 aeternam,
1902 1763 1989 1797 sicut
2014 1764 2151 1809 inquit:

1138 1810 1141 1827 ¹·
1165 1805 1242 1851 Ego
1261 1808 1369 1841 vitam
1388 1816 1563 1842 aeternam
1582 1811 1626 1843 do
1644 1811 1703 1846 eis.

1267 1857 1451 1895 LXXXII.
1486 1859 1526 1892 In
1546 1861 1827 1895 consideratione
1843 1864 1956 1908 qualis
1973 1864 2017 1898 sit
2031 1863 2155 1898 Eccle-

1166 1909 1235 1949 sia,
1263 1920 1401 1942 necesse
1419 1918 1468 1943 est
1486 1911 1587 1943 etiam
1608 1912 1712 1951 scire,
1740 1913 1777 1945 in
1801 1911 1863 1946 hac
1887 1915 1956 1947 vita
1982 1916 2154 1949 admixtos

1167 1971 1239 1992 esse
1262 1960 1390 1993 sanctis
1412 1961 1542 1994 multos
1565 1973 1636 1993 non
1664 1969 1820 2003 sanctos,
1855 1964 1937 1997 item
1962 1966 2153 1998 subiectam

1167 2021 1238 2043 esse
1264 2010 1357 2043 cruci
1387 2017 1419 2043 et
1447 2022 1601 2055 sparsam
1625 2012 1662 2044 in
1685 2013 1822 2046 diversa
1848 2015 1972 2047 mundi
1996 2016 2154 2059 imperia,

1167 2073 1230 2093 nec
1253 2058 1445 2103 Evangelio
1477 2062 1643 2095 constitui
1673 2074 1784 2095 unum
1817 2064 1961 2108 aliquod
1993 2077 2152 2107 regnum,

1166 2112 1262 2155 quod
1301 2112 1544 2155 corporalibus
1586 2113 1769 2156 praesidiis
1807 2114 1972 2148 defendat
2005 2123 2153 2150 sanctos.

1166 2161 1261 2195 llaec
1278 2162 1364 2195 scire
1381 2174 1519 2196 necesse
1543 2170 1610 2203 est,
1638 2175 1682 2196 ne
1710 2164 1864 2198 offendat
1889 2177 1953 2198 nos
1980 2163 2064 2199 hacc
2091 2169 2151 2200 de-

1166 2213 1345 2254 formitas,
1370 2214 1463 2258 quod
1483 2214 1584 2247 multi
1605 2227 1675 2246 non
1695 2215 1803 2247 sancti
1821 2222 1901 2248 sunt
1922 2217 2064 2250 admixti
2083 2216 2153 2251 Ec-

1166 2264 1299 2296 clesiae.
1354 2263 1461 2307 Item,
1490 2266 1582 2308 quod
1602 2264 1677 2296 sine
1693 2271 1787 2298 certo
1804 2265 1951 2309 imperio
1972 2278 2088 2311 sparsa
2104 2276 2152 2302 est

1166 2315 1202 2347 in
1237 2315 1428 2352 mundum,
1471 2321 1500 2347 et
1540 2315 1741 2355 ingentibus
1776 2317 1953 2350 aerumnis
1986 2319 2151 2352 subiecta.

1165 2364 1245 2398 Iluc
1262 2365 1438 2409 pertinent
1458 2365 1548 2398 dicta
1569 2363 1740 2398 Matthaei
1766 2367 2007 2401 decimotertio
2035 2370 2077 2401 de
2099 2382 2153 2402 sa-

1165 2428 1251 2459 gena
1270 2416 1371 2448 missa
1400 2416 1434 2447 iu
1453 2427 1557 2448 mare.
1614 2414 1716 2456 Item,
1751 2418 1844 2461 qnod
1868 2430 1939 2450 non
1965 2420 2150 2453 constituat

1166 2467 1329 2510 imperia,
1363 2466 1397 2501 2.
1414 2463 1575 2499 Corinth.
1598 2465 1670 2500 10.:
1708 2466 1816 2500 Arma
1841 2469 1986 2502 militiae
2014 2478 2151 2503 nostrae

1166 2529 1238 2549 non
1265 2523 1345 2549 snnt
1370 2517 1533 2550 carnalia.
1588 2515 1673 2550 ltein
1700 2518 1742 2549 de
1767 2530 1883 2551 cruce:
1917 2519 1954 2553 Si
1977 2521 2054 2565 quis
2078 2522 2148 2553 vult

1166 2579 1220 2600 me
1240 2567 1350 2610 seqni,
1378 2567 1475 2599 tollat
1495 2579 1629 2600 crucem
1649 2579 1744 2600 snam
1762 2576 1793 2602 et
1811 2576 1975 2613 sequatur
1994 2584 2059 2604 ine.
2087 2571 2150 2602 llic

130 2618 401 2651 fundamentum
418 2618 478 2650 alii
497 2630 619 2651 ani-um
638 2618 698 2650 alii
717 2618 862 2661 stipulas
882 2623 1058 2657 extruunt,
1082 2624 1115 2651 et
1138 2611 1141 2623 ⁵
1166 2618 1307 2662 prodest
1333 2617 1435 2650 etiam
1463 2629 1581 2650 causas
1603 2619 1691 2659 cogit
1707 2631 1772 2659 ire,
1808 2632 1915 2665 qnare
1938 2619 2042 2654 Ikos
2068 2622 2149 2654 velit

113 2668 266 2713 „aliquid
291 2668 420 2701 erroris
444 2665 572 2701 liabent
596 2669 716 2711 multi,
752 2675 785 2702 et
811 2668 944 2713 aliquid
970 2675 1020 2701 est
1043 2669 1115 2701 dis-

182 2718 366 2752 Mummi.
394 2721 497 2752 Orza.
525 2720 606 2751 von.
635 2720 710 2752 XII.

1166 2667 1356 2701 Ecclesiam
1374 2668 1565 2701 subiectam
1585 2680 1656 2702 esse
1675 2671 1779 2704 eruti.

1461 2719 1508 2753 28
