2324 2955
113 128 188 164 789
800 127 826 164 1.

212 211 351 246 Nomen
376 219 493 246 autem
520 219 593 246 erat
617 218 775 246 veterum
808 212 944 256 legum,
976 207 1096 255 Leges

109 261 320 304 Draconis,
347 263 395 296 sic
422 262 623 296 nominatae
650 263 705 296 vel
728 264 772 297 ab
793 270 934 302 autore,
960 262 1016 295 vel
1039 259 1099 308 (ut

109 314 221 357 magis
237 312 418 360 existimo)
438 325 457 346 a
478 313 555 346 loco
573 313 715 355 iudicii,
743 314 842 347 cuius
865 314 1003 357 signum
1028 319 1099 346 ter-

109 364 215 398 ribile
240 371 314 398 erat
328 362 454 399 Draco.
508 362 668 398 Fuerunt
691 365 785 398 enim
809 377 943 408 poenae
966 364 1097 397 multo-

110 427 191 449 rum
210 415 418 448 delictorum
444 415 638 459 asperiores
661 415 697 448 in
723 415 783 449 illa
805 415 980 449 severiore
1004 414 1097 448 anti-

110 465 265 511 quitate,
299 465 389 498 sicut
419 464 594 499 Demades
624 466 755 510 inquit:
787 465 896 509 Leges
925 464 1097 500 Draconis

108 515 280 560 sanguine
302 516 447 560 scriptas
475 516 593 550 fuisse.
649 515 733 550 Fuit
757 523 872 549 autem
897 517 1094 561 aliquarum

106 566 282 610 mitigatio
308 564 473 605 honesta,
500 573 556 607 ut,
580 578 625 599 ne
645 567 814 601 darentur
832 567 867 600 in
893 567 1095 601 servitutem

106 615 174 651 filii
188 623 248 652 aut
265 617 358 651 filiae
374 629 438 662 pro
455 617 605 662 pecunia
624 625 760 662 sumpta
778 625 911 652 mutuo.
963 616 1095 651 Contra

108 679 193 701 vero
217 667 417 713 aliquarum
442 667 570 701 laxatio
598 669 712 712 turpis
731 669 816 709 suit,
840 676 880 703 ut
898 670 941 702 de
959 667 1096 701 adulte-

106 718 190 759 riis,
229 730 319 764 quae
353 717 474 753 omnia
514 718 601 752 olim
644 719 884 763 puniebantur
919 717 1094 763 supplicio

106 768 259 814 capitali.

209 825 405 863 Ordinavit
420 834 453 862 et
468 838 601 860 annum
620 839 658 860 ac
676 839 822 869 menses,
850 834 883 861 et
899 827 942 860 ad
960 825 1094 859 duode-

106 876 175 911 cim
194 889 329 912 menses
345 877 504 912 Lunares
520 878 647 911 adiecit
660 876 812 922 Epactas
830 878 904 911 dies
918 875 1095 916 undecim,

105 934 146 962 ut
163 935 399 973 congruerent
416 929 458 962 ad
477 928 653 972 integrum
669 928 763 962 Solis
780 929 979 962 circuitum.
1020 925 1093 959 Ini-

105 978 196 1013 tium
211 980 297 1015 anni
314 979 495 1013 constituit
511 979 797 1011 coniunctionem
813 978 906 1010 Solis
921 984 954 1008 et
970 976 1093 1009 Lunae

106 1030 304 1073 proximam
329 1029 461 1062 aestivo
490 1026 650 1060 solstitio.
705 1025 857 1070 Collegit
879 1033 910 1060 et
936 1027 971 1059 in
1002 1027 1094 1059 inte-

105 1089 207 1121 grum
225 1077 372 1111 Homeri
390 1077 572 1121 poemata,
599 1083 633 1110 et
652 1077 688 1109 in
711 1077 789 1110 loco
815 1077 958 1121 publico
981 1076 1093 1109 collo—

106 1128 216 1169 cavit,
243 1135 278 1162 et
301 1127 475 1166 instituit,
501 1133 541 1160 ut
557 1127 684 1160 ordine
709 1127 837 1170 singuli
856 1128 939 1160 libri
962 1127 999 1159 in
1017 1127 1093 1159 die-

105 1180 173 1213 bus
192 1179 290 1213 festis
312 1178 454 1223 publice
474 1178 693 1220 legerentur,
720 1189 758 1211 ac
783 1178 936 1212 ostendit
961 1178 1004 1210 ad
1030 1188 1094 1220 gu-

104 1231 312 1264 bernatores
352 1228 528 1273 pertinere
571 1240 690 1261 curam
731 1228 965 1262 conservandi
999 1228 1093 1261 bona

105 1280 247 1324 scripta.
299 1277 498 1313 Antecessit
515 1284 630 1312 autem
649 1278 825 1313 Homerus
841 1278 1009 1314 Solonem
1030 1291 1093 1313 an-

105 1341 171 1364 nos
186 1330 324 1364 circiter
341 1336 527 1365 trecentos,

208 1388 396 1434 Sapienter
423 1388 579 1423 actiones
600 1389 757 1423 forenses
780 1389 828 1423 ita
850 1388 1028 1430 distinxit,
1055 1395 1093 1422 ut

106 1450 226 1473 earum
255 1440 342 1473 ordo
364 1451 453 1484 pene
476 1440 520 1473 ad
538 1438 751 1482 Decalogum
768 1446 947 1482 congruat.
1001 1438 1094 1473 Sunt

105 1489 201 1523 enim
225 1489 380 1523 actiones
399 1490 496 1523 velut
513 1491 698 1535 exequutio
723 1502 937 1534 poenarum,
964 1490 1093 1535 quibus

104 1546 246 1574 externa
262 1540 389 1574 delicta
407 1546 528 1573 contra
544 1538 758 1583 Decalogum
776 1540 986 1584 puniuntur.
1019 1539 1091 1573 De—

104 1588 306 1624 mosthenes
331 1590 454 1625 recitat
483 1590 721 1624 iuramentum
753 1591 930 1624 iudicum:
966 1590 1090 1624 Feram

104 1641 295 1675 sententias
323 1641 418 1674 iuxta
442 1641 553 1684 leges,
578 1653 642 1674 nec
664 1641 871 1684 suffragium
897 1641 1024 1680 seram,
1052 1648 1092 1675 ut

104 1691 222 1725 debita
247 1691 513 1732 condonentur,
539 1699 599 1725 aut
615 1692 688 1734 agri
707 1699 766 1725 aut
790 1693 915 1723 domus
935 1692 1092 1734 locuple-

104 1742 254 1776 tioribus
271 1741 483 1784 eripiantur,
511 1753 573 1772 nec
589 1744 753 1772 reducam
771 1740 899 1780 exules,
924 1752 988 1773 nec
1003 1741 1091 1773 libe-

103 1792 189 1825 rabo
206 1793 391 1824 damnatos
407 1796 467 1822 aut
487 1801 581 1830 reos,
606 1801 670 1822 nec
687 1790 855 1834 accipiam
871 1802 1019 1824 munera
1036 1791 1092 1824 iu-

103 1841 189 1876 dicii
205 1852 317 1875 causa.
358 1838 514 1874 Audiam
534 1840 664 1884 pariter
679 1847 914 1873 accusatorem
931 1848 964 1875 et
981 1853 1092 1880 reum,

104 1891 349 1938 pronunciabo
365 1891 407 1924 de
426 1902 462 1923 re
474 1917 483 1930 ‚
511 1892 554 1924 de
572 1903 638 1936 qua
655 1890 799 1934 proprie
816 1891 906 1924 actio
932 1891 1092 1925 instituta

104 1950 167 1979 est.
218 1941 315 1976 Haec
339 1948 373 1975 et
396 1941 526 1975 similia
551 1942 661 1975 multa
692 1941 848 1986 exempla
876 1941 913 1974 in
944 1940 1091 1976 historia

103 1993 246 2028 Solonis
263 1992 446 2027 continent
463 1992 566 2026 utiles
583 1992 958 2034 eommonefactiones,
985 2005 1091 2039 quam

104 2044 247 2088 prodest
264 2043 390 2088 passim
405 2055 444 2076 ex
460 2043 690 2088 scriptoribus
705 2055 897 2087 excerpere.

159 2152 409 2201 Cambyses
433 2154 673 2189 secundus
695 2165 775 2189 rex
798 2157 1033 2190 Persicus,

168 2228 259 2264 Cum
268 2227 383 2275 Cyrus
392 2241 496 2262 senex
508 2229 696 2262 exercitum
708 2236 801 2263 extra
813 2240 959 2272 regnum
969 2231 1093 2263 adver-

106 2292 163 2315 sus
179 2280 393 2324 Massagetas
412 2281 573 2318 duceret,
602 2280 673 2312 til-To
690 2278 855 2326 Cambysi
874 2281 1008 2323 regium
1027 2293 1092 2314 no-

105 2343 186 2365 men
204 2331 349 2372 tribuit,
373 2338 406 2365 et
422 2330 544 2364 vivens
560 2328 675 2364 adhuc
691 2330 849 2364 Persicae
866 2329 1093 2365 monarchiae

106 2394 221 2425 regem
239 2393 318 2414 eum
341 2393 412 2415 esse
438 2381 549 2416 iussit.
603 2380 671 2414 llic
688 2380 877 2427 Cambyses
893 2381 1090 2428 Aegyptum

106 2433 244 2467 addidit
269 2443 377 2474 regno
394 2431 544 2466 Persico.
597 2432 657 2466 Est
680 2438 796 2465 autem
821 2431 958 2475 insigne
976 2445 1091 2465 exem-

106 2484 204 2529 plum
227 2483 481 2516 inconstantiae
502 2495 618 2516 rerum
636 2480 886 2522 humanarum,
915 2484 1008 2527 quod
1029 2496 1090 2516 na-

105 2540 162 2568 tus
178 2540 275 2568 tanto
293 2540 400 2578 patre,
427 2533 524 2566 cuius
541 2534 605 2567 suit
621 2534 792 2567 excellens
809 2533 931 2574 virtus,
945 2540 978 2568 et
996 2531 1088 2567 haud

107 2584 215 2618 dubie
239 2584 371 2628 optima
395 2583 581 2627 disciplina
606 2585 807 2624 institutus,
835 2590 951 2617 tamen
975 2596 1090 2618 mores

107 2635 226 2669 induit
250 2647 322 2669 non
349 2635 463 2668 solurn
489 2645 613 2676 genere
642 2642 675 2669 et
706 2647 784 2678 rege
811 2634 995 2677 indignos,
1029 2636 1087 2668 sed

107 2686 254 2720 omnino
270 2692 388 2720 tetros.
440 2683 562 2718 Motus
580 2685 665 2719 falsa
688 2686 888 2730 suspicione
908 2685 1005 2720 iussit
1033 2685 1087 2718 in-

879 121 1172 161 CHRONICON
1199 121 1447 160 CARIONIS.

2070 122 2139 156 790

1150 207 1260 242 terfici
1292 209 1447 244 fratrem.
1512 209 1626 242 Duxit
1658 220 1802 242 uxorem
1834 218 1991 241 sororem
2028 219 2137 248 suam,

1149 266 1183 293 et
1225 259 1475 305 lacrymantem
1517 266 1661 304 propter
1701 259 1819 292 fratris
1853 270 1973 292 necem
2011 269 2135 290 excan-

1149 311 1292 343 descens
1317 310 1497 353 gravidam
1530 310 1716 346 interfecit.
1775 309 1876 342 Hanc
1907 308 2134 342 domesticam

1147 360 1389 394 crudelitatem
1431 361 1491 393 alii
1533 362 1669 394 furores
1712 360 1850 405 sequuti
1887 367 1979 394 sunt.
2042 357 2133 392 Cum

1146 410 1335 455 Prexaspes
1360 409 1641 455 reprehendisset
1662 411 1735 444 eius
1758 411 2018 450 temulentiam,
2045 410 2133 443 dixit

1146 473 1180 494 se
1215 468 1438 494 ostensurum
1474 474 1565 500 esse,
1609 462 1676 494 sibi
1712 468 1863 494 mentem
1898 461 2002 494 etiam
2040 460 2133 493 inter

1147 512 1270 555 pocula
1307 512 1480 555 integram
1515 524 1606 550 esse,
1652 523 1691 544 ac
1727 511 1827 544 iussit
1860 512 1898 543 in
1929 511 2132 544 convivium

1146 562 1273 595 adduci
1310 563 1423 595 filium
1458 562 1661 605 Prexaspis,
1708 573 1811 606 quem
1848 561 2057 594 collocatum
2089 562 2133 594 ad

1146 614 1254 646 limen
1273 613 1373 646 iussit
1399 625 1547 657 puerum
1568 613 1743 646 sinistram
1769 623 1912 644 manum
1938 612 2042 655 capiti
2067 613 2133 643 ini-

1147 675 1297 708 ponere,
1323 670 1357 697 et
1380 675 1498 696 arcum
1526 663 1700 702 intendit,
1726 674 1766 695 ac
1784 663 1826 695 ad
1851 673 1912 695 cor
1929 662 2131 694 adolescen-

1147 715 1190 748 tis
1209 715 1368 757 sagittam
1387 714 1525 749 direxit.
1578 712 1684 755 Quod
1705 725 1781 746 cum
1803 713 2037 751 vulnerasset,
2063 713 2131 745 icto

1149 772 1284 808 pectore
1314 763 1462 798 haerens
1496 764 1534 796 in
1569 764 1674 797 corde
1708 763 1882 807 spiculum
1910 764 2000 807 patri
2027 775 2132 796 mou-

1146 822 1249 854 strat,
1288 827 1436 860 eumque
1469 816 1588 848 ridens
1622 814 1833 857 interrogat,
1875 814 1957 848 satis
1984 826 2029 847 ne
2054 824 2131 847 cer-

1144 872 1215 899 tam
1243 878 1389 899 manum
1416 864 1586 900 haberet?
1640 864 1744 899 Pater
1770 865 1837 899 sibi
1865 872 2042 906 metuens,
2075 876 2131 898 ar-

1143 924 1212 951 tem
1237 917 1368 950 laudat.

1245 982 1314 1016 Sed
1333 982 1412 1016 talis
1430 995 1508 1016 cum
1528 991 1615 1018 esset
1630 982 1830 1029 Cambyses,
1857 984 2037 1028 aliquanto
2055 988 2133 1025 post

1144 1033 1319 1065 divinitus
1362 1034 1507 1076 punitus
1543 1041 1606 1068 est.
1667 1033 1758 1067 Cum
1795 1034 1890 1068 enim
1926 1035 1964 1066 in
2003 1044 2131 1077 equum

1144 1083 1362 1123 ascenderet,
1397 1083 1561 1116 decidens
1594 1095 1634 1116 ex
1665 1085 1790 1126 vagina
1821 1084 1959 1127 gladius
1991 1084 2072 1116 serit
2101 1081 2131 1114 ei

1143 1134 1275 1174 femur,
1308 1145 1348 1166 ex
1372 1145 1412 1166 eo
1436 1135 1582 1167 vulnere
1608 1140 1686 1178 post
1717 1146 1846 1178 paucos
1873 1135 1946 1167 dies
1970 1140 2132 1166 mortuus

1143 1191 1211 1225 est,
1238 1196 1317 1218 cum
1343 1191 1519 1227 regnasset
1543 1196 1656 1218 annos
1686 1192 1837 1229 septem,
1865 1196 2000 1218 menses
2025 1184 2132 1229 quin-

1144 1247 1222 1280 que.
1280 1234 1371 1269 Cum
1399 1242 1515 1268 autem
1546 1236 1625 1268 vivo
1653 1242 1752 1280 patre
1777 1247 1888 1270 annos
1915 1236 2050 1280 aliquot
2078 1246 2132 1267 re-

1144 1286 1278 1328 gnarit,
1305 1284 1343 1318 bi
1369 1286 1453 1318 anni
1480 1298 1551 1319 non
1577 1287 1828 1320 discernuntur
1850 1298 1868 1319 a
1886 1286 1995 1331 patris
2015 1286 2130 1320 annis-

1144 1337 1208 1370 Est
1233 1344 1349 1370 autem
1374 1343 1407 1370 et
1430 1336 1540 1380 ipsius
1561 1348 1674 1380 poena
1701 1337 1940 1371 testimonium
1974 1336 2130 1379 regulae:

1144 1385 1275 1420 Omnis
1307 1387 1366 1432 qui
1402 1388 1558 1430 gladium
1595 1388 1789 1431 acceperit,
1837 1388 1954 1431 gladio
1988 1386 2129 1431 peribit.

1145 1437 1196 1471 Ac
1218 1438 1349 1472 talibus
1366 1438 1532 1482 exemplis
1558 1449 1751 1481 poenarum
1769 1438 1864 1472 Deus
1893 1445 2045 1472 caeteros
2066 1435 2131 1470 ho-

1144 1489 1258 1521 mines
1283 1489 1325 1522 de
1351 1488 1571 1532 providentia
1600 1496 1631 1522 et
1656 1490 1699 1521 (le
1721 1501 1785 1522 suo
1814 1489 1946 1522 iudicio
1975 1499 2131 1521 commo-

1142 1539 1282 1572 nefacit.

1247 1606 1409 1640 lusticiae
1441 1608 1638 1651 exemplum
1672 1609 1715 1641 de
1747 1606 1919 1653 Cambyse
1950 1605 2016 1640 hoc
2050 1618 2132 1638 nar-

1144 1663 1197 1691 rat
1222 1656 1437 1691 Herodotus.
1499 1658 1700 1691 praesidem
1729 1658 1945 1697 Sisamnem‚
1981 1657 2039 1701 qui
2071 1669 2131 1700 pe-

1144 1705 1247 1739 cunia
1276 1713 1462 1749 corruptus
1486 1707 1652 1740 iniustam
1680 1709 1888 1741 sententiam
1911 1708 2048 1747 tulerat,
2077 1708 2132 1740 in-

1143 1757 1295 1797 terfecit,
1330 1763 1362 1790 et
1385 1757 1450 1790 toti
1477 1758 1618 1802 corpori
1644 1765 1757 1792 cutem
1783 1759 1949 1799 detraxit,
1985 1770 2132 1803 eamque

1145 1807 1307 1841 instravit
1335 1807 1518 1841 tribunali.
1570 1808 1694 1843 Postea
1718 1809 1830 1842 filium
1854 1808 2025 1843 Sisamnis
2042 1806 2132 1842 Om-

1144 1870 1223 1890 nem
1254 1858 1290 1890 in
1315 1870 1391 1891 eam
1421 1860 1537 1891 sedem
1561 1860 1766 1900 collocavit,
1794 1871 1832 1893 ac
1851 1860 1953 1893 iussit
1976 1872 2054 1893 eum
2075 1859 2130 1891 in-

1143 1914 1298 1942 tuentem
1329 1909 1439 1952 patris
1463 1909 1603 1943 exuvias
1626 1910 1715 1943 iuste
1739 1911 1915 1949 iudicare,
1949 1922 1993 1943 ne
2023 1910 2131 1943 simili

1142 1959 1316 2003 supplicio
1345 1960 1563 1993 adficeretur.

1245 2026 1357 2072 Saepe
1383 2034 1498 2060 autem
1526 2028 1692 2069 dicimus,
1719 2029 1919 2062 societatem
1945 2026 2130 2062 hominum

1144 2078 1294 2112 similem
1328 2090 1401 2111 esse
1428 2078 1543 2122 gregi,
1585 2091 1688 2124 quem
1723 2080 1785 2113 etsi
1821 2079 1949 2124 passim
1978 2079 2131 2113 lacerant

1144 2129 1218 2173 lupi
1245 2135 1278 2162 et
1304 2129 1398 2170 ursi,
1424 2136 1541 2162 tamen
1568 2128 1680 2163 fidelis
1709 2137 1827 2174 pastor
1853 2143 1870 2162 a
1898 2130 2042 2163 caeteris
2070 2142 2131 2173 pe-

1143 2181 1293 2213 cudibus
1327 2192 1386 2213 eos
1412 2180 1569 2224 depellit.
1633 2180 1691 2214 Sic
1725 2181 1788 2214 etsi
1824 2187 2026 2224 grassantur
2054 2181 2131 2214 ‹lia-

1145 2231 1236 2271 boli,
1270 2232 1412 2275 tyranni
1441 2238 1472 2264 et
1500 2231 1559 2264 alii
1593 2231 1749 2264 scelerati
1786 2231 1822 2264 in
1850 2242 1976 2274 genere
2005 2229 2130 2265 buma-

1145 2294 1210 2320 no,
1254 2288 1372 2315 tamen
1399 2281 1494 2315 Deus
1529 2294 1589 2314 cen
1628 2281 1739 2314 snlelis
1774 2288 1892 2325 pastor
1918 2293 1979 2315 sua
2009 2283 2130 2316 «lextra

1144 2339 1261 2365 coetus
1289 2332 1427 2377 aliquos
1457 2331 1626 2376 protegit,
1669 2332 1763 2365 iuxta
1790 2332 1898 2366 illud:
1951 2331 2028 2366 Nisi
2056 2331 2130 2366 Do-

1143 2384 1261 2416 minus
1296 2383 1501 2416 custodierit
1536 2382 1709 2416 civitatem
1739 2389 1802 2416 etc.
1866 2382 1906 2416 Et
1935 2390 2129 2426 grassantes

1144 2441 1313 2479 tyrannos
1337 2440 1369 2467 et
1390 2434 1544 2467 latrones
1568 2433 1671 2466 tollit.
1725 2432 1941 2479 Quanquam
1966 2434 2073 2477 igitur
2097 2441 2129 2467 et

1144 2485 1215 2528 ipse
1248 2483 1438 2529 Cambyses
1474 2493 1642 2528 tyrannus
1671 2490 1738 2521 est,
1790 2491 1819 2517 et
1856 2496 1935 2517 mox
1971 2485 2130 2528 punitur,

1143 2542 1256 2568 tamen
1292 2536 1462 2578 quaedam
1501 2535 1536 2566 in
1577 2535 1834 2576 gubernatione
1867 2535 2039 2568 divinitus
2077 2536 2128 2567 iu-

1141 2592 1190 2618 sta
1219 2586 1326 2624 liunt,
1369 2597 1412 2617 ne
1440 2585 1630 2630 dissipetur
1659 2586 1822 2619 universa
1852 2586 1996 2619 societas
2024 2597 2126 2628 genc-

1141 2635 1188 2670 ris
1215 2632 1376 2671 humani,
