2324 2955
82 126 153 162 105
679 124 834 163 DECL.

178 212 368 258 Postquam
392 219 486 246 certo
509 211 740 245 constitutum
764 219 815 246 est
847 224 910 245 nos
943 224 960 244 a
987 211 1061 245 Deo

78 265 199 308 diligi,
227 271 260 298 et
274 264 462 297 didicimus
479 264 658 308 quomodo
677 264 888 308 recipiamur
911 270 941 296 et
958 274 1062 295 exau-

77 317 234 356 diamur,
262 321 394 348 certum
422 313 634 357 praesidium
661 312 794 348 hahent
826 314 901 357 piae
929 320 1062 346 mentes

78 367 115 400 in
139 366 305 399 omnibus
323 364 499 408 periculis.
544 363 683 398 Norunt
705 365 798 396 enim
818 377 853 397 se
871 363 945 397 Deo
960 375 1062 396 curae

78 429 170 455 esse,
198 427 233 449 se
258 415 390 455 iuvari,
418 415 490 458 regi
512 422 543 448 et
568 415 719 448 defendi.
774 413 869 448 Haec
893 422 942 448 est
963 415 1062 447 firma

78 467 289 507 consolatio,
324 466 427 508 longe
452 477 621 510 superans
651 463 913 509 philosophicas
937 477 1063 499 conso-

79 518 244 559 lationes,
270 529 358 562 quae
377 517 499 550 iubent
516 516 690 549 moderari
708 516 861 556 dolores,
889 517 946 549 sed
965 516 1063 549 auxi-

78 570 165 602 lium
194 580 267 602 uon
291 574 500 603 monstrant.
552 565 649 600 Haec
666 567 827 600 doctrina
845 568 888 600 de
906 567 978 599 filio
996 566 1063 600 Dei

77 626 249 653 monstrat
264 619 448 652 auxilium.

180 670 249 704 Sed
277 667 333 702 liic
358 668 526 701 monendi
552 675 633 702 sunt
659 668 857 709 auditores,
884 665 969 701 haec
987 668 1064 701 sine

77 720 250 755 exercitiis
274 719 508 753 invocationis
540 731 613 752 non
637 719 799 762 intelligi.
855 718 1064 752 Moveamur

77 773 184 815 igitur
209 770 359 816 publicis
387 777 422 804 et
444 770 590 814 privatis
615 770 783 810 miseriis,
815 777 854 803 ut
885 769 1062 803 invocatio

76 821 141 856 Dei
178 822 214 854 in
249 821 352 855 nobis
380 822 604 854 accendatur.
665 819 718 854 De
742 833 811 866 qua
839 821 942 854 etiam
974 820 1063 853 illud

75 873 186 906 sciant
202 872 401 911 auditores,
427 879 465 905 ut
481 869 645 905 Christus
664 883 784 904 recens
809 878 933 912 natus,
962 871 1063 903 invo-

77 925 170 957 lutus
193 930 243 957 est
268 923 437 961 fasciolis,
474 923 521 955 ita
548 923 747 956 doctrinam
773 923 816 955 de
840 922 1064 955 invocatione

78 975 270 1008 involutam
286 985 357 1007 esse
375 974 555 1006 doctrinae
574 971 783 1016 Evangelii,
810 986 899 1018 quae
918 972 984 1006 Dei
1004 973 1064 1006 be-

77 1025 199 1058 neficio
217 1031 318 1058 sonat
332 1025 369 1056 in
384 1024 512 1058 nostris
530 1021 707 1057 Ecclesiis.

173 1074 279 1109 Nulla
296 1082 345 1109 est
361 1074 548 1115 invocatio,
573 1075 641 1108 nisi
659 1075 903 1118 intelligantur
919 1087 956 1108 ea
975 1086 1064 1120 quae

75 1138 176 1171 saepe
193 1126 383 1170 repetimus
401 1127 444 1158 de
461 1126 528 1158 fide
540 1153 549 1166 ‚
577 1138 644 1171 qua
663 1126 699 1159 fit
714 1127 968 1161 reconciliatio,
1022 1125 1062 1159 Si

74 1177 154 1222 quis
176 1177 303 1211 retinet
328 1177 571 1221 persuasiones
596 1174 857 1221 philosophicas
884 1184 918 1211 et
941 1174 1063 1221 phari-

76 1228 202 1269 saicas,
233 1227 354 1273 quales
378 1228 574 1261 defendunt
597 1226 784 1268 monachi,
819 1235 852 1262 et
875 1228 977 1261 multi
1002 1227 1063 1260 alii

75 1277 192 1312 hostes
214 1279 301 1312 lucis
324 1277 509 1321 Evangelii
536 1278 644 1321 fugiet
670 1277 803 1319 Deum,
838 1285 870 1312 et
894 1280 1063 1311 adversus

76 1341 155 1362 eum
181 1330 325 1368 fremet,
350 1335 389 1360 ut
405 1329 506 1359 multi
526 1328 562 1358 in
588 1329 797 1369 tragoediiS,
825 1329 885 1372 qui
905 1329 1063 1360 irascun-

76 1386 134 1412 tur
150 1377 243 1418 Deo,
270 1389 308 1409 ac
330 1377 443 1420 palam
468 1377 641 1415 fatentur,
668 1389 702 1410 se
722 1378 902 1417 dubitare,
929 1389 973 1409 an
1001 1374 1065 1409 ho-

77 1429 214 1462 minum
229 1426 444 1460 calamitates
460 1432 578 1458 cernat
595 1425 702 1461 Deus.
751 1425 797 1459 Et
813 1439 857 1458 an
876 1425 1066 1470 lachrymis

76 1486 109 1512 et
134 1478 223 1512 votis
252 1477 461 1510 miserorum
485 1475 656 1511 flectatur.
710 1475 856 1508 Necesse
882 1482 931 1508 est
959 1476 1066 1518 igitur

77 1536 167 1563 recte
201 1527 349 1571 intelligi
374 1525 626 1569 Evangelium,
661 1533 694 1559 et
722 1526 875 1559 discerni
907 1524 1065 1559 ethnicas

76 1592 135 1614 seu
161 1578 331 1613 humanas
362 1577 549 1622 opiniones
575 1589 594 1610 a
627 1577 767 1610 decreto
791 1578 834 1610 de
860 1577 1067 1610 reconcilia-

76 1632 192 1671 tione,
218 1630 311 1675 quod
333 1629 425 1662 filius
443 1626 508 1661 Dei
526 1640 567 1660 ex
591 1627 671 1662 sinu
691 1628 824 1661 aeterni
853 1628 961 1672 patris
983 1640 1065 1671 pro-

76 1682 175 1722 tulit,
197 1681 290 1726 quod
313 1679 422 1713 literis
444 1678 605 1712 mandari
631 1691 693 1723 per
710 1677 903 1723 Prophetas
920 1686 952 1713 et
967 1678 1065 1723 Apo-

76 1733 184 1767 stolos
209 1731 342 1769 voluit,
370 1730 464 1775 quod
485 1742 549 1763 nos
566 1730 725 1774 quotidie
746 1728 821 1763 Deo
846 1731 1065 1773 gubernante

76 1790 211 1817 mentes
240 1790 273 1817 et
303 1782 441 1823 linguas
465 1787 603 1814 nostras
620 1781 712 1814 bona
729 1781 797 1813 fide
815 1781 915 1814 vobis
934 1793 1064 1825 propo-

75 1835 204 1870 nimus.
258 1830 344 1866 Eius
363 1832 544 1866 doctrinae
569 1843 704 1865 summa
730 1830 1063 1876 comprehendenda

76 1893 144 1924 est,
173 1885 201 1918 si
228 1884 392 1917 volumus
423 1890 456 1916 et
478 1883 645 1916 beneficia
678 1883 741 1916 filii
765 1883 833 1916 Dei
858 1883 1066 1926 intelligere,

75 1944 109 1971 et
139 1942 231 1970 recte
260 1946 419 1968 exercere
452 1934 722 1970 invocationem.
784 1933 945 1968 Fortasse
972 1934 1065 1966 deri-

76 1989 162 2021 dent
183 1997 239 2020 me
256 1986 366 2031 aliqui
386 1983 470 2018 haec
494 1992 845 2019 commemorantem:
873 1986 933 2018 sed
961 1985 1064 2018 toties

78 2038 146 2073 iam
170 2036 261 2077 dixi,
288 2049 344 2069 me
368 2035 571 2070 concionari
598 2047 668 2069 non
695 2034 894 2080 Prophanis
919 2042 952 2069 et
978 2034 1065 2080 Epi-

76 2089 208 2129 eureis,
235 2093 295 2120 aut
314 2086 536 2132 Hypocritis,
564 2087 623 2119 sed
641 2087 682 2120 iis
697 2088 757 2133 qui
776 2100 848 2120 non
867 2087 1066 2127 fastidiunt,

76 2147 109 2174 et
133 2152 206 2173 non
232 2144 464 2171 contemnunt
488 2136 732 2180 Evangelium.
786 2137 853 2173 llis
879 2149 1000 2182 spero,
1033 2145 1065 2171 et

76 2198 212 2235 gratum
230 2200 313 2230 esse,
341 2195 374 2221 et
390 2189 513 2222 utilem
532 2186 622 2222 lianc
639 2190 738 2234 quasi
753 2189 1064 2223 commonefactio-

77 2236 171 2277 nem.
221 2239 294 2273 Nec
313 2252 397 2273 vero
424 2240 520 2272 aliud
556 2237 723 2274 hactenus
748 2241 840 2281 dixi,
875 2240 942 2273 nisi
969 2241 1064 2285 quod

78 2293 145 2338 ipsi
163 2289 290 2335 Angeli
309 2298 436 2324 sonant
459 2291 495 2323 in
513 2290 574 2322 illo
592 2302 655 2323 suo
672 2288 823 2337 hymno,
852 2303 957 2336 quem
977 2292 1065 2324 ceci-

78 2350 208 2379 nerunt
225 2342 390 2376 audiente
403 2342 633 2376 multitudine
649 2349 828 2386 pastorum
846 2354 967 2376 recens
984 2349 1065 2376 nato

78 2408 119 2429 ex
146 2392 282 2437 virgine
305 2393 377 2427 filio
403 2391 486 2426 Dei:
528 2392 654 2426 Gloria
684 2393 721 2426 in
746 2393 887 2427 excelsis
911 2394 1004 2433 Deo,
1033 2401 1066 2427 et

79 2448 116 2480 in
152 2452 244 2480 terra
279 2456 365 2488 pax,
398 2441 605 2477 hominibus
634 2444 780 2477 laeticia.
832 2443 965 2487 Agnito
993 2445 1065 2477 silio

77 2496 164 2535 Dei,
199 2503 273 2529 tum
307 2495 447 2528 demum
483 2507 564 2528 vere
599 2495 816 2539 conspicitur
850 2496 962 2538 gloria
988 2494 1067 2536 Dei,

77 2548 160 2595 quia
195 2545 392 2589 amplitudo
419 2546 681 2580 misericordiae
707 2545 792 2585 Dei,
819 2547 937 2590 patefit
962 2547 1066 2580 nobis

78 2601 209 2634 donato
230 2596 316 2632 filio.

177 2646 328 2682 Etiamsi
352 2648 480 2683 fatetur
506 2648 605 2683 Plato
630 2661 762 2682 numen
786 2661 857 2682 esse
875 2657 1066 2691 aeteruum,

77 2702 233 2746 sapiem,
266 2700 412 2740 bonum,
436 2700 584 2742 iustum,
611 2700 762 2745 puniens
779 2701 921 2742 scelera,
949 2708 1065 2735 tamen

883 124 957 160 DE
990 124 1185 161 PARTU
1222 127 1362 162 FlLIl
1398 127 1507 162 DEI.

2027 128 2098 161 106

1115 224 1158 245 an
1176 212 1250 256 ipse
1267 215 1475 247 exaudiatur
1490 214 1652 257 ambigit,
1678 213 1786 246 immo
1804 214 1841 246 in
1858 213 1947 246 veris
1963 214 2097 247 dolori-

1114 264 1179 295 bus
1204 264 1317 295 deseri
1339 275 1374 296 se
1402 265 1542 298 iudicat.
1604 265 1722 307 Quare
1753 265 1901 297 sciamus
1924 277 2041 297 veram
2066 272 2099 297 et

1114 314 1284 356 integram
1311 315 1477 356 gloriam,
1513 316 1558 348 ita
1582 317 1723 348 demum
1752 314 1826 348 Deo
1855 316 1982 356 tribui,
2019 327 2097 349 cum

1115 365 1226 397 filium
1255 372 1285 398 et
1315 365 1388 397 eius
1407 366 1573 399 beneficia
1590 366 1820 409 agnoscimus-

1217 416 1408 458 Quomodo
1435 424 1549 450 autem
1576 429 1696 461 pacem
1722 417 1759 448 in
1789 418 1889 450 terris
1922 414 1978 449 hic
2007 416 2100 449 filius

1115 466 1237 506 efficit,
1265 479 1344 499 cum
1368 465 1522 500 Ecclesia
1550 467 1752 509 ingentibus
1777 468 1954 501 aerumnis
1975 467 2100 500 confli-

1115 518 1250 550 ctetur?
1284 517 1431 560 Propria
1455 516 1539 550 haec
1557 516 1733 550 Ecclesiae
1756 519 1925 561 sapientia
1947 525 2016 561 est,
2046 518 2101 550 in-

1116 568 1291 611 telligere,
1331 580 1393 601 cur
1422 567 1510 601 lianc
1543 575 1677 601 sontem
1710 575 1870 601 naturam
1903 567 2103 608 hominum,

1115 618 1209 652 Deus
1234 619 1338 652 tantis
1367 619 1623 652 calamitatibus
1657 619 1846 651 excruciari
1873 619 1973 651 sinat.
2033 619 2102 652 Sed

1116 677 1274 714 expectat
1297 669 1453 702 Ecclesia
1477 682 1596 714 pacem
1622 676 1654 702 et
1682 669 1974 713 tranquillitatem
2011 670 2104 702 inte-

1116 733 1230 763 gram,
1258 734 1336 754 cum
1361 721 1453 754 filius
1476 719 1543 753 Dei
1568 732 1642 752 eam
1667 732 1706 752 ex
1731 727 1844 753 morte
1867 719 2046 752 revocabit
2067 720 2103 751 in

1116 772 1234 805 vitam.
1291 771 1426 805 Interea
1451 783 1533 804 vero
1566 777 1659 804 tenet
1682 770 1717 802 id
1741 771 1897 810 bonum,
1934 771 2028 814 quod
2055 776 2105 802 est

1117 823 1356 866 praecipuum,
1386 822 1448 855 scit
1465 821 1579 855 Deum
1597 821 1700 854 nobis
1718 828 1751 855 et
1767 822 1942 866 placatum
1960 833 2044 861 esse,
2073 828 2105 854 et

1116 874 1187 907 illis
1203 873 1381 906 aerumnis
1397 873 1564 917 opitulari
1582 873 1684 905 velle.

1183 952 1187 955 Α
1217 924 1319 957 Hanc
1341 923 1619 957 consolationem
1640 923 1754 956 sciunt
1779 922 1829 967 pii
1847 923 1963 956 verius
1985 935 2104 967 pacem

1117 986 1207 1015 esse,
1236 982 1269 1008 et
1287 975 1598 1020 tranquillitatem,
1629 987 1734 1019 quam
1762 973 1881 1006 inania
1912 981 1945 1007 et
1969 974 2106 1017 fugacia

1116 1026 1242 1059 mundi
1268 1026 1394 1069 gaudia
1413 1037 1656 1071 quaecunque.
1710 1024 1821 1068 Igitur
1844 1023 1935 1058 filius
1956 1024 2022 1058 Dei
2045 1036 2107 1068 pa—

1117 1089 1190 1110 cem
1215 1077 1316 1110 asfert
1343 1078 1379 1109 in
1407 1084 1517 1118 terra,
1545 1084 1578 1110 et
1595 1077 1677 1122 quia
1694 1076 1850 1120 placator
1868 1082 1917 1108 est
1939 1076 2010 1108 irae
2027 1074 2108 1115 Dei,

1117 1135 1149 1161 et
1169 1129 1348 1162 decretum
1366 1128 1456 1162 illud
1473 1127 1606 1161 aeterni
1626 1127 1734 1171 patris
1752 1127 1795 1159 de
1820 1126 2107 1159 reconciliatione

1118 1180 1269 1223 profert,
1306 1192 1344 1212 ac
1369 1186 1462 1212 certo
1494 1179 1643 1212 affirmat
1669 1178 1773 1211 nobis
1798 1178 1930 1211 remitti
1957 1184 2107 1221 peccata,

1118 1242 1181 1263 nos
1208 1230 1243 1262 in
1268 1231 1415 1273 gratiam
1441 1242 1460 1263 a
1490 1229 1563 1263 Deo
1590 1230 1697 1273 recipi
1727 1236 1760 1262 et
1786 1228 1903 1261 vocari
1930 1229 1972 1260 ad
1998 1228 2107 1261 socie-

1118 1288 1221 1314 tatem
1239 1288 1400 1314 aeternae
1420 1281 1523 1321 vitae‚
1552 1281 1660 1313 immo
1678 1280 1715 1312 in
1733 1279 1803 1313 vita
1821 1291 1885 1312 nos
1902 1276 2031 1312 habere
2048 1291 2108 1312 cu-

1118 1332 1253 1364 stodem
1269 1338 1302 1364 et
1319 1332 1567 1373 opitulatorem
1584 1329 1710 1364 Deum.

1219 1378 1289 1412 Nec
1310 1380 1499 1412 obscurum
1518 1386 1568 1413 est
1586 1381 1728 1413 tertium
1750 1381 1949 1413 membrum
1968 1380 2006 1412 in
2025 1392 2106 1412 can-

1118 1429 1187 1461 tico
1210 1427 1449 1471 Angelorum,
1476 1430 1656 1472 prioribus
1679 1431 1846 1473 cognitis,
1872 1432 1949 1474 piae
1972 1437 2108 1464 mentes

1118 1479 1294 1512 laetantur
1317 1479 1497 1521 agnitione
1518 1478 1604 1520 Dei,
1637 1481 1815 1514 beneficiis
1838 1481 1922 1521 filii,
1948 1481 2108 1514 reconci—

1118 1528 1281 1569 liatione,
1315 1536 1347 1562 et
1368 1529 1596 1574 acquiescunt
1623 1530 1660 1562 in
1688 1529 1784 1571 Deo,
1817 1531 1953 1564 etiamsi
1983 1543 2108 1574 magna

1118 1580 1273 1623 pericula
1299 1587 1568 1624 proponuntur,
1596 1588 1628 1614 et
1650 1582 1812 1615 omnium
1837 1593 2004 1625 generum
2029 1594 2109 1614 cru-

1118 1630 1226 1664 ciatus
1239 1658 1247 1670 ,
1276 1631 1313 1663 in
1330 1632 1583 1675 propagatione
1599 1632 1780 1666 doctrinae
1797 1633 1996 1676 perferendi
2015 1640 2108 1666 suut.

1118 1679 1198 1715 Erit
1217 1689 1333 1715 autem
1360 1682 1494 1724 integra
1518 1683 1670 1723 laeticia,
1696 1695 1775 1716 cum
1792 1681 2013 1728 triumphum
2033 1691 2108 1727 aget

1118 1732 1209 1765 filius
1224 1732 1307 1773 Dei,
1337 1740 1498 1767 revocata
1516 1731 1672 1767 Ecclesia
1690 1746 1729 1767 ex
1747 1741 1868 1767 morte.

1220 1782 1315 1817 Haec
1331 1796 1456 1827 magua
1475 1785 1642 1818 beneficia
1660 1785 1724 1818 filii
1740 1785 1804 1819 Dei
1822 1792 1953 1819 canunt
1971 1784 2110 1828 Angeli,

1117 1847 1156 1868 ac
1185 1835 1384 1878 significant
1409 1833 1602 1868 Ecclesiam
1628 1848 1667 1869 ea
1694 1848 1831 1880 semper
1853 1837 2107 1870 celebraturam

1118 1897 1201 1920 esse.
1249 1885 1370 1928 Quare
1387 1893 1419 1920 et
1437 1898 1502 1919 nos
1520 1887 1589 1919 iam
1609 1900 1679 1920 una
1699 1900 1777 1920 cum
1794 1885 1940 1931 Angelis
1960 1900 1998 1920 ea
2014 1888 2109 1930 cogi-

1117 1943 1229 1970 temus
1254 1943 1286 1969 et
1307 1937 1559 1981 praedicemus,
1606 1936 1858 1972 Existimemus
1876 1951 1940 1972 nos
1956 1939 2108 1971 assidere

1117 1988 1161 2021 ad
1180 1999 1299 2027 cunas,
1326 2000 1487 2021 unacum
1508 1988 1634 2026 Maria,
1666 1987 1811 2032 loseph,
1839 1987 2002 2032 Angelis,
2031 1987 2108 2021 Eli-

1117 2036 1262 2078 zabetll,
1289 2037 1482 2079 Zacharia,
1511 2045 1544 2072 et
1568 2051 1843 2072 commemorare
1869 2037 1953 2073 haec
1978 2040 2108 2072 benefi-

1117 2090 1188 2128 cia,
1218 2089 1452 2133 inspectantes
1472 2096 1593 2123 natum
1614 2088 1800 2128 Messinm,
1829 2097 1861 2123 et
1880 2102 1974 2123 nunc
1992 2102 2109 2134 genas,

1117 2152 1211 2173 nunc
1228 2140 1381 2174 frontem
1394 2168 1402 2181 ,
1430 2153 1525 2173 nunc
1545 2141 1672 2174 tenella
1691 2139 1834 2174 brachia
1853 2142 2108 2179 deosculantes,

1115 2199 1155 2225 ut
1180 2198 1271 2225 certe
1296 2192 1471 2225 faciebant
1497 2191 1633 2229 Mater,
1664 2190 1808 2236 loseph,
1843 2189 1982 2235 Angeli.
2042 2191 2108 2224 llis

1117 2254 1181 2275 nos
1199 2243 1474 2285 cogitationibus
1493 2244 1722 2275 accendamus
1749 2244 1790 2276 ad
1815 2243 2048 2276 maximarum
2074 2251 2106 2276 et

1117 2301 1339 2328 aeternarum
1366 2306 1485 2327 rerum
1514 2293 1751 2334 intellectum,
1784 2300 1815 2327 et
1842 2306 2016 2334 amorem,
2044 2306 2107 2326 nec

1116 2345 1225 2378 simus
1243 2345 1373 2378 similes
1391 2343 1525 2377 Herodi
1542 2351 1573 2377 et
1593 2342 1810 2385 Pharisaeis,
1840 2345 1900 2390 qui
1920 2346 2037 2379 audita
2057 2346 2107 2378 sa-

1116 2408 1171 2429 ma
1197 2397 1241 2429 de
1276 2403 1358 2429 nato
1396 2393 1462 2428 lioc
1490 2406 1618 2439 puero,
1655 2395 1872 2429 insidiantur
1899 2396 1973 2429 eius
2005 2397 2106 2430 vitae.

1116 2446 1196 2480 Nou
1214 2455 1479 2481 contemnamus
1498 2446 1608 2478 lilium
1627 2444 1704 2487 Dei,
1727 2454 1764 2480 ut
1781 2447 1893 2480 solent
1911 2447 2026 2487 multi,
2046 2447 2106 2480 alii

1117 2498 1196 2531 aliis
1230 2498 1387 2541 occupati
1422 2497 1621 2535 furoribus,
1663 2498 1792 2542 quibus
1823 2498 1957 2531 dictum
1989 2506 2039 2531 est
2070 2498 2106 2529 in

1116 2548 1277 2589 Psalmo,
1303 2547 1366 2581 lios
1393 2548 1486 2591 ipsos
1511 2548 1646 2581 furores
1665 2548 1714 2581 eis
1740 2549 1845 2582 exitio
1870 2549 2008 2583 futuros
2025 2560 2106 2581 esse.

1115 2598 1247 2632 Contra
1283 2612 1365 2631 vero
1399 2598 1559 2632 l‘salmus
1595 2599 1727 2644 inquit:
1767 2599 1863 2633 Beati
1902 2612 2023 2633 ornnes
2046 2599 2107 2643 qui

1118 2652 1301 2683 confidunt
1320 2649 1493 2690 Domino,
1522 2650 1583 2695 qui
1604 2648 1835 2693 Evangeliutu
1856 2651 2009 2683 iudicant
2037 2662 2108 2681 uon

1118 2713 1189 2734 esse
1220 2702 1419 2734 fabulosum
1455 2708 1514 2735 aut
1549 2702 1834 2735 commenticium
1874 2704 2016 2745 poema,
2050 2701 2109 2733 scd
