2324 2955
114 128 163 165 37

112 213 276 256 telligunt
302 211 418 247 Deum
451 210 547 246 hunc
571 212 716 246 'radium
741 213 930 257 sapientiae
960 225 1041 246 suae
1068 213 1105 246 in

112 261 275 297 homines
299 263 551 304 transfudisse,
580 270 612 296 et
638 264 814 297 vindicem
831 275 903 298 esse
922 264 1105 304 scelerum,

113 314 319 358 intelligunt
346 314 455 358 igitur
478 314 509 346 ei
533 314 772 347 obediendum
798 326 890 353 esse,
918 315 1014 348 iuxta
1037 312 1103 347 hoc

112 365 303 398 discrimen
321 361 552 398 honestorum
583 372 615 398 et
634 366 801 409 turpium.
852 366 927 399 Iam
945 363 1030 399 haec
1048 376 1103 398 sa—

112 415 244 460 pientia
284 416 476 448 multarum
510 427 715 459 magnarum
754 427 872 448 rerum
904 416 1100 449 doctrinam

112 465 281 501 continet.
344 465 438 499 Hinc
472 466 580 509 igitur
607 474 681 499 orta
716 466 852 499 iusticia
881 475 948 507 est,
986 465 1100 500 Deum

111 522 203 549 recte
223 528 428 560 agnoscere,
455 523 489 549 et
507 516 537 549 ei
553 516 698 549 obedire
716 516 809 549 iuxta
827 517 1016 550 discrimen
1035 515 1101 549 ho-

110 573 292 600 nestorum
322 574 355 601 et
382 567 559 611 turpium,
602 573 634 599 et
666 573 810 610 propter
841 567 952 601 Deum
983 569 1101 601 fovere

110 629 334 651 communem
372 617 685 656 consociationem,
727 618 904 650 neminem
942 619 1101 659 laedere,

110 668 220 702 vitare
246 676 278 702 et
304 668 430 712 punire
452 667 591 702 scelera.
653 666 706 700 Ex
734 666 799 701 hoc
817 669 913 701 fonte
936 670 1101 702 oriuntur

111 719 256 759 veritas,
288 719 372 752 fides
398 718 434 751 in
466 718 596 762 pactis,
632 718 879 759 beneficentia,
913 721 1100 762 gratitudo,

109 770 237 812 gradus
256 769 292 802 in
310 769 484 813 imperiis,
511 775 545 802 et
562 769 696 801 ordinis
715 770 944 803 conservatio.

210 818 347 853 Deinde
372 819 489 865 inquit
507 818 703 860 Homerus,
731 820 853 866 Mysos
872 821 1099 865 praeliatores

109 880 200 909 esse,
241 869 379 904 Videtis
408 870 583 915 sapienter
612 871 857 904 fortitudinem
897 872 1098 905 adiunctam

109 932 182 955 esse
197 921 366 956 iusticiae.
420 920 512 964 Quia
526 922 816 964 gubernationem
835 922 961 956 iustam
980 934 1100 956 neces-

110 983 145 1004 se
161 978 211 1005 est
228 983 323 1006 arma
340 979 475 1010 tenere,
504 978 537 1005 et
553 972 587 1003 vi
606 969 790 1004 cohercere
808 985 845 1005 ac
857 973 985 1016 punire
1001 974 1099 1006 domi

108 1028 332 1056 contumaces
363 1023 472 1062 cives,
511 1028 543 1055 et
572 1023 657 1055 soris
694 1023 868 1066 depellere
901 1023 1097 1056 latrocinia.

107 1071 259 1117 Propter
284 1071 346 1106 has
370 1084 490 1107 causas
515 1073 610 1106 scitis
633 1073 781 1117 imperia
799 1073 971 1107 divinitus
993 1081 1024 1107 et
1043 1075 1099 1106 in-

108 1123 226 1157 stituta
245 1130 278 1157 et
293 1130 425 1157 armata
439 1135 520 1158 esse.

211 1173 332 1208 Tertia
356 1175 469 1208 virtus
494 1181 544 1208 est
571 1175 822 1219 temperantia,
855 1188 944 1221 quae
969 1175 1099 1208 multa-

107 1236 186 1258 rum
212 1225 361 1259 aliarum
387 1226 507 1258 nutrix
539 1233 605 1266 est,
640 1227 832 1260 modestiae
863 1234 894 1260 et
919 1227 1097 1260 castitatis.

108 1273 230 1320 Inquit
245 1277 341 1309 enim
356 1275 534 1309 Homerus
552 1277 603 1309 lac
626 1277 731 1309 fuisse
750 1284 872 1320 potum
894 1278 991 1310 illius
1007 1277 1099 1310 anti-

108 1337 199 1369 quae
233 1326 365 1367 gentis‚
407 1337 485 1357 cum
521 1322 677 1358 Thraces
714 1327 823 1358 vicini
854 1328 1100 1371 vituperentur

108 1381 252 1418 propter
267 1375 522 1408 temulentiam⁴
574 1373 620 1406 Et
639 1375 766 1409 Strabo
782 1378 904 1410 recitat
916 1378 1097 1411 Posidonii

106 1421 309 1456 testimonia
331 1422 374 1454 de
399 1421 554 1454 castitate
574 1420 759 1466 Blysorum
783 1429 815 1455 et
836 1422 1030 1466 Getarum,
1061 1437 1099 1457 ac

106 1472 319 1506 nominatim
341 1471 479 1517 inquit,
513 1472 606 1515 apud
641 1471 881 1506 Menandrum
907 1474 1097 1518 vituperari

105 1524 150 1557 ab
169 1523 217 1557 eis
233 1523 479 1568 polygamiam.

208 1572 250 1606 In
266 1573 492 1617 argonautico
509 1572 663 1606 carmine
679 1573 844 1607 scribitur
863 1581 1022 1608 amanter
1040 1587 1099 1607 ex-

105 1630 224 1669 ceptos
248 1635 320 1658 esse
345 1624 383 1657 in
401 1623 517 1669 Mysia
540 1635 680 1666 graecos
697 1625 822 1662 duces,
849 1632 880 1658 et
897 1637 1017 1658 rursus
1035 1638 1099 1658 na-

104 1676 177 1708 vim
198 1675 249 1708 ibi
268 1675 481 1709 instructam
491 1675 690 1715 frumento,
717 1676 903 1715 carnibus,
932 1676 1026 1709 vino.

207 1725 292 1760 Fuit
316 1726 424 1770 igitur
449 1726 485 1758 in
512 1725 569 1758 illa
589 1732 690 1767 gente
713 1726 912 1760 intellectus
930 1724 1098 1760 honesto-

105 1788 184 1811 rum
199 1776 397 1811 osficiorum
415 1784 449 1810 et
464 1776 651 1819 disciplina
663 1801 672 1814 ‚
701 1789 808 1821 quare
823 1785 855 1811 et
876 1778 984 1822 ipsam
1004 1790 1021 1810 a
1039 1790 1096 1821 ge-

105 1839 230 1862 nerosa
255 1828 379 1873 stirpe,
414 1839 504 1873 quae
530 1827 696 1861 virtutem
725 1829 897 1862 intellexit
922 1836 954 1862 et
976 1829 1098 1868 coluit,

105 1887 218 1914 ortam
234 1890 308 1912 esse
322 1885 596 1912 consentaneum
614 1886 672 1912 est.
726 1878 980 1913 Mrratantem
993 1880 1098 1914 Aria-

104 1941 172 1964 nus
197 1930 236 1962 in
258 1927 478 1976 Bithynicis,
515 1930 604 1962 duos
627 1930 733 1963 fuisse
754 1931 844 1963 filios
871 1928 997 1963 Phinei
1015 1930 1096 1976 My-

105 1993 182 2014 sum
205 1987 239 2014 et
261 1978 450 2026 Thynum,
485 1987 517 2014 et
540 1980 584 2013 ab
615 1981 723 2014 altero
748 1980 888 2026 Mysos,
918 1983 962 2014 ab
986 1982 1095 2014 altero

104 2029 281 2077 Bithynos
310 2038 510 2076 procreatos
542 2042 625 2066 esse.
693 2032 744 2064 Ac
774 2033 880 2065 fuisse
915 2032 951 2064 in
980 2033 1097 2066 littore

105 2081 329 2126 Hellesponti
355 2094 474 2115 senem
499 2089 611 2115 vatem
638 2079 770 2115 Phinea
796 2083 1020 2116 manifestum
1048 2090 1097 2116 est

105 2144 145 2166 ex
171 2132 400 2176 argonautico
427 2133 599 2173 carmine,
624 2133 684 2177 qni
708 2134 842 2168 etiamsi
864 2134 1017 2168 nonfuit
1036 2147 1095 2177 pa-

103 2190 158 2230 ter
181 2183 323 2217 illarum
347 2184 502 2226 gentium
517 2210 525 2223 ,
560 2190 676 2217 tamen
697 2185 905 2229 sapientiam
929 2186 970 2217 de
992 2186 1097 2218 moti-

103 2235 169 2268 bus
186 2235 416 2278 coelestibus,
443 2236 486 2268 de
504 2232 656 2279 physicis
678 2236 790 2268 causis
806 2236 1041 2269 mutationum
1062 2237 1096 2268 in

104 2286 334 2332 corporibus,
361 2287 404 2319 (le
425 2286 588 2318 remediis
606 2287 828 2326 morborum,
857 2287 984 2320 (letho
1003 2294 1035 2320 et
1054 2289 1096 2319 (le

104 2337 262 2377 iusticia,
295 2348 334 2370 ex
360 2334 550 2370 Phoenicia
582 2348 640 2369 seu
666 2349 704 2370 ex
728 2337 826 2383 Tyro
852 2345 883 2371 et
907 2337 1040 2371 Sidone.
1059 2339 1095 2371 in

104 2387 202 2420 illam
224 2388 330 2421 Asiae
348 2399 444 2420 oram
467 2387 596 2421 intulit.
652 2387 780 2421 Natum
805 2389 898 2421 enim
917 2396 989 2421 esse
1008 2387 1095 2421 Phi—

104 2450 169 2471 nea
189 2438 225 2470 in
238 2438 335 2484 Tyro
352 2446 409 2472 aut
427 2438 560 2472 Sidone
578 2451 699 2471 omnes
716 2440 909 2479 affirmant,
935 2447 966 2473 et
986 2440 1096 2485 aliqui

103 2490 247 2524 fratrem
265 2490 370 2523 fuisse
387 2487 518 2534 Cephei
540 2490 697 2522 scribunt
710 2517 717 2529 ,
741 2503 758 2522 a
776 2503 845 2535 quo
863 2491 943 2536 quia
965 2492 1095 2524 doctri-

104 2552 186 2573 nam
223 2541 266 2573 de
300 2540 455 2573 motibus
489 2540 697 2574 coelestibus
736 2542 959 2585 propagavit,
1000 2542 1097 2574 sidus

105 2592 282 2636 quoddam
300 2591 512 2634 appellatum
531 2598 589 2624 est.
643 2592 748 2625 Scitis
766 2599 879 2624 antem
904 2593 1097 2626 vetustissi-

105 2654 199 2676 mam
222 2642 413 2686 sapientiae
439 2642 714 2686 possessionem,
747 2644 787 2675 de
806 2643 900 2682 Deo,
927 2645 970 2676 (le.
996 2644 1095 2677 insti-
1123 2645 1125 2696 l
1152 2645 1298 2685 ligamus
1317 2650 1347 2676 et
1367 2650 1456 2677 recte
1479 2645 1731 2678 discernimus.

867 126 1022 162 DECL.
1071 124 1144 161 DE
1182 127 1404 164 MISNIA.

2098 133 2144 166 38

1159 211 1266 244 fuisse
1281 213 1374 255 apud
1389 210 1599 254 Phoenices,
1627 213 1793 249 Sidonios
1811 223 1843 250 et
1863 215 2008 261 Tyrios,
2033 225 2065 251 et
2081 216 2145 251 ho-

1158 273 1235 294 rum
1254 262 1405 302 vicinos,
1433 272 1607 307 acceptam
1626 277 1643 297 a
1663 266 1786 308 primis
1807 267 1984 310 patribus,
2011 280 2030 301 a
2045 266 2146 301 Noha

1158 319 1191 345 et
1209 312 1283 345 eius
1298 313 1379 346 filiis
1396 319 1428 346 et
1452 316 1656 357 nepotibus,
1684 317 1814 361 quibus
1835 316 1932 351 Deus
1949 325 2042 352 certo
2062 332 2147 352 con-

1156 363 1235 395 silio
1253 363 1349 396 illam
1371 371 1605 407 opportunam
1626 368 1741 399 sedem
1760 368 1940 407 attribuit,
1967 376 2005 403 ut
2024 382 2145 403 eorum

1156 414 1316 446 doctrina
1340 415 1408 447 late
1433 417 1474 447 ad
1500 423 1617 449 ortum
1647 424 1678 449 et
1702 418 1744 449 ad
1771 431 1930 452 occasum
1960 422 2146 465 propagari

1156 471 1281 507 posset.
1335 464 1418 497 Sive
1432 466 1540 508 igitur
1556 479 1573 498 a
1590 464 1726 499 Phineo
1745 476 1881 512 accepta
1899 477 1948 503 est
1964 472 2148 515 sapientia,

1156 515 1228 547 sive
1252 527 1270 548 a
1298 515 1423 548 vicinis
1448 515 1610 556 Ionibus,
1645 518 1706 561 qui
1733 518 1893 552 doctrina
1921 528 1952 554 et
1981 523 2147 555 omnibus

1155 566 1289 599 artibus
1309 566 1569 607 excelluerunt,
1597 579 1675 599 cum
1696 576 1807 601 essent
1827 567 1992 604 haeredes
2008 574 2147 616 sapien-

1154 616 1222 649 tiae
1243 614 1382 659 laphet,
1420 625 1573 651 vetustae
1596 629 1649 650 res
1672 617 1856 662 Mysorum
1882 624 2073 656 ostendunt
2088 635 2147 656 eos

1126 676 1127 687 ¹
1154 667 1340 711 disciplina
1360 668 1486 700 vicinis
1502 668 1754 703 antecelluisse.

1256 717 1344 751 Cum
1363 725 1519 752 veterum
1538 718 1722 763 Mysorum
1740 720 1820 752 talis
1832 721 1937 754 suerit
1957 722 2087 761 virtuS,
2115 730 2146 755 et

1155 780 1284 800 nomen
1312 776 1343 801 et
1370 769 1488 811 lingua
1519 770 1703 801 conveniat
1726 782 1805 803 cum
1832 768 1895 804 hac
1912 780 2031 814 gente,
2059 785 2147 817 quae

1153 820 1196 851 ad
1220 817 1342 852 Albim
1369 820 1547 859 consedit,
1583 821 1825 863 cognationem
1853 834 1927 854 non
1955 835 2147 866 aspernan-

1154 870 1233 902 dam
1251 882 1322 903 esse
1343 870 1514 903 existimo.
1569 870 1606 903 Si
1635 871 1690 904 cui
1709 878 1823 905 autem
1843 869 1908 906 hae
1925 874 2147 907 coniecturae

1154 932 1225 953 non
1244 922 1402 964 placent,
1432 934 1520 965 qnae
1536 928 1653 954 tamen
1672 922 1954 965 ingeniosissimo
1966 932 1999 958 et
2016 926 2147 958 doctis-

1153 971 1241 1003 simo
1260 972 1335 1004 viro
1348 969 1491 1004 Philoni
1504 971 1693 1005 Dresdensi
1707 973 1902 1017 placebant,
1927 987 1999 1008 non
2012 987 2147 1019 pugna-

1153 1034 1230 1054 mus
1247 1023 1289 1055 de
1309 1020 1372 1055 hac
1388 1029 1506 1056 nostra
1526 1023 1711 1066 opinione,
1742 1031 1774 1057 et
1793 1025 1930 1058 ostendi
1951 1027 2054 1059 nohis
2074 1039 2147 1059 cer-

1153 1072 1278 1104 tiorem
1297 1072 1470 1115 originem
1495 1074 1658 1116 petimus,
1711 1072 1882 1118 Exempla
1904 1076 2077 1109 virtutum
2095 1083 2149 1109 ta-

1154 1134 1235 1155 men
1261 1134 1398 1156 sumere
1424 1122 1515 1156 hanc
1539 1131 1676 1166 gentem
1703 1136 1720 1157 a
1746 1126 1924 1159 veteribus
1953 1126 2087 1172 Mysis,
2116 1136 2147 1162 et

1153 1173 1317 1206 delectari
1344 1186 1417 1207 eam
1444 1175 1607 1209 societate
1634 1176 1790 1209 nominis
1809 1174 1975 1211 honestae
1992 1179 2147 1211 nationis

1153 1224 1281 1257 sinant.

1255 1275 1359 1308 Nunc
1394 1277 1436 1309 de
1472 1273 1536 1308 hac
1573 1284 1686 1310 vestra
1724 1277 1836 1320 patria
1866 1277 2056 1311 dicendum
2086 1286 2146 1312 est.

1154 1325 1247 1358 Sunt
1263 1333 1378 1358 autem
1398 1329 1434 1358 in
1454 1327 1637 1368 regionum
1657 1334 1688 1359 et
1707 1328 1864 1369 gentium
1884 1329 2050 1362 laudibus
2070 1340 2146 1371 gra-

1154 1377 1229 1409 (lus.
1283 1375 1362 1407 Non
1380 1378 1636 1409 contemnenda
1656 1384 1705 1409 est
1731 1377 1798 1409 loci
1820 1385 1944 1411 natura
1962 1391 2022 1412 seu
2041 1381 2147 1412 uber-

1155 1429 1215 1457 taS.
1269 1423 1333 1456 Est
1357 1427 1450 1457 enim
1476 1425 1542 1457 Dei
1570 1428 1725 1464 donum,
1760 1435 1791 1460 et
1810 1425 1876 1461 hoc
1894 1440 2002 1471 genus
2021 1427 2148 1463 liuma-

1153 1484 1239 1504 num
1258 1474 1440 1507 conditum
1458 1482 1528 1515 est,
1556 1483 1593 1508 ut
1611 1477 1731 1509 multis
1748 1478 1853 1510 rebus
1869 1479 2042 1522 indigeat,
2065 1482 2147 1526 quia

1153 1523 1228 1555 vult
1246 1521 1342 1556 Deus
1367 1526 1476 1557 multa
1502 1537 1573 1558 esse
1600 1527 1844 1568 providentiae
1867 1530 2088 1569 testimonia,
2116 1539 2149 1564 et

1153 1574 1300 1606 diversis
1323 1575 1448 1608 officiis
1472 1582 1503 1608 et
1532 1577 1685 1617 artibus,
1718 1584 1885 1622 tanquam
1911 1580 2065 1614 vinculis
2082 1579 2149 1614 ho-

1152 1624 1290 1657 minurn
1314 1626 1513 1659 societatem
1539 1628 1715 1661 astrictam
1743 1640 1824 1662 esse.
1884 1628 2023 1664 Deinde
2042 1645 2147 1665 orna-

1152 1682 1268 1708 menta
1286 1683 1367 1709 sunt
1388 1677 1542 1720 regionis
1560 1679 1684 1716 urbes,
1713 1685 1746 1712 et
1769 1680 2010 1715 aedificiorum
2035 1695 2090 1716 ars
2116 1691 2148 1716 et

1153 1726 1344 1769 elegantia,
1371 1740 1460 1772 quae
1485 1729 1589 1761 etiam
1612 1727 1797 1762 hominum
1818 1731 1977 1773 ingenia,
2007 1741 2039 1767 et
2057 1734 2147 1768 vitae

1152 1779 1445 1811 consuetudinem
1463 1779 1580 1824 aliqua
1599 1793 1637 1813 ex
1654 1787 1752 1824 parte
1769 1782 1973 1816 ostendunt.
2025 1784 2147 1819 Tertia

1152 1835 1184 1861 et
1201 1840 1280 1861 vera
1299 1830 1374 1862 laus
1397 1837 1446 1864 est
1465 1830 1521 1873 pia
1540 1829 1779 1864 Ecclesiarum
1806 1834 2030 1875 constitutio,
2059 1836 2147 1868 insta

1150 1879 1262 1912 forma
1281 1881 1548 1921 gubernationis
1577 1889 1609 1916 et
1635 1883 1778 1926 politica
1807 1884 2003 1928 disciplina.
2059 1885 2146 1920 Vult

1151 1931 1245 1962 enim
1264 1929 1359 1964 Deus
1371 1930 1582 1972 Ecclesiam,
1611 1933 1667 1966 cui
1688 1934 1724 1966 in
1741 1940 1811 1967 tota
1829 1937 2034 1970 aeternitate
2050 1949 2148 1970 com-

1151 1982 1345 2014 municabit
1374 1994 1471 2014 suam
1507 1983 1735 2025 sapientiam,
1770 1984 1945 2019 iusticiam
1981 1995 2012 2021 et
2047 1988 2148 2021 laeti-

1152 2033 1238 2064 ciam
1252 2057 1260 2069 ,
1288 2029 1353 2065 hoc
1369 2034 1474 2066 niodo
1494 2039 1526 2066 et
1552 2045 1622 2066 non
1643 2035 1746 2067 aliter
1761 2035 1945 2078 colligere,
1973 2037 2146 2073 Videlicet

1151 2094 1234 2115 voce
1253 2080 1459 2126 Evangelii,
1488 2096 1553 2128 qua
1571 2085 1647 2117 vult
1674 2082 1860 2118 hominum
1878 2095 2010 2121 mentes
2028 2089 2063 2121 in
2081 2087 2145 2123 hac

1151 2134 1322 2165 imbecilli
1341 2140 1374 2166 et
1391 2135 1530 2167 mortali
1551 2136 1622 2168 vita
1641 2137 1681 2168 ad
1701 2136 1916 2177 agnitionem
1936 2137 2146 2173 Mediatoris

1150 2184 1261 2223 flecti,
1290 2192 1321 2218 et
1346 2182 1488 2218 haurire
1512 2186 1612 2219 initia
1631 2186 1722 2220 vitae
1740 2193 1911 2220 aeternae.
1966 2188 2038 2223 Nec
2063 2203 2145 2224 vero

1151 2236 1225 2267 sine
1242 2235 1352 2268 literis
1374 2243 1403 2269 et
1424 2237 1499 2269 sine
1518 2237 1718 2279 linguarum
1739 2244 1771 2270 et
1796 2238 1924 2271 artium
1944 2242 2145 2283 cognitione

1152 2288 1335 2330 propagari
1355 2288 1513 2320 doctrina
1538 2294 1660 2330 potest.
1714 2286 1805 2321 Sunt
1825 2289 1932 2332 igitur
1948 2288 2032 2325 haec
2049 2305 2145 2326 sum-

1150 2350 1204 2369 ma
1226 2350 1329 2381 opera
1348 2338 1382 2370 in
1400 2337 1871 2381 gubernationehominum,
1895 2354 2014 2375 vocem
2028 2342 2143 2377 Evan-

1151 2389 1229 2431 gelii
1244 2390 1482 2432 incorruptam
1502 2401 1708 2432 proponere,
1735 2397 1767 2423 et
1787 2403 1994 2426 conservare
2012 2396 2144 2428 doctri-

1151 2452 1216 2472 nae
1241 2441 1376 2476 studia,
1412 2441 1453 2472 ad
1481 2437 1546 2473 hoc
1572 2451 1748 2472 summum
1775 2442 1910 2475 bunum
1930 2444 1989 2477 alii
2008 2446 2144 2479 labores

1152 2491 1187 2523 in
1213 2491 1283 2524 vita
1317 2492 1533 2529 reserantur,
1566 2498 1597 2524 et
1630 2492 1700 2524 sint
1732 2492 1878 2535 imperia
1909 2496 2051 2538 politica
2079 2497 2142 2530 Dei

1152 2539 1303 2585 hospitia
1324 2550 1354 2574 et
1373 2542 1464 2574 muri
1483 2540 1735 2576 Ecclesiarum.
1790 2542 1865 2577 llos
1880 2547 2008 2587 gradus
2030 2549 2142 2580 hono-

1151 2605 1228 2625 rum
1250 2593 1582 2626 inconsideratione
1602 2594 1786 2636 regionum
1806 2602 1838 2628 et
1863 2597 2019 2638 gentium
2040 2599 2142 2631 intel-

1788 2645 1846 2679 Sic
1866 2648 1959 2680 enim
1988 2649 2056 2681 xita
2078 2647 2140 2681 hu-

106 2695 178 2735 cia,
213 2694 256 2726 de
279 2694 434 2726 motibus
459 2693 686 2729 coelestibus,
717 2702 747 2728 et
772 2695 812 2727 de
832 2703 955 2728 natura
980 2707 1096 2728 rerum
1123 2697 1125 2731 l
1152 2695 1286 2726 minum
1311 2707 1327 2726 a
1350 2694 1420 2728 Deo
1445 2696 1605 2728 ordinata
1634 2703 1702 2734 est,
1731 2703 1765 2729 nt
1796 2698 2003 2736 nutrit-atio,
2040 2712 2142 2734 ‹weo-
