2324 2955
188 130 262 165 243

189 227 227 248 ex
252 214 358 247 insito
382 213 442 244 illo
461 209 599 243 fastidio
612 235 621 248 ,
649 214 722 241 tum
739 219 777 240 ex
797 207 878 240 odio
895 208 1046 251 profecta
1063 214 1165 252 atque

189 263 404 308 impatientia
421 259 631 293 ardentioris
647 265 678 291 et
697 257 840 290 acrioris
857 258 975 295 studii,
1001 264 1033 291 et
1048 270 1165 291 amore

189 312 420 348 dissolutioris
448 322 486 342 ac
518 308 731 342 delicatioris
762 309 862 343 vitae.
915 307 1093 341 Reductae
1121 310 1164 341 ab

190 366 292 398 exilio
309 369 341 395 et
360 361 537 394 restitutae
554 359 813 403 aliquantulum
840 367 928 392 artes
948 359 1048 390 initio
1068 359 1165 391 miri-

189 416 250 447 fico
269 413 321 446 sui
340 411 512 444 desiderio
532 411 761 442 incenderant
778 416 809 442 et
826 410 1083 453 compleverant
1101 407 1165 442 ho-

188 465 323 496 minum
341 462 498 501 animos,
526 467 699 504 pertaesos
719 460 910 499 barbariei,
939 460 973 491 in
992 472 1058 504 qua
1079 460 1165 492 irre—

186 515 240 547 titi
259 513 468 547 insulsarum
487 511 748 544 cavillationum
777 510 1044 543 intricatissimis
1069 512 1165 543 nexi-

187 566 251 597 bus
271 571 320 598 tot
336 574 408 595 sese
425 574 537 595 annos
562 562 717 604 proxima
741 567 850 593 aetate
874 561 1000 594 frustra
1025 568 1057 594 et
1080 573 1165 604 pene

188 615 285 648 nullo
302 614 356 646 vel
374 625 448 652 suo,
473 612 527 645 vel
544 612 694 644 aliorum
714 623 790 643 cum
809 612 923 644 fructu
943 618 1166 652 macerarant,

187 665 417 708 omniumque
437 663 473 695 in
497 674 567 695 sese
589 662 702 695 studia
722 669 935 705 conatusque
952 663 1166 695 concitarant

187 728 225 748 ac
248 720 505 748 converterant.
559 712 674 745 Tanto
700 724 776 744 cum
801 712 970 755 applausu
996 719 1166 755 exceptae,

186 773 350 810 tantaque
368 763 594 797 contentione
608 762 763 795 certatim
787 762 898 794 cultae
920 775 958 795 ac
977 763 1167 796 celebratae

187 821 436 859 recuperarunt
470 814 616 846 nitorem
650 813 856 856 pristinum,
899 820 932 846 et
965 814 1067 846 nobis
1096 825 1166 846 sese

185 866 357 898 maiorum
381 864 562 906 diligentia
584 863 747 895 cultiores
770 870 872 907 atque
890 864 1086 897 ornatiores
1110 876 1166 896 ex-

185 914 377 949 hibuerunt
394 926 432 947 ac
447 913 762 946 communicarunt.

288 966 363 999 Nos
380 977 457 998 cum
478 964 635 996 illuviem
659 964 848 1007 superioris
868 965 988 997 aetatis
1012 971 1043 997 et
1066 966 1166 997 foede

184 1027 339 1059 aspersas
372 1016 490 1048 sordes
523 1026 704 1058 nunquam
740 1015 993 1056 aspexerimus,
1042 1016 1164 1047 decora

186 1078 279 1099 nunc
311 1077 428 1098 earnm
458 1065 636 1108 politaque
661 1072 693 1097 et
721 1071 864 1097 venuste
888 1066 1058 1097 renitente
1080 1066 1166 1098 facie

186 1117 291 1149 nimis
311 1116 433 1149 leviter
450 1114 632 1148 afficimur.

286 1165 437 1200 Refrixit
454 1166 559 1197 ardor
575 1165 634 1197 ille
649 1177 687 1197 ac
704 1165 877 1198 deferbuit
892 1166 1060 1205 studium,
1082 1178 1166 1198 con-

184 1224 306 1260 traque
325 1216 433 1249 crevit
449 1215 595 1248 delicata
612 1227 650 1248 ac
668 1215 831 1247 diffluens
850 1216 1081 1259 laborumque
1100 1216 1165 1248 im-

184 1267 320 1311 patiens
352 1265 461 1298 animi
492 1265 662 1297 mollicies
688 1266 723 1296 in
756 1267 925 1307 degenere
947 1278 963 1297 a
993 1266 1164 1298 maiorum

184 1316 337 1358 vestigiis
367 1315 615 1354 adolescentia,
655 1326 744 1358 quae
769 1322 807 1347 ut
832 1315 989 1357 alioquin
1016 1323 1164 1347 connata

183 1366 286 1400 nobis
305 1365 507 1398 conditione
530 1371 561 1397 et
583 1363 788 1407 impotentia
813 1363 952 1395 vincula
977 1364 1042 1395 sibi
1068 1364 1163 1397 iniici

182 1424 216 1450 et
232 1423 339 1449 metas
354 1414 564 1448 circumdari
581 1426 619 1447 ac
636 1414 798 1458 repagula
824 1414 1045 1457 praescriptis
1069 1426 1166 1447 seve-

182 1468 276 1500 riore
291 1467 364 1510 lege
383 1464 544 1498 formulis
562 1476 661 1507 aegre
678 1464 818 1508 patitur,
845 1465 1040 1508 expetitque
1056 1464 1164 1497 licen-

182 1518 266 1551 tiam
286 1515 469 1549 barbarica
492 1515 652 1547 libertate
670 1514 839 1556 vagandi,
866 1521 903 1546 ut
922 1514 956 1545 in
982 1514 1050 1546 vita
1070 1526 1164 1546 com-

183 1567 281 1600 muni
300 1565 508 1609 contemptis
525 1565 669 1607 legibus,
696 1564 742 1597 ita
762 1564 797 1595 in
815 1564 1053 1597 doctrinarum
1071 1576 1163 1597 cam-

183 1619 237 1661 pis
261 1617 384 1650 usitata
410 1613 576 1648 methodo
602 1615 747 1654 reiecta,
776 1614 822 1646 sic
849 1614 1087 1647 imbecillitate
1105 1616 1164 1647 de-

183 1667 381 1711 generantis
399 1676 542 1709 prorsus
559 1677 597 1698 ac
614 1664 868 1707 languescentis
885 1671 1030 1697 naturae
1048 1677 1165 1708 asper-

183 1725 287 1751 natur
303 1716 528 1750 accuratioris
542 1716 651 1748 studii
667 1723 699 1749 et
713 1715 915 1758 diligentiae
931 1716 1165 1759 exquisitioris

184 1769 360 1805 laborem,
387 1764 622 1810 abhorretque
648 1778 686 1798 ac
712 1766 856 1807 refugit,
883 1778 970 1810 quae
998 1766 1165 1799 intentio-

184 1830 263 1851 nem
282 1817 391 1850 animi
409 1816 749 1861 applicationemque
772 1816 914 1859 exigunt
937 1817 1039 1859 paulo
1061 1814 1165 1849 vehe-

183 1869 389 1901 mentiorem
409 1879 446 1899 ac
463 1867 732 1901 diuturniorem.

285 1916 479 1951 Iohannem
497 1917 719 1950 Stoefflerum
738 1915 1020 1950 mathematicum
1033 1944 1040 1957 ,
1067 1918 1165 1951 cuius

183 1976 216 2002 et
232 1975 460 2001 monumenta
479 1973 595 1999 extant
612 1968 805 2011 praeclara,
834 1975 866 2001 et
889 1968 1038 2010 gravitas
1062 1975 1165 2013 atque

183 2019 363 2062 integritas
387 2019 421 2050 in
446 2018 543 2050 omni
566 2018 655 2057 vita,
681 2018 846 2050 sedulitas
871 2031 952 2050 vero
976 2026 1079 2063 atquc
1103 2020 1165 2051 ad-

183 2070 328 2103 siduitas
357 2069 393 2101 in
418 2068 532 2112 operis
556 2065 771 2101 scholasticis
795 2069 985 2101 multorum
1011 2070 1165 2102 celebra-

183 2128 240 2154 tur
271 2119 511 2156 sermonibus,
553 2119 681 2163 quibus
711 2118 804 2151 notis
834 2119 918 2157 fuit,
963 2119 1061 2151 illum
1088 2119 1164 2165 (in-

184 2169 306 2216 quam)
332 2170 418 2203 salse
445 2166 757 2213 reprehendentem
785 2169 820 2200 in
846 2170 1067 2203 auditoribus
1094 2171 1164 2204 suis

183 2219 224 2254 τὸ
242 2217 457 2265 φιλόκαινον
471 2217 533 2253 καὶ
550 2217 592 2253 τὸ
608 2216 811 2265 ἁψίκορον,
840 2220 1034 2263 accepimus
1050 2221 1164 2254 dicere

185 2271 347 2309 solitum,
389 2282 423 2302 se
450 2271 476 2303 si
502 2268 679 2303 Matbesin
704 2270 922 2310 universam,
958 2271 1010 2302 vel
1038 2269 1163 2304 liaustu

183 2334 256 2355 uno
283 2321 486 2364 complecti,
517 2321 571 2353 vel
594 2321 631 2353 in
659 2320 847 2363 pulticulae
870 2321 1070 2365 liquidioris
1094 2322 1163 2355 for-

184 2383 276 2404 mam
295 2383 483 2415 excoquere
499 2378 623 2414 posset,
651 2371 706 2403 vix
723 2371 949 2405 obtenturum
963 2373 1055 2414 apud
1074 2384 1164 2412 suos,

184 2429 222 2455 ut
245 2422 389 2454 redeant
413 2421 532 2460 toties,
571 2428 604 2454 et
629 2428 765 2465 recepto
798 2422 833 2454 in
865 2433 902 2455 os
935 2422 1163 2456 infundibulo

184 2485 317 2506 moram
347 2472 519 2515 perferant
544 2472 628 2505 citra
654 2472 868 2510 molestiam,
905 2484 1075 2516 eousque,
1101 2474 1163 2505 ‹lo-

184 2535 247 2556 nec
266 2523 465 2555 universam
483 2522 701 2560 instillasset,
729 2523 782 2555 vel
800 2523 959 2556 saucibus
984 2524 1094 2566 digito
1120 2525 1163 2557 il-

184 2575 332 2607 levisset.

646 122 803 158 DECL.
844 118 918 155 DE
952 119 1184 157 STUDIIS
1223 118 1347 154 vET.

388 2571 483 2605 Idem
504 2573 545 2605 de
565 2573 691 2605 nostris
714 2574 934 2607 auditoribus
949 2575 1067 2619 quaeri
1089 2575 1164 2607 iure
1189 2594 1191 2601 ι

183 2635 385 2668 possumus,
411 2623 472 2667 qui
497 2635 575 2655 cum
603 2623 763 2655 ordimur
785 2632 945 2657 autorum
971 2625 1164 2658 enarratio-
1189 2639 1191 2648 ¹

183 2688 284 2717 nem,
319 2674 474 2707 novitate
500 2674 611 2706 allecti
639 2681 822 2707 accurrunt
849 2676 1064 2719 frequenteS,
1104 2677 1162 2709 sed
1188 2672 1190 2676 ’

1389 118 1736 156 PHlLOsOPH.

1218 205 1392 250 principio
1415 204 1471 237 vix
1496 205 1618 239 leviter
1642 208 1842 249 degustate,
1873 207 1935 240 ubi
1959 209 2000 241 ad
2026 220 2080 241 res
2103 208 2194 252 ipsas

1219 263 1424 300 perventum
1449 262 1515 294 est,
1554 257 1642 299 capti
1669 257 1823 290 satietate
1847 264 1907 290 aut
1926 258 2100 292 absterriti
2126 259 2194 293 im-

1220 307 1390 350 pensioris
1407 313 1439 338 et
1456 305 1688 339 diuturnioris
1704 307 1808 340 studii
1826 308 2007 351 opinione,
2035 321 2137 353 quam
2156 322 2195 342 ex

1219 358 1301 389 salsa
1320 357 1535 389 difficultatis
1553 357 1775 399 persuasione
1793 359 1964 398 induunt,
1991 371 2070 391 mox
2088 359 2195 392 dissu—

1219 408 1337 449 giunt,
1365 418 1478 451 neque
1496 408 1637 445 ordine,
1665 419 1778 451 neque
1795 409 1927 451 integre
1943 416 2032 442 artes
2048 410 2197 442 discunt.

1218 457 1269 489 Ne
1288 465 1400 489 tamen
1420 459 1523 490 rudes
1540 469 1680 501 prorsus
1697 469 1768 489 esse
1785 465 1886 502 atque
1902 460 2050 503 imperiti
2072 458 2196 493 harum

1219 509 1344 540 artium
1366 508 1565 547 videantur,
1592 509 1718 540 omissa
1742 508 1892 541 sontium
1916 511 2197 544 dulcissimorum

1221 558 1448 603 inquisitione
1464 565 1495 591 et
1512 559 1730 601 cognitione,
1759 559 1900 591 umbras
1923 567 2061 603 captant
2085 568 2116 594 et
2141 573 2197 593 ar-

1220 610 1353 653 ripiunt
1373 609 1506 653 aliquas
1523 609 1683 641 alicunde
1700 621 1739 642 ex
1763 615 1891 642 temere
1912 617 1944 642 et
1969 610 2044 642 sine
2068 611 2198 643 iudicio

1221 660 1468 692 consarcinatis
1493 659 1639 699 libellis,
1667 672 1738 692 non
1763 667 1832 693 tam
1856 661 1898 692 ad
1922 671 2023 693 usum
2047 661 2198 705 aliquem

1221 711 1256 742 in
1276 711 1343 743 vita
1358 738 1366 749 ,
1395 722 1497 754 quam
1517 711 1557 741 ad
1577 711 1842 743 ostentationem
1866 711 2026 751 inanem,
2052 723 2115 744 nec
2141 723 2199 743 ve-

1222 773 1277 793 rae
1304 768 1335 794 et
1360 761 1490 793 solidae
1515 760 1724 792 eruditionis
1747 770 1883 803 gustum
1903 773 2059 806 unquam
2077 773 2199 794 conse—

1221 819 1388 856 quuntur.
1450 810 1548 843 llans
1576 811 1732 843 discendi
1763 812 2056 854 perversissimam
2093 812 2200 844 ratio-

1221 875 1299 895 nem
1316 860 1524 905 reprebendi
1546 872 1682 894 necesse
1699 867 1758 896 est.
1812 860 1907 894 Haec
1922 862 2050 895 artium
2077 863 2200 895 interi—

1221 921 1292 946 tum
1319 913 1440 946 adfert.
1493 909 1565 944 Διὰ
1587 908 1722 952 mura,
1752 912 1866 956 inquit
1883 911 2004 952 Plato,
2028 910 2049 957 ἡ
2071 910 2200 956 ἀτιμία

1220 966 1264 1008 τῇ
1282 959 1483 1009 φιλοσοφίᾳ
1502 960 1774 1007 προσπέπτωκε.
1823 961 1963 1005 Peperit
1981 960 2068 995 hanc
2087 963 2201 996 fatalis

1220 1027 1296 1046 cum
1322 1014 1423 1046 ruina
1448 1013 1645 1045 studiorum
1669 1020 1743 1047 tum
1777 1013 1913 1055 ignavia
1945 1013 2050 1045 seculi
2086 1010 2200 1046 huius.

1221 1064 1328 1097 Auxit
1343 1076 1424 1096 vero
1443 1070 1674 1106 contemptus,
1702 1061 1967 1107 qui'l'hersitica
1986 1070 2018 1096 et
2036 1075 2123 1106 pene
2141 1064 2202 1095 de-

1220 1116 1377 1147 testanda
1398 1113 1629 1155 exagitatione
1646 1114 1776 1156 optime
1801 1113 2007 1146 meritorum
2028 1114 2202 1157 professo-

1220 1177 1296 1197 rum
1316 1164 1482 1196 excitatus
1498 1170 1634 1196 tantum
1653 1164 1820 1203 invaluit,
1848 1171 1885 1196 nt
1903 1165 2114 1208 quandoque
2138 1164 2203 1196 bo—

1219 1226 1346 1246 norum
1383 1214 1486 1246 etiam
1524 1214 1745 1246 confirmatos
1782 1212 1935 1247 honestis
1974 1213 2203 1257 opinionibus

1219 1264 1356 1296 animos
1373 1271 1433 1296 aut
1450 1269 1576 1302 tentet,
1600 1271 1659 1296 aut
1682 1264 1887 1302 conturbet,
1913 1270 1951 1295 ut
1970 1264 2023 1295 vel
2041 1275 2119 1296 cum
2138 1264 2203 1296 (lo-

1220 1315 1292 1344 lore
1309 1312 1557 1353 ingemiscant,
1586 1312 1639 1343 vel
1657 1312 1847 1344 efferantur
1866 1313 1902 1343 in
1920 1313 2201 1354 indignationem

1220 1363 1346 1395 iustam
1370 1373 1408 1394 ac
1424 1362 1587 1394 fremant.
1640 1359 1729 1394 Cum
1756 1368 1870 1394 autem
1895 1362 1939 1395 sit
1959 1362 2064 1394 officii
2091 1363 2203 1396 nostri

1220 1419 1394 1456 praestare
1409 1418 1577 1455 quantum
1597 1411 1671 1443 fieri
1690 1418 1812 1454 potest,
1839 1424 1911 1444 non
1931 1413 2045 1445 solum
2062 1419 2100 1446 ut
2117 1414 2203 1446 ado-

1219 1462 1382 1495 lescentia
1399 1468 1489 1494 recte
1506 1461 1709 1493 instituatur
1724 1468 1826 1505 atque
1844 1462 2010 1494 adsuefiat
2024 1463 2066 1494 ad
2084 1474 2200 1495 veram

1219 1520 1251 1546 et
1277 1512 1449 1544 eruditam
1476 1511 1649 1544 rationem
1675 1511 1852 1551 discendi,
1879 1513 2038 1556 adeoque
2056 1524 2100 1545 ne
2116 1513 2201 1558 quid

1219 1561 1401 1596 thesaurus
1418 1562 1588 1594 bonarum
1607 1561 1735 1594 artium
1759 1563 1960 1595 detrimenti
1985 1563 2117 1606 capiat,
2143 1576 2201 1595 ve-

1219 1626 1297 1646 rum
1315 1613 1417 1646 etiam
1435 1619 1473 1645 ut
1492 1623 1553 1644 suo
1573 1612 1766 1654 fungantur
1785 1625 1931 1645 munere
1948 1613 2142 1654 auditores,
2170 1620 2203 1646 et

1219 1670 1310 1697 recte
1334 1670 1437 1706 atque
1459 1663 1582 1694 ordine
1608 1663 1774 1695 discendo
1799 1663 2000 1706 proficiant,
2036 1675 2096 1696 vos
2119 1661 2202 1696 cha-

1219 1714 1374 1747 rissimos
1390 1725 1485 1745 meos
1502 1713 1679 1745 auditores
1693 1726 1755 1746 oro
1771 1720 1874 1758 atque
1890 1715 2045 1747 obtestor
2061 1721 2203 1758 propter

1218 1765 1364 1807 gloriam
1383 1762 1469 1803 Dei,
1493 1770 1528 1796 et
1546 1770 1687 1806 propter
1704 1761 1896 1797 Ecclesiam
1918 1771 1951 1798 et
1972 1765 2202 1798 consociatio-

1220 1827 1298 1848 nem
1329 1814 1465 1857 generis
1499 1812 1664 1853 humani,
1703 1814 1831 1858 quibus
1865 1815 1993 1848 artium
2026 1815 2200 1859 praesidio

1219 1878 1306 1909 opus
1338 1872 1407 1904 est,
1447 1871 1484 1897 ut
1510 1865 1664 1907 deposita
1697 1877 1800 1909 quam
1826 1866 2033 1908 concepistis
2058 1877 2201 1909 persua-

1219 1917 1317 1949 sione
1334 1916 1436 1952 salsa,
1465 1921 1498 1947 et
1517 1916 1698 1947 emendata
1722 1922 1942 1959 praepostera
1962 1916 2119 1949 discendi
2146 1928 2201 1948 ra-

1219 1968 1332 2007 tione,
1361 1972 1393 1998 et
1413 1966 1593 2009 repudiata
1619 1966 1677 1997 illa
1702 1966 1794 1999 futili
1817 1964 2042 2014 σκιογραφία
2061 1963 2200 1999 Mathe-

1219 2029 1313 2056 seos,
1341 2028 1443 2061 quam
1462 2016 1576 2048 nescio
1596 2016 1724 2060 quibus
1748 2017 1930 2050 autoribus
1957 2017 1993 2049 in
2018 2017 2202 2061 pervulga-

1219 2069 1261 2101 tis
1280 2068 1383 2100 nimis
1400 2067 1528 2099 libellis
1546 2066 1756 2110 quibusdam
1773 2068 1974 2107 sectamini,
1999 2068 2096 2100 irrita
2114 2080 2202 2112 pene

1219 2118 1399 2160 diligentia
1434 2129 1559 2160 magno
1584 2130 1662 2149 cum
1689 2118 1885 2151 studiorum
1910 2125 2104 2152 vestrorum
2128 2118 2201 2150 dis-

1219 2170 1347 2215 pendio
1370 2180 1408 2201 ac
1433 2168 1664 2206 detrimento,
1693 2170 1786 2213 quod
1810 2169 2009 2213 experimur
2029 2168 2186 2213 quotidie

1219 2219 1367 2255 redeatis
1384 2220 1426 2252 ad
1446 2230 1545 2251 veros
1563 2219 1752 2262 explicatos
1776 2232 1813 2252 ac
1830 2225 2056 2263 perpurgatus
2075 2219 2200 2263 fontes,

1218 2283 1304 2318 quos
1340 2270 1368 2303 si
1405 2269 1614 2302 mediocrem
1650 2267 1881 2302 adhibueritis
1915 2269 2132 2312 diligentiam
2168 2277 2200 2303 et

1218 2320 1459 2368 praestiteritis
1484 2320 1744 2360 assiduitatem,
1771 2331 1838 2365 qua
1863 2319 2023 2353 vincetur
2048 2320 2201 2353 difficul-

1218 2381 1268 2408 tas
1300 2370 1434 2409 omnis,
1476 2371 1504 2403 si
1535 2383 1601 2415 qua
1635 2370 1843 2410 occurrerit,
1885 2370 2133 2414 experiemini,
2167 2377 2201 2404 et

1218 2427 1320 2466 longe
1345 2421 1520 2454 dulciores
1545 2422 1635 2459 fore,
1670 2428 1702 2454 et
1726 2418 1852 2453 haustu
1882 2421 2076 2460 faciliores,
2103 2421 2200 2454 lutu-

1219 2474 1322 2509 lentis
1342 2473 1415 2506 istis
1431 2485 1469 2505 ac
1488 2472 1638 2505 turbidis
1655 2471 1787 2504 lacunis
1800 2497 1809 2510 ,
1837 2478 1869 2504 et
1890 2472 1995 2504 semel
2020 2478 2199 2516 perceptos

1218 2533 1386 2570 perpetuo
1412 2521 1636 2565 inliaesuroS,
1671 2534 1709 2553 ac
1735 2522 1897 2564 progredi
1920 2523 2117 2556 volentibus
2141 2534 2199 2555 ex-

1218 2576 1404 2620 peditiores
1432 2586 1470 2606 ac
1494 2573 1668 2617 planiores
1691 2573 1806 2605 aditus
1828 2573 1869 2605 ad
1906 2573 2038 2617 reliqua
2069 2573 2199 2613 omnia,

1218 2630 1323 2660 ductu
1350 2624 1588 2658 derivatorum
1617 2623 1697 2655 inde
1721 2623 1917 2657 rivulorum
1944 2630 2198 2657 commonstra-

1217 2686 1313 2712 turos
1335 2688 1416 2711 ess?-

2118 124 2192 159 244
