2324 2955
101 125 175 161 325

100 208 297 244 Democriti
322 207 447 243 atomis
471 208 694 242 confluxisse:
722 210 780 242 sed
799 221 879 242 vere
896 220 968 242 esse
983 219 1083 240 men—

100 267 170 294 tem
196 257 528 299 architectatricem,
563 259 776 303 sapientem,
811 272 989 301 veracem,
1023 259 1084 291 be-

98 310 266 350 neficam,
294 311 439 351 iustam,
463 316 602 350 castam,
629 311 789 349 liberam,
817 311 993 343 vindicem
1011 320 1083 342 sce-

98 362 225 396 lerum.
275 360 430 394 Maxime
445 373 527 393 vero
544 361 692 394 illustria
710 362 910 395 testimonia
929 362 964 394 in
981 360 1084 393 nobis

98 412 183 456 ipsis
200 411 478 444 circumferimus
490 438 499 452 ‚
526 412 675 445 noticias
693 424 921 445 numerorum
939 418 971 445 et
987 410 1083 444 ordi-

98 462 172 502 nis,
197 462 384 495 immotum
409 462 597 495 discrimen
620 460 848 496 honestorum
865 470 897 495 et
915 462 1084 506 turpium,

98 510 286 546 horribiles
303 511 482 558 Erinnyas
503 513 736 546 conscientiae
756 519 832 557 post
851 514 988 546 delicta.

199 569 302 604 Hanc
318 571 522 615 sapientiam
540 578 571 604 et
586 570 759 604 iusticiam
775 571 980 614 aspicientes
993 582 1083 603 con-

98 620 296 662 vincimur,
321 628 361 655 ut
386 622 485 656 fateri
509 632 675 663 cogamur
698 633 769 655 esse
787 622 900 656 Deum
921 621 1084 654 condito—

98 683 172 704 rem
196 672 385 716 sapientem
410 679 442 705 et
466 672 607 705 iustum.
669 672 738 706 Sed
766 673 867 705 valde
891 672 1082 705 dolendum

98 728 170 762 est,
202 723 297 767 quod
329 734 408 755 cum
431 723 519 755 adeo
543 734 652 767 prope
675 735 858 757 cernamus
882 723 1014 761 Deum,
1045 727 1084 754 ut

97 773 170 805 sere
189 773 350 806 manibus
366 773 574 806 contrectari
590 780 709 818 queat:
737 781 854 808 tamen
871 775 956 806 adeo
972 773 1083 805 ferrea

99 829 181 856 sunt
203 820 387 856 hominum
413 831 573 868 pectora,
602 832 640 857 ut
666 825 909 857 adsensionem
934 836 1005 856 non
1025 823 1084 855 str—

97 873 203 906 miter
222 873 418 914 retineant,
445 881 477 908 et
502 875 649 908 iniustas
668 876 877 920 cupiditates
894 874 968 908 Deo
987 881 1085 906 ante-

97 924 222 959 serant.

201 974 317 1017 Quam
340 974 558 1018 mira-opera
577 982 657 1008 sunt
677 975 713 1007 iu
731 975 927 1016 mentibus,
955 975 1085 1019 cogita-

98 1025 164 1065 tio,
192 1025 433 1063 ratiocinatio,
459 1025 691 1059 diiudicatio?

200 1082 307 1126 Quod
334 1090 384 1117 est
407 1084 495 1116 illud
517 1085 673 1128 amplum
694 1081 868 1117 theatrum
886 1085 1087 1126 memoriae,

98 1145 205 1178 capax
236 1140 288 1168 tot
317 1141 351 1167 et
380 1141 450 1167 tam
480 1135 656 1167 variarum
681 1135 875 1177 imaginum
898 1142 1003 1180 atque
1025 1148 1086 1168 ar-

98 1184 188 1217 tium
200 1211 210 1225 ,
234 1191 268 1218 et
291 1191 361 1217 tam
378 1185 445 1218 cito
464 1186 664 1230 proferens,
692 1198 770 1218 cum
787 1186 954 1229 impressa
971 1187 1085 1229 imago

97 1235 317 1279 reposcitur?

200 1284 300 1327 Quae
314 1286 471 1319 celeritas
487 1287 524 1318 in
536 1286 802 1329 gubernatione,
830 1298 908 1319 cum
922 1286 1086 1331 cogitatio

100 1336 244 1367 mandat
261 1335 397 1377 nervis,
425 1341 463 1367 ut
479 1341 594 1367 motus
612 1335 724 1367 cieant
745 1346 833 1379 quos
850 1335 1043 1377 elegimus?

202 1391 297 1425 Haec
313 1392 340 1424 si
358 1392 435 1436 quis
453 1405 523 1424 non
539 1393 673 1436 aspicit,
702 1405 765 1425 nec
781 1393 940 1434 miratur,
967 1402 999 1427 et
1015 1395 1087 1426 exi-

100 1442 218 1474 stimat
233 1448 362 1474 temere
380 1448 459 1473 nata
476 1453 557 1479 esse,
581 1454 643 1473 nec
660 1443 901 1474 fabricationis
916 1451 1088 1483 autorem,

100 1503 164 1523 nec
189 1491 274 1523 fines
296 1491 513 1530 considerat,
538 1491 567 1523 is
591 1503 670 1523 vere
689 1498 737 1524 est
757 1492 905 1533 rigidior
921 1494 1088 1526 omnibus

100 1541 253 1586 scopulis
273 1541 309 1572 in
329 1541 418 1574 mari
435 1548 466 1574 et
486 1541 521 1573 in
540 1548 631 1574 terra
649 1541 853 1586 ubicunque
870 1543 1004 1585 positis.

213 1599 374 1633 Profecto
392 1600 490 1633 utilis
506 1606 556 1633 est
572 1599 759 1644 disciplina
776 1601 863 1633 etad
876 1601 1089 1634 confirman-

101 1652 162 1683 das
184 1657 317 1683 mentes
340 1651 383 1684 de
399 1650 494 1691 Deo,
522 1657 555 1684 et
581 1651 623 1683 de
646 1651 889 1694 providentia,
917 1658 951 1685 et
968 1652 1010 1684 ad
1031 1664 1089 1684 ex-

102 1702 282 1735 citandum
305 1701 459 1734 studium
481 1701 651 1734 virtutum
663 1726 673 1741 ‚
703 1713 803 1746 saepe
822 1708 855 1735 et
871 1699 955 1736 haec
972 1709 1005 1736 et
1022 1703 1089 1736 alia

100 1752 209 1786 multa
225 1752 425 1785 testimonia
444 1753 486 1785 de
504 1751 579 1785 Deo
598 1752 759 1795 cogitare.

204 1810 300 1853 Quid
326 1811 526 1843 mirabilius
550 1817 599 1843 est
623 1811 891 1845 conservatione
915 1811 1090 1846 societatis

101 1860 277 1896 humanae
291 1862 327 1894 in
348 1862 453 1895 tantis
471 1861 796 1905 disputationibus?

206 1919 307 1952 Ilanc
333 1926 448 1952 tamen
472 1925 655 1952 conservat
678 1917 792 1959 Deus,
828 1920 1011 1954 manifeste
1036 1933 1089 1954 re-

105 1969 247 2005 trahens
277 1971 430 2003 latrones
462 1971 504 2003 ad
540 1981 684 2014 poenas,
716 1977 754 2005 ut
779 1970 925 2004 dicitur:
961 1970 1091 2006 Omnis

105 2022 166 2067 qui
185 2022 339 2064 gladium
359 2021 548 2064 acceperit,
575 2021 691 2063 gladio
708 2021 849 2065 peribit.

208 2069 374 2115 Exempla
394 2072 498 2113 igitur
511 2084 700 2115 poenarum
713 2073 916 2112 ostendunt,
944 2080 977 2107 et
991 2073 1091 2107 irasci

105 2122 218 2157 Deum
244 2122 452 2161 sceleribus,
479 2129 511 2155 et
534 2123 712 2155 custodem
738 2135 810 2156 esse
836 2124 1010 2166 legitimae
1036 2136 1092 2158 so—

104 2173 246 2208 cictatis.

207 2223 308 2257 Sicut
341 2222 438 2255 Ixion
468 2224 501 2255 in
530 2229 604 2256 rota
631 2223 744 2255 iacens
768 2225 859 2268 apud
888 2223 1094 2266 Pindarum,

107 2275 247 2307 clamat:
276 2274 408 2308 Discite
434 2274 601 2307 iustitiam
626 2274 770 2312 moniti,
798 2283 830 2309 et
853 2288 924 2308 non
941 2271 1093 2310 temnere

108 2325 219 2359 divos.

211 2373 300 2408 Cum
317 2382 431 2408 autem
451 2382 489 2409 ut
506 2375 595 2415 dixi,
623 2375 731 2418 prosit
748 2376 854 2418 aspici
871 2377 1092 2410 artificiosam

109 2425 374 2459 fabricationem
405 2423 579 2466 hominis,
611 2438 716 2470 quam
741 2426 899 2460 doctrina
932 2427 1094 2461 Medico-

109 2488 189 2510 rum
207 2476 391 2521 praecipue.
408 2476 568 2516 illustrat,
597 2476 761 2508 constitui
779 2477 844 2509 iam
859 2476 976 2511 dehac
988 2490 1096 2523 quae-

112 2528 225 2560 stione
248 2526 440 2569 disputare.
489 2527 598 2561 liecte
620 2539 664 2559 ne
682 2527 813 2559 dictum
833 2528 876 2561 sit
893 2529 937 2561 ab
955 2528 1094 2563 Aristo—

113 2578 199 2618 tele,
233 2576 381 2610 virtutes
407 2588 478 2609 esse
501 2575 652 2610 habitus
676 2589 736 2610 sau
755 2576 857 2617 ἕξεις,
885 2586 925 2612 ut
947 2591 1094 2624 quaera-

113 2639 192 2660 mus
221 2634 254 2661 et
282 2627 367 2672 quid
394 2627 463 2660 sint
490 2625 651 2668 habituS,
686 2634 718 2661 et
744 2629 805 2661 ubi
830 2629 918 2670 sint,
951 2636 981 2662 et
1008 2631 1092 2676 quid

114 2677 251 2711 intersit
269 2678 359 2711 inter
377 2678 522 2711 noticias
541 2686 573 2712 et
591 2679 748 2713 virtutes.

565 120 721 158 DECL.
757 122 829 158 AN
866 118 1171 158 VIRTUTES
1208 120 1340 156 SINT
1372 121 1653 161 HABITUS?

2047 131 2119 166 326

1239 206 1326 240 Nam
1360 205 1444 242 haec
1476 210 1660 253 explicatio
1690 224 1730 245 ex
1755 212 1912 248 fontibus
1938 214 2119 249 doctrinae

1137 256 1362 290 Medicorum
1386 263 1552 294 sumenda
1567 268 1635 303 est,
1663 269 1694 296 et
1713 265 1876 306 prodesse
1893 262 1984 299 hanc
2003 267 2119 299 consi-

1137 308 1354 341 derationem
1384 311 1427 342 ad
1460 323 1573 344 mores
1605 316 1773 356 regendos
1803 315 2026 349 manifestum
2057 324 2119 352 est.

1135 357 1234 391 Sicut
1252 371 1316 391 vox
1335 359 1455 393 divina
1473 361 1602 406 inquit:
1628 363 1702 397 Sub
1719 372 1751 398 te
1768 365 1812 399 sit
1826 366 2000 409 adpetitus
2017 374 2106 401 tuus.

1239 415 1289 450 Ac
1312 418 1459 452 noticias
1482 421 1623 464 quidem
1640 423 1725 456 alias
1744 435 1815 457 esse
1833 425 2005 465 actiones,
2033 425 2119 458 alias

1135 478 1208 500 esse
1225 464 1365 501 habitus
1383 469 1560 503 fatendum
1581 478 1642 505 est.

1238 519 1341 552 Actio
1360 526 1407 552 est
1425 533 1501 553 cum
1520 521 1555 553 in
1575 522 1745 565 praesenti
1763 524 1972 565 cogitatione
1989 525 2120 559 forma—

1136 575 1194 601 tur
1216 569 1330 611 imago
1356 570 1405 602 rei
1429 571 1598 611 cogitatae
1615 579 1713 606 motu
1732 574 1882 613 cerebri,
1909 582 1941 608 et
1957 587 2016 609 sua
2033 589 2120 621 qua·

1137 620 1216 652 dam
1241 620 1428 663 spirituum
1454 622 1672 664 vibratione,
1698 630 1737 657 ut
1761 635 1839 656 cum
1857 624 1975 668 lingua
1992 627 2120 660 format

1136 681 1345 705 sermonem.

1240 719 1316 754 Etsi
1341 721 1484 765 propius
1507 719 1591 755 haec
1617 735 1688 755 non
1712 724 1905 766 cernimus,
1932 738 2046 771 neque
2062 739 2120 760 ex-

1138 770 1221 814 poni
1249 772 1420 805 illustrius
1444 780 1607 815 possunt,
1643 780 1759 807 tamen
1783 775 1930 809 noticias
1954 789 2026 810 esse
2049 778 2122 810 sor-

1139 834 1232 853 mare
1257 822 1424 865 imagines
1448 823 1483 854 in
1509 825 1651 856 cerebro
1667 837 1739 857 non
1757 826 1903 859 dubium
1922 834 1988 860 est:
2016 828 2122 873 idque

1140 883 1226 915 opus
1252 885 1320 916 quo
1346 873 1543 907 mirabilius
1564 881 1634 915 est,
1662 887 1701 908 eo
1720 876 1829 919 magis
1847 884 1991 912 testatur
2006 877 2121 912 Deum

1138 923 1357 955 conditorem
1377 935 1458 958 esse.

1242 973 1401 1006 Noticiae
1418 985 1500 1006 vero
1512 1000 1520 1014 ,
1547 986 1636 1019 quae
1654 983 1735 1009 sunt
1752 973 1911 1018 habitus,
1936 985 2018 1012 sunt
2034 979 2122 1012 ima—

1139 1024 1236 1067 gines
1260 1036 1360 1068 saepe
1382 1024 1564 1067 repetitae,
1593 1031 1625 1057 et
1642 1025 1745 1058 altius
1765 1026 1952 1070 impressae
1969 1030 2123 1069 cerebro,

1138 1083 1177 1108 ut
1205 1088 1283 1107 cum
1315 1071 1475 1122 σᾳρῶγις
1503 1075 1621 1108 eadem
1650 1087 1750 1119 saepe
1773 1089 1870 1110 cerae
1898 1078 2123 1121 imprimitur.

1141 1125 1190 1158 lta
1208 1138 1286 1158 cum
1306 1138 1407 1169 saepe
1425 1126 1527 1158 video
1546 1126 1768 1169 peregrinum
1781 1154 1790 1168 ‚
1817 1129 1931 1172 imago
1950 1129 2124 1173 imprimi-

1140 1183 1197 1210 tur
1213 1177 1317 1209 attius
1335 1183 1365 1209 et
1385 1176 1420 1209 stt
1438 1176 1586 1210 firmior.

1241 1226 1335 1259 Ilaec
1359 1227 1400 1259 de
1426 1227 1564 1259 noticiis
1589 1228 1706 1260 minus
1728 1228 1875 1262 obscura
1893 1237 1992 1269 sunt,
2021 1242 2125 1275 quam

1140 1290 1217 1311 cum
1238 1278 1280 1310 de
1297 1277 1495 1310 actionibus
1511 1278 1680 1311 virtutum
1699 1285 1733 1311 et
1749 1276 1930 1313 habitibus
1948 1280 2090 1315 dicitur.

1242 1335 1311 1367 Sed
1331 1342 1447 1366 tamen
1466 1335 1643 1367 actionum
1663 1343 1885 1370 externarum
1902 1349 2042 1377 causae,
2069 1346 2126 1372 ut-

1141 1396 1279 1428 cunque
1296 1384 1483 1417 monstrari
1503 1391 1659 1427 possunt.

1244 1431 1399 1466 Achilles
1417 1446 1618 1477 quanquam
1637 1435 1746 1468 iratus
1758 1462 1766 1474 ,
1794 1442 1911 1470 tamen
1928 1449 2052 1471 manus
2067 1449 2126 1471 co-

1141 1481 1258 1522 hibet,
1286 1495 1348 1515 nec
1367 1483 1530 1515 interficit
1549 1481 1862 1525 Agamemnonem.

1244 1539 1361 1573 Iluius
1377 1540 1524 1572 actionis
1541 1552 1641 1573 causa
1655 1541 1812 1584 pingitur
1824 1543 1860 1575 in
1874 1544 1948 1586 ipso
1961 1548 2128 1587 poemate.

1142 1588 1291 1624 Retrahi
1317 1587 1492 1623 Achillem
1524 1590 1622 1633 fingit
1649 1590 1826 1625 Homerus
1852 1605 1870 1626 a
1896 1593 2060 1635 Pallade,
2093 1597 2129 1629 id

1143 1649 1211 1682 est,
1246 1640 1411 1684 cogitatio
1438 1640 1521 1683 legis
1544 1641 1581 1673 in
1608 1642 1750 1675 cerebro
1778 1643 1896 1685 docet,
1924 1657 1996 1679 non
2019 1646 2129 1680 inter-

1142 1693 1331 1726 ficiendum
1349 1702 1420 1724 esse
1439 1703 1615 1725 summurn
1632 1693 1769 1729 ducem.

1247 1742 1340 1775 Huic
1363 1742 1599 1775 admonitioni
1617 1755 1694 1776 cum
1712 1743 1960 1785 assentiretur,
1987 1748 2130 1781 mandat

1144 1794 1308 1837 cogitatio
1333 1793 1468 1833 nervis,
1495 1799 1534 1826 ut
1553 1790 1735 1827 retrahant
1749 1805 1885 1830 manus.
1937 1794 1984 1830 Et
2002 1809 2131 1830 nem-0-

1143 1857 1222 1877 rum
1245 1844 1325 1878 talis
1348 1850 1398 1877 est
1421 1850 1565 1885 natura,
1592 1850 1631 1877 ut
1656 1844 1887 1889 impulsiones
1910 1858 1928 1879 a
1949 1848 2131 1891 cogitatio-

1144 1896 1248 1928 nibus
1267 1895 1372 1927 factas
1387 1894 1567 1937 recipiant.

1245 1944 1326 1978 Non
1350 1951 1400 1977 est
1422 1945 1501 1978 talis
1517 1944 1704 1978 ventriculi
1722 1950 1866 1985 natura,
1893 1953 1931 1979 ut
1951 1947 2131 1991 obtempe-

1145 2003 1196 2030 ret
1213 1995 1417 2038 cogitationi
1436 1995 1619 2028 mandanti
1636 1995 1822 2029 actionem.

1246 2053 1332 2088 Esse
1354 2059 1469 2087 autem
1493 2050 1583 2085 hanc
1606 2052 1803 2085 libertatem
1829 2051 1865 2084 in
1885 2050 2028 2087 homine
2048 2056 2131 2088 reli-

1146 2118 1250 2152 quam
1265 2132 1274 2145 ,
1301 2111 1340 2138 ut
1362 2104 1461 2136 nervi
1483 2104 1725 2147 obtemperare
1741 2102 1963 2145 cogitationi,
1989 2112 2023 2138 et
2041 2106 2130 2139 ciere

1146 2163 1261 2190 motus
1278 2155 1403 2188 locales
1417 2153 1570 2198 possint,
1596 2153 1821 2186 manifestum
1838 2159 1898 2186 est.

1248 2213 1437 2258 Utcunque
1463 2213 1568 2256 igitur
1585 2211 1733 2254 intelligi
1749 2209 1814 2244 hoc
1829 2222 1938 2254 genus
1952 2214 2129 2247 actionum

1147 2271 1276 2310 potest,
1312 2265 1406 2309 quod
1440 2263 1643 2296 nominatur
1674 2261 1780 2295 rectio
1810 2262 2058 2305 locomofivae,
2097 2273 2129 2298 et

1146 2317 1237 2361 apud
1258 2315 1435 2348 Calenum
1451 2311 1590 2358 κίνησις
1605 2308 1849 2357 προαιρετική.

1248 2372 1323 2408 Etsi
1355 2379 1469 2406 autem
1493 2370 1583 2404 actio
1607 2370 1736 2403 dicitur
1758 2367 1903 2404 honesta
1929 2370 1967 2403 in
1989 2369 2129 2404 Achille

1145 2437 1315 2460 manuum
1334 2422 1520 2467 repressio:
1548 2428 1664 2454 tamen
1679 2432 1740 2453 cor
1753 2420 1875 2463 flagrat
1891 2421 1953 2462 ira,
1981 2433 2043 2455 nec
2059 2423 2127 2456 dici

1146 2482 1260 2521 potest
1276 2475 1325 2507 ibi
1343 2485 1415 2506 esse
1431 2470 1609 2510 habitum,
1636 2470 1696 2516 qui
1714 2477 1808 2514 regat
1825 2471 1925 2511 iram,
1952 2483 2011 2505 seu
2028 2484 2127 2505 man-

1146 2526 1383 2562 suetudinem.

1248 2575 1345 2617 Quid
1372 2573 1494 2616 igitur,
1527 2579 1558 2606 et
1586 2572 1647 2605 ubi
1675 2578 1757 2605 sunt
1780 2572 1831 2604 illi
1854 2569 2015 2611 habitus,
2041 2584 2126 2615 quos

1148 2625 1355 2662 Aristoteles
1371 2624 1530 2658 nominat
1540 2622 1720 2656 Virtutes?
1770 2621 1906 2656 Diserte
1924 2623 2059 2655 locutus
2077 2629 2125 2654 est

1148 2678 1278 2711 Paulus
1307 2675 1408 2709 toties
1438 2675 1573 2706 dicens:
1611 2672 1783 2706 llomiues
1815 2685 1886 2706 non
1918 2672 1989 2704 lieri
2021 2672 2127 2705 iustos

1444 2721 1521 2760 21*
