2324 2955
70 132 118 166 77
513 128 673 164 DECL.
714 126 788 162 DE
825 123 1101 162 GEORGIO
1135 123 1379 158 PRINClP.
1415 120 1666 158 ANHALT.
2051 121 2096 157 78

70 224 102 250 et
122 216 226 250 utiles
250 214 604 248 commonefactiones
624 214 661 246 in
686 213 807 247 multis
829 211 1054 246 deliberatio-

71 267 186 300 nibus.
223 265 315 309 Quia
334 278 415 298 vero
433 265 610 299 Siracidae
627 264 729 298 lectio
747 264 873 309 passim
890 268 1054 306 corrupta

70 324 137 358 est,
164 317 230 350 suit
246 314 405 350 hortantur
423 314 612 355 loachimo,
638 322 675 348 ut
691 316 806 348 ederet
825 314 1054 347 emendatam.

70 368 180 412 Saepe
202 375 235 401 et
250 368 292 400 de
309 366 490 399 sententiis
507 366 665 399 obscuris
689 378 767 398 cum
785 378 825 398 eo
842 365 1055 409 disputabat,

70 426 109 453 ut
137 430 216 452 cum
254 417 289 449 in
325 417 435 461 capite
469 417 734 462 quadragesimo
766 416 879 459 primo
909 415 1054 448 dicitur:

71 465 236 516 φύλαξον
264 465 336 501 ἀπὸ
368 469 621 513 σκορακισμοῦ
648 463 790 511 λήψεως
816 465 878 500 καὶ
906 462 1054 504 δόσεως,

69 519 263 562 aenigmata
291 519 408 564 inquit
430 519 527 561 lego,
561 524 593 551 et
621 518 758 561 petebat
786 517 1055 551 enarrationem.

70 569 139 604 Hic
158 567 356 603 [oachimus
382 569 430 602 ait
455 570 580 602 sactum
600 580 672 601 esse
689 568 833 600 verbum
858 570 902 600 ab
919 565 1055 608 Adagio

71 621 106 660 ἐς
120 619 299 666 κόρακας,
327 626 360 653 et
377 620 498 652 iubere
516 620 706 651 cavendam
724 630 796 651 esse
815 618 1055 661 expulsionem

72 683 132 705 seu
147 672 357 704 deletionem
375 669 447 702 dati
466 676 497 703 et
513 669 665 713 accepti,
694 669 728 701 id
746 677 806 709 est,
833 669 943 702 iustae
961 680 1057 700 com-

71 722 286 766 pensationis
304 721 340 753 in
357 720 594 753 contractibus
620 727 654 753 et
679 719 714 752 in
740 720 919 752 referenda
938 718 1058 761 gratia,

72 773 161 806 velle
189 770 303 805 Deum
333 768 421 803 hanc
454 771 773 814 compensationem
811 783 882 803 non
914 769 1059 809 aboleri,

71 835 159 868 quae
178 830 210 857 et
227 823 314 856 ordo
334 828 382 855 est
408 821 597 865 sapientiae
616 828 649 855 et
671 821 827 854 iusticiae
855 821 889 853 in
905 820 999 860 Deo,
1027 826 1060 853 et

71 885 199 907 nervus
224 870 398 906 humanae
421 871 709 912 consociationis,
737 880 769 904 et
795 872 966 914 significat
985 870 1060 904 Deo

73 935 137 958 nos
151 924 402 968 gratitudinem
420 924 557 957 debere.
611 921 686 955 Etsi
705 923 765 954 alii
782 923 867 955 alias
887 922 1060 965 interpre-

73 975 222 1009 tationes
238 974 470 1019 quaerebant,
500 981 614 1006 tamen
634 971 805 1006 Ascanius
822 984 942 1006 amans
961 971 1060 1005 iusti-

72 1025 160 1059 ciam
183 1031 215 1058 et
238 1024 510 1068 gratitudinem,
545 1021 634 1056 banc
661 1021 828 1056 [oachimi
851 1024 1061 1067 interpreta-

73 1076 205 1111 tionem
230 1074 458 1108 anteferebat.

175 1141 244 1176 Sed
281 1140 406 1174 omitto
440 1140 635 1183 longiorem
671 1141 909 1174 narrationem
938 1138 1061 1172 talium

73 1192 345 1237 colloquiorum.
398 1188 528 1225 Extant
553 1192 646 1223 enim
669 1192 776 1235 ipsius
802 1192 946 1235 scripta,
974 1201 1062 1234 qnae

75 1251 108 1278 et
132 1242 366 1287 eruditionem
389 1242 497 1285 ipsius
523 1249 555 1275 et
582 1243 837 1275 confessionem
860 1242 1063 1280 ostendunt,

73 1306 162 1339 quae
177 1306 257 1326 cum
272 1292 451 1325 communi
464 1291 697 1325 Ecclesiarum
709 1293 961 1325 Saxonicarum
979 1303 1062 1323 con-

74 1344 225 1377 fessione
243 1342 426 1382 congruit,
454 1352 557 1384 quam
577 1342 634 1384 pio
653 1350 685 1374 et
709 1343 914 1383 gravissimo
934 1341 1064 1372 indicio

77 1393 257 1437 amplexus
289 1402 472 1433 nunquam
497 1391 541 1421 ab
569 1402 607 1422 ea
630 1392 806 1429 discessit,
843 1398 875 1423 et
906 1388 1065 1421 fanaticis

77 1441 300 1486 dogmatibus
325 1439 563 1483 pugnantibus
581 1451 660 1472 cum
680 1451 717 1472 ea
736 1440 954 1472 confessione
970 1450 1065 1470 acer-

75 1494 163 1527 rime
178 1492 382 1525 adversatus
398 1495 460 1524 est.

178 1557 371 1592 Laudanda
389 1562 439 1589 est
454 1562 486 1589 et
505 1552 590 1588 haec
616 1555 690 1588 eius
715 1554 903 1599 prudentia
928 1561 961 1588 et
982 1555 1065 1588 dili-

76 1609 205 1655 gentia,
232 1608 327 1654 quod
344 1618 470 1651 genere
483 1606 655 1639 sermonis
672 1606 815 1650 proprio
833 1612 865 1639 et
882 1606 1065 1650 perspicuo

76 1672 160 1695 usus
187 1666 256 1698 est,
291 1670 336 1691 ne
359 1657 586 1701 ambiguitas,
621 1664 658 1690 ut
689 1669 790 1700 saepe
820 1657 876 1696 fit,
909 1657 1067 1700 gigneret

76 1712 232 1746 diversas
254 1709 440 1754 opiniones
463 1715 497 1741 et
514 1708 671 1741 dissidia.
724 1706 811 1741 Erat
839 1713 954 1740 autem
982 1720 1067 1741 con-

78 1762 204 1796 stantia
229 1761 320 1794 vitae
343 1766 376 1793 et
403 1771 542 1792 morum
570 1759 667 1799 talis,
700 1766 738 1792 ut
764 1770 842 1791 vere
864 1759 907 1791 de
932 1770 972 1791 eo
996 1759 1067 1792 dici

76 1813 206 1858 possit,
241 1811 335 1857 quod
369 1811 412 1843 de
444 1810 669 1852 integerrimo
705 1808 919 1853 Imperatore
942 1808 1067 1842 Marco

78 1863 264 1899 Antonino
283 1861 421 1905 scripsit
440 1860 550 1893 Dion:
579 1858 704 1904 ὅμοιος
727 1857 790 1894 διὰ
814 1856 968 1894 πάντων
991 1858 1066 1907 ἑγεὲ

79 1927 162 1950 veto
185 1911 249 1948 καὶ
271 1912 310 1947 ἐν
335 1909 461 1946 οὐδενὶ
483 1907 695 1955 ἠλλοιώθει,
723 1908 870 1958 ἀγαθὸς
886 1908 926 1945 δὲ
943 1907 989 1956 ἦν
1006 1908 1068 1944 καὶ

82 1961 193 2000 οὐδὲν
208 1960 460 2009 προσποίκτον
482 1959 588 2006 εἶχεν.
625 1961 719 1996 Haec
737 1968 867 2007 quanta
887 1962 980 1994 bona
998 1962 1068 1995 sint

81 2016 164 2050 etin
179 2014 406 2059 Principibus
421 2020 455 2047 et
473 2013 509 2045 in
529 2013 672 2056 privatis
695 2011 920 2053 bominibus,
946 2024 1068 2046 omnes

81 2066 158 2100 sani
176 2065 392 2108 intelligunt.

183 2132 386 2166 Postremus
409 2131 513 2164 etiam
537 2137 633 2164 actus
649 2130 738 2164 vitae
759 2129 935 2174 Principis
953 2128 1069 2163 Geor-

80 2185 147 2229 gii,
181 2183 346 2229 pietatem
376 2182 450 2215 eius
483 2187 516 2214 et
546 2179 611 2214 Dei
643 2181 872 2225 praesentiam
906 2181 1070 2215 ostendit.

81 2235 173 2271 Cu‘m
194 2241 267 2268 toto
288 2232 444 2267 semestri
468 2232 728 2265 conflictaretur
751 2245 829 2266 cuin
848 2232 972 2265 morbo
993 2244 1070 2264 mo-

83 2285 269 2321 lestissimo
281 2312 290 2326 ,
321 2291 438 2318 tamen
455 2282 614 2328 quotidie
631 2283 696 2326 piis
711 2284 872 2327 precibus
889 2295 977 2323 sese,
1001 2280 1071 2316 Ec-

84 2337 242 2374 clesiam,
270 2335 445 2380 optimum
468 2334 629 2373 fratrem,
657 2340 689 2366 et
712 2341 865 2368 caeteros
887 2333 1070 2378 Principes

84 2385 313 2427 Anbaltinos,
340 2386 486 2430 patriam
504 2391 537 2418 et
555 2384 784 2418 Germaniam
803 2385 875 2419 Deo
891 2397 1071 2418 commen-

85 2438 201 2478 davit,
233 2437 361 2471 deinde
384 2436 569 2470 lectionem
594 2435 759 2469 audiebat
788 2448 827 2469 ex
857 2433 1071 2481 propheticis

86 2497 119 2524 et
143 2487 344 2534 apostolicis
366 2487 484 2528 libris,
517 2493 689 2531 quantum
717 2487 828 2530 potuit
856 2488 961 2521 etiam
987 2499 1072 2520 con-

85 2540 164 2574 silia
199 2538 465 2583 gubernationis
495 2535 612 2570 adbuc
649 2538 748 2573 rexit.
806 2537 1071 2572 Testamentum

88 2591 144 2636 pie
161 2590 337 2630 condidit,
365 2588 400 2621 in
419 2601 488 2634 quo
506 2595 539 2623 et
558 2589 810 2622 confessionem
827 2600 925 2622 suam
944 2589 1072 2633 repeti—

87 2641 149 2682 vit,
173 2647 207 2675 et
223 2639 459 2674 Ecclesiarum
475 2639 714 2673 defensionem
732 2640 832 2673 fratri
848 2640 1072 2673 commenda-

87 2693 149 2728 vit.
203 2689 353 2725 Addidit
376 2690 480 2724 etiam
503 2690 651 2734 singulis
674 2691 872 2735 pastoribus
898 2688 1072 2724 Ecclesia-

1110 222 1187 243 rum
1219 220 1301 241 suae
1331 209 1475 243 ditionis
1499 210 1540 242 ad
1573 220 1710 242 annuos
1744 207 1901 242 redditus
1929 207 2096 241 frumenti

1110 260 1305 293 medimnos
1326 260 1519 294 duodenos,

1212 318 1373 351 Tandem
1406 330 1488 351 vero
1521 318 1774 361 languefactam
1807 323 1967 351 naturam
1994 327 2096 359 supe-

1110 376 1209 402 rante
1236 369 1360 401 morbo
1385 380 1502 402 mense
1524 367 1693 406 Octobri,
1727 369 1843 401 anima
1867 367 1940 400 eius
1966 379 2005 400 ex
2034 365 2097 399 hac

1110 420 1251 453 mortali
1270 420 1340 452 vita
1362 420 1404 452 ad
1429 420 1587 453 coelestis
1607 418 1779 452 Ecclesiae
1797 418 1995 452 societatem
2013 429 2097 450 evo-

1110 478 1184 504 cata
1210 477 1279 510 est,
1309 482 1387 503 curn
1413 471 1555 515 quidem
1577 482 1649 502 sese
1675 470 1811 509 vivens,
1843 469 2000 514 quotidie
2024 467 2096 500 filio

1111 522 1174 555 Dei
1190 522 1486 561 commendasset,
1512 528 1543 554 et
1561 520 1705 552 adsidue
1723 526 2025 552 commemorasset
2042 518 2098 550 di-

1112 572 1210 605 vinas
1230 571 1494 616 promissiones:
1528 570 1585 604 Sic
1603 570 1697 603 Deus
1714 569 1836 602 dilexit
1852 570 2036 609 mundum,
2060 574 2099 602 ut

1112 623 1222 656 filium
1242 622 1462 665 unigenitum
1481 621 1634 660 dederit,
1661 626 1699 653 ut
1716 619 1831 652 omnis
1851 620 1911 663 qui
1936 620 2045 652 credit
2062 619 2099 651 in

1111 686 1209 714 eum,
1237 685 1309 706 non
1329 679 1456 717 pereat.
1510 671 1614 705 Item:
1645 670 1754 703 Nemo
1777 670 1887 714 rapiet
1902 680 1983 701 oves
2006 680 2098 701 meas

1112 737 1151 758 ex
1167 724 1331 757 manibus
1348 724 1444 758 meis,
1479 722 1579 756 ltem:
1610 720 1736 754 Venite
1753 722 1792 753 ad
1811 733 1865 753 me
1883 731 2016 759 omnes,
2040 719 2101 763 qui

1113 776 1280 808 laboratis
1297 782 1328 808 et
1348 774 1485 807 onerati
1502 773 1595 812 estis,
1622 784 1684 815 ego
1703 772 1854 804 reficiam
1873 782 1944 811 VOS,
1973 777 2004 803 et
2021 776 2100 802 tan-

1114 834 1187 860 tum
1205 826 1314 859 animi
1334 826 1443 859 robur
1460 824 1545 864 fuit,
1571 830 1609 856 ut
1629 822 1711 855 satis
1728 824 1910 866 adpareret
1936 821 1972 853 in
1989 833 2027 853 eo
2046 820 2102 853 lu—

1113 890 1189 911 cere
1221 877 1321 909 fidem
1347 889 1386 908 ac
1412 875 1574 908 fiduciam
1605 873 1667 906 filii
1692 872 1756 906 Dei
1781 873 1951 906 divinitus
1979 883 2103 904 accen-

1114 940 1206 968 sam,
1236 927 1393 971 quotidie
1416 925 1511 958 enim
1534 937 1612 958 cum
1636 924 1741 957 fratre
1759 931 1791 957 et
1808 924 1885 956 aliis
1903 923 1946 955 de
1970 922 2102 955 benefl-

1114 979 1176 1011 ciis
1199 978 1259 1010 filii
1284 977 1366 1016 Dei,
1402 977 1444 1009 de
1466 988 1526 1019 spe
1549 976 1638 1008 vitae
1661 982 1841 1014 aeternae,
1876 975 1918 1006 de
1942 973 2101 1005 miranda

1114 1029 1319 1062 collectione
1343 1026 1519 1060 Ecclesiae
1545 1038 1585 1059 ex
1612 1037 1739 1068 genere
1763 1023 1937 1064 humano,
1973 1023 2104 1056 dulcis—

1115 1080 1200 1112 sime
1220 1079 1414 1112 collocutus
1434 1084 1495 1111 est.

1218 1144 1293 1179 Etsi
1308 1151 1421 1178 autem
1440 1143 1573 1177 orbitas
1591 1142 1719 1182 fratris,
1748 1139 1934 1179 Ecclesiae,
1964 1139 2105 1183 patriae,

1116 1204 1255 1232 nostrae
1274 1196 1432 1229 dolorem
1452 1194 1556 1227 nobis
1572 1194 1702 1233 adfert,
1729 1199 1846 1226 tamen
1874 1191 1939 1235 ipsi
1963 1190 2104 1235 quidem

1114 1248 1272 1292 Principi
1289 1246 1442 1289 Georgio
1467 1244 1629 1288 migratio
1646 1245 1689 1276 ad
1713 1242 2003 1276 consuetudinem
2028 1253 2106 1273 coe-

1116 1300 1211 1332 lestis
1234 1296 1412 1331 Ecclesiae
1443 1295 1650 1338 gratulanda
1674 1300 1742 1333 est,
1779 1300 1812 1327 et
1844 1293 2027 1326 retinenda
2057 1297 2107 1323 est

1116 1349 1285 1379 memoria
1300 1346 1530 1377 confessionis
1550 1352 1583 1376 et
1600 1345 1772 1376 virtutum
1796 1344 1922 1386 ipsius,
1951 1342 2105 1385 primum

1116 1404 1155 1430 ut
1170 1396 1245 1430 Deo
1272 1394 1400 1438 gratias
1425 1404 1566 1436 agamus
1588 1394 1631 1426 de
1652 1393 1773 1434 donis,
1799 1405 1888 1437 quae
1909 1392 1976 1436 ipsi
1994 1398 2026 1425 et
2046 1404 2106 1434 per

1117 1459 1197 1480 eum
1215 1446 1293 1478 aliis
1310 1444 1448 1480 tribuit.
1501 1442 1634 1476 Verum
1651 1450 1702 1477 est
1720 1444 1814 1476 enim
1832 1441 1922 1476 hanc
1939 1443 1976 1474 in
1993 1454 2032 1475 eo
2051 1443 2106 1475 lu—

1117 1509 1189 1530 cem
1209 1495 1382 1534 veritatis‚
1410 1501 1443 1527 et
1468 1494 1625 1526 flammas
1650 1494 1781 1526 amoris
1804 1504 1883 1536 erga
1909 1491 2045 1532 Deum,
2074 1500 2106 1526 et

1116 1554 1266 1581 caeteras
1284 1546 1431 1578 virtutes
1450 1545 1543 1577 dona
1560 1541 1626 1576 Dei
1651 1555 1742 1584 esse,
1768 1543 1942 1577 transfusa
1959 1543 1997 1575 in
2016 1554 2107 1580 eum,

1117 1605 1155 1631 ut
1173 1604 1205 1630 et
1224 1597 1288 1641 ipsi
1307 1603 1339 1629 et
1356 1595 1434 1628 aliis
1450 1594 1614 1628 salutaria
1631 1601 1764 1634 essent,
1791 1601 1823 1627 et
1842 1593 1878 1626 in
1896 1591 1961 1626 hac
1979 1592 2107 1636 gratia-

1118 1661 1195 1682 rum
1219 1647 1356 1680 actione
1380 1645 1642 1679 consideremus
1660 1646 1730 1678 duo
1758 1642 1944 1678 hominum
1971 1654 2107 1686 genera.

1120 1699 1209 1732 Vasa
1235 1698 1307 1731 irae
1330 1704 1363 1730 et
1387 1709 1464 1730 vasa
1484 1695 1763 1735 misericordiae,
1790 1701 1829 1728 ut
1844 1694 1974 1727 Paulus
1992 1694 2107 1726 nomi-

1118 1757 1189 1784 nat.
1244 1748 1341 1792 Quid
1357 1748 1490 1781 tristius
1506 1753 1574 1786 est,
1601 1759 1706 1791 quam
1725 1757 1796 1779 esse
1816 1752 1945 1789 pestem
1970 1744 2106 1787 generis

1118 1799 1264 1834 immani
1281 1812 1341 1832 seu
1356 1797 1568 1843 ἀλάστοραῗ
1591 1804 1628 1830 ut
1646 1798 1789 1830 suerunt
1807 1795 2021 1834 Alcibiades,
2039 1793 2109 1828 Ca-

1118 1852 1219 1886 tilina
1233 1879 1241 1891 ,
1268 1850 1360 1883 Nero
1380 1857 1412 1884 et
1429 1849 1571 1883 similes.
1625 1847 1763 1882 Rursus
1780 1854 1950 1893 quantum
1974 1847 2107 1878 bouum

1118 1910 1169 1936 est
1193 1914 1264 1935 esse
1288 1913 1460 1944 organum
1477 1899 1552 1933 Deo
1578 1899 1737 1942 placens,
1765 1905 1798 1932 et
1820 1898 1904 1931 utile
1922 1895 2108 1933 Ecclesiae,

1118 1961 1156 1987 ut
1174 1954 1316 1986 suerunt
1335 1949 1470 1995 loseph,
1497 1950 1652 1990 Samuel,
1678 1947 1860 1988 Ezechias,
1883 1955 1914 1981 et
1931 1947 2004 1987 alii,
2029 1946 2109 1992 qni-

1121 2006 1185 2038 bus
1200 2003 1441 2046 etprincipem
1459 2000 1653 2043 Georgium
1672 2010 1957 2039 annumeramus,
1983 1999 2019 2030 in
2038 2009 2107 2042 quo

1121 2054 1315 2100 praesentia
1331 2052 1416 2093 Dei,
1444 2059 1517 2085 tum
1537 2052 1572 2083 in
1593 2050 1700 2094 ipsius
1714 2049 1931 2083 consessione
1948 2055 1980 2082 et
1997 2048 2110 2081 virtu·-

1121 2107 1234 2145 tibns‚
1269 2112 1342 2137 tum
1376 2115 1457 2136 vero
1485 2102 1521 2134 in
1556 2101 1811 2145 gubernatione
1839 2106 2022 2143 conspecta
2049 2104 2110 2135 est,

1121 2169 1224 2202 qnam
1243 2155 1338 2189 Deus
1355 2154 1403 2187 sic
1420 2153 1574 2192 adiuvit,
1601 2159 1640 2186 ut
1658 2151 1767 2195 patria
1794 2150 1982 2194 tranquilla
2006 2149 2111 2182 fuerit

1121 2215 1171 2242 tot
1188 2208 1256 2240 iam
1276 2218 1386 2239 annos
1398 2232 1406 2245 ,
1433 2204 1562 2249 quibus
1580 2202 1708 2236 vicinia
1724 2202 1826 2234 bellis
1842 2201 2000 2245 undique
2016 2200 2110 2234 arsit.

1220 2274 1316 2308 Haec
1335 2273 1400 2307 Dei
1420 2271 1583 2305 beneficia
1602 2270 1761 2315 undique
1785 2269 2002 2312 agnoscenda
2019 2275 2111 2306 sunt,

1122 2333 1154 2361 et
1170 2326 1276 2369 gratis
1297 2325 1474 2358 mentibus
1495 2322 1723 2359 celebranda,
1750 2320 1878 2353 deinde
1902 2319 2030 2362 singuli
2054 2331 2110 2351 ar-

1122 2377 1288 2411 dentibus
1306 2376 1395 2409 votis
1414 2381 1589 2418 petamus,
1618 2379 1656 2405 ut
1678 2371 1770 2404 filius
1786 2369 1852 2404 Dei
1871 2382 1934 2403 nos
1951 2370 2017 2403 sibi
2036 2370 2111 2414 pal-

1122 2428 1224 2462 mites
1241 2428 1355 2467 faciat,
1382 2426 1470 2458 sient
1488 2423 1619 2468 inquit:
1649 2420 1723 2465 Ego
1742 2434 1819 2455 sum
1838 2421 1931 2461 vitis,
1958 2432 2018 2453 vos
2037 2421 2112 2464 pal-

1123 2480 1246 2522 mites,
1281 2491 1318 2511 ac
1349 2477 1449 2509 saciat
1480 2486 1546 2508 nos
1573 2485 1705 2517 organa
1734 2471 2014 2512 misericordiae,
2048 2484 2111 2514 gn-

1124 2531 1246 2564 bernet
1277 2528 1424 2562 consilia
1459 2533 1492 2560 et
1528 2526 1664 2558 labores
1698 2530 1836 2557 nostros
1851 2550 1860 2562 ,
1904 2529 1942 2556 ut
1977 2522 2110 2566 prosint

1123 2580 1310 2616 Ecclesiae.

1225 2638 1362 2672 Deinde
1379 2643 1412 2670 et
1427 2635 1647 2669 consessione
1667 2633 1842 2677 Principis
1861 2632 2006 2673 Georgii
2028 2641 2109 2662 con-

1126 2691 1325 2729 firmemur,
1354 2695 1385 2721 et
1413 2687 1580 2731 exemplis
1600 2687 1674 2719 eius
1693 2685 1883 2719 excitemur
1903 2684 1945 2716 ad
1972 2682 2112 2713 invoca-
