2324 2955
185 118 254 152 811

189 209 261 235 tuta
280 208 344 234 est:
373 207 486 232 tamen
511 204 689 239 utcunque
705 193 780 227 Deo
802 193 849 226 ita
865 193 1004 226 volente
1029 204 1166 226 servare

190 253 325 289 urbem,
354 249 503 291 primum
525 246 639 277 exules
657 244 830 288 oppressis
850 243 993 285 triginta
1011 244 1169 288 tyrannis
1193 243 1198 276 l

191 304 438 342 recuperarunt
455 296 621 339 patriam,
651 301 683 327 et
701 301 852 327 veterem
870 294 1017 326 formam
1042 294 1169 335 gnber-

190 349 340 382 nationis
357 347 582 378 restituerunt
603 346 690 377 duce
707 342 941 387 Thrasybulo,
976 341 1169 387 Aliquanto

192 405 268 442 post
292 404 322 430 et
350 391 478 429 Conon
502 395 629 438 eripuit
654 394 839 437 imperium
871 393 977 425 maris
999 392 1170 426 Lacedae-

192 448 339 487 moniis,
374 453 407 479 et
428 457 547 478 rursus
569 444 760 477 aedificavit
785 454 903 476 muros
928 440 1170 477 Athenienses.

193 498 328 530 Ilornm
347 498 495 529 duorum
508 496 618 528 virtus
636 494 671 526 in
691 494 911 527 restitutione
926 493 1056 537 patriae
1072 506 1172 538 prae-

192 549 293 591 cipua
314 548 390 579 fuit.

295 596 378 629 Post
401 596 618 628 intersectum
637 592 894 627 Theramenem
911 592 1040 627 Critias
1058 600 1089 627 et
1108 593 1172 626 ali-

195 648 254 692 qui
274 648 346 680 eius
374 647 523 688 collegae
541 645 706 677 maiorem
730 644 914 676 saeviciam
933 650 1172 683 exercuerunt,

197 705 229 730 et
252 697 433 736 scribitur,
462 696 600 728 iussisse
626 706 682 727 eos
707 694 793 726 filias
816 695 1038 738 quorundam
1063 694 1173 727 inter-

196 748 364 780 fectorum
399 747 524 779 saltare
558 746 594 777 in
628 756 750 777 cruore
783 751 985 787 parentum,
1017 756 1105 788 quae
1138 755 1173 777 se

199 797 401 839 praecipites
427 808 465 828 ex
491 795 560 827 illis
582 795 666 827 locis
691 795 902 828 deiecerunt.
954 793 1043 827 Cum
1068 794 1174 836 igitur
1198 808 1199 815 ¹

198 845 439 890 Thrasybulus
463 846 585 888 sciret,
613 846 681 877 iam
706 844 742 876 in
769 844 851 876 odio
877 855 948 877 esse
971 844 1117 878 Critiam
1141 850 1174 877 et

199 897 362 937 collegas,
388 896 531 928 adduxit
548 894 763 938 septuaginta
780 893 815 926 in
835 893 999 932 Atticam,
1025 902 1057 928 et
1072 894 1174 937 oppi-
1196 884 1200 933 l,

200 948 283 978 dum
304 944 439 990 Phylen
457 946 650 988 occupavit.
708 943 826 985 Quare
849 945 984 985 cognita
999 968 1006 981 ,
1039 945 1075 976 in
1100 943 1173 986 ipsa

201 997 287 1028 urbe
304 996 403 1028 multi
429 995 519 1027 cives
542 1000 701 1026 recusant
728 993 877 1025 militare
901 1006 978 1026 cum
1005 994 1173 1038 tyrannis.

204 1045 395 1078 Accersunt
421 1045 526 1087 igitur
551 1044 690 1088 tyranni
711 1042 923 1086 Spartanum
949 1055 1061 1085 regem
1080 1043 1173 1076 Pau-

203 1096 353 1134 saniam,
380 1095 439 1139 qui
457 1095 602 1126 audiens
618 1093 744 1125 scelera
764 1092 906 1134 triginta
932 1101 1173 1137 tyrannorum,

203 1152 236 1178 et
255 1145 468 1186 intelligens,
494 1142 755 1188 Thrasybulum
773 1143 861 1174 velle
876 1143 1074 1175 societatem
1096 1155 1172 1175 cum

200 1195 487 1228 Lacedaemoniis
518 1194 723 1226 inviolatam
755 1204 846 1232 esse,
886 1204 958 1225 non
991 1193 1175 1236 impedivit

204 1245 278 1277 eius
305 1246 454 1278 reditum
483 1245 517 1276 in
545 1244 704 1287 patriam.
778 1240 1022 1287 Thrasybulus
1059 1244 1175 1288 itaque
1200 1259 1202 1277 ι

204 1295 374 1328 dimicans
406 1307 483 1327 cum
517 1295 667 1326 exercitu
694 1300 942 1338 tyrannorum,
987 1293 1175 1327 trucidavit

202 1344 367 1385 (Iritiam,
415 1352 446 1377 et
476 1345 644 1388 quosdam
680 1344 752 1376 eius
784 1343 932 1385 collegas
967 1350 1001 1376 et
1032 1356 1176 1386 praeco-

204 1395 302 1427 nium
331 1393 430 1434 fecit,
471 1406 505 1426 se
537 1406 609 1426 non
635 1405 751 1436 gerere
775 1393 905 1425 bellum
928 1405 1005 1425 cum
1029 1394 1176 1432 civibus,

204 1447 261 1477 sed
284 1445 370 1478 velle
387 1451 426 1478 ut
441 1444 549 1488 patria
565 1444 741 1477 veteribus
765 1443 899 1486 legibus
921 1450 1070 1485 regatur.
1126 1443 1177 1477 Ita

206 1495 241 1527 in
260 1497 382 1528 urbem
406 1495 508 1527 rediit
526 1491 770 1539 Thrasybulus
793 1505 870 1527 cum
899 1494 1041 1527 caeteris
1067 1494 1177 1527 exuli-

205 1547 286 1585 bus,
314 1553 345 1579 et
371 1546 460 1586 leges
485 1550 631 1585 veteres,
665 1544 826 1577 ordinem
852 1544 1117 1587 magistratuum
1144 1551 1179 1578 et

204 1595 330 1627 iudicia
355 1595 518 1629 restituit.
1201 1591 1205 1616 ¹

306 1644 375 1678 Sed
411 1651 449 1677 ul.
483 1643 603 1676 civitas
636 1644 826 1687 tranquilla
860 1650 965 1679 esset,
1001 1644 1177 1672 decretum

205 1696 332 1728 factum
357 1701 405 1727 est
429 1695 471 1726 de
496 1690 701 1736 ἀμνηστίᾳ,
730 1692 763 1723 id
783 1698 853 1730 est,
879 1697 917 1722 ut
936 1689 1069 1721 oblivio
1092 1696 1178 1722 essct

205 1753 359 1778 veterum
379 1744 601 1776 iniuriarum.
647 1742 693 1776 Et
713 1742 792 1786 quia
811 1740 912 1772 multi
937 1741 1102 1772 tenebant
1126 1751 1179 1772 res

206 1795 354 1832 alienas,
381 1806 522 1838 quoquo
549 1794 652 1825 modo
676 1792 877 1829 translatas,
903 1790 962 1822 alii
981 1787 1177 1823 haeredita-

208 1846 317 1882 tibus,
345 1844 404 1876 alii
429 1842 684 1886 emptionibus,
710 1843 769 1874 alii
794 1840 957 1879 dotibus,
982 1841 1042 1872 alii
1065 1840 1179 1880 aliter,

207 1903 238 1927 et
255 1894 413 1937 repetitio
431 1894 584 1936 paritura
600 1899 672 1925 erat
689 1904 777 1924 nova
798 1890 901 1929 bella,
928 1891 1097 1923 sancitum
1116 1897 1178 1929 est,

206 1956 248 1976 ne
274 1945 349 1977 lites
373 1951 598 1976 moverentur
621 1944 662 1975 de
687 1940 927 1985 praesentibus
949 1940 1178 1984 possessioni-

205 1996 286 2033 bus,
313 1995 371 2026 sed
388 1994 478 2026 utin
497 2000 673 2036 posterum
698 1990 787 2024 nihil
813 1997 933 2024 contra
960 1991 1049 2033 leges
1069 1992 1178 2024 fieret.

205 2044 300 2077 Ilaec
319 2042 502 2088 ἀμνηστία
526 2043 675 2076 restituit
695 2040 914 2076 Athenarum
939 2041 1178 2086 tranquillita-

205 2103 285 2129 tem.
338 2094 396 2127 Sic
414 2095 448 2126 in
468 2093 743 2126 dissensionibus
759 2092 920 2125 civilibus
938 2102 1038 2134 saepe
1054 2093 1178 2124 decur-

206 2157 281 2177 sum
300 2152 347 2177 est
365 2145 407 2177 ad
426 2141 644 2187 (ἷλιιιέστίαν,
678 2149 715 2176 ut
735 2143 872 2176 futurae
888 2141 962 2184 paci
980 2142 1178 2174 consulere-

207 2202 282 2234 tur,
308 2201 347 2227 ut
369 2195 501 2227 censuit
516 2194 699 2227 Romanus
716 2192 867 2226 Senatus
887 2192 1068 2225 interfecto
1089 2192 1179 2224 lulio
1202 2194 1205 2229 ᾗ

208 2243 363 2276 Caesare.
416 2242 459 2276 Et
479 2244 514 2275 in
536 2244 611 2275 aliis
636 2242 792 2276 historiis
815 2253 915 2284 saepe
938 2242 1083 2275 dicitur:
1112 2242 1178 2275 Pa-
1203 2241 1204 2257 ³

209 2306 280 2326 cem
311 2295 437 2326 faciant
471 2294 619 2335 singuli,
658 2292 799 2337 ἔχοντες
827 2292 850 2327 ἃ
881 2291 1017 2336 ἔχουσι.
1084 2289 1204 2325 Haec}

210 2344 361 2385 exempla
377 2345 573 2376 meminisse
588 2344 675 2377 utile
691 2349 752 2378 est.

309 2390 522 2425 Pausanias
540 2401 655 2436 postea
680 2394 716 2425 in
740 2393 828 2425 urbe
843 2391 966 2436 Sparta
989 2399 1179 2433 accusatus,

209 2444 303 2489 quod
322 2456 392 2475 non
411 2445 618 2476 ‹tes.=n‹lisset
644 2444 785 2486 triginta
812 2450 994 2488 tyrannos,
1021 2455 1057 2476 se
1074 2455 1177 2475 excu-

209 2494 314 2533 savit,
339 2494 433 2537 qnod
452 2494 578 2526 iniusta
597 2495 782 2526 crudelitas
796 2493 970 2526 sociorum
987 2505 1059 2526 non
1074 2493 1176 2526 suerit

1201 2424 1204 2459 ί

424 111 629 151 SCRIPTA
655 111 730 145 PII.
758 109 872 145 MEL.
898 106 963 142 AD
991 107 1116 145 HlST.
1144 105 1288 143 PROF.
1316 103 1380 139 ET
1407 102 1596 140 PlssLOs.
1622 104 1940 144 SPECTANTIA.

207 2545 431 2587 approbanda
450 2550 506 2575 aut
526 2544 721 2576 adiuvanda
735 2571 743 2583 ,
769 2551 800 2576 et
818 2543 899 2577 satis
915 2543 1039 2582 fuerit,
1066 2541 1177 2576 Athe-

207 2595 347 2627 nienses
369 2593 510 2626 retineri
537 2593 572 2624 in
597 2594 758 2626 societate
778 2594 1065 2627 Lacedaemoniis
1093 2606 1175 2636 pro-

206 2645 320 2680 missa.
374 2643 425 2676 lbi
450 2654 547 2687 pares
562 2643 712 2676 calculos
729 2645 830 2684 tulit,
855 2656 924 2688 quo
948 2657 1045 2677 more
1066 2644 1174 2687 signi-

2115 109 2188 143 812

1220 192 1357 224 ficatum
1384 196 1453 229 est,
1487 201 1566 222 eum
1589 190 1734 223 absolvi.
1792 189 1839 224 Et
1861 192 1962 226 docet
1986 193 2194 236 exemplum,

1221 241 1331 274 socios
1349 240 1514 273 iniustam
1533 241 1773 274 crudelitatem
1798 248 2011 283 exercentes,
2037 255 2108 276 non
2133 244 2195 276 de-

1222 291 1417 324 fendendos
1442 301 1524 325 esse.
1577 289 1675 324 Sicut
1694 291 1757 324 etsi
1775 292 1858 324 socii
1875 298 1973 325 erant
1991 291 2196 326 Constanti-

1222 353 1288 373 nus
1306 348 1337 374 et
1354 340 1532 376 Licinius,
1558 346 1675 372 tamen
1691 339 1943 375 Constantinus
1959 342 2115 376 defendit
2124 342 2194 376 Ec-

1223 391 1360 424 clesiam
1387 397 1507 423 contra
1531 390 1718 423 Licinium.
1779 391 1873 424 Socii
1899 392 2197 425 Lacedaemonio-

1225 454 1303 474 rum
1330 448 1362 474 et
1379 438 1544 473 Thebani
1563 448 1681 479 erant,
1713 453 1791 474 cum
1808 440 2050 487 Thrasybulus
2076 443 2111 475 in
2134 453 2197 486 pa-

1224 492 1324 525 triam
1355 491 1497 524 rediret.
1566 488 1612 524 Et
1642 492 1892 525 mandaverant
1915 492 2204 533 Lacedaemonii,-

1224 539 1440 574 neThebani
1457 541 1618 574 exulibus
1629 538 1752 574 Atticis
1769 542 1974 585 praeberent
1990 539 2198 586 hospitium.

1225 592 1292 625 Sed
1311 589 1473 624 Thebani
1498 603 1639 635 prorsus
1657 592 1871 625 contrarium
1892 592 2044 625 edictum
2069 604 2199 636 propo-

1225 649 1387 679 suerunt,
1410 653 1445 674 se
1463 654 1535 674 non
1553 642 1721 684 impedire
1737 643 1853 675 exules
1865 640 2017 683 Atticos,
2042 648 2199 685 gerentes

1225 704 1319 724 arma
1344 698 1463 724 contra
1488 692 1630 734 triginta
1658 699 1846 737 tyrannos,
1889 705 1927 725 ac
1959 693 2126 725 mandare
2152 703 2199 732 se,

1225 749 1263 775 ut
1287 742 1385 774 nulla
1412 743 1538 775 domus
1560 742 1674 775 clausa
1699 743 1744 776 sit
1766 743 1924 776 exulibus
1942 741 2078 777 Atticis.
2130 741 2200 775 Sed

1225 793 1366 826 suerunt
1383 790 1465 825 haec
1482 793 1636 835 exempla
1654 793 1767 826 divini
1786 793 1926 834 iudicii,
1959 800 2080 826 contra
2104 792 2200 824 iniu-

1225 849 1311 875 stam
1343 849 1375 875 et
1405 849 1555 876 atrocem
1581 843 1784 884 saeviciam,
1829 844 1918 876 sicut
1942 843 2108 888 scriptum
2135 848 2200 875 est:

1225 893 1297 934 Qui
1314 893 1468 935 gladium
1483 894 1670 938 acceperit,
1704 894 1820 936 gladio
1836 893 1976 936 peribit.

1430 1002 1684 1044 Imperium
1709 1002 2001 1035 Laconicum.

1327 1072 1537 1106 Tenuerunt
1572 1073 1757 1116 imperium
1784 1073 2053 1108 Lacedaemonii
2088 1085 2202 1108 annos

1226 1134 1352 1154 novem
1386 1129 1419 1155 et
1448 1122 1592 1164 viginti,
1634 1129 1711 1166 post
1743 1124 1924 1157 victoriam
1954 1124 2128 1169 Lysandri
2157 1125 2202 1157 ad

1199 1191 1201 1195 .
1227 1173 1342 1215 Aegos
1363 1171 1546 1213 Potamos,
1585 1184 1695 1216 usque
1723 1174 1764 1205 ad
1798 1186 1950 1217 pugnam
1972 1173 2205 1212 Leuctricam,

1228 1234 1315 1267 quae
1333 1223 1419 1255 facta
1436 1229 1483 1255 est
1501 1222 1603 1255 initio
1614 1221 1838 1267 Olympiadis
1855 1224 2062 1257 centesimae
2078 1235 2203 1257 secun-

1228 1274 1309 1313 dae,
1336 1271 1545 1305 cumllelice
1563 1271 1697 1306 etBura
1715 1274 1858 1307 biennio
1879 1281 1959 1308 ante
1976 1281 2087 1308 terrae
2106 1281 2204 1307 motu

1228 1324 1410 1366 absorptae
1427 1329 1539 1355 essent
1551 1349 1560 1362 ‚
1587 1334 1681 1354 anno
1698 1331 1821 1367 quarto
1844 1322 2069 1368 Olympiadis
2084 1331 2203 1357 cente-

1229 1373 1336 1405 simae
1355 1372 1502 1415 primae,
1528 1379 1567 1406 ut
1585 1372 1711 1406 diserte
1733 1372 1850 1417 inquit
1867 1372 2067 1407 Pausanias.
2121 1372 2204 1407 Fuit

1229 1429 1344 1456 autem
1377 1422 1630 1466 aliquantisper
1662 1424 1851 1467 tranquilla
1887 1422 2051 1462 Graecia,
2090 1424 2203 1456 donec

1230 1472 1412 1516 Agesilaus
1440 1485 1499 1505 rex
1527 1472 1720 1516 Spartanus
1755 1480 1788 1507 et
1812 1473 1996 1519 Lysander
2029 1475 2205 1507 duxerunt

1230 1523 1416 1555 exercitum
1433 1523 1468 1555 in
1481 1521 1619 1563 Asiam,
1645 1523 1800 1567 quicum
1820 1525 1914 1557 domi
1933 1536 1997 1567 pax
2013 1531 2118 1564 esset,
2140 1525 2204 1556 ad-

1230 1574 1334 1606 iicere
1352 1573 1499 1615 imperio
1516 1585 1578 1606 suo
1598 1572 1702 1605 Asiae
1727 1580 1860 1617 partem
1889 1581 1922 1607 et
1940 1572 2114 1607 Persicam
2139 1585 2204 1617 po-

1230 1624 1374 1657 tentiam
1397 1623 1581 1656 debilitare
1603 1623 1833 1655 conabantur.
1884 1622 1935 1656 Ac
1959 1623 2059 1657 initia
2079 1622 2204 1666 Agesi-

1230 1672 1284 1703 lao
1309 1669 1495 1703 laetissima
1517 1671 1669 1706 suerunt.
1740 1671 1881 1715 Magnis
1904 1673 2040 1716 aliquot
2062 1673 2205 1715 praeliis

1230 1717 1502 1763 Tissaphernem
1534 1720 1637 1759 vicit,
1680 1728 1822 1765 propter
1849 1734 1935 1766 quas
1958 1722 2072 1754 clades
2097 1722 2206 1756 iratus

1230 1769 1448 1809 Artaxerxes,
1476 1767 1749 1813 Tissaphernem
1767 1772 1917 1806 interfici
1935 1772 2051 1813 iussit,
2077 1778 2110 1805 et
2125 1784 2203 1806 suc-

1202 1843 1204 1848 ·
1229 1831 1398 1853 cessorem
1417 1819 1513 1851 misit
1530 1818 1772 1855 Tithrausten.

1331 1885 1467 1919 interea
1494 1885 1531 1918 in
1549 1885 1696 1919 Graecia
1722 1886 1893 1920 tumultus
1917 1888 1985 1921 orti
2007 1895 2087 1922 sunt
2111 1889 2205 1923 Inter

1229 1935 1426 1970 Phocenses
1443 1944 1473 1969 et
1488 1935 1628 1971 Locros
1682 1935 1842 1981 Cumque
1858 1935 2020 1971 Thebani
2037 1940 2205 1973 desende-

1230 1995 1307 2021 rent
1337 1987 1472 2020 vicinos
1494 1985 1645 2025 Locros,
1687 1994 1894 2021 accusantur
1919 2000 1937 2022 a
1963 1986 2205 2024 phocensibus

1230 2040 1322 2082 apud
1347 2037 1549 2081 Spartano&
1609 2036 1807 2072 Remiserat
1838 2045 1952 2072 autem
1980 2038 2204 2085 Lysandrum

1231 2088 1413 2131 Agesilaus
1430 2088 1466 2120 in
1486 2087 1631 2131 patriam
1649 2095 1794 2133 propter
1804 2089 2089 2124 aemulationem.
2126 2088 2204 2124 Etsi

1230 2146 1344 2172 autem
1362 2138 1525 2181 Spartani
1542 2138 1674 2183 alioqui
1690 2136 1880 2172 Thebanos
1896 2141 2059 2180 oderant,
2085 2147 2202 2174 tamen

1230 2190 1341 2232 magis
1362 2200 1421 2221 eos
1442 2188 1600 2222 accendit
1623 2188 1828 2234 Lysander,
1861 2191 1921 2235 qui
1945 2197 1977 2223 et
1998 2197 2120 2223 natura
2145 2190 2202 2222 in-

1230 2241 1368 2285 quietus
1395 2246 1487 2279 erat,
1530 2247 1563 2274 et
1596 2241 1763 2273 scribitur
1793 2240 1830 2273 in
1865 2247 2018 2278 senecta,
2059 2247 2203 2284 propter

1230 2292 1387 2324 adustam
1423 2296 1534 2322 atram
1569 2290 1675 2323 bilem
1711 2291 1821 2324 sactus
1857 2290 2067 2325 iracundior.
2133 2289 2203 2324 Hic

1232 2339 1416 2374 Thebanis
1440 2341 1549 2384 magis
1568 2352 1672 2385 quam
1694 2341 1817 2374 caeteri
1846 2340 2078 2379 irascebatur,
2118 2353 2202 2384 pro-

1229 2398 1345 2435 pterea
1378 2392 1472 2435 quod
1505 2388 1783 2431 Atheniensibus
1815 2390 1974 2422 exulibus
2008 2388 2200 2435 hospitium

1229 2442 1479 2486 praebuerant,
1505 2449 1625 2475 contra
1643 2441 1793 2473 edictum
1812 2439 2079 2483 Spartanorum.
2130 2440 2202 2474 De-

1229 2499 1360 2525 cretum
1380 2492 1488 2534 igitur
1504 2488 1778 2534 faciuntEphori
1790 2516 1800 2529 ,
1824 2499 1861 2524 ut
1873 2489 2053 2524 Thebanis
2068 2491 2200 2524 bellum

1230 2543 1412 2577 inferatur.
1465 2541 1512 2575 Hi
1529 2543 1572 2574 ab
1586 2538 1862 2574 Atheniensibus
1880 2541 2048 2574 auxilium
2064 2549 2199 2586 petunt,

1200 2610 1202 2632 :
1228 2593 1287 2636 qni
1306 2601 1404 2625 antea
1424 2592 1458 2624 in
1474 2592 1598 2634 Sparta
1621 2590 1835 2633 petiverant,
1867 2603 1910 2624 ne
1933 2592 2064 2624 bellum
2089 2592 2198 2624 infer-

1199 2636 1203 2688 ζ
1228 2651 1323 2676 retni-
1338 2641 1536 2681 Thebanis,
1567 2641 1626 2673 sed
1643 2646 1681 2674 ut
1701 2640 1833 2674 iudicio
1852 2643 2086 2676 controversia
2106 2643 2199 2675 inter
