2324 2955
175 115 248 150 763

178 207 258 233 tuus
284 199 319 231 in
342 196 528 239 Mageddo.
580 190 784 227 Athalia
806 205 888 226 vero
914 200 1042 232 mater,
1073 200 1152 228 nata

178 262 218 283 ex
242 260 319 290 rege
342 245 519 280 Samariae
544 242 620 277 Am
632 242 693 286 ri,
728 243 835 288 impia
858 250 889 276 et
912 244 1082 285 crudelis,
1116 251 1155 278 ut

178 309 324 341 regnum
347 296 527 335 retineret,
561 293 734 328 interfecit
763 305 885 326 omnes
909 294 1008 337 regni
1034 292 1155 327 haere-

178 350 255 387 des,
280 352 415 390 praeter
430 357 577 388 puerum
601 342 732 382 Ιοαε,
758 344 847 377 clam
870 351 1027 388 ereptum
1045 345 1156 377 saevi-

178 398 250 431 ciae
278 395 436 428 mulieris
464 395 678 439 tyrannicae.
730 393 807 427 Hoc
829 400 986 438 tempore
1011 406 1155 438 regnum

178 447 265 480 Iuda
287 458 305 479 a
329 446 436 488 stirpe
463 445 662 478 Salomonis
685 445 893 478 translatum
913 446 1021 478 estad
1040 452 1156 489 poste·-

178 508 234 530 ros
258 493 418 536 Nathan,
452 495 511 540 qui
536 495 639 529 etiam
668 494 735 527 fuit
759 495 850 528 filius
872 494 1029 530 Davidis.
1089 494 1157 528 Hic

178 558 299 580 rursus
339 546 535 589 exemplum
579 545 810 589 proponitur,
855 546 951 590 quod
989 546 1158 586 ostendit,

178 608 283 640 regna
309 596 455 636 mutari,
488 603 521 630 et
544 595 699 639 extingui
724 595 874 628 familias
897 602 1041 640 propter
1063 595 1158 629 idola

179 654 213 681 et
241 646 478 692 tyrannidem.
541 645 630 681 Tota
662 645 846 689 posteritas
875 644 1075 679 Salomonis
1100 647 1160 679 de-

179 698 247 730 leta
272 704 332 730 est.
386 694 522 729 Interea
554 702 669 729 tamen
695 696 792 728 Deus
815 695 1023 730 mirabiliter
1047 703 1161 730 servat

180 747 432 790 promissiones
466 748 509 779 de
543 757 650 789 regno
684 743 829 786 Iuda,
867 753 900 780 et
934 747 978 779 de
1011 753 1160 780 venturo

181 796 322 830 Messia.
373 796 558 830 'l'ransfert
572 796 666 830 enim
684 808 831 838 regnum
853 797 897 829 ad
919 803 1075 841 posteros
1090 797 1160 830 Na-

181 844 285 886 than,
321 858 361 878 ex
392 846 520 891 quibus
550 847 627 880 vult
657 846 753 880 nasci
776 845 954 882 Messiam.
1013 846 1097 881 Ideo
1124 847 1161 880 in

182 896 382 940 genealogia
407 895 539 930 Christi
562 898 655 942 apud
670 897 802 931 Lucam
825 897 954 930 omisso
971 896 1161 931 Salomone

183 947 352 980 inseritur
367 944 519 980 Nathan.

287 993 485 1029 Athalia
514 994 696 1041 tyrannica
719 996 847 1029 mulier
869 997 1028 1039 regnavit
1050 1008 1161 1030 annos

183 1054 331 1090 septem,
373 1047 546 1079 interfecit
589 1046 826 1088 posteritatem
861 1046 1080 1085 Salomonis,
1129 1051 1162 1078 et

183 1097 323 1141 publice
340 1097 473 1129 cultum
496 1103 528 1128 et
549 1095 781 1127 sacerdotium
797 1093 882 1127 Baal
901 1094 938 1126 in
954 1093 1041 1127 luda
1060 1095 1161 1128 insti-

183 1147 262 1181 tuit.
316 1145 398 1178 ldeo
417 1144 551 1178 loiadas
566 1154 723 1176 summus
743 1145 903 1177 sacerdos
921 1144 1031 1187 ipsam
1057 1151 1091 1177 et
1107 1155 1162 1177 sa-

185 1197 357 1230 crificulos
376 1195 461 1228 Baal
485 1193 674 1234 interfecit,
702 1201 734 1227 et
750 1195 882 1227 cultum
902 1193 987 1226 Baal
1011 1194 1162 1229 sustulit.

286 1244 396 1279 Ioas
422 1252 577 1278 servatus
602 1255 621 1276 a
647 1244 794 1286 coniuge
825 1245 949 1277 summi
974 1245 1162 1277 sacerdotis

184 1297 339 1340 regnavit
362 1297 398 1328 in
422 1295 506 1328 Iuda
532 1305 643 1327 annos
669 1294 919 1338 quadraginta,
953 1294 1163 1329 instauravit

184 1347 375 1390 templum,
409 1352 441 1378 et
464 1346 528 1379 suit
550 1343 654 1377 initio
671 1355 730 1376 rex
756 1345 835 1388 pius
856 1351 889 1378 et
904 1345 1026 1386 foelix,
1051 1345 1163 1378 donec

183 1397 270 1430 vixit
293 1393 496 1429 Ioiadas
517 1405 674 1429 summus
698 1396 878 1435 sacerdos,
912 1394 1011 1428 cuius
1041 1395 1163 1428 consi-

184 1448 239 1480 liis
262 1446 525 1490 obtemperavit.
584 1444 668 1478 Post
691 1445 764 1478 eius
786 1452 933 1478 mortem
957 1446 1047 1489 cepit
1069 1446 1163 1479 idola

185 1498 318 1537 colere,
349 1504 382 1531 et
405 1495 579 1529 interfecit
601 1492 826 1536 Zachariam,
861 1495 956 1528 illius
979 1494 1113 1536 filium,
1144 1508 1162 1529 a

185 1560 254 1592 quo
276 1548 349 1590 ipse
371 1553 526 1579 servatus
549 1551 632 1578 erat.
689 1544 811 1578 Postea
834 1545 967 1590 Syriaci
993 1546 1163 1579 exercitus

184 1598 342 1641 populati
365 1602 446 1630 sunt
469 1595 651 1632 Iudaeam,
680 1601 713 1628 et
736 1594 812 1628 Ioas
840 1607 857 1628 a
882 1595 991 1628 servis
1013 1596 1084 1629 suis
1107 1596 1163 1628 in·-

186 1648 348 1681 tcrfectus
384 1653 446 1680 est.
502 1645 688 1689 Regnante
723 1642 789 1678 hoc
818 1644 895 1678 Ioas
926 1652 1086 1679 mortuus
1113 1652 1164 1680 est

185 1696 389 1731 Eltseus.

290 1744 504 1779 Amasias
522 1744 680 1788 regnavit
698 1745 733 1777 in
749 1743 834 1777 Iuda
850 1755 961 1777 annos
977 1743 1037 1784 29,
1061 1743 1162 1776 initio

186 1797 264 1840 pius
295 1804 326 1830 et
351 1796 467 1830 foelix.
529 1795 622 1828 Vicit
648 1796 844 1828 Idumaeos.
907 1794 1029 1827 Postea
1054 1794 1164 1827 coluit

185 1848 300 1886 idola,
331 1854 362 1880 et
385 1853 480 1878 moto
505 1846 597 1878 bello
619 1857 691 1878 non
714 1845 905 1877 necessario
929 1844 1164 1878 dissuadenti-

186 1898 251 1930 bus
275 1894 460 1940 Prophetis
488 1897 598 1928 victus
621 1902 692 1936 est,
723 1901 756 1928 et
781 1895 948 1937 templum
975 1894 1163 1937 spoliatum

186 1954 246 1981 est.
299 1946 381 1979 Post
403 1946 538 1990 aliquot
564 1957 674 1978 annos
698 1945 771 1988 ipse
795 1944 954 1977 Amasias
970 1944 1107 1986 fugiens
1124 1956 1163 1977 ex

187 1997 398 2041 lerosolyma
427 1996 628 2029 interfectus
654 2001 704 2028 est
730 1995 766 2027 in
790 1992 934 2029 Laches,
987 1994 1164 2039 Tempore

186 2047 345 2080 Amasiae
362 2045 623 2089 Sardanapalus
638 2045 720 2085 fuit,
747 2057 816 2090 quo
833 2056 998 2088 oppresso
1022 2057 1164 2078 monar-

187 2095 262 2130 chia
288 2094 463 2131 Chaldaea
489 2096 599 2129 divisa
625 2102 695 2139 est,
727 2101 759 2128 et
784 2095 929 2129 retinuit
947 2092 1040 2128 Phul
1058 2094 1164 2129 Belo-

186 2145 270 2181 chus
294 2147 511 2192 Babylonem
537 2153 570 2180 et
593 2145 759 2179 Niniven.
816 2143 968 2178 Arbazes
991 2158 1073 2179 vero
1097 2147 1164 2179 suit

185 2209 245 2230 rex
262 2197 449 2230 Medorum
469 2204 500 2231 et
517 2196 712 2230 Persarum.
765 2193 943 2229 Hactenus
962 2208 1044 2228 vero
1055 2194 1164 2230 Chal-

186 2247 263 2280 daei
287 2254 320 2281 et
335 2246 468 2292 Assyrii
492 2259 565 2280 non
585 2247 783 2280 intulerunt
799 2245 931 2279 bellum
949 2245 1115 2280 Israelitis
1130 2254 1163 2281 et

186 2296 342 2338 ludaeis,
367 2299 427 2330 sed
450 2298 614 2342 deinceps
639 2295 777 2343 Assyrii
800 2296 935 2330 duriter
951 2297 1163 2331 adflixerunt

186 2349 304 2381 decem
335 2348 464 2388 tribus,
497 2355 531 2382 et·
557 2346 714 2381 Ecclesia
737 2353 944 2380 crescentem
969 2348 1161 2392 potentiam

187 2398 329 2431 illorum
362 2409 548 2439 regnorum
579 2398 715 2441 magnis
740 2397 994 2432 calamitatibus
1022 2405 1161 2442 experta

186 2454 246 2481 est.
299 2446 368 2480 Sed
384 2449 466 2480 vicit
483 2456 616 2487 tamen,
645 2449 822 2481 conversis
847 2448 986 2491 regibus
1002 2450 1044 2481 ad
1061 2449 1161 2491 agni-

185 2499 317 2531 tionem
334 2497 407 2530 veri
423 2496 489 2530 Dei
503 2497 791 2542 Nabogdonosor,
817 2497 925 2532 Dario
941 2498 1068 2538 Medo,
1089 2498 1161 2545 Cy-

185 2560 244 2589 ro,
269 2555 302 2581 et
321 2548 410 2580 aliis.

287 2594 451 2635 Ozias,
478 2597 576 2630 cuius
593 2604 625 2631 et
640 2599 788 2632 alterum
811 2611 941 2633 nomen
966 2606 1016 2634 est
1041 2596 1159 2633 Aza-

187 2649 301 2690 rias,
331 2648 488 2692 regnavit
507 2648 542 2680 in
561 2647 648 2682 luda
664 2660 774 2682 annos
792 2651 1043 2695 quinquaginta
1060 2652 1158 2685 duos.

415 111 622 149 SCRIPTA
647 111 723 144 PII.
750 109 865 145 MEL.
891 107 957 143 AD
984 107 1109 146 HtST.
1139 107 1285 144 PROF.
1313 106 1377 142 ΕΤ
1405 105 1594 144 PHILOS.
1620 107 1940 146 SPECTANTIA.

2119 108 2196 146 764

1208 193 1313 227 Initio
1339 193 1419 236 pius
1441 199 1474 226 et
1496 192 1621 234 foelix,
1660 193 1744 227 vicit
1765 191 1974 229 Philistaeos
1996 202 2028 230 et
2050 192 2195 229 Arabes·

1207 244 1275 277 Sed
1300 250 1416 286 postea
1441 255 1519 276 cum
1544 243 1658 277 officio
1681 244 1870 278 sacerdotis
1892 245 1991 288 fungi
2014 246 2136 288 vellet,
2161 253 2195 280 et

1208 306 1268 338 per
1293 305 1365 326 sese
1386 293 1641 327 sacrificaturus
1661 301 1767 335 esset,
1793 293 1889 328 Deus
1908 295 1996 328 iram
2014 307 2112 328 suam
2127 308 2195 340 pu-

1208 344 1299 377 blica
1321 355 1432 388 poena
1450 343 1652 379 declaravit.
1704 343 1835 388 Regem
1854 346 1948 378 enim
1967 346 2082 380 subita
2099 346 2196 390 lepra

1209 394 1388 439 percussit,
1412 405 1500 438 quae
1515 400 1633 437 postea
1649 391 1761 428 haesit
1777 395 1815 428 in
1831 408 1870 428 eo
1883 396 1918 428 in
1934 397 2036 439 longa
2049 402 2197 431 senecta.

1311 444 1386 477 Sub
1401 456 1440 477 eo
1461 444 1662 477 concionari
1678 445 1791 488 coepit
1806 444 1926 479 Esaias
1938 473 1947 487 ,
1973 453 2075 480 natus
2092 447 2128 478 in
2144 446 2197 479 fa-

1210 495 1307 528 milia
1339 495 1452 537 regia,
1493 495 1552 538 qui
1576 507 1654 527 cum
1678 506 1697 527 a
1721 494 1885 528 Manasse
1911 507 2005 530 serra
2028 497 2197 530 dissectus

1211 546 1272 585 sit,
1308 545 1375 579 fuit
1404 545 1443 578 in
1468 544 1666 578 ministerio
1694 543 1898 589 prophetico
1925 558 2038 580 annos
2061 547 2198 580 circiter

1212 595 1397 638 octoginta.
1470 594 1648 629 Praedixit
1684 596 1896 630 mutationes
1929 596 2199 640 praecipuorum

1212 658 1422 688 regnorum,
1455 657 1543 690 quae
1568 653 1685 690 postea
1709 653 1874 691 sequutae
1897 654 1999 688 suut,
2025 647 2124 690 regni
2146 646 2199 679 Is-

1212 697 1306 737 ra'e‘l,
1332 694 1555 742 Aegyptiaci,
1580 695 1736 742 Syriaci,
1761 696 1988 743 Babylonici,
2013 695 2201 743 Assyriaci,

1214 747 1428 779 eversionem
1454 746 1553 792 Tyri.
1605 745 1651 779 Et
1675 747 1816 791 quidem
1840 747 2051 781 nominatim
2075 747 2200 780 vatici-

1213 804 1335 837 natur,
1369 796 1598 837 Macedones,
1632 796 1755 831 Cinim
1777 804 1812 831 et
1833 795 2044 831 Dodonaeos
2066 797 2200 842 potitu-

1213 858 1270 880 ros
1294 858 1366 879 esse
1389 846 1487 892 Tyro
1512 854 1545 880 et
1570 846 1762 892 Babylone.
1820 846 2026 882 Doctrinam
2050 859 2133 881 vero
2155 848 2199 880 de

1214 896 1343 930 Messia
1361 904 1392 930 et
1409 899 1452 930 de
1467 897 1575 940 gratia
1593 897 1874 942 splendidissime
1890 899 2090 933 illustravit.

1315 943 1502 980 Iotlzam
1534 948 1693 989 regnavit
1722 949 1759 980 in
1790 947 1877 982 Iuda
1901 959 2013 982 annos
2039 948 2200 984 sedecim.

1214 996 1300 1029 Pius
1322 1003 1355 1029 et
1372 997 1496 1036 foelix,
1533 998 1618 1029 vicit
1634 996 1869 1033 Ammonitas,
1923 997 2029 1032 Anno
2046 999 2200 1033 secundo

1216 1043 1352 1077 lotham
1382 1043 1593 1079 inchoantur
1622 1045 1839 1080 Graecorum
1865 1045 2114 1092 Olympiades,
2146 1059 2201 1080 se-

1215 1095 1370 1127 cundum
1390 1107 1475 1138 quas
1494 1094 1637 1127 Graecis
1655 1096 1760 1138 longo
1777 1103 1933 1139 tempore
1949 1096 2200 1131 usitatum'suit

1214 1144 1340 1177 seriem
1373 1156 1489 1177 rerum
1522 1151 1696 1186 gestarum
1728 1145 1764 1177 in
1790 1146 1941 1188 publicis
1962 1147 2201 1180 monumentis

1216 1194 1441 1237 perscribere.
1494 1194 1595 1227 Sami
1619 1202 1733 1228 autem
1759 1196 1900 1228 initium
1925 1203 2056 1230 certum
2076 1203 2201 1240 potest,

1216 1251 1308 1277 retro
1336 1245 1568 1277 numerando.
1623 1243 1716 1287 Quia
1739 1246 1970 1279 certissimum
1996 1253 2065 1287 est,
2099 1247 2199 1289 regni

1216 1292 1410 1327 Alexandri
1434 1306 1514 1327 mox
1539 1301 1614 1339 post
1632 1301 1779 1328 mortem
1796 1293 1952 1340 Philippi
1970 1296 2112 1330 initium
2128 1308 2200 1330 esse

1216 1345 1368 1388 primum
1406 1356 1540 1378 annum
1579 1343 1805 1391 Olympiadis
1842 1347 2051 1381 centesimae
2087 1348 2201 1380 unde-

1215 1406 1335 1428 cimae.

1316 1444 1454 1478 Nomen
1470 1452 1585 1479 autem
1603 1443 1790 1491 Olympias
1805 1444 2071 1491 comprehendit
2086 1458 2200 1480 annos

1216 1501 1377 1540 quatuor.
1429 1494 1477 1529 Et
1504 1497 1634 1529 factum
1665 1503 1716 1530 est
1744 1497 1787 1528 ab
1818 1492 1996 1530 ordinario
2023 1504 2200 1531 conventu

1217 1545 1433 1578 Graecorum
1457 1546 1498 1578 ad
1522 1545 1684 1585 Elidem,
1716 1546 1776 1590 qui
1801 1547 2044 1580 celebrabatur
2063 1559 2200 1591 semper

1215 1601 1292 1638 post
1309 1602 1471 1639 quartum
1488 1608 1619 1628 annum
1632 1622 1641 1635 ,
1668 1596 1704 1627 in
1724 1608 1860 1636 mense,
1887 1597 1947 1641 qui
1967 1596 2110 1630 Graecis
2128 1597 2199 1630 ini-

1216 1645 1303 1678 tium
1324 1652 1396 1678 erat
1411 1646 1493 1678 anni
1506 1673 1515 1685 ,
1543 1646 1703 1679 videlicet
1718 1646 1754 1678 in
1773 1647 1990 1690 plenilunio,
2018 1648 2112 1691 quod
2129 1647 2201 1679 sol-

1215 1693 1310 1726 stitio
1334 1694 1464 1726 aestivo
1488 1696 1687 1736 proximum
1712 1702 1773 1730 est.
1840 1696 1898 1730 Sic
1923 1704 2116 1730 conventus
2140 1697 2199 1730 ille

1216 1743 1301 1775 anni
1327 1743 1467 1775 initium
1489 1743 1633 1776 Graecis
1657 1750 1740 1777 erat.
1795 1744 1878 1777 Ideo
1901 1746 2005 1778 series
2022 1753 2198 1780 annorn‘m

1218 1793 1300 1825 inde
1323 1795 1505 1826 commode
1528 1794 1742 1828 sumebatur.
1795 1793 1894 1836 Quae
1913 1802 2026 1829 autem
2045 1797 2198 1840 insignes

1216 1841 1383 1876 historiae
1407 1842 1624 1877 Graecorum
1654 1845 1902 1879 antecesserint
1935 1843 2024 1879 lianc
2049 1854 2198 1881 annota-

1216 1893 1349 1926 tionem
1374 1905 1568 1932 annorum,
1602 1894 1692 1927 infra
1717 1895 1881 1928 dicemus.
1933 1894 2197 1931 Consideranda

1216 1950 1266 1977 est
1288 1944 1381 1976 enim
1405 1951 1602 1988 temporum
1628 1945 1790 1986 collatio,
1818 1952 1856 1979 ut
1879 1947 2048 1989 sciamus,
2074 1945 2198 1982 Eccle-

1216 1994 1285 2027 siae
1302 1995 1498 2027 doctrinam
1516 1995 1794 2039 antiquissimam
1813 2007 1894 2031 esse.

1317 2041 1469 2077 Achas
1492 2045 1651 2087 regnavit
1666 2044 1799 2079 inluda
1817 2057 1928 2080 annos
1943 2047 2105 2088 sedecim,
2130 2048 2198 2082 fuit

1216 2095 1361 2138 impius,
1388 2095 1549 2135 infoelix,
1574 2096 1763 2129 fascinatus
1786 2096 2000 2130 idolomania
2023 2099 2196 2142 multipli-

1216 2146 1320 2185 citer,
1347 2146 1470 2178 clausit
1495 2147 1664 2189 templum
1682 2145 1768 2189 Dei,
1796 2154 1828 2181 et
1851 2147 1937 2181 alibi
1952 2148 1989 2180 in
2008 2147 2194 2181 Ierusalem

1216 2203 1249 2230 et
1274 2197 1310 2229 in
1337 2196 1476 2240 oppidIs
1501 2196 1595 2230 idola
1618 2197 1820 2238 collocavit,
1845 2199 2011 2232 cremavit
2034 2204 2067 2231 et
2082 2198 2194 2231 filium

1215 2247 1251 2279 in
1269 2247 1449 2280 sacrificio.

1314 2295 1403 2330 Eius
1425 2304 1580 2341 tempore
1603 2309 1661 2331 rex
1687 2297 1795 2331 Isra‘e'l
1819 2304 1852 2331 et
1869 2296 1990 2342 Syriae
2014 2304 2195 2334 vastarunt

1215 2346 1398 2388 Iudaeam,
1439 2354 1471 2381 et
1506 2347 1754 2393 lerosolymam
1785 2348 2006 2381 obsederunt.
2076 2347 2194 2384 Achas

1214 2398 1321 2441 igitur
1351 2398 1499 2441 spoliato
1522 2399 1674 2441 templo,
1714 2398 1872 2431 mercede
1896 2397 2059 2433 invitavit
2082 2399 2192 2445 Assy-

1213 2449 1303 2490 rios,
1344 2455 1383 2482 ut
1412 2448 1484 2491 regi
1513 2447 1620 2482 lsrae'l
1651 2455 1684 2482 et
1706 2447 1828 2493 Syriae
1853 2448 1985 2482 bellum
2010 2449 2192 2486 inferrent.

1212 2499 1361 2543 Propter
1382 2496 1473 2532 hanc
1496 2499 1692 2533 societatem
1716 2498 1922 2541 obiurgatus
1946 2505 1997 2533 est
2014 2498 2130 2534 Achas
2146 2502 2191 2535 ab

1210 2548 1326 2584 Esaia.

1312 2599 1496 2644 Regnante
1520 2596 1652 2638 Achas,
1693 2609 1785 2631 anno
1814 2599 1928 2643 primo
1953 2599 1986 2635 7.
2004 2598 2190 2647 Olympia-

1211 2651 1264 2684 dis
1279 2650 1454 2685 Romulus
1468 2657 1501 2684 et
1514 2648 1648 2683 Remus
1661 2650 1811 2683 condere
1820 2648 1971 2685 Romam
1990 2659 2189 2696 coeperunt,
