2324 2955
92 107 144 144 57·

538 106 697 147 DECL.
738 109 811 147 DE
845 109 1168 148 FRIDERICO
1202 111 1452 150 LANDGR.
1489 114 1659 151 THUR.

2058 116 2104 151 58

90 195 257 229 exercitus
283 196 432 240 amplius
455 195 556 229 annis
573 193 757 230 duodecim
780 196 816 229 in
834 193 948 242 Mysia
966 207 1069 239 vaga·
1122 191 1299 237 dericum,
1326 202 1357 231 et
1376 198 1472 233 venit
1497 198 1533 232 in
1557 195 1617 233 has
1634 198 1790 243 regiones
1814 199 2007 234 instructus
2026 211 2100 234 ma-

88 252 228 286 rentur‚
262 253 295 279 et
326 246 442 279 variae
471 253 582 279 essent
617 247 708 279 vices
740 247 917 282 victoriae.
977 246 1066 280 Nam

89 293 278 340 Adolpbus
303 296 490 336 sexennio,
526 296 653 329 deinde
675 295 841 331 Albertus
863 296 1066 330 Austriacus

86 345 191 379 etiam
221 346 384 379 sexennio
415 346 601 389 imperium
628 347 757 387 tenuit,
790 359 828 380 ac
859 359 931 380 non
955 347 1065 379 multo

85 402 166 429 ante
184 394 319 429 Alberti
346 393 521 429 Austriaci
550 403 697 430 mortem
725 397 894 430 exercitus
916 397 1065 441 impera-

85 445 166 478 torii
185 457 325 489 prorsus
344 457 384 478 ex
403 445 515 490 Mysia
534 453 566 479 et
581 446 752 489 Turingia
769 447 861 490 pulsi
876 454 966 487 sunt,
985 459 1064 479 cum

83 495 178 529 Deus
194 496 333 530 tandem
351 496 500 529 restituit
518 494 571 528 his
586 496 748 538 gentibus
761 498 1064 541 tranquillitatem,

84 552 117 578 et
134 546 285 579 ostendit
308 557 344 578 se
361 546 576 579 defensorem
596 557 667 578 esse
684 546 793 580 iustae
810 558 941 580 causae.
992 546 1062 581 Sed

83 596 185 628 redeo
203 597 244 629 ad
266 594 457 631 historiam.

181 658 342 693 Marchio
359 659 683 703 Brandeburgensis
700 661 887 695 exercitum
904 661 1002 695 duxit
1019 662 1060 694 ad

82 710 205 743 urbem
230 710 330 743 nobis
349 710 499 743 vicinam
516 710 675 744 Luccam.
726 711 813 745 Inde
838 724 916 745 eum
934 712 1062 755 repulit

80 759 329 800 Dietmannus‚
359 760 415 793 cui
440 761 624 794 adiunctus
656 767 730 794 erat
756 761 901 795 lacobus
923 760 1061 795 schon-

80 809 238 852 bergius,
265 810 446 843 trucidatis
470 811 581 843 tribus
605 811 761 844 millibus
780 810 945 845 hostium.
999 811 1060 844 ln-

79 865 173 892 terea
195 860 276 892 alibi
295 860 402 893 frater
419 860 619 893 Fridericus
636 861 824 895 exercitum
843 862 982 904 collegit
997 863 1060 894 ad-

80 921 200 942 versus
227 908 434 953 Adolphum
463 911 742 945 Nassaviensem.
802 911 871 945 Sed
896 908 1058 944 Marchio

79 958 421 1002 Brandeburgensis,
454 968 590 1003 accepta
615 961 711 993 clade
737 962 860 1004 petivit
889 961 1057 994 auxilium

78 1010 123 1042 ab
144 1008 295 1042 Ebrarto
315 1007 530 1050 Anhaltino,
557 1010 617 1054 qui
643 1022 768 1053 magno
787 1011 938 1045 exercitu
960 1011 1058 1044 obse-

78 1059 130 1092 dit
153 1071 264 1091 arcem
288 1057 425 1093 Iuliam.
479 1059 582 1094 Unde
607 1071 686 1093 euru
711 1061 908 1094 Fridericus
929 1061 1058 1104 repulit

78 1109 279 1152 tempestive
295 1110 448 1143 monitus
467 1111 509 1143 ab
526 1108 686 1143 Electore
703 1110 875 1144 Saxonico
897 1123 935 1144 ex
955 1112 1056 1156 oppi-

78 1160 123 1192 do
140 1158 349 1201 Witeberga
361 1186 370 1199 ‚
392 1159 452 1204 qui
467 1160 601 1193 etiamsi
618 1161 813 1195 abstinebat
827 1173 846 1195 a
865 1162 977 1202 bello,
1004 1168 1056 1195 ta—

77 1220 158 1241 men
171 1207 342 1242 Friderici
366 1221 487 1243 causae
510 1210 654 1255 aequior
670 1218 752 1245 erat.
808 1211 929 1245 Postea
955 1224 1056 1255 saepe

76 1258 279 1292 dimicatum
294 1265 345 1292 est
363 1260 459 1293 varia
473 1261 614 1294 fortuna
630 1272 709 1293 cum
720 1259 877 1305 Adolphi
894 1262 1056 1302 exercitu,

76 1309 138 1352 qui
163 1316 392 1352 occupaverat
412 1308 588 1349 Romam,
622 1317 654 1343 et
683 1312 822 1344 tenebat
850 1310 1055 1344 Aldenbur-

77 1369 179 1399 gum,
205 1358 401 1400 Cygneam,
429 1362 460 1388 et
475 1355 698 1392 Kennicium.
741 1359 946 1404 Reliquerat
963 1362 1055 1389 enim

76 1403 262 1448 Adolphus
279 1405 314 1436 In
332 1402 395 1436 hac
415 1405 555 1446 regione
572 1406 759 1438 exercitum
776 1408 973 1446 Svevicum‚
1000 1407 1055 1438 cui

74 1454 285 1499 praefecerat
308 1453 424 1486 fratris
443 1454 553 1486 filium
570 1451 774 1497 Philippum
792 1455 1054 1488 Nassaviensem

74 1505 188 1537 virum
214 1515 339 1537 acrem.
397 1501 519 1537 Rediit
541 1509 656 1536 autem
680 1502 868 1548 Adolphus
891 1506 934 1537 ad
959 1505 1054 1538 obsi-

75 1554 215 1588 dionem
234 1553 331 1586 urbis
341 1552 527 1596 Fribergae
545 1553 784 1587 continuatam
802 1555 936 1598 integro
951 1567 1055 1596 anno,

75 1611 108 1638 et
129 1603 307 1637 mensibus
330 1610 492 1648 quatuor.
546 1603 705 1636 Tandem
731 1616 774 1637 ne
796 1605 886 1637 fame
912 1605 1053 1649 quidem

73 1654 148 1696 cogi
173 1654 285 1698 potuit
308 1655 350 1686 ad
374 1654 567 1686 faciendam
592 1654 826 1696 deditionem,
851 1656 909 1688 sed
935 1656 1055 1699 prodi-

73 1704 169 1738 tione
185 1710 282 1747 capta
301 1710 362 1737 est.

172 1769 262 1803 Cum
287 1767 351 1803 hac
372 1770 460 1803 urbe
485 1770 615 1813 potitus
631 1778 717 1804 esset
734 1770 938 1816 Adolpbns,
965 1784 1053 1817 quae

74 1821 170 1854 velut
187 1832 246 1853 arx
263 1820 367 1853 totius
384 1820 536 1863 regionis
550 1828 640 1861 erat,
668 1828 700 1854 et
722 1819 826 1856 habet
845 1834 949 1856 venas
966 1835 1054 1867 qua-

73 1883 151 1904 rum
167 1878 250 1904 tunc
267 1871 406 1904 ubertas
431 1882 553 1912 magna
571 1871 656 1911 fuit,
682 1872 791 1905 elatus
814 1870 879 1906 hoc
896 1884 1053 1906 successu

73 1933 144 1954 non
161 1921 337 1954 dubitavit
355 1921 421 1952 iam
439 1921 538 1953 facile
557 1932 590 1953 se
608 1928 678 1954 tota
695 1923 835 1965 regione
858 1923 1052 1966 potiturum

72 1983 154 2004 esse.
208 1970 274 2004 Sed
296 1970 456 2004 Adrastia
482 1970 701 2005 insolentiam
729 1984 836 2016 prope
856 1973 1052 2007 comitatur.

73 2019 226 2063 Eligitur
250 2020 442 2063 imperator
468 2019 633 2053 Albertus
658 2023 878 2064 Ausuiacus,
906 2021 988 2056 huic
1014 2030 1052 2057 ut

71 2077 249 2108 occurrat,
277 2069 497 2111 Moguntiaun
516 2071 605 2104 redit
621 2070 825 2116 Adolphus‚
851 2074 913 2106 ubi
936 2074 1052 2107 fratris

72 2121 219 2153 consilio
246 2127 275 2153 et
302 2121 427 2164 opibus
452 2132 486 2152 se
505 2128 615 2154 armat
634 2124 796 2155 adversus
815 2122 1051 2165 Austri-icum,

72 2183 151 2204 cum
175 2182 244 2215 quo
267 2170 446 2214 aliquanto
475 2178 550 2214 post
576 2171 744 2206 dimicans
768 2173 801 2205 in
824 2174 914 2213 acie,
942 2174 1051 2206 inter-

70 2221 198 2254 ficitur.
253 2219 386 2253 Interea
411 2228 443 2255 et
465 2219 544 2253 Dux
568 2220 703 2255 Bornae
731 2224 886 2263 relictus,
915 2223 1051 2268 Philip-

72 2282 136 2316 pus
159 2269 397 2304 Nassaviensis
423 2272 574 2315 capitur,
609 2284 647 2304 ac
671 2273 835 2307 dimissus
860 2286 897 2307 ea
928 2275 1050 2307 condi-

72 2321 185 2361 tione,
210 2327 248 2354 ut
264 2321 361 2354 cedat
378 2333 418 2354 ex
442 2322 580 2366 oppidis
596 2334 684 2366 quae
708 2332 952 2367 occupaverat,
978 2337 1049 2357 non

71 2371 153 2404 facit
178 2371 362 2414 promissa,
397 2372 454 2403 sed
484 2384 561 2405 cum
590 2372 777 2406 audivisset
800 2373 1048 2418 imperatorem

71 2421 198 2454 sactum
216 2432 286 2453 esse
305 2419 489 2454 Albertum
507 2420 748 2463 Austriacum,
775 2421 856 2458 huic
879 2425 1051 2468 promittit

72 2482 107 2504 se
125 2470 253 2515 oppida
269 2472 385 2504 omnia
403 2473 613 2506 traditurum
632 2484 703 2505 esse
720 2485 807 2517 quae
825 2476 975 2508 tenebat.

172 2536 377 2571 Austriacus
399 2539 461 2571 etsi
480 2540 659 2573 Friderico
683 2550 777 2583 spem
803 2541 926 2577 fecerat
948 2543 1051 2587 pacis,

72 2596 187 2621 tamen
213 2588 294 2633 quia
319 2588 459 2624 videbat
483 2589 665 2636 Mysorum
685 2591 861 2632 regionem
877 2599 1050 2636 opportu-

72 2650 152 2671 nam
171 2649 241 2671 esse
254 2638 386 2681 gerenti
403 2639 533 2674 bellum
553 2653 630 2674 cum
647 2639 806 2682 Boe'mis,
833 2643 955 2678 fefellit
971 2643 1049 2678 Fri-

1119 258 1187 289 gno
1205 247 1355 280 exercitu
1374 249 1518 282 collecto
1542 262 1581 282 ex
1598 250 1742 291 Suet-is,
1776 250 1920 283 Bavaris
1947 258 1980 284 et
2007 250 2098 284 Boe-

1117 296 1202 333 mis,
1230 303 1267 330 ut
1281 297 1362 330 satis
1377 307 1557 341 appareret
1575 312 1653 333 eum
1673 312 1809 344 sperare
1831 313 1865 334 se
1883 308 1916 334 et
1932 300 2046 345 Mysia
2064 308 2096 334 et

1117 345 1288 388 Turingia
1305 347 1499 390 potiturum
1516 361 1597 384 esse.
1651 350 1801 384 Narrant
1819 351 1922 384 etiam
1938 350 2094 384 Frideri-

1115 407 1194 429 cum
1212 395 1456 439 Aldeburgum
1476 407 1634 432 vocatum
1653 412 1723 433 esse
1747 401 1968 434 simulatione
1984 400 2094 434 collo-

1116 447 1209 489 quii,
1237 446 1299 478 ubi
1315 459 1391 479 cum
1409 448 1444 480 in
1468 450 1668 481 convivium
1688 451 1730 482 ab
1748 449 1959 494 imperatore
1977 462 2093 483 accer-

1114 496 1198 529 situs
1220 503 1324 535 esset,
1352 496 1478 541 irrupit
1501 499 1619 538 miles,
1646 499 1704 542 qui
1727 500 1844 533 stricto
1863 501 1978 542 gladio
1998 508 2091 543 pete-

1114 546 1172 579 bat
1191 545 1420 582 Fridericum.
1471 547 1539 581 Sed
1562 548 1646 580 civis
1666 548 1903 591 Fribergensis
1927 561 1989 582 suo
2015 562 2091 582 cor-

1113 608 1196 639 pore
1214 596 1397 629 dominum
1419 598 1520 637 texit,
1547 605 1579 630 et
1595 599 1711 631 vultus
1736 599 1887 641 accepit,
1914 606 1951 631 ut
1966 599 2091 632 Fride-

1112 646 1204 679 ricus
1233 653 1265 679 et
1288 647 1395 679 ictum
1414 648 1587 680 declina-re
1609 655 1641 680 et
1656 649 1773 689 sugere
1790 654 1914 691 posset.
1968 648 2090 690 Quan-

1112 708 1217 740 quam
1241 703 1354 730 autem
1379 695 1584 730 Austriacns
1611 709 1645 730 se
1668 699 1857 741 purgabat,
1891 705 2006 730 tamen
2032 709 2091 731 su-

1112 746 1220 789 spicio
1251 754 1339 786 erat,
1374 747 1535 779 sicarium
1563 748 1606 779 ab
1642 748 1715 790 ipso
1747 748 1975 780 subornatum
2008 759 2089 781 esse.

1111 795 1199 829 Cum
1223 796 1329 840 igitur
1352 808 1428 840 spes
1445 797 1540 830 nulla
1565 798 1656 840 pacis
1675 805 1780 837 esset,
1807 805 1839 830 et
1854 797 2019 830 exercitus
2036 798 2091 829 in-

1110 857 1192 888 gens
1210 845 1431 890 [inperatoris
1448 845 1620 879 Austriaci
1639 849 1806 891 oppidum
1820 847 1968 880 Luccam
1986 848 2090 880 situm

1112 908 1184 928 non
1203 897 1324 938 procul
1341 898 1384 929 ab
1401 897 1487 928 urhe
1505 895 1596 930 Citta
1613 905 1839 940 oppugnaret,
1867 898 1988 930 fratres
2005 909 2090 930 con-

1110 946 1237 978 iunctis
1257 946 1365 989 copiis
1388 947 1557 980 accedunt
1582 948 1622 979 ad
1649 948 1833 980 exercitum
1856 946 2088 990 Imperatoris,

1110 1003 1141 1028 et
1162 1007 1284 1038 magna
1303 996 1528 1029 multitudine
1548 995 1699 1029 hostium
1721 999 1912 1037 trucidata,
1940 997 2087 1029 victores

1110 1046 1355 1088 ingrediuntur
1378 1047 1559 1090 oppidum.
1624 1047 1709 1079 lude
1734 1048 1957 1091 proverbium
1983 1045 2087 1079 hodie

1107 1097 1218 1129 fertur
1234 1097 1276 1129 de
1299 1096 1396 1128 clade
1419 1097 1558 1140 superbi
1580 1097 1737 1131 alicuius.
1791 1097 1929 1131 Accidit
1948 1097 1977 1129 ei
1994 1097 2086 1142 quod

1107 1145 1231 1180 Suevis
1249 1147 1374 1181 accidit
1389 1147 1431 1179 ad
1449 1146 1611 1180 Luccam.

1208 1221 1291 1255 Post
1317 1233 1391 1254 eam
1416 1222 1598 1255 victoriam
1632 1234 1754 1265 magna
1784 1223 1966 1257 inclinatio
1998 1224 2085 1258 facta

1109 1278 1168 1305 est.
1220 1271 1373 1316 Recepta
1396 1279 1478 1305 sunt
1502 1272 1650 1316 oppida,
1678 1272 1813 1312 Borna,
1842 1273 2027 1317 Friberga,
2054 1281 2087 1307 et

1106 1322 1185 1355 alia.
1239 1321 1309 1354 Sed
1325 1322 1439 1355 statim
1456 1322 1524 1354 alia
1541 1323 1718 1356 calamitas
1734 1331 1879 1367 sequuta
1895 1331 1955 1360 est.
1987 1324 2086 1357 Diet-

1107 1378 1256 1399 mannus
1278 1372 1401 1400 fraude
1424 1372 1626 1402 vulneratus
1650 1380 1697 1403 est
1720 1373 1858 1414 Lipsiae
1883 1374 1920 1405 in
1943 1374 2085 1417 templo,

1106 1416 1143 1448 in
1169 1417 1263 1449 seriis
1292 1417 1476 1458 natalitiis,
1510 1425 1543 1451 et
1567 1430 1606 1451 ex
1631 1431 1669 1451 eo
1697 1421 1842 1454 vulnere
1872 1423 1980 1455 biduo
2008 1430 2086 1466 post

1107 1473 1264 1499 mortuus
1280 1473 1340 1500 est.
1378 1466 1428 1499 Ae
1445 1468 1510 1500 suit
1527 1468 1647 1511 opinio
1664 1471 1892 1504 subornatum
1912 1484 1983 1505 esse
1996 1474 2085 1506 sica·

1106 1516 1197 1547 rium
1214 1528 1231 1548 a
1249 1514 1414 1559 Philippo
1434 1516 1666 1551 Nassaviensi.
1709 1518 1758 1551 Ita
1777 1521 1986 1554 existimasse
2003 1522 2083 1554 Fri-

1105 1565 1261 1598 dericum
1279 1578 1352 1598 non
1369 1567 1478 1599 multo
1495 1574 1569 1609 post
1593 1568 1807 1602 intellectum
1827 1577 1894 1610 est,
1922 1571 1981 1615 qui
2005 1584 2084 1605 cum

1105 1616 1141 1647 in
1165 1616 1236 1648 acie
1267 1616 1402 1650 videret
1432 1615 1635 1660 Philippum
1660 1618 1943 1661 Nassaviensem,
1976 1622 2085 1654 iratus

1105 1666 1232 1699 milites
1251 1666 1408 1700 incitavit
1423 1678 1461 1699 ac
1476 1667 1581 1707 dixit,
1606 1679 1640 1699 se
1656 1667 1730 1701 Deo
1750 1670 1889 1703 iuvante
1914 1671 1981 1703 iam
2000 1683 2081 1715 poe»

1104 1727 1166 1748 nas
1196 1723 1417 1760 sumpturum
1450 1728 1521 1750 esse
1551 1718 1594 1750 de
1623 1719 1753 1761 perfido
1784 1720 1929 1753 ductore
1958 1721 2084 1754 Nassa-

1105 1766 1234 1804 viensi‚
1267 1779 1286 1799 a
1309 1779 1378 1812 quo
1401 1767 1507 1800 frater
1530 1768 1637 1811 ipsius
1667 1769 1866 1803 interfectus
1888 1778 1983 1806 esset.
2037 1769 2083 1805 Et

1103 1817 1237 1849 adiuvit
1253 1815 1347 1850 Deus
1373 1817 1460 1850 iusta
1477 1830 1582 1852 arma.
1637 1818 1724 1851 Nam
1747 1820 1782 1852 in
1803 1832 1842 1853 eo
1868 1821 1978 1865 prelio
1997 1820 2083 1854 Phi-

1103 1867 1219 1910 lippus
1232 1865 1470 1900 Nassaviensis
1488 1868 1688 1901 interfectus
1712 1876 1761 1903 est
1779 1882 1884 1904 manu
1900 1871 2084 1912 Friderici,

1103 1924 1135 1950 et
1154 1917 1286 1950 deletae
1304 1925 1384 1951 sunt
1401 1918 1568 1962 reliquiae
1587 1917 1752 1955 hostium.
1794 1919 1987 1966 Aliquanto
2005 1929 2082 1965 post

1103 1965 1482 2000 AlbertusAustriaeus
1496 1968 1684 2011 Imperator
1700 1983 1771 2002 non
1789 1972 1910 2013 procul
1927 1969 2081 2005 aRheno

1102 2017 1138 2049 in
1160 2017 1287 2050 vicinia
1310 2018 1432 2061 oppidi
1456 2016 1647 2052 Rheinfeld
1673 2032 1690 2052 a
1716 2021 1832 2053 fratris
1857 2022 1928 2053 lilio
1950 2021 2080 2054 Ioanne

1102 2067 1303 2101 interfectus
1325 2075 1373 2101 est
1395 2080 1490 2100 anno
1510 2070 1617 2103 1308.

1191 2140 1362 2175 ExtinctiS
1379 2143 1516 2175 duobus
1535 2142 1806 2186 imperatoribus
1835 2152 1867 2178 et
1893 2146 2012 2179 deletis
2029 2153 2079 2179 tot

1100 2193 1308 2225 exercitibus
1331 2200 1363 2226 et
1382 2206 1502 2225 eorum
1519 2194 1682 2234 ducibus,
1710 2195 1852 2229 liberata
1872 2196 1937 2227 iam
1958 2195 2078 2240 Myso-

1101 2255 1176 2275 rum
1202 2243 1360 2285 regione,
1386 2243 1584 2275 Fridericus
1609 2245 1794 2277 exercitum
1818 2246 1913 2278 ducit
1940 2246 1974 2277 in
2003 2246 2077 2278 'l'u-

1100 2292 1268 2334 ringiam,
1294 2293 1354 2326 ubi
1378 2294 1494 2326 fractis
1519 2294 1709 2327 multorum
1728 2295 1853 2327 animis
1869 2308 1945 2327 etun
1965 2297 2077 2328 maui-

1101 2344 1184 2376 seste
1213 2344 1389 2381 viderent,
1428 2343 1598 2376 divinitus
1631 2351 1822 2386 protectum
1852 2353 1882 2378 ct
1917 2346 2075 2379 adiutum

1101 2404 1171 2425 esse.
1195 2392 1429 2430 Fridericum,
1458 2390 1621 2426 Albertus
1647 2402 1742 2437 pater
1758 2396 1815 2439 qui
1843 2407 1914 2428 sese
1941 2397 2025 2429 tanti
2045 2404 2075 2430 et

1101 2450 1170 2476 tam
1189 2444 1348 2477 diuturni
1371 2444 1452 2475 belli
1470 2455 1605 2475 causam
1630 2452 1659 2476 et
1686 2446 1792 2477 sarem
1816 2458 1886 2478 esse
1911 2458 2076 2485 agnosce-

1101 2494 1177 2533 bat,
1211 2501 1241 2527 et
1266 2493 1406 2527 retineri
1431 2493 1575 2536 patriam
1607 2506 1677 2526 non
1711 2508 1808 2538 posse
1833 2499 2011 2535 cernebat,
2041 2498 2075 2528 in

1100 2545 1221 2576 urbem
1246 2542 1480 2587 Erphurdiatu
1505 2543 1601 2585 sugit.
1655 2544 1723 2577 Noc
1751 2546 1797 2577 ibi
1824 2553 1937 2578 tamen
1967 2546 2076 2578 suriae

1102 2594 1275 2637 quiescere
1301 2605 1379 2626 etun
1406 2593 1576 2626 sinebant.
1630 2594 1696 2627 Sed
1719 2608 1918 2640 quanquam
1944 2596 2075 2638 plerae-

1099 2655 1166 2688 que
1185 2645 1287 2677 urbes
1309 2650 1341 2677 et
1364 2644 1516 2676 familiae
1534 2644 1669 2677 nobiles
1689 2642 1903 2680 honestiores
1926 2647 2075 2678 deditio-
