2324 2955
163 97 236 132 973
719 96 747 133 Ι.

162 183 423 226 obtemperent,
456 181 512 216 cui
545 182 731 226 imperium
763 183 926 218 traditur.
985 183 1141 217 Manife-

161 239 252 266 stum
276 239 325 265 est
349 239 466 265 autem
494 244 556 265 nec
574 231 740 266 Senatum
770 245 833 267 nec
859 234 1030 268 exercitus
1054 242 1139 268 tunc

160 282 292 315 iurasse
309 281 472 317 Romano
490 280 677 327 Episcopo.
730 282 798 317 Sed
810 283 1055 325 Constantius,
1079 284 1138 318 Iu-

160 332 294 373 lianus,
323 340 355 366 et
380 333 508 365 deinde
528 344 741 368 successores
763 334 829 366 soli
846 335 989 369 suerunt
1007 335 1137 369 exerci-

160 389 256 416 tuum
274 382 423 416 domini.
451 381 586 416 Romae
605 384 708 418 etiam
720 384 918 419 Praefectos
934 386 1032 419 urbis
1051 398 1136 419 con-

158 433 364 466 stituerunt:
402 431 632 468 Constantius
657 434 868 476 Leontium,
901 437 961 480 qui
990 436 1135 470 seditio·-

156 494 218 516 nes
233 481 368 517 Romae
392 489 486 516 ortas
512 485 701 528 oppressit,
727 492 761 519 et
775 492 932 519 autorem
950 486 1133 520 seditionis

155 533 243 566 urbe
266 532 381 567 Roma
415 534 548 577 expulit
576 541 609 568 et
634 542 751 578 postea
778 548 856 569 cum
881 537 1036 570 nobilem
1060 536 1114 570 vir

155 583 273 627 ginem
291 584 326 616 vi
342 590 550 628 stuprasset,
577 585 703 619 ultimo
717 586 889 630 supplicio
905 588 1046 621 adfecit.
1073 586 1132 620 Iu-

153 634 270 668 lianus
285 634 475 677 imperator
483 634 702 669 Praefectum
716 636 814 670 urbis
825 637 1004 672 constituit
1014 637 1130 681 Apro-

153 683 299 717 nianum
311 711 320 724 ,
347 691 379 717 et
397 684 525 718 deinde
540 685 599 718 alii
616 686 714 721 alios.
768 686 984 721 Iustinianus
1005 688 1042 720 in
1059 686 1129 721 Ita-

152 734 236 767 liam
261 734 358 768 misit
381 733 613 777 Belisarium,
647 737 707 782 qui
732 743 766 770 et.
783 736 944 782 Sylverio
966 737 1128 771 Pontifici

153 783 279 818 Gottos
297 785 475 819 revocanti
492 787 534 819 ad
551 785 702 820 Romam
727 789 985 831 occupandam,
1013 788 1129 831 digni—

150 841 256 868 tatem
282 835 432 876 ademit,
458 848 607 882 eumque
630 837 808 880 relegavit.
862 838 986 871 Postea
1002 837 1128 872 Narses

151 896 263 918 annos
285 886 434 919 sedecim
456 885 576 920 ltaliae
602 893 715 920 rector
730 887 807 922 suit.
860 886 1000 921 Deinde
1016 886 1128 921 Exar-

150 932 209 968 chi
241 935 491 980 imperatorum
520 937 642 969 vicarii
672 938 816 970 suerunt
847 937 987 971 circiter
1014 949 1127 970 annos

149 992 288 1019 centum
306 992 339 1020 et
361 987 536 1029 sexaginta
567 998 585 1019 a
608 985 744 1020 Iustino
764 986 927 1020 Secundo
955 999 1065 1032 usque
1083 989 1126 1021 ad

151 1034 333 1079 Pipinum.
387 1035 504 1069 Testis
530 1043 580 1069 est
602 1035 710 1079 igitur
734 1033 913 1075 historia,
945 1036 1127 1071 Romanos

148 1083 343 1129 Episcopus
371 1097 444 1120 non
467 1086 619 1120 tenuisse
650 1086 836 1130 imperium
868 1087 968 1120 urbis
990 1086 1126 1122 Rornae

147 1142 208 1168 aut
225 1135 442 1170 Occidentis.

248 1215 405 1250 Additur
429 1224 462 1251 et
485 1224 730 1260 argumentum
749 1230 767 1251 a
786 1215 950 1251 Persona
970 1230 1029 1251 seu
1047 1219 1126 1252 osfi-

146 1268 199 1301 cio
220 1264 408 1313 Episcopi.
461 1267 620 1301 Primum
638 1266 704 1301 hoc
722 1269 903 1302 manifeste
918 1269 1044 1302 salsum
1065 1277 1125 1310 est,

146 1318 241 1363 quod
268 1318 370 1351 multi
394 1317 568 1351 scribunt:
595 1315 702 1351 Petro
725 1320 840 1352 datam
861 1331 933 1352 esse
950 1331 1123 1352 summam

144 1374 370 1412 potestatem,
406 1368 508 1401 etiam
543 1368 689 1412 imperia
724 1369 975 1403 constituendi.
1030 1368 1122 1411 Quia

143 1416 229 1452 haec
259 1419 350 1451 dicta
380 1419 585 1452 discernunt
613 1419 846 1452 ministerium
869 1418 1056 1462 Evangelii
1090 1427 1123 1454 et

143 1469 287 1514 politica
315 1468 477 1513 imperia:
506 1468 604 1502 Sicut
631 1477 728 1513 pater
745 1481 842 1503 meus
860 1470 956 1503 misit
973 1482 1046 1511 me,
1076 1470 1122 1504 ita

144 1530 207 1563 ego
233 1519 333 1553 mitto
359 1531 431 1554 vos,
484 1517 649 1561 Regnum
674 1532 790 1552 meum
815 1532 887 1553 non
911 1526 960 1553 est
988 1521 1030 1552 de
1054 1518 1120 1553 hoc

142 1570 289 1603 mundo.
344 1567 457 1611 Reges
473 1569 630 1611 gentium
647 1570 878 1603 dominantur
890 1597 898 1611 ‚
925 1582 986 1603 vos
1005 1577 1120 1603 autem

142 1631 216 1653 non
234 1620 291 1653 sic.
344 1619 453 1651 Arma
479 1618 625 1652 militiae
652 1627 791 1653 nostrae
808 1632 881 1653 non
898 1627 980 1653 sunt
997 1632 1121 1653 carna-

141 1671 201 1703 lia.
254 1668 349 1711 Ergo
374 1668 478 1701 etiam
502 1669 529 1701 si
553 1669 707 1703 mittitur
732 1669 857 1704 Petrus
891 1671 934 1702 ad
960 1670 1119 1702 ministe-

141 1721 234 1754 rium
253 1717 457 1761 Evangelii.
483 1729 555 1750 non
579 1719 750 1754 tribuitur
772 1720 802 1752 ei
829 1719 934 1752 simul
951 1719 1120 1752 autoritas

141 1769 307 1815 politica,
335 1768 571 1801 constituendi
599 1775 659 1801 aut
685 1769 846 1802 mutandi
863 1769 1032 1812 imperia,
1060 1776 1119 1802 aut

142 1819 331 1863 colligendi
357 1819 547 1859 exercitus,
588 1825 647 1851 aut
678 1819 769 1851 bella
802 1819 986 1851 movendi:
1029 1819 1119 1852 sicut

140 1870 268 1904 horum
293 1866 384 1902 nihil
412 1869 490 1901 serit
513 1865 677 1908 Paulus,
718 1868 852 1901 etiamsi
886 1869 1119 1911 flagitiosissi-

139 1934 232 1955 mam
248 1921 386 1955 beluam
404 1915 586 1953 Neronem
614 1926 731 1952 tenere
749 1919 1034 1952 florentissimum
1051 1920 1117 1952 im-

141 1972 277 2017 perium
302 1970 451 2004 videbat.
518 1969 586 2003 Sed
613 1981 812 2014 quanquam
843 1969 983 2002 dolebat
1012 1969 1116 2002 talem

139 2029 269 2067 pestem
293 2019 360 2054 hoc
380 2020 556 2062 fastigium
580 2020 715 2063 generis
735 2017 881 2053 humani
899 2026 1033 2052 tenere:
1062 2026 1116 2053 ta-

139 2085 220 2106 men
239 2072 399 2105 ordinem
423 2071 605 2115 politicum
623 2071 760 2114 imperii
784 2071 915 2104 sciebat
934 2068 1013 2102 Dei
1029 2082 1116 2115 opus

139 2134 233 2164 esse,
260 2130 292 2157 et
315 2122 560 2155 venerabatur.

149 2236 153 2240 ,
241 2203 346 2246 Quod
372 2214 454 2235 vero
482 2202 519 2235 in
542 2203 794 2237 constitutione
814 2200 988 2234 Bonisacii
1005 2201 1114 2234 citant

140 2256 290 2290 dictum:
317 2250 409 2286 Ecce
425 2250 497 2286 duo
510 2250 637 2298 gladii
655 2249 725 2286 hic.
779 2251 858 2285 Non
877 2252 1034 2296 sequitur
1051 2248 1114 2284 bac

138 2317 223 2339 voce
239 2311 410 2338 armatum
426 2315 496 2337 esse
514 2301 660 2336 Petrum
677 2303 834 2347 imperio.
887 2302 976 2335 Nam
995 2308 1026 2335 et
1043 2302 1113 2344 ipse

140 2356 233 2389 filius
249 2354 314 2389 Dei
331 2354 492 2398 praeliari
513 2366 591 2387 eum
612 2352 786 2399 probibet.
839 2350 886 2386 Et
912 2364 991 2384 cum
1009 2349 1113 2386 Chri-

139 2413 212 2440 stus
232 2405 362 2450 inquit:
390 2403 494 2438 Salis
510 2409 577 2443 est,
605 2405 775 2447 significat
793 2403 968 2448 querelam
987 2404 1028 2434 de
1045 2403 1112 2435 du-

139 2457 223 2502 plici
239 2467 364 2500 genere
379 2452 544 2489 hostium.
611 2455 703 2488 Satis
727 2461 774 2487 est
798 2460 830 2486 et
846 2452 1055 2486 Pontificum
1081 2459 1114 2486 et

137 2507 243 2542 Pilati
260 2506 393 2550 gladios
407 2506 572 2539 adversus
587 2517 648 2539 vos
671 2505 808 2548 stringi.

241 2587 332 2622 Cum
351 2593 466 2621 autem
486 2587 650 2621 distincta
669 2589 738 2621 sint
755 2586 887 2619 officia:
922 2583 1113 2627 Evangeli-

140 2650 219 2672 cum
238 2644 271 2671 et
285 2637 475 2672 Politicum
489 2664 498 2678 ‚
526 2645 558 2672 et
574 2639 615 2671 de
643 2638 784 2681 politico
810 2647 966 2679 expresse
983 2636 1113 2668 dictum

799 96 1091 134 CHRONICON
1119 95 1364 132 CARIONIS.
1417 98 1541 135 PARS
1569 98 1615 136 11.

2098 111 2170 146 974

1194 181 1255 215 sit:
1284 180 1413 217 Omnis
1432 184 1548 218 anima
1567 187 1729 230 potestati
1747 200 1834 234 quae
1849 200 2000 235 praeest,
2027 195 2069 228 sit
2087 198 2170 230 sub-

1192 232 1282 273 dita,
1317 235 1532 269 contrarium
1557 244 1642 271 esset
1667 240 1836 274 mandato
1861 241 2001 284 divino,
2028 252 2060 278 et
2080 248 2170 279 sedi-

1191 282 1329 324 tiosum,
1354 296 1474 329 rapere
1490 287 1767 322 dominationem
1785 303 1888 335 quam
1906 292 2080 336 legitimus
2092 296 2168 330 Ma-

1192 333 1356 375 gistratus
1371 341 1475 371 tenet.
1510 335 1645 371 Fuisset
1663 338 1770 381 igitur
1787 342 1971 376 seditiosus
1988 352 2021 378 ct
2038 348 2167 388 praedo

1187 381 1371 418 Romanus
1393 384 1607 430 Episcopus,
1648 389 1676 420 si
1701 390 1927 425 Constantini
1962 402 2165 437 potestatem

1187 441 1246 467 aut
1262 436 1431 468 exercitus
1447 443 1508 470 aut
1528 439 1728 481 provincias
1755 442 1913 475 subditas
1930 456 2001 476 non
2020 447 2165 480 donatas

1186 484 1228 515 ad
1257 495 1328 518 sese
1352 487 1607 528 transtulisset,
1640 495 1679 522 ut
1703 501 1824 523 revera
1849 494 2002 526 seditiosi
2023 497 2165 530 suerunt

1185 533 1313 568 deinde
1329 534 1531 575 Pontifices,
1561 537 1622 582 qui
1647 539 1769 572 urbem
1789 539 1960 583 Romam,
1984 553 2043 578 aut
2068 547 2163 587 alias,

1184 596 1272 628 quae
1297 586 1440 620 fuerunt
1464 588 1628 631 propriae
1652 588 1894 633 imperatoris,
1920 605 1992 626 non
2018 597 2164 630 donatas

1184 643 1410 679 occuparunt.

1474 762 1515 794 II.
1569 764 1872 804 Argumentum.

1282 845 1358 882 Etsi
1376 847 1524 884 historia
1544 852 1641 886 testis
1659 861 1727 895 est,
1754 861 1793 888 ut
1809 856 1899 897 dixi,
1930 869 2001 891 non
2019 870 2090 892 esse
2107 861 2159 894 fa—

1182 904 1273 931 ctam
1292 899 1520 933 donationem
1546 903 1645 936 urbis
1670 911 1730 937 aut
1747 906 2008 949 provinciarum
2027 920 2044 941 a
2064 908 2159 943 Con-

1181 948 1353 981 stantino:
1382 957 1499 983 tamen
1519 952 1656 986 etiamsi
1681 955 1797 988 oblata
1823 964 1910 991 esset
1926 960 2081 1001 potentia
2099 961 2159 994 illa

1180 997 1379 1042 Sylvestro‚
1414 1012 1486 1032 non
1510 1001 1664 1036 licuisset
1687 1016 1762 1036 eam
1786 1006 1851 1048 ipsi
1877 1008 2032 1052 accipere
2060 1010 2096 1042 in
2119 1022 2157 1044 ea

1179 1048 1381 1089 functione,
1408 1049 1445 1081 in
1464 1062 1533 1094 qua
1560 1059 1655 1092 erat,
1682 1059 1716 1086 et
1738 1057 1993 1089 successoribus
2011 1061 2156 1095 tradere.

1180 1096 1273 1139 Quia
1299 1099 1543 1144 unusquisque
1567 1102 1680 1136 facere
1703 1104 1806 1138 debet
1825 1106 1936 1139 officia
1956 1118 2036 1140 suae
2056 1122 2157 1143 voca-

1179 1147 1302 1189 tionis,
1335 1149 1428 1183 iuxta
1452 1150 1601 1183 dictum:
1638 1151 1678 1184 ln
1704 1151 1770 1186 hoc
1797 1155 1872 1188 sitis
1895 1157 2091 1199 ambitiosi,
2119 1168 2157 1194 ut

1179 1197 1253 1230 sitis
1269 1199 1399 1242 quieti,
1425 1205 1458 1232 et
1473 1200 1606 1234 faciatis
1618 1203 1783 1248 propria.
1836 1204 1960 1240 Pastor
1973 1209 2075 1243 debet
2093 1211 2156 1242 do-

1178 1258 1272 1281 cere:
1299 1247 1374 1283 Rex
1398 1250 1594 1292 gubernare
1618 1254 1806 1294 exercitus,
1832 1256 2025 1300 stipendia,
2053 1259 2155 1298 bella,

1179 1310 1299 1341 pacem
1329 1311 1530 1343 corporum.
1582 1301 1662 1335 Non
1695 1310 1776 1337 sunt
1800 1301 1883 1338 haec
1918 1307 2026 1350 igitur
2055 1322 2155 1342 man-

1178 1349 1293 1380 danda
1313 1347 1466 1390 Pastori,
1493 1351 1551 1383 sed
1571 1354 1813 1398 unusquisque
1836 1367 1898 1389 suo
1922 1357 1999 1391 loco
2018 1372 2152 1393 memor

1178 1398 1222 1431 sit
1238 1398 1394 1441 regulae:
1421 1397 1581 1446 Propria
1592 1401 1724 1448 filcile.
1778 1403 1879 1438 ltem:
1905 1406 2153 1455 Unusquisque

1177 1448 1264 1481 sicut
1290 1460 1369 1482 eum
1394 1451 1529 1484 vocavit
1555 1450 1668 1491 Deus,
1696 1454 1742 1487 ita
1768 1456 1932 1490 ambulet.
1986 1457 2030 1491 Et
2055 1460 2152 1494 Sira-

1176 1499 1274 1531 cidae
1297 1500 1418 1533 tertio:
1454 1500 1527 1544 Qui
1552 1509 1645 1535 amat
1666 1504 1878 1547 periculum,
1903 1508 2029 1550 peribit
2047 1511 2081 1542 in
2099 1523 2150 1545 eo.

1176 1548 1312 1582 Altiora
1332 1556 1364 1583 te
1383 1562 1456 1583 non
1481 1552 1607 1585 stolide
1631 1555 1800 1598 quaerito.
1856 1556 1956 1598 Quae
1972 1559 2037 1591 tibi
2057 1559 2151 1594 Deus

1175 1600 1361 1643 praecepit,
1384 1612 1422 1633 ea
1446 1606 1568 1634 sancte
1592 1604 1718 1646 cogita.
1759 1604 1880 1649 ltaque
1898 1608 2046 1642 dictum:
2073 1609 2150 1644 Vos

1175 1660 1247 1680 non
1271 1649 1342 1688 sic,
1371 1662 1444 1684 non
1468 1659 1604 1685 tantum
1630 1654 1677 1686 sic
1694 1655 1929 1698 intelligatur,
1958 1662 2051 1703 quod
2071 1673 2148 1694 cum

1174 1699 1370 1731 ministerio
1396 1699 1581 1744 Evangelii
1605 1715 1677 1735 non
1706 1707 1819 1738 tradat
1845 1705 2004 1742 Christus
2031 1711 2149 1753 politi-

1173 1759 1247 1780 cam
1271 1756 1495 1791 potestatem,
1522 1753 1582 1784 sed
1608 1753 1710 1785 etiam
1737 1766 1780 1787 ne
1798 1757 1985 1799 accipiatur
2002 1766 2033 1792 et
2050 1772 2147 1793 exer-

1173 1804 1292 1831 ceatur
1315 1811 1333 1831 a
1358 1806 1499 1834 tenente
1529 1802 1775 1837 ministerium.
1828 1805 1907 1839 Huc
1938 1809 2149 1852 adiungatur

1172 1848 1321 1881 dictum:
1346 1848 1459 1883 Nomo
1480 1851 1636 1884 militans
1654 1853 1810 1897 implicat
1829 1866 1864 1889 se
1882 1859 2034 1900 negociis
2051 1872 2148 1894 secu-

1171 1897 1314 1931 laribus.
1370 1898 1421 1933 lta
1446 1912 1509 1933 nec
1527 1900 1687 1935 Pastores
1715 1904 1789 1937 vult
1806 1904 1936 1940 Paulus
1961 1918 2145 1953 occupatos

1171 1959 1242 1980 esse
1266 1949 1419 1992 negociis
1440 1949 1714 1994 impedientibus
1737 1954 1971 1990 ministerium
1998 1971 2146 2003 evange-

1171 1997 1290 2033 licum.
1346 1998 1440 2032 llaec
1469 2001 1623 2035 breviter
1657 2007 1926 2039 commemoravi
1957 2009 1999 2041 de
2027 2011 2144 2044 fabula

1170 2049 1372 2082 donationis
1385 2074 1393 2087 ,
1421 2057 1459 2084 ut
1475 2052 1599 2085 moniti
1620 2053 1776 2087 iuniores
1799 2062 1831 2089 et
1847 2053 2009 2091 historias
2027 2062 2142 2094 consi-

1169 2100 1308 2132 derent:
1338 2108 1370 2134 et
1395 2109 1486 2135 recte
1512 2102 1715 2137 discernant
1738 2105 1972 2141 ministerium
1995 2122 2144 2154 evauge-

1168 2149 1273 2183 licum
1293 2157 1324 2184 et
1343 2151 1521 2195 politicam
1546 2160 1764 2197 potestatem.

1405 2294 1471 2327 De
1498 2295 1681 2328 Nicenct
1712 2297 1902 2341 Synodo.

1267 2380 1408 2415 Fecerat
1432 2394 1549 2426 pacem
1578 2385 1616 2416 in
1643 2385 1790 2430 imperio
1805 2386 2058 2424 Constantinus
2081 2394 2139 2427 de-

1167 2431 1244 2464 letis
1262 2432 1437 2476 tyrannis:
1466 2441 1499 2467 et
1516 2434 1643 2469 tulerat
1667 2434 1830 2472 honestas
1855 2440 1965 2483 leges,
1993 2449 2025 2475 et
2041 2445 2138 2478 resti-

1166 2489 1277 2516 tuerat
1304 2482 1450 2523 iudicia,
1475 2482 1705 2528 prohibuerat
1728 2489 1912 2523 saeviciam
1935 2495 2083 2526 exerceri
2102 2496 2136 2526 in

1165 2531 1400 2565 Christianos:
1431 2534 1568 2568 fovebat
1591 2534 1781 2577 Ecclesias,
1809 2547 1841 2574 et
1864 2542 2067 2576 attribuerat
2085 2556 2137 2576 re—

1165 2584 1275 2616 ditus:
1304 2584 1480 2619 ademerat
1504 2587 1633 2630 templa
1657 2586 1869 2628 llaereticis‚
1907 2590 2136 2632 Marcionitis,

1167 2631 1385 2667 Maniclnaeis
1397 2662 1405 2676 ,
1426 2642 1458 2669 et
1476 2635 1751 2672 Samosateuicis.

1505 2684 1586 2722 62*
