2324 2955
185 118 257 156 875

188 201 372 238 Antiocho.
425 199 474 232 Ita
493 195 660 241 paulatim
677 205 796 235 regum
815 192 967 236 potentia
985 193 1158 226 diminuta

186 263 254 295 est,
282 256 389 285 donec
408 259 549 293 prorsus
565 246 688 288 stirpes
705 255 824 276 eorum
844 243 974 275 deletae
989 250 1081 276 sunt.

292 301 472 343 Philippus
496 303 611 330 autem
636 295 759 327 dolens
775 293 1018 326 Romanorum
1037 299 1160 336 poten-

189 356 269 388 tiam
297 360 464 386 crescere,
506 353 545 379 ut
579 356 700 378 rursus
731 344 864 376 bellum
893 343 1010 375 moliri
1038 350 1161 386 posset,

189 403 289 436 annis
313 400 447 443 aliquot
472 398 507 429 in
531 407 612 440 pace
634 394 750 428 munit
771 394 893 430 urbes,
932 393 1065 435 colligit
1087 404 1161 426 ma-

188 463 272 492 gnos
301 461 442 483 acervos
474 445 643 479 frumenti
675 451 706 478 et
737 443 921 488 pecuniae,
965 450 998 476 et
1028 443 1161 476 vicinos

189 501 360 537 Thraces,
388 498 543 531 Paeonas
559 503 592 529 et
608 495 696 528 alios
716 494 882 527 barbaros
900 493 967 526 sibi
992 493 1162 535 adiungit,

188 564 225 584 ac
244 550 395 583 ostendit
413 560 446 581 se
464 548 595 580 bellum
614 546 650 578 in
668 544 803 578 ltaliam
821 544 1072 577 translaturum
1091 555 1162 576 esse

190 600 377 634 Annibalis
399 598 576 641 exemplo,
605 602 637 629 et
659 595 896 637 ingressurum
914 593 1048 626 Italiam
1073 593 1162 626 circa

189 652 354 689 Adriani,
395 660 502 693 quare
534 653 565 680 et
590 657 703 687 regem
728 644 906 689 Illyricum
934 643 1104 677 Gentium
1131 650 1163 676 et

188 702 303 733 Celtas
320 700 453 732 vicinos
471 696 650 730 Adriatico
675 696 718 727 ad
745 694 941 727 societatem
968 694 1055 727 tanti
1081 693 1162 725 belli

191 752 328 783 invitat.
381 748 451 781 Sed
474 745 557 779 haec
579 746 751 788 adparans
776 744 946 782 moritur,
982 755 1060 776 cum
1084 743 1162 786 qui-

189 803 267 833 dem
287 800 396 831 filium
413 796 631 830 Demetrium
654 794 877 827 excellentem
904 793 1033 826 virtute
1059 793 1164 825 resci-

190 852 292 883 visset
309 862 326 881 a
343 849 448 880 fratre
466 846 591 879 Perseo
609 845 696 877 salso
720 849 916 876 accusatum
946 850 977 875 et
1000 843 1083 875 dolo
1109 843 1164 874 in-

189 901 368 933 terfectum
386 909 469 930 esse.
511 895 600 928 Cum
621 894 714 927 enim
728 893 929 926 Demetrius
944 893 1165 926 antecelleret

189 951 340 987 xii-tute,
368 954 399 980 et
416 946 536 990 opinio
561 950 646 978 esset
661 943 826 976 Perseum
851 955 921 974 non
949 954 1019 975 esse
1043 949 1163 975 natum

191 1013 228 1032 ex
251 1007 345 1043 patre
362 996 546 1040 Philippo,
574 993 717 1026 insidias
734 993 915 1026 Demetrio
938 993 1063 1025 struxit
1080 992 1164 1024 Per-

191 1062 287 1087 seus,
313 1054 470 1080 metuens
489 1057 567 1077 eum
587 1044 623 1077 in
641 1055 748 1085 regno
765 1053 996 1075 successorem
1019 1043 1105 1074 sore.

290 1096 432 1130 Mortuo
462 1102 558 1139 patre
588 1093 704 1126 Furiis
727 1092 911 1125 ultricibus
935 1103 1013 1123 enm
1040 1091 1164 1133 impel-

190 1149 345 1182 lentibus
370 1154 407 1179 ut
430 1156 558 1189 poenas
582 1142 762 1186 parricidii
786 1143 901 1180 daret,
942 1149 973 1173 et
1002 1140 1164 1172 incitatus

191 1201 234 1232 ab
253 1197 438 1240 improbis,
466 1192 778 1228 bellumRomanis
795 1191 917 1230 infert,
945 1188 1163 1222 Thessaliam

191 1256 223 1282 et
248 1249 361 1280 vicina
391 1247 465 1278 loca
490 1251 618 1282 vastat,
658 1243 796 1275 duobus
827 1241 964 1283 praeliis
984 1239 1166 1273 Romanos

191 1298 321 1337 vincit,
349 1303 379 1329 et
397 1296 484 1328 laeta
504 1295 533 1326 ei
551 1293 649 1325 initia
668 1292 754 1325 tanti
772 1292 855 1323 belli
875 1291 1036 1331 fuerunt,
1070 1291 1164 1334 quod

191 1362 207 1381 a
230 1348 355 1380 Perseo
381 1351 515 1377 motum
538 1342 703 1375 scribitur
724 1353 817 1373 anno
841 1341 884 1372 ab
910 1341 997 1372 urbe
1025 1340 1165 1372 condita

192 1396 470 1443 quingentesimo
507 1392 739 1434 octuagesimo
781 1391 945 1422 secunda.
1021 1389 1165 1422 Yixerat

192 1455 306 1481 autem
331 1444 517 1488 Philippus
548 1448 625 1486 post
655 1441 806 1474 reditum
833 1439 907 1472 Titi
934 1439 1099 1472 Flaminii
1125 1451 1164 1471 ex

193 1498 340 1530 Graecia
364 1495 502 1528 circiter
528 1492 653 1535 viginti
675 1502 796 1526 annos.
857 1488 1008 1522 Duravit
1031 1490 1163 1522 bellum

192 1547 307 1580 Persei
323 1556 433 1578 annos
449 1551 611 1589 quatuor.

293 1596 398 1630 Anno
416 1595 488 1627 eins
505 1593 586 1626 belli
603 1598 738 1636 quarto,
763 1590 922 1623 videlicet
938 1601 1030 1622 anno
1048 1601 1066 1622 a
1082 1601 1165 1622 con-

191 1649 261 1680 dita
286 1648 372 1679 urbe
396 1643 646 1689 quingetesimo
670 1641 903 1682 octuagesimo
932 1647 1045 1677 sexto,
1087 1651 1164 1671 cum

193 1697 369 1741 prioribus
395 1695 496 1727 annis
521 1692 675 1726 Romani
700 1690 868 1722 exercitus
898 1688 1082 1732 aliquoties
1108 1688 1165 1720 in-

194 1747 362 1780 foeliciter
378 1749 603 1788 pugnassent,
630 1747 663 1773 et
681 1739 804 1772 Graeci
820 1738 1061 1772 Romanorum
1081 1738 1165 1770 socii

193 1797 328 1839 magnis
359 1793 575 1827 detrimentis
607 1790 731 1823 adfecti
762 1795 893 1826 essent,
940 1784 987 1822 L.
1020 1784 1165 1819 Paulus·

196 1844 382 1891 slemylt'us
404 1844 495 1875 silius
509 1841 609 1874 Pauli
629 1839 801 1884 Aemylii‚
830 1838 1001 1870 interfecti
1020 1838 1056 1869 in
1072 1837 1165 1870 Can-

194 1898 293 1930 nensi
327 1905 461 1938 pugna,
501 1891 634 1925 Consul
662 1890 788 1923 iterum
819 1889 927 1920 sactus
955 1894 1021 1927 est,
1070 1899 1164 1920 anno

194 1945 402 1988 sexagesimo
425 1954 506 1975 suae
529 1941 665 1979 aetatis,
704 1945 743 1971 ut
767 1939 932 1971 adversus
955 1936 1165 1970 Macedones

194 1999 263 2030 dux*
280 1997 426 2028 idoneus
444 1992 652 2026 mitteretur.
689 1988 756 2021 Hic
772 2001 849 2021 cum
868 1989 896 2020 ei
914 1987 1045 2020 bellum
1065 1999 1165 2020 man-

194 2049 346 2085 daretur,
373 2042 511 2087 publice
529 2041 565 2073 in
583 2040 750 2073 concione
766 2038 865 2077 dixit,
887 2038 913 2070 si
932 2037 1040 2070 aliurn
1058 2038 1166 2080 magis

198 2098 361 2129 idoneum
381 2094 563 2135 eligerent,
590 2103 625 2123 se
648 2091 800 2122 libenter
824 2088 853 2120 ei
878 2099 1054 2120 cessurum
1082 2099 1165 2121 esse.

196 2149 261 2179 Sed
283 2147 311 2179 si
328 2145 456 2177 vellent
471 2143 545 2185 ipso
564 2143 652 2173 duce
676 2137 741 2172 hoc
769 2139 899 2171 bellum
925 2138 1016 2179 geri,
1045 2145 1165 2181 postu-

200 2199 267 2229 lare
293 2208 344 2231 se,
372 2200 409 2227 nt
433 2193 600 2224 exercitus
625 2191 924 2232 obtemperarent,
961 2200 1024 2220 nec
1050 2200 1166 2220 sume-

197 2254 270 2279 rent
296 2246 360 2278 sibi
383 2243 481 2276 ducis
504 2242 634 2281 officia,
675 2251 738 2272 nec
768 2239 978 2282 impedirent
1000 2250 1077 2271 eum
1104 2250 1165 2271 sua

197 2296 392 2328 curiositate
415 2300 447 2326 et
469 2292 540 2325 suis
562 2291 716 2325 sabellis:
754 2286 806 2334 μὴ
833 2289 1164 2336 παραστρατηγεῖν,

195 2344 286 2391 A(tilde)
305 2344 518 2390 λογοποιεῖν.

296 2395 417 2428 Mense
433 2392 627 2435 Septembri
645 2390 814 2423 acerrimo
830 2389 960 2433 praelio
977 2390 1061 2423 vicit
1078 2389 1164 2423 Per-

198 2458 312 2485 seum,
336 2443 516 2477 trucidatis
534 2442 657 2483 viginti
677 2440 832 2473 millibus
850 2440 1018 2483 peditum.
1070 2439 1164 2474 Ante

198 2498 231 2530 id
256 2495 426 2541 praelium
448 2493 496 2525 ait
512 2489 720 2524 Plutarchus
742 2496 960 2533 conspectam
983 2502 1055 2524 esse
1080 2491 1163 2523 ecli-

198 2547 275 2591 psin
296 2547 420 2583 lunae,
455 2554 521 2586 qua
541 2554 582 2573 no.
601 2541 875 2584 perterrefierent
890 2540 1035 2582 milites,
1063 2541 1163 2575 iussit

197 2596 378 2642 Aemylius
394 2593 506 2637 pridie
522 2598 600 2623 ante
625 2591 766 2633 eclipsin
788 2592 1005 2633 praemoneri
1023 2598 1162 2625 vocatos

196 2648 231 2681 in
260 2646 463 2680 concionem
496 2641 654 2675 oratione
684 2638 843 2685 Sulpicii
869 2637 980 2674 Galli
1008 2642 1160 2676 Tribuni

428 112 634 152 SCRIPTA
662 110 739 144 PII.
768 108 882 143 MEL.
915 105 979 141 AD
1002 106 1127 143 HIST.
1157 104 1298 142 PROF,
1326 102 1391 139 ET
1418 103 1607 141 PHILOS.
1636 104 1955 142 SPECTANTIA.

2114 110 2187 143 876

1210 191 1379 229 militum,
1406 189 1467 233 qui
1491 195 1523 222 et
1545 190 1715 232 praedixit
1739 197 1925 224 venturam
1953 193 2118 236 eclipsin,
2154 202 2186 227 et

1211 241 1328 273 docuit
1347 246 1439 272 certo
1456 239 1581 272 ordine
1605 247 1762 273 motuum
1780 241 1981 274 coelestium
2007 243 2186 276 obscurari

1211 291 1350 330 lunam,
1376 290 1613 322 incurrentem
1638 290 1674 322 in
1698 291 1859 323 umbram
1878 298 2007 330 terrae,
2034 305 2096 325 nec
2112 306 2185 326 rem

1212 341 1248 372 in
1281 346 1409 373 natura
1438 339 1634 372 ordinatam
1667 346 1705 372 ut
1736 342 1936 383 prodigium
1967 345 2186 376 metuendam

1213 401 1296 424 esse.
1337 389 1469 422 Seneca
1488 389 1626 429 scribit,
1653 390 1774 422 eodem
1792 397 1948 435 tempore
1964 400 2188 435 conspectum

1213 451 1284 472 esse
1300 437 1498 477 Cometam,
1527 439 1581 471 cui
1602 440 1770 472 tribuitur
1789 452 1917 473 nomen
1934 440 2045 476 Hirci.
2098 442 2186 476 Cum

1213 496 1328 523 antem
1345 501 1424 521 mox
1440 501 1513 522 non
1535 489 1648 522 solum
1674 490 1751 521 finis
1776 490 1872 532 regni
1891 490 2109 526 Macedonici
2136 504 2188 524 se-

1214 546 1344 584 quutus
1368 539 1429 579 sit,
1464 540 1523 571 sed
1546 539 1650 572 etiam
1672 538 1871 572 Antiochus
1894 540 1930 572 in
1957 540 2083 574 Iudaea
2106 540 2189 574 hor—

1215 591 1358 623 rendam
1382 589 1564 622 saeviciam
1589 590 1797 630 exercuerit,
1834 596 1975 633 apparet
1998 592 2093 634 signa
2118 604 2188 624 non

1215 640 1318 673 fuisse
1336 640 1466 674 inania.

1315 688 1391 722 Rex
1416 686 1568 721 Perseus
1598 701 1638 721 ex
1671 690 1750 731 suga
1785 696 1951 723 retractus
1982 698 2050 730 est,
2089 698 2122 724 ct
2146 693 2188 723 ad

1216 737 1415 783 Aemylium
1436 740 1606 773 adductus
1630 751 1708 771 cum
1732 740 1868 772 duobus
1893 741 1989 781 filiis,
2023 739 2188 784 Philippo

1216 795 1248 821 et
1273 789 1486 822 Alexandro.
1556 787 1605 820 Ili
1637 795 1752 832 postca
1780 802 1857 822 cum
1884 797 1979 833 patre
2003 790 2127 823 Perseo
2153 792 2189 823 in

1216 836 1393 882 triumpho
1421 846 1501 872 ante
1523 850 1665 871 currum
1688 839 1783 871 ducti
1809 846 1901 873 sunt.
1971 840 2130 885 Cumque
2154 842 2189 872 in

1216 900 1386 921 carcerem
1413 889 1508 922 ducti
1535 895 1665 926 essent,
1699 889 1897 932 impetravit
1922 888 2121 935 Aemylius,
2153 898 2191 923 nt

1216 938 1301 971 alibi
1319 939 1355 970 in
1373 939 1448 971 loco
1467 939 1583 971 minus
1607 945 1695 971 tetro
1718 951 1735 970 a
1761 939 1862 971 certis
1886 939 2057 973 militibus
2077 947 2191 973 custo-

1217 989 1387 1021 direntur.
1454 988 1601 1020 Perseus
1632 995 1664 1021 et
1691 988 1783 1020 filius
1811 987 1995 1032 Philippus
2026 1002 2099 1022 non
2130 990 2190 1022 diu

1217 1038 1418 1079 superstites
1442 1038 1596 1071 fuerunt.
1648 1036 1847 1070 Alexander
1872 1040 1984 1071 scriba
2004 1039 2190 1082 Magistra-

1217 1094 1318 1123 tuum
1335 1086 1582 1119 Romanorum
1597 1086 1707 1119 factus
1724 1094 1786 1122 est.

1317 1134 1370 1168 Ex
1394 1137 1497 1179 regiis
1521 1133 1710 1173 thesauris,
1738 1137 1796 1180 qui
1816 1138 1958 1171 fuerunt
1974 1139 2192 1181 amplissimi,

1218 1186 1313 1219 dedit
1341 1185 1523 1230 Aemylius
1554 1185 1727 1228 stipendia
1755 1187 1937 1221 militibus.
2002 1187 2191 1233 Reliquam

1217 1236 1400 1279 pecuniam
1425 1236 1462 1268 in
1486 1235 1657 1268 aerarium
1679 1235 1800 1269 inferri
1825 1238 1968 1271 curavit.
2026 1238 2193 1271 Macedo-

1218 1286 1295 1318 niae
1312 1286 1438 1319 deditis
1456 1286 1604 1319 urbibus
1626 1286 1798 1319 tributum
1824 1287 2008 1330 imposuit,
2043 1289 2191 1321 dimidio

1218 1336 1335 1369 minus
1360 1348 1463 1380 quam
1488 1336 1628 1378 regibus
1652 1336 1835 1376 dederant,
1870 1337 2031 1370 videlicet
2054 1345 2191 1370 centurn

1218 1386 1365 1426 talenta,
1414 1386 1449 1418 id
1481 1392 1548 1426 est,
1584 1385 1760 1427 sexaginta
1789 1386 1899 1420 millia
1930 1393 2190 1422 coronatorum.

1220 1435 1271 1468 lta
1306 1435 1469 1469 Romana
1504 1432 1707 1468 monarchia
1743 1436 1844 1469 initio
1880 1437 2037 1482 tyrannis
2071 1438 2192 1470 deletis

1218 1486 1309 1528 leges
1328 1492 1361 1518 et
1379 1485 1550 1519 iusticiam
1575 1484 1737 1527 gentibus
1760 1487 1929 1527 restituit,
1958 1494 1990 1521 et
2008 1487 2192 1531 expilatio-

1218 1547 1279 1568 nes
1297 1536 1473 1568 moderata
1492 1542 1552 1570 est.

1319 1583 1370 1618 Ex
1402 1583 1573 1618 thesauris
1603 1585 1705 1627 regiis
1732 1583 1913 1630 Aemylius
1941 1586 2050 1618 libros
2071 1588 2191 1630 .regios

1218 1635 1315 1667 iussit
1339 1635 1418 1666 filiis
1442 1635 1513 1668 suis
1535 1634 1689 1668 attribui.
1750 1634 1845 1667 Yixit
1869 1643 1946 1678 post
1971 1633 2060 1669 hanc
2083 1638 2192 1670 victo-

1217 1685 1305 1716 riam
1323 1695 1432 1716 annos
1450 1685 1586 1723 decem,
1613 1695 1711 1716 carus
1728 1683 1874 1716 Senatui
1899 1691 1930 1717 ct
1954 1686 2095 1728 populo.
2148 1687 2191 1720 Et

1218 1740 1399 1777 postquam
1421 1733 1553 1766 Censor
1581 1733 1722 1772 suisset,
1771 1733 1906 1776 placide
1941 1741 2098 1768 mortuus
2133 1744 2192 1777 est,

1218 1783 1346 1816 relictis
1370 1784 1508 1816 duobus
1532 1783 1629 1821 filiis,
1665 1794 1816 1826 quorum
1840 1784 1987 1816 alterum
2012 1786 2191 1830 adoptavit

1217 1833 1309 1865 filius
1330 1832 1403 1864 eins
1428 1832 1621 1876 Scipionis,
1656 1832 1715 1876 qui
1742 1832 1825 1866 vicit
1848 1832 2073 1868 Annibalem.
2124 1835 2191 1870 Hic

1218 1883 1309 1916 enim
1328 1880 1498 1916 habuerat
1516 1883 1698 1923 coniugem
1715 1881 1930 1928 Aemyliam,
1958 1884 2040 1917 inde
2061 1897 2190 1919 nomen

1219 1940 1285 1973 est,
1312 1930 1434 1978 Scipio
1448 1930 1697 1977 Aemylianus.
1751 1932 2127 1980 FacultatesAemylii‚
2153 1944 2193 1970 ut

1218 1981 1427 2016 Plutarchus
1463 1989 1605 2022 narrat,
1658 1995 1728 2015 non
1762 1991 2014 2026 superaverunt
2047 1986 2190 2029 triginta

1219 2033 1328 2065 millia
1365 2040 1631 2072 coronatorum,
1673 2039 1704 2066 et
1730 2040 1857 2076 septem
1883 2034 2011 2075 millia,
2047 2047 2124 2068 cum
2154 2037 2189 2069 in

1218 2084 1390 2116 aerarium
1415 2083 1572 2116 intulerit
1590 2083 1667 2126 plus
1686 2095 1788 2127 quam
1806 2084 2035 2128 quinquagies
2051 2092 2188 2119 centum

1218 2133 1330 2166 millia
1348 2140 1606 2167 coronatorum.
1650 2130 1750 2166 Adeo
1768 2141 1982 2177 praestantes
1999 2135 2090 2168 cives
2107 2142 2187 2169 tunc

1217 2183 1326 2226 magis
1353 2194 1478 2226 augere
1502 2183 1771 2228 Rempublicam
1799 2196 1902 2228 quam
1931 2185 2081 2229 privatas
2106 2197 2188 2229 opes

1218 2235 1414 2268 studebant.

1318 2283 1396 2317 Hoc
1420 2283 1494 2327 ipso
1518 2289 1692 2327 tempore,
1725 2297 1794 2329 quo
1813 2281 1974 2328 Aemylio
2001 2285 2089 2318 duce
2104 2284 2188 2319 Per-

1217 2346 1295 2368 seus
1318 2335 1429 2367 victus
1454 2340 1522 2372 est,
1557 2333 1752 2367 Antiochus
1776 2332 1979 2377 Epiphanes
2003 2335 2114 2368 iussus
2137 2344 2187 2370 est

1217 2397 1234 2418 a
1254 2384 1394 2430 Popilio
1409 2384 1522 2426 legato
1538 2385 1660 2428 populi
1677 2384 1827 2419 Romani
1846 2395 1883 2415 ex
1902 2384 2058 2429 Aegypto
2076 2386 2186 2420 disce-

1217 2437 1315 2476 dere,
1343 2443 1375 2469 et
1399 2435 1570 2468 abducere
1594 2435 1678 2468 inde
1704 2433 1887 2479 praesidia.
1948 2433 1994 2468 Et
2018 2437 2185 2479 tergiver-

1214 2487 1304 2519 santi
1328 2485 1487 2530 Popilius
1509 2485 1676 2518 circulum
1703 2485 1799 2526 virga
1822 2483 2110 2529 circumscripsit,
2145 2499 2183 2519 ac

1215 2538 1425 2581 respondere
1441 2547 1520 2568 eum
1537 2535 1657 2574 iussit,
1689 2540 1875 2578 antequam
1899 2534 1981 2568 inde
2006 2537 2185 2579 egredere-

1214 2593 1282 2622 tur.

1212 2640 1338 2673 ardens
1368 2639 1418 2672 ira
1443 2646 1603 2678 magnam
1628 2634 1679 2668 ibi
1702 2635 1884 2669 saeviciam
1911 2636 2073 2670 exercuit.

1334 2586 1423 2622 Cum
1443 2585 1549 2629 igitur
1563 2584 1693 2617 rediret
1709 2583 1956 2629 lerosolymam
1976 2583 2183 2627 Antiochus,

2137 2636 2184 2670 Et
