2324 2955
180 142 245 175 131

179 226 344 258 virtutem
362 223 602 256 invitarentur.
654 217 738 250 Vult
756 217 848 249 enim
866 215 959 249 Deus
975 228 1012 248 ex
1029 228 1152 259 genere

179 273 333 307 humano
363 281 541 313 excerpere
570 268 778 307 Ecclesiam,
810 267 865 300 cui
888 278 985 299 suam
1015 268 1153 310 sapien-

180 326 263 358 tiam
289 331 321 356 et
341 322 530 354 bonitatem
556 319 591 350 in
611 319 706 350 omni
729 318 932 351 aeternitate
954 317 1153 349 cummuni-

181 381 252 412 cet,
287 380 319 405 et
344 383 361 402 a
384 382 451 414 qua
478 369 628 401 vicissim
661 374 865 409 agnoscatur
890 374 921 400 et
947 367 1153 402 celebretur.

179 423 279 455 lianc
299 421 430 462 colligit
448 431 529 451 voce
548 419 643 450 verbi
662 418 724 456 sui,
752 418 843 461 quod
865 417 901 448 in
927 417 1088 449 societate
1116 428 1154 448 ac

178 471 372 515 frequentia
400 469 515 512 aliqua
532 468 607 500 vult
630 479 770 506 sonare,
797 467 874 499 ideo
899 467 1010 499 sanxit
1032 466 1155 498 coniu-

181 522 296 563 gium,
329 526 367 552 ut
391 520 539 551 duarum
565 529 789 561 personarum
815 517 958 549 societas
980 523 1084 556 esset,
1117 522 1155 548 ut

180 569 247 603 hoc
271 570 374 602 modo
409 580 517 611 genus
548 566 740 601 humanum
774 572 1089 609 coagmentatum,
1123 572 1156 598 et

181 626 424 653 conservatum
444 624 710 661 propagaretur,
746 618 780 649 in
801 629 869 660 quo
894 628 1028 659 semper
1044 621 1156 648 essent

181 670 291 714 aliqui
311 676 400 702 recte
417 675 639 710 agnoscentes
657 675 688 700 et
706 668 856 699 colentes
875 666 998 705 Deum,
1021 666 1080 710 qui
1097 677 1156 697 ve-

181 732 255 752 ram
271 718 336 752 Dei
360 719 523 751 noticiam
552 731 589 750 ac
621 718 875 750 invocationem
894 715 996 748 latius
1018 726 1157 759 sparge-

182 777 277 809 rent,
304 770 398 801 acad
417 768 650 811 posteritatem
669 767 954 800 transmitterent.

281 818 360 850 Non
376 818 611 850 existimemus
625 817 812 860 voluptatis
829 823 978 855 tantum,
994 821 1052 848 aut
1067 813 1158 846 vitae

181 868 398 901 commodius
424 867 664 909 transigendae
689 879 788 899 causa
814 864 902 899 hanc
926 864 1157 897 consociatio-

180 930 261 951 nem
285 917 389 949 maris
415 924 446 949 et
469 918 641 949 foeminae
664 917 857 949 institutam
883 927 971 955 esse,
998 915 1055 946 sed
1079 914 1156 945 ideo

182 967 315 1001 conditi
331 973 410 999 sunt
426 964 597 1006 homines,
624 974 661 999 ut
679 965 792 998 Deum
811 971 997 1008 agnoscant
1017 971 1049 997 et
1068 964 1156 995 cele-

180 1019 301 1057 brent,
325 1023 358 1050 et
376 1023 465 1049 certa
486 1017 558 1059 lege
574 1029 610 1049 ac
628 1017 750 1048 ordine
769 1017 804 1047 in
822 1015 984 1057 coniugio
1002 1014 1156 1056 legitimo

181 1067 302 1099 liberis
326 1067 530 1110 procreatis,
565 1079 635 1099 non
660 1067 763 1098 vitam
791 1066 902 1097 solum
934 1072 966 1098 et
989 1064 1156 1107 patrimo-

182 1117 293 1156 nium,
321 1118 377 1148 sed
397 1117 579 1159 praecipue
596 1129 709 1148 veram
729 1118 771 1147 de
787 1114 860 1148 Deo
877 1115 1072 1147 doctrinam
1090 1115 1157 1145 im-

181 1167 352 1210 pertiant,
377 1173 408 1198 et
427 1167 467 1198 ad
487 1179 601 1198 veram
621 1167 834 1208 agnitionem
853 1163 995 1204 Christi,
1024 1165 1065 1196 ad
1083 1163 1156 1196 cul—

181 1224 254 1249 tum
274 1217 432 1248 divinum
447 1242 454 1255 ,
481 1217 522 1248 ad
542 1214 704 1248 honestos
721 1227 851 1254 mores,
877 1216 920 1246 ad
943 1215 1051 1246 bonas
1069 1220 1157 1246 artes

181 1278 239 1299 eos
254 1266 454 1306 instituant,
481 1273 518 1298 ut
535 1264 710 1298 Ecclesiae
725 1264 809 1304 Dei,
836 1264 1064 1307 Reipublicae
1084 1263 1156 1306 pri-

181 1323 279 1349 vatae
304 1316 391 1349 vitae
419 1326 480 1348 sua
508 1317 654 1359 pietate,
689 1315 854 1352 consilio,
889 1325 992 1356 opera
1024 1313 1157 1345 utiliter

178 1364 315 1411 possint
329 1366 503 1408 prodesse.

282 1414 496 1448 Gravissime
526 1415 562 1446 in
594 1411 684 1446 hanc
709 1412 916 1446 sententiam
944 1411 1043 1444 Plato
1074 1422 1155 1453 pro-

180 1466 322 1499 nunciat
345 1465 434 1497 libro
451 1464 483 1498 6.
502 1465 544 1496 de
562 1464 695 1506 legibus
712 1463 748 1495 in
767 1462 943 1494 aerumnis
964 1461 1155 1503 coniugali-

180 1518 257 1555 bus,
281 1514 370 1547 hanc
381 1514 599 1557 praecipuam
612 1512 886 1545 consolationem
899 1511 1061 1543 omnibus
1072 1522 1155 1542 con-

183 1567 322 1607 iugibus
333 1565 457 1596 debere
473 1563 508 1595 in
527 1569 712 1605 conspectu
728 1573 810 1594 esse.
840 1561 943 1603 Quod
964 1561 1042 1593 ideo
1054 1567 1154 1592 uten—

183 1618 266 1648 dum
289 1615 331 1647 sit
354 1613 536 1655 coniugio,
562 1619 600 1645 ut
618 1611 691 1644 Deo
714 1611 772 1643 alii
789 1611 940 1643 cultores
957 1617 988 1643 et
1005 1610 1154 1641 ministri

181 1672 301 1698 nostro
318 1665 393 1696 loco
410 1663 681 1701 substituantur,
706 1668 737 1694 et
754 1661 823 1693 vita
842 1667 1005 1704 tanquam
1024 1660 1156 1702 lampas

182 1716 340 1748 tradatur
371 1713 532 1756 posteris,
560 1719 598 1745 ut
623 1723 758 1755 semper
782 1710 898 1743 colant
922 1712 1034 1745 Deum
1062 1710 1154 1741 iuxta

182 1766 281 1807 leges.
325 1763 418 1805 Quid
438 1774 563 1806 quaeso
583 1762 777 1804 religiosius
794 1767 824 1793 et
843 1760 994 1793 sanctius
1015 1760 1056 1792 de
1073 1771 1156 1791 con-

181 1815 277 1857 iugio
294 1814 362 1846 dici
380 1814 421 1845 ab
437 1811 578 1845 homine
600 1810 739 1845 ethnico
764 1810 901 1854 potuit?

284 1863 387 1905 Quod
413 1863 441 1894 si
463 1869 585 1895 natura
609 1860 792 1894 hominum
813 1860 991 1892 mansisset
1012 1860 1156 1901 integra,

182 1922 318 1948 tantum
344 1914 386 1945 ad
413 1912 638 1945 necessariam
665 1910 943 1953 generationem,
978 1917 1009 1942 et
1031 1910 1155 1952 ampli-

182 1966 356 1997 ficandum
372 1974 558 1995 numerum
571 1960 754 2001 Ecclesiae,
770 1967 801 1993 et
817 1960 989 1992 cultorum
1000 1959 1078 1999 Dei,
1091 1958 1155 1992 ho-

181 2015 292 2046 mines
310 2013 483 2054 coniugali
504 2011 754 2044 consuetudine
777 2011 829 2043 usi
847 2010 1001 2044 fuissent.
1054 2009 1156 2042 Nunc

181 2076 263 2097 vero
287 2063 388 2095 etiam
409 2063 600 2094 remedium
619 2069 667 2094 est
692 2062 857 2093 adversus
876 2060 1036 2092 incendia
1054 2072 1155 2102 vaga—

182 2127 259 2146 rum
286 2113 491 2149 libidinum,
519 2124 606 2155 qua<-
626 2109 844 2143 horribiliter
868 2111 1053 2152 displicent
1069 2109 1155 2148 Deo,

182 2171 214 2197 et
233 2162 422 2196 horrendas
442 2174 568 2203 poenas
586 2161 739 2204 publicas
757 2166 788 2192 et
807 2161 968 2203 privatas,
994 2172 1155 2203 praesen—

182 2220 232 2246 tes
259 2220 292 2246 et
328 2219 483 2244 aeternas
511 2217 698 2244 accersunt.
762 2209 884 2243 Manet
912 2210 1005 2241 enim
1038 2211 1154 2252 regula

182 2270 319 2295 aeterna
336 2267 368 2293 et
386 2262 542 2294 immota:
572 2261 786 2294 Scortatores
806 2268 838 2293 et
861 2260 1036 2292 adulteros
1054 2261 1155 2303 punit

182 2312 287 2345 Deus.
326 2309 370 2343 Et
389 2311 540 2353 exempla
560 2312 595 2343 in
613 2310 820 2354 quotidiana
836 2307 922 2347 vita,
946 2316 977 2341 et
996 2310 1153 2342 omnium

181 2369 377 2404 temporum
406 2358 559 2392 historiis
584 2361 790 2397 ostendunt,
824 2359 935 2392 Deum
969 2359 1096 2392 iustum
1122 2367 1153 2393 et

181 2419 310 2444 castum
340 2410 551 2451 graxissimis
586 2411 705 2452 poenis
736 2410 882 2442 obruere
918 2421 1038 2441 omnes
1069 2422 1153 2441 con-

180 2461 364 2494 taminatos
382 2460 474 2501 vagis
495 2460 719 2497 libidinibus,
748 2459 818 2491 sive
841 2467 933 2492 extra
951 2460 1151 2502 coniugium

179 2523 212 2544 se
230 2512 405 2554 polluant,
433 2510 504 2540 sive
523 2510 642 2541 foedus
661 2510 813 2553 coniugii
831 2516 1005 2552 rumpant.

279 2561 389 2593 ,Notae
413 2565 493 2591 sunt
521 2556 685 2591 historiae
715 2571 849 2599 sacrae,
881 2560 1027 2599 diluvii,
1054 2571 1151 2592 ever-

177 2611 285 2644 sionis
301 2611 553 2648 Sodomorum,
582 2609 709 2641 civium
729 2607 867 2641 Sichem
886 2610 1151 2649 trucidatorum,

177 2662 308 2695 deletae
333 2660 444 2694 tribus
466 2658 671 2698 Beniamin,
700 2659 803 2692 totius
829 2660 1024 2702 tragoediae
1043 2659 1151 2694 Davi-

862 129 1019 166 DECL.
1061 130 1132 166 DE
1166 131 1471 169 CONIUGIO.

2105 133 2176 168 132

1203 220 1273 260 dis,
1300 217 1423 251 excidii
1441 216 1733 262 ierosolymorum
1752 224 1814 251 etc.
1869 213 1920 250 Ac
1939 217 2031 260 apud
2048 214 2178 250 Etlini-

1204 282 1261 302 cos
1282 268 1434 311 exempla
1458 268 1567 300 multo
1591 268 1731 300 tetriora
1748 274 1838 300 sunt.
1892 266 1963 299 Nec
1982 267 2074 299 ullus
2092 267 2178 299 adeo

1204 321 1335 351 ferreus
1353 325 1412 354 est,
1441 317 1500 361 qui
1518 317 1571 348 vel
1586 318 1793 358 cogitatione
1812 316 2005 360 complecti,
2031 317 2086 348 vel
2101 328 2178 348 ver-

1205 370 1258 402 bis
1283 368 1454 411 explicare
1478 367 1552 398 sine
1570 377 1694 408 magno
1720 368 1838 399 labore
1866 366 1990 409 possit,
2018 362 2179 398 historias

1205 418 1394 451 eversionis
1428 428 1615 459 regnorum
1650 423 1682 449 et
1715 417 1907 458 ingentium
1943 415 2178 448 calamitatum

1206 468 1442 512 publicarum,
1482 467 1609 511 quibus
1639 466 1855 498 occasionem
1884 465 2048 498 libidines
2079 475 2179 507 prae-

1206 520 1369 551 buerunt.
1418 516 1548 550 Totum
1567 527 1713 559 regnum
1732 514 1928 548 Troianum
1947 522 2086 559 propter
2104 514 2180 547 vio-

1207 570 1314 601 latum
1339 579 1357 600 a
1384 566 1508 599 Paride
1534 566 1688 599 Menelai
1710 563 1850 598 thorum
1869 571 1901 598 et
1922 572 2054 608 raptam
2073 563 2181 596 Hele-

1206 630 1287 650 nam
1305 617 1456 650 deletum
1473 623 1532 649 est.
1567 615 1702 650 Romae
1716 626 1810 657 reges
1829 614 1962 657 expulsi
1980 620 2071 652 sunt,
2097 625 2181 657 pro-

1207 675 1283 712 pter
1298 667 1332 699 vi
1349 677 1579 710 compressam
1597 666 1793 699 Lucretiam
1802 664 1969 698 Collatini
1987 663 2182 706 coniugem.

1208 718 1329 750 Postea
1353 716 1641 750 Decemvirorum
1670 721 1820 758 potestas
1847 715 1982 747 sublata
2007 720 2073 753 est,
2100 724 2183 756 pro-

1208 775 1283 812 pter
1300 774 1465 801 tentatam
1482 767 1525 799 ab
1542 764 1657 809 Appio
1673 765 1876 808 pudicitiam
1893 764 1982 797 filiae
1998 762 2161 805 Virginii.

1310 817 1436 850 Totius
1463 816 1561 858 regni
1589 815 1753 859 Spartani
1783 815 1873 846 vires
1907 814 1943 846 in
1979 813 2112 857 praelio
2137 812 2182 844 ad

1209 868 1354 900 Leuctra
1376 866 1625 905 conciderunt,
1661 863 1754 897 haud
1780 864 1884 896 dubie
1907 865 1952 896 ob
1975 863 2182 905 flagitiosam

1210 918 1411 955 libidinem,
1439 928 1542 960 quam
1566 927 1605 947 eo
1629 915 1666 946 in
1693 915 1769 946 loco
1787 914 1889 957 paulo
1916 920 1995 945 ante
2018 911 2183 955 Spartani

1209 969 1351 1010 impune
1384 971 1612 998 exercuerant.
1680 962 1770 996 Cum
1808 964 1898 995 enim
1933 964 2002 995 duo
2038 961 2184 994 Nobiles

1208 1017 1392 1062 Spartani,
1420 1028 1480 1059 per
1497 1015 1665 1058 oppidum
1680 1013 1828 1046 Leuctra
1852 1014 1917 1046 iter
1940 1012 2120 1052 facientes,
2145 1011 2184 1043 in

1208 1069 1309 1100 aedes
1340 1067 1519 1099 cuiusdam
1554 1063 1691 1097 honesti
1718 1063 1803 1096 civis
1824 1063 1985 1102 Scedasi,
2016 1061 2075 1105 qui
2108 1068 2182 1094 tum

1207 1119 1295 1150 sorte
1320 1118 1423 1149 domo
1449 1116 1584 1155 aberat,
1611 1113 1852 1153 divertissent,
1878 1119 1910 1145 et
1934 1124 1951 1144 a
1970 1111 2184 1144 matrefami-

1208 1168 1284 1207 lias,
1307 1178 1394 1210 quae
1412 1168 1553 1198 domum
1571 1171 1603 1197 et
1619 1165 1704 1196 duas
1719 1163 1806 1196 filias
1820 1162 2047 1200 custodiebat,
2065 1172 2184 1193 aman-

1207 1224 1259 1250 ter
1291 1217 1421 1258 excepti
1455 1221 1587 1256 essent,
1621 1214 1775 1245 furentes
1806 1212 1951 1245 immani
1978 1211 2127 1243 libidine
2152 1216 2185 1243 et

1208 1266 1420 1311 petulantia,
1464 1266 1550 1296 duas
1586 1262 1741 1305 hospitae
1780 1263 1867 1295 filias
1900 1262 1935 1293 vi
1969 1267 2185 1304 stuprarunt,

1208 1328 1332 1359 easque
1356 1327 1434 1346 cum
1459 1325 1493 1344 se
1515 1313 1596 1344 casti
1620 1312 1763 1353 pudoris
1781 1313 1886 1343 decus
1906 1311 1949 1343 ab
1973 1311 2056 1353 ipsis
2073 1309 2185 1342 viola-

1208 1371 1280 1398 tum
1299 1375 1380 1396 suae
1400 1369 1431 1395 et
1448 1362 1602 1405 ipsorum
1618 1361 1707 1393 vitae
1731 1359 1944 1393 antelaturas
1960 1359 2184 1397 affirmarent,

1208 1415 1243 1446 in
1264 1420 1405 1456 puteum
1427 1413 1675 1443 demerserunt.
1729 1408 1806 1441 Hoc
1830 1409 1958 1441 scelere
1986 1415 2184 1452 perpetrato

1207 1464 1367 1506 Spartam
1387 1461 1543 1493 redeunt.
1596 1458 1702 1493 Redit
1717 1459 1860 1491 domum
1878 1458 2058 1496 Scedasus,
2085 1458 2186 1490 inve-

1208 1513 1256 1544 vit
1280 1523 1423 1544 uxorem
1448 1515 1636 1549 moestam,
1661 1520 1748 1553 quae
1772 1519 1918 1541 narrans
1936 1508 1967 1540 ei
1983 1507 2134 1540 filiarum
2151 1514 2186 1541 et

1207 1563 1332 1594 domus
1347 1572 1428 1593 suae
1444 1559 1692 1599 calamitatem,
1720 1565 1752 1591 et
1767 1559 1810 1590 ad
1828 1563 1984 1601 puteum,
2010 1557 2073 1590 ubi
2093 1557 2185 1591 filiae

1207 1613 1383 1644 demersae
1417 1616 1532 1648 erant,
1577 1609 1820 1651 progrediens,
1865 1608 1936 1650 ipsa
1972 1618 2008 1639 se
2045 1619 2184 1652 quoque

1207 1663 1327 1694 eodem
1345 1658 1595 1703 praecipitavit.
1639 1657 1808 1691 Scedasus
1824 1664 1918 1690 tanta
1936 1657 2073 1689 sceleris
2088 1664 2183 1691 atro-

1207 1713 1307 1744 citate
1332 1717 1362 1742 et
1389 1709 1519 1751 tragico
1543 1719 1685 1740 suorum
1706 1719 1784 1740 casu
1806 1707 1997 1751 impulsuS‚
2022 1708 2183 1751 Spartam

1208 1760 1453 1805 proficiscitur,
1482 1769 1609 1802 poenas
1625 1769 1643 1789 a
1660 1758 1833 1790 sceleratis
1850 1764 2041 1792 exacturus.
2076 1756 2183 1800 Spar-

1207 1819 1259 1845 tae
1277 1817 1389 1844 autem
1406 1816 1488 1842 tunc
1506 1814 1600 1841 tanta
1619 1808 1786 1840 scelerum
1813 1808 2001 1850 impunitas
2025 1813 2116 1847 erat,
2145 1814 2183 1840 ut

1206 1866 1477 1906 conquerentem
1505 1857 1691 1891 Scedasum
1718 1859 1761 1890 de
1793 1857 1937 1889 immani
1969 1858 2181 1890 contumelia

1207 1912 1268 1944 toti
1288 1921 1369 1944 suae
1385 1909 1505 1942 domui
1526 1908 1620 1939 illata
1637 1905 1774 1951 Ephori
1795 1907 2006 1941 deriderent.
2059 1906 2182 1951 Aliqui

1208 1962 1309 1995 etiam
1333 1972 1372 1992 ex
1401 1958 1554 2001 cognatis
1570 1957 1752 1990 Nobilium
1768 1957 1998 2000 egredientem
2019 1968 2080 2000 per
2098 1958 2182 1990 sub-

1206 2012 1347 2046 urbium
1375 2009 1459 2042 lotio
1491 2009 1752 2051 perfunderent.
1813 2006 1921 2040 Redit
1943 2007 2049 2048 igitur
2077 2007 2182 2039 miser

1206 2062 1393 2099 Scedasus,
1424 2065 1456 2092 et
1473 2070 1557 2103 quas
1577 2070 1593 2090 a
1609 2069 1671 2090 suo
1690 2058 1891 2099 magistratu
1908 2057 2180 2090 libidinosorum

1206 2122 1335 2156 poenas
1364 2111 1490 2142 frustra
1521 2114 1695 2150 exegerat,
1736 2119 1752 2140 a
1781 2107 1855 2140 Deo
1887 2106 2049 2150 exposcit.
2108 2105 2180 2148 Qui

1206 2163 1309 2206 paulo
1335 2166 1411 2204 post
1435 2157 1610 2191 horrendo
1635 2158 1805 2200 supplicio
1830 2164 1939 2190 totum
1957 2156 2100 2199 Spartae
2124 2168 2180 2188 re—

1205 2224 1310 2256 gnum
1331 2209 1466 2248 obruit,
1493 2209 1592 2241 victis
1610 2208 1652 2240 ab
1671 2207 1917 2250 Epaminonda
1935 2207 2021 2239 duce
2038 2203 2179 2239 Theba-

1206 2276 1251 2295 no
1267 2259 1564 2298 Lacedaemoniis,
1581 2260 1622 2291 ad
1638 2257 1783 2290 Leuctra
1802 2269 1839 2289 eo
1858 2257 1931 2299 ipso
1950 2256 1985 2287 in
2004 2255 2091 2296 loco,
2118 2257 2178 2300 qui

1204 2312 1335 2345 nefaria
1360 2309 1612 2342 Laconicorum
1643 2307 1816 2340 nobilium
1847 2306 1995 2339 libidine
2024 2306 2179 2349 pollutus

1205 2370 1287 2398 crat.
1313 2360 1468 2394 Fuerunt
1486 2367 1600 2392 autem
1614 2370 1653 2391 eo
1672 2356 1815 2400 praelio,
1830 2356 1922 2400 quod
1938 2367 2032 2388 anno
2048 2353 2178 2389 abhinc

1207 2413 1311 2446 1931.
1328 2410 1451 2455 quinto
1471 2409 1527 2441 die
1546 2409 1637 2441 lunii
1657 2406 1878 2440 commissum
1899 2412 1965 2445 est,
1985 2405 2177 2449 Spartano-

1203 2476 1280 2496 rum
1298 2462 1388 2494 vires
1404 2461 1449 2492 ita
1467 2460 1509 2491 ab
1519 2458 1762 2503 Epaminonda
1780 2456 1908 2488 accisae
1923 2462 1955 2488 et
1970 2455 2119 2496 attritae,
2138 2464 2176 2489 ut

1202 2523 1381 2557 nunquam
1402 2510 1551 2553 amplius
1569 2507 1684 2550 colligi
1703 2513 1735 2539 et
1754 2505 1939 2538 instaurari
1955 2505 2143 2549 potuerint.

1299 2561 1430 2604 Estque
1448 2559 1639 2602 praeclara,
1666 2563 1699 2589 et
1715 2569 1753 2588 ex
1770 2556 1896 2589 intimo
1912 2567 2015 2589 sensu
2031 2563 2176 2589 naturae

1201 2613 1353 2655 optimae
1375 2610 1506 2653 prolata
1529 2606 1795 2651 Epaminondae
1819 2618 1903 2644 vox,
1939 2616 2043 2650 quam
2075 2612 2173 2649 parta

1200 2662 1344 2697 victoria
1364 2660 1491 2699 edidit,
1526 2669 1612 2702 quae
1641 2657 1704 2690 etsi
1734 2657 1776 2689 ad
1806 2656 2006 2690 institutum
2031 2655 2173 2700 proprie
