2324 2955
124 94 196 131 117

216 177 310 211 Haec
329 178 435 220 igitur
453 184 597 212 naturae
614 177 783 222 aspectio,
810 189 930 211 revera
946 184 995 210 est
1012 189 1097 210 con-

114 227 279 261 sideratio
309 229 450 260 divinae
476 228 682 271 sapientiae,
716 228 883 261 bonitatis
909 234 941 261 et
965 227 1096 260 benefi-

113 278 247 310 centiae
271 290 350 321 erga
373 290 454 315 nos,
482 278 610 310 deinde
634 285 666 311 et
684 279 806 311 utilem
826 289 897 310 esse
915 278 1005 310 vitae
1021 288 1094 310 rna-

113 328 278 360 nisestum
303 334 365 361 est.
419 326 538 370 Quare
564 335 595 361 et
619 336 762 372 propter
783 328 931 370 gloriam
948 326 1033 367 Dei,
1062 333 1094 360 et

112 385 254 421 propter
276 385 430 410 nostram
456 378 643 411 utilitatem
668 376 757 410 hanc
772 378 1009 410 dulcissimam
1029 377 1092 409 do-

110 427 259 460 ctrinam
283 438 455 467 amemus,
483 434 515 461 et
538 428 626 470 grati
649 428 826 460 beneficiis
842 426 907 460 Dei
925 428 1092 467 fruamur,

109 482 142 510 et
172 477 245 509 eius
275 477 481 520 sapientiam
515 485 546 511 et
575 478 766 510 bonitatem
796 477 956 510 celebre⁴
993 488 1026 517 s,
1058 484 1092 510 et

108 526 258 561 sciamus
282 538 344 559 nos
363 528 391 559 ei
410 534 522 560 tantae
539 539 640 559 curae
657 538 745 566 esse,
770 539 841 559 non
861 534 897 560 ut
915 488 1019 560 lffis
1035 527 1091 559 su-

107 576 309 618 gacissimae
348 577 439 610 vitae
477 577 651 609 curriculo
684 578 862 617 consecto,
904 584 1019 620 postea
1052 577 1088 609 in

107 626 205 658 omni
229 627 431 659 aeternitate
456 624 546 658 nihil
571 626 695 666 simus,
730 628 788 659 sed
813 633 851 659 ut
874 627 910 659 in
936 627 993 659 illa
1018 633 1088 659 tota

107 676 310 709 aeternitate
332 676 585 708 consuetudine
612 677 685 709 eius
711 677 886 716 fruamur,
913 683 945 709 et
971 688 1086 709 veram

107 725 180 758 eius
202 726 406 769 sapientiam
431 726 622 764 discamus,
650 727 692 758 ad
719 738 823 770 quam
841 727 906 759 iter
923 726 998 760 vult
1016 738 1086 759 esse

105 782 139 809 et
155 775 367 820 tyrocinium
386 773 489 808 liuius
508 776 624 808 brevis
644 777 733 809 vitae
751 776 919 818 spacium.

204 824 431 869 Nequaquam
454 826 547 857 enim
572 826 658 859 liunt
674 827 765 858 cives
784 824 957 859 Ecclesiae
973 826 1085 858 coele-

101 874 180 914 stis,
208 875 267 919 qui
285 875 322 907 in
341 873 403 908 hac
421 876 490 908 vita
510 876 706 910 doctrinam
724 877 766 909 de
783 876 854 908 filio
872 876 938 909 Dei
954 876 1085 908 discere

102 925 306 960 noluerunt.

203 974 308 1008 Tales
332 982 429 1016 erant
453 982 485 1009 et
501 973 663 1020 physicae
679 982 712 1009 et
730 973 945 1018 theologicae
962 976 1083 1019 dispu-

101 1023 249 1067 tationes
272 1036 489 1057 summorum
509 1023 713 1063 hominum,
741 1026 936 1068 primorum
956 1037 1081 1068 paren-

101 1080 187 1111 tum,
214 1080 246 1107 et
262 1074 389 1108 deinde
400 1073 521 1107 Nohae
537 1081 569 1107 et
586 1075 751 1111 filiorum,
778 1082 811 1108 et
827 1073 1080 1118 postealoscph

100 1123 137 1156 in
167 1124 339 1169 Aegypto.
416 1124 538 1169 Neque
569 1125 662 1156 enim
696 1123 785 1158 hanc
822 1123 1079 1168 philosophiam

98 1174 142 1206 ab
159 1172 365 1217 Aesculapio
391 1175 542 1217 primum
572 1172 718 1215 inchoo,
742 1175 802 1219 qui
826 1187 897 1207 non
918 1175 979 1206 diu
1002 1181 1080 1207 ante

98 1223 230 1256 bellum
241 1223 435 1257 Troianum
452 1231 554 1257 natus
574 1231 634 1264 est,
659 1237 737 1257 cum
757 1225 817 1257 filii
830 1224 1029 1257 Podalirius
1047 1231 1079 1257 et

98 1271 274 1306 Machaon
306 1275 495 1306 exercitum
524 1273 698 1306 Graecum
728 1275 771 1306 ad
798 1273 944 1306 Troiam
970 1275 1078 1307 secuti

97 1322 178 1356 sint.
230 1322 417 1354 Antecedit
438 1330 552 1353 autem
574 1323 676 1353 annis
692 1324 762 1354 fere
780 1323 877 1353 mille
893 1334 1006 1355 annus
1024 1323 1079 1355 di-

98 1371 204 1410 luvii,
238 1371 272 1402 in
297 1382 367 1414 quo
389 1370 522 1403 familia
543 1369 666 1403 Nohae
690 1377 823 1404 servata
849 1378 916 1411 est,
943 1378 1078 1414 tempus

97 1420 180 1453 belli
199 1419 357 1452 Troiani.

196 1467 317 1502 Fuisse
332 1475 446 1502 autem
467 1469 503 1501 in
520 1466 622 1501 Noha
640 1468 956 1501 considerationem
972 1473 1077 1500 natu-

95 1531 153 1553 rae
177 1519 338 1552 eximiam
366 1519 448 1551 inde
472 1518 647 1551 aestimari
672 1525 804 1562 potest,
839 1518 921 1562 quia
944 1523 976 1549 et
999 1517 1077 1549 ani-

95 1569 226 1602 mantia
257 1568 499 1612 congregavit,
532 1574 565 1600 et
594 1569 631 1600 in
654 1580 732 1601 arca
758 1575 830 1601 toto
853 1578 946 1600 anno
971 1567 1076 1610 pavit,

95 1626 129 1653 et
150 1625 267 1663 postea
291 1619 371 1651 filiis
394 1619 465 1651 suis
487 1618 574 1651 vites
598 1618 768 1656 ostendit,
798 1629 883 1661 quas
906 1628 978 1649 non
1003 1616 1075 1649 exi-

95 1670 197 1702 stimo
222 1675 306 1702 tunc
331 1669 482 1712 primum
499 1675 628 1702 creatas
645 1680 734 1708 esse,
762 1669 820 1700 sed
839 1667 991 1711 primum
1009 1666 1073 1709 ipsi

95 1720 133 1752 in
162 1719 285 1752 ultima
315 1725 450 1752 senecta
483 1726 692 1752 monstratas
722 1729 794 1750 esse
825 1729 843 1750 a
868 1717 959 1756 Deo,
993 1717 1074 1760 quia

93 1767 188 1802 Deus
213 1769 323 1802 foveri
346 1768 601 1812 languefactum
618 1779 743 1811 corpus
761 1774 888 1805 aetate,
916 1767 1075 1810 pleniore

94 1819 162 1852 iam
183 1826 266 1863 potu
284 1819 405 1859 voluit,
430 1831 468 1851 ac
488 1818 592 1852 simul
608 1818 816 1861 significavit
833 1824 999 1850 venturae
1010 1829 1073 1859 po-

93 1869 261 1909 steritati,
288 1880 375 1914 quae
398 1875 471 1902 erat
494 1868 610 1902 futura
635 1868 864 1908 imbecillior,
891 1878 979 1911 opus
1000 1868 1074 1901 sore

92 1919 256 1963 deinceps
272 1919 333 1952 tali
350 1926 445 1963 potu.

195 1968 247 2002 Ac
267 1969 327 2002 diu
353 1970 390 2002 in
412 1968 554 2002 familiis
579 1968 682 2011 regiis
704 1967 863 2000 doctrina
888 1967 1021 2000 medica
1043 1973 1075 2000 et

94 2026 295 2053 conservata
322 2027 353 2053 et
377 2025 565 2063 propagata
584 2026 649 2058 est,
675 2024 713 2051 ut
731 2018 903 2050 celebrata
918 2024 969 2050 est
988 2015 1074 2050 Chi-

93 2070 190 2103 ronis
207 2068 373 2102 Centauri
396 2068 533 2109 schola,
559 2068 619 2112 qui
637 2065 811 2101 Achillem
829 2068 948 2101 docuit
966 2074 1074 2100 artem

92 2120 274 2154 medicam.
334 2117 380 2153 Et
404 2118 578 2165 Eurypyli
603 2118 745 2151 vulnera
774 2124 871 2151 curat
893 2116 1074 2150 Patroclus

93 2169 270 2210 remediis,
296 2181 446 2214 quorum
464 2180 567 2202 usum
582 2169 625 2201 ab
636 2166 774 2201 Achille
789 2168 970 2201 didicerat.
1023 2165 1075 2200 Ac

93 2218 269 2253 Homerus
300 2217 436 2265 πικρὰν
465 2216 570 2263 ῥίζαν
593 2218 770 2258 nominat,
803 2230 891 2263 quae
917 2224 1074 2251 veterum

94 2269 314 2313 Scriptorum
340 2269 470 2303 iudicio
493 2275 543 2302 est
567 2265 810 2314 ἀριστολοχιά.
863 2266 932 2301 Sed
949 2267 1073 2301 omitto

94 2320 290 2353 orationem
313 2320 355 2353 de
378 2320 462 2352 artis
480 2319 610 2356 initiis,
637 2318 718 2362 quia
736 2316 827 2350 nihil
845 2318 992 2351 dubium
1012 2324 1074 2361 est,

94 2370 289 2413 primorum
313 2376 449 2412 patrum
472 2368 679 2412 sapientiam
704 2365 794 2400 hanc
812 2368 938 2408 fuisse,
966 2368 1076 2411 expli-

94 2420 268 2453 cationem
291 2419 376 2464 legis
402 2419 543 2452 divinae
568 2425 601 2451 et
616 2417 858 2462 promissionis
875 2418 918 2450 de
937 2417 1076 2450 Media-

94 2476 189 2510 tore,
215 2476 247 2502 et
264 2470 306 2502 de
323 2469 625 2508 reconciliatione,
653 2470 695 2499 de
712 2467 823 2500 causis
839 2467 1074 2501 calamitatum

94 2517 348 2558 humanarum,
376 2525 408 2552 et
428 2520 471 2552 de
490 2518 709 2552 restitutione
725 2518 815 2550 vitae
832 2524 1010 2557 aeternae,
1038 2529 1076 2550 ac

95 2569 222 2602 deinde
254 2568 542 2602 consideratioem
571 2574 725 2601 naturae.
777 2565 880 2601 Certe
909 2567 1004 2600 enim
1032 2568 1077 2600 ab

96 2616 153 2652 his
184 2619 268 2653 anni
293 2618 561 2663 descriptionem
585 2618 799 2662 accepimus,
832 2624 866 2652 et
886 2617 1077 2660 agricultu-

763 90 920 129 DECL.
955 91 1026 127 DE
1060 88 1217 126 ARTE
1252 90 1496 130 MEDICA.

2066 101 2136 133 118

1153 187 1227 208 ram
1240 203 1249 216 ‚
1273 183 1305 209 et
1323 178 1422 220 panis
1439 178 1613 223 coquendi
1631 186 1751 213 artem.
1789 179 1841 213 Ac
1858 180 2030 215 Siracides
2047 190 2136 216 recte

1152 226 1313 259 adfirmat
1344 234 1552 272 utrumque,
1586 237 1619 262 et
1650 231 1802 263 remedia
1830 232 1902 275 ipsa
1933 231 1999 265 Dei
2031 245 2136 275 opera

1150 287 1240 315 esse,
1267 283 1300 309 et
1323 283 1431 309 artem
1454 290 1471 310 a
1488 278 1561 311 Deo
1579 287 1751 313 ostensam
1770 292 1853 314 esse.
1907 282 1965 315 Sic
1981 282 2074 314 enim
2091 284 2133 315 de

1147 326 1313 358 remediis
1333 326 1463 370 inquit:
1492 327 1665 362 Dominus
1686 331 1844 363 condidit
1861 343 1899 363 ex
1918 340 2008 365 terra
2027 330 2133 375 phar-

1146 387 1261 415 maca,
1288 383 1321 409 et
1347 376 1400 408 vir
1430 379 1582 419 prudens
1608 391 1680 411 non
1707 380 1839 413 fastidit
1859 393 1917 420 ea,
1946 394 2033 424 quae
2051 393 2132 413 sen·

1146 426 1254 458 tentia
1274 432 1306 459 et
1325 432 1481 459 autorem
1502 429 1733 461 remediorum
1750 432 1919 470 ostendit,
1946 438 1977 463 et
1995 429 2047 463 his
2066 431 2130 464 Dei

1146 476 1320 508 beneficiis
1346 478 1416 516 uti,
1444 484 1474 509 et
1502 478 1607 518 gratis
1631 479 1807 511 mentibus
1823 479 1936 512 Deum
1954 481 2129 513 celebrare

1144 525 1252 559 iubet.
1306 524 1357 557 De
1382 528 1516 559 medico
1541 534 1656 559 autem
1681 528 1813 571 inquit:
1843 530 1891 561 Da
1916 531 2030 562 locum
2053 543 2127 563 me-

1143 575 1221 607 dico
1235 602 1244 615 ,
1271 587 1353 607 nam
1373 583 1404 608 ct
1422 577 1533 619 ipsum
1548 575 1640 609 Deus
1655 578 1793 611 creavit.
1848 578 1949 611 Item:
1978 579 2124 613 Honora

1143 626 1337 663 medicum,
1372 627 1452 670 quia
1485 633 1628 670 propter
1649 627 1901 660 necesssitatem
1928 627 2020 660 Deus
2044 642 2123 661 eum

1142 676 1289 715 creaxit‚
1318 676 1352 708 id
1371 684 1433 709 est:
1463 689 1534 709 non
1552 676 1704 708 remedia
1722 677 1835 708 solum
1851 678 2123 719 condiditDeus,

1140 726 1198 757 sed
1232 726 1334 758 etiam
1365 727 1459 759 ssexit
1488 733 1622 758 mentes
1655 733 1828 759 certorum
1862 724 2045 759 hominum
2078 730 2122 760 ad

1140 786 1260 807 eorum
1290 776 1574 821 inquisitionem,
1613 776 1747 808 adiuvit
1768 776 1941 816 studium,
1982 784 2014 809 et
2035 778 2122 819 regit

1139 825 1344 865 consilinm,
1368 833 1399 858 et
1422 827 1578 858 dextram
1602 826 1826 866 medicantis,
1853 838 1933 858 nam
1956 827 2029 859 sine
2044 825 2119 859 Deo

1139 886 1209 907 non
1234 882 1284 908 est
1303 876 1406 908 foelix
1426 876 1622 910 medicatio,
1678 874 1753 919 lpse
1770 883 1819 908 est
1837 878 1951 914 enim,
1978 884 2015 910 ut
2033 877 2120 908 scri-

1138 931 1235 966 ptum
1269 932 1337 964 est,
1370 926 1439 958 vita
1465 932 1497 958 et
1524 926 1705 967 longitudo
1728 925 1876 958 dierum.
1940 925 2040 959 ltem:
2077 926 2119 959 In

1138 975 1213 1017 ipso
1246 974 1416 1012 viximus,
1452 986 1571 1007 sumus
1593 982 1626 1008 et
1649 987 1840 1010 movemur.
1908 975 1997 1008 Vere
2022 975 2117 1008 Deus

1136 1031 1186 1056 est
1210 1025 1302 1056 vitae
1325 1025 1402 1056 fons
1427 1031 1458 1057 et
1483 1025 1642 1067 largitor:
1671 1026 1728 1057 sed
1748 1026 1823 1058 vult
1839 1036 1902 1057 nos
1920 1033 2118 1058 reverenter

1135 1074 1186 1106 uti
1218 1074 1258 1106 iis
1294 1075 1415 1115 rebus,
1450 1086 1536 1119 quas
1566 1075 1640 1107 vult
1671 1086 1742 1107 esse
1774 1075 1864 1108 vitae
1891 1076 2118 1113 adminicula,

1135 1136 1221 1168 quae
1240 1125 1284 1156 ita
1305 1132 1388 1158 sunt
1405 1125 1575 1164 efficaces,
1602 1125 1767 1168 cumipse
1785 1136 1839 1157 eas
1857 1126 2009 1158 adiuvat.
2067 1124 2118 1158 Ita

1135 1175 1297 1206 volumus
1329 1176 1370 1206 ad
1398 1175 1666 1207 medicationem
1697 1175 1840 1216 adiungi
1869 1182 1901 1207 et
1925 1175 2118 1207 invocatio-

1134 1236 1213 1256 nem
1247 1223 1330 1262 Dei,
1369 1231 1403 1258 et
1436 1225 1706 1257 celebrationem
1743 1225 1992 1257 beneficiorum
2032 1225 2119 1257 eius,

1133 1273 1227 1306 Ilaec
1251 1274 1363 1306 officia
1388 1273 1464 1307 Deo
1489 1281 1582 1317 grata
1608 1282 1711 1314 sunt,
1746 1287 1817 1306 non
1843 1275 1902 1306 illa
1928 1275 2118 1313 barbaries,

1132 1335 1220 1364 quae
1244 1331 1276 1356 et
1293 1325 1409 1356 Deum
1433 1331 1465 1356 et
1487 1325 1632 1366 vestigia
1650 1323 1713 1356 Dei
1738 1325 1773 1356 in
1791 1331 1933 1364 natura,
1960 1331 1994 1356 et
2011 1330 2116 1356 natu-

1132 1382 1190 1402 rae
1221 1371 1555 1410 considerationem,
1591 1373 1660 1404 imo
1694 1379 1805 1405 totum
1836 1373 1926 1406 vitae
1952 1373 2115 1405 ordinem

1132 1421 1335 1452 contemnit.
1389 1420 1505 1462 Quam
1520 1422 1566 1453 ob
1580 1422 1743 1454 eausam?
1768 1422 1849 1466 quia
1864 1422 2011 1464 legibus,
2034 1422 2115 1456 lite—

1131 1468 1178 1500 ris
1203 1476 1236 1501 ct
1260 1469 1440 1501 doctrinae
1461 1470 1604 1502 inimica
1629 1477 1698 1510 est,
1726 1483 1764 1503 ac
1784 1472 1908 1504 metuit
1926 1473 1997 1504 suis
2014 1473 2115 1515 cupi-

1130 1518 1298 1550 ditatihus
1320 1518 1458 1551 frenum
1476 1519 1573 1550 iniici
1593 1520 1707 1561 legum
1727 1526 1758 1552 et
1775 1521 2015 1553 doctrinarum
2034 1522 2114 1553 vin-

1130 1567 1230 1601 culis.
1281 1566 1334 1599 Ex
1364 1566 1429 1600 hoc
1460 1568 1557 1601 fonte
1582 1569 1821 1601 doctrinarum
1845 1570 1966 1602 odium
1990 1570 2115 1612 oritur,

1130 1629 1202 1650 non
1227 1628 1266 1649 ex
1289 1617 1478 1660 religione,
1505 1618 1568 1651 etsi
1593 1619 1734 1662 quidam
1755 1626 1958 1661 praetexunt
1972 1620 2115 1662 religio-

1130 1679 1220 1699 nem.
1275 1666 1346 1700 Vos
1373 1679 1455 1700 vero
1478 1668 1537 1711 qui
1564 1668 1642 1700 ideo
1659 1669 1840 1701 doctrinae
1859 1670 1984 1702 studiis
2002 1670 2114 1704 dediti

1129 1717 1227 1758 estis,
1254 1724 1292 1750 ut
1310 1716 1424 1750 Deum
1449 1724 1481 1751 et
1499 1717 1565 1750 Dei
1588 1730 1691 1762 opera
1710 1730 1727 1751 a
1744 1719 1848 1751 rebus
1865 1720 1964 1751 malis
1981 1720 2113 1752 discer-

1129 1779 1230 1807 nere,
1256 1774 1288 1800 ct
1303 1766 1416 1800 Deum
1442 1774 1533 1800 recte
1556 1768 1719 1801 invocare
1741 1769 1900 1808 discatis,
1927 1776 1960 1802 et
1978 1770 2113 1812 ample-

1128 1817 1270 1850 ctamini
1303 1829 1355 1850 res
1383 1818 1510 1858 bonas,
1545 1818 1720 1861 agnoscite
1742 1816 1833 1851 hanc
1857 1829 1928 1851 esse
1951 1830 2112 1853 normam

1128 1868 1380 1903 doctrinarum.

1230 1917 1306 1950 Hae
1326 1918 1506 1951 doctrinae
1530 1920 1741 1964 expetendae
1764 1926 1863 1960 sunt,
1892 1932 1979 1965 quae
2004 1932 2111 1965 opera

1128 1967 1193 2001 Dei
1219 1976 1310 2001 recte
1331 1975 1545 2009 monstrant,
1572 1976 1604 2002 et
1629 1970 1665 2001 in
1683 1970 1732 2002 eis
1747 1971 1938 2004 ostendunt
1952 1972 2111 2004 testimo-

1129 2018 1186 2050 nia
1216 2019 1259 2050 de
1289 2029 1347 2058 eo,
1381 2019 1624 2052 confirmantia
1655 2020 1899 2052 adsensionem
1922 2021 1966 2053 de
1991 2021 2111 2063 provi-

1128 2068 1265 2107 dentia,
1288 2075 1327 2101 ut
1349 2069 1543 2101 excitentur
1565 2074 1698 2101 mentes
1712 2069 1754 2101 ad
1775 2069 2019 2101 celebrandam
2038 2071 2112 2102 eius

1127 2118 1333 2162 sapientiam
1346 2144 1355 2158 ,
1383 2118 1575 2151 bonitatem
1600 2126 1633 2152 et
1654 2119 1919 2151 beneficentiam
1939 2130 2017 2161 erga
2036 2131 2112 2159 110⁵,

1128 2175 1160 2201 et
1185 2180 1334 2212 quarum
1359 2168 1599 2201 doctrinarum
1622 2180 1724 2200 usum
1748 2169 1910 2210 prodesse
1932 2166 2028 2202 Deus
2053 2180 2114 2210 ge-

1127 2219 1202 2251 neri
1228 2215 1382 2250 humano
1406 2218 1538 2257 voluit,
1571 2229 1635 2251 nec
1657 2218 1803 2251 delectet
1824 2229 1886 2250 vos
1908 2218 1967 2251 illa
1991 2219 2112 2263 cynica

1127 2268 1316 2312 sapientia,
1342 2280 1430 2312 quae
1453 2268 1594 2311 plausus
1616 2268 1708 2310 apud
1732 2268 1856 2300 stultos
1881 2274 1995 2310 captat
2018 2269 2112 2301 vitu-

1128 2318 1308 2362 peratione
1331 2318 1570 2351 doctrinarum
1593 2324 1625 2350 et
1649 2317 1801 2356 ordinis,
1826 2328 1928 2361 quem
1952 2316 2048 2350 Deus
2074 2318 2112 2350 iu

1127 2375 1198 2402 tota
1230 2375 1355 2401 natura
1385 2375 1417 2401 et
1450 2368 1486 2399 in
1516 2368 1585 2400 vita
1614 2365 1797 2399 hominum
1823 2368 1946 2401 sanxit.
1998 2367 2110 2400 Nobis

1128 2419 1292 2463 quidem,
1324 2418 1385 2462 qui
1408 2417 1577 2450 mediocri
1599 2416 1783 2450 sedulitate
1808 2417 2006 2450 doctrinam
2030 2430 2112 2461 pro-

1128 2480 1310 2512 pagamus,
1336 2474 1369 2500 et
1392 2478 1518 2508 magno
1539 2467 1658 2500 labore
1674 2466 1822 2509 aegrotis
1838 2467 2022 2507 adsumus,
2050 2469 2112 2500 ‹la-

1129 2530 1206 2552 mus
1222 2518 1366 2551 consilia
1383 2523 1414 2550 et
1433 2517 1604 2557 remedia,
1632 2523 1665 2550 et
1682 2528 1753 2550 non
1772 2516 1847 2549 sine
1864 2516 1985 2550 dolore
2002 2518 2111 2549 multa

1130 2569 1241 2602 tristia
1281 2567 1474 2610 spectacula
1512 2567 1705 2607 cernimus,
1744 2566 1966 2610 praecipuam
2000 2567 2111 2598 adfert

1132 2617 1405 2652 consolationem
1422 2614 1506 2649 haec
1521 2617 1594 2662 ipsa
1609 2629 1730 2658 causa,
1755 2617 1849 2661 quod
1866 2617 1992 2650 scimus
2002 2616 2115 2649 Deum

1461 2665 1519 2700 8*
