2324 2955
127 101 171 133 13

125 195 179 218 res
197 182 374 216 communi
390 181 479 213 vitae
494 186 526 212 et
549 178 740 222 posteritati
761 178 912 222 prosint,
940 184 972 210 et
990 184 1026 210 ut
1042 177 1104 217 illi,
1129 178 1132 219 l

126 235 185 280 qui
212 246 285 266 mea
305 245 385 265 voce
409 230 534 263 eruditi
561 236 658 270 sunt,
681 230 764 261 fiant
789 240 917 271 organa
940 228 1104 261 salutaria
1129 224 1131 256 Ι

122 283 298 318 Ecclesiae
330 290 362 316 et
386 280 627 324 Reipublicae.
687 278 776 313 Cum
804 286 917 312 autem
943 278 1010 310 iam
1036 277 1103 311 Dei

124 335 290 368 beneficio
315 344 411 375 agam
435 343 565 363 anuum
590 330 729 363 tertium
748 336 780 362 et
802 329 1104 373 septuagesimum,

123 393 153 419 et
181 395 323 427 magnos
347 383 481 415 labores
508 381 543 413 in
568 381 722 413 consiliis
749 387 777 412 et
802 380 836 412 in
854 381 1011 412 docendo
1027 389 1103 410 sus-

124 437 269 477 tineam,
306 441 338 467 et
366 433 547 465 doloribus
565 432 698 474 magnis
722 437 862 473 propter
879 429 1052 463 Ecclesiae
1071 436 1102 462 et

122 486 348 528 imperiorum
379 483 599 515 confusiones
627 481 816 520 excrucier,
851 493 999 525 aequum
1030 486 1102 512 erat

121 534 206 569 mihi
232 535 324 579 parci
350 535 385 566 in
409 532 471 565 hac
497 538 588 565 tanta
621 537 775 568 senecta,
810 538 841 563 et
869 531 904 562 in
938 528 1001 563 hac
1027 542 1101 562 mea

121 586 311 623 moestitia,
347 591 379 617 et
403 584 518 626 aliqua
545 579 631 613 mihi
653 593 758 614 onera
783 581 883 614 demi.
937 580 1007 613 Nec
1031 587 1100 612 tam

119 637 282 679 languida
308 642 341 668 et
364 639 491 666 moesta
518 638 674 665 senectus
697 631 821 663 idonea
847 638 895 664 est
918 632 959 663 ad
983 631 1101 662 dicen-

120 689 204 720 dum
222 687 257 718 in
276 685 402 718 talibus
425 683 685 725 congressibus,
714 682 772 726 qui
800 682 975 725 postulant
992 687 1023 713 et
1039 693 1101 713 vo-

119 749 191 769 cem
221 743 251 769 et
279 735 472 768 orationem
502 732 717 766 hilariorem.
786 733 854 765 Sed
883 738 997 765 tamen
1022 743 1099 764 cum

118 788 172 819 vir
190 785 425 824 doctissimus,
453 791 485 817 et
503 784 562 827 qui
588 795 721 815 mecum
748 794 858 814 annos
881 783 1018 815 circiter
1041 783 1101 814 de-

119 849 189 870 cem
210 844 241 870 et
259 842 403 879 septem,
433 841 470 867 ut
484 834 575 866 filius
593 834 695 873 vixit,
724 839 755 866 et
773 845 873 877 quem
892 840 1032 876 propter
1046 832 1098 864 in-

117 888 276 930 genium,
302 885 415 919 studia
429 911 437 925 ,
463 885 614 928 optimos
632 895 756 923 mores,
783 895 918 927 semper
935 890 1099 927 tanquam

117 938 227 970 filium
243 936 367 975 dilexi,
394 934 541 967 loannes
558 946 575 967 a
595 933 767 970 Borckem
795 940 896 966 natus
916 934 951 965 in
971 934 1099 978 inclyta

117 989 204 1021 urbe
220 987 358 1026 Brema,
386 997 424 1018 ex
441 985 577 1029 patricii
595 985 730 1017 ordinis
748 982 1002 1026 honestissima,
1031 985 1101 1016 cla—

117 1038 252 1071 rissima
281 1044 310 1069 et
347 1035 588 1080 antiquissima
623 1035 773 1075 familia,
814 1034 1025 1067 existimaret
1057 1035 1099 1066 ad

117 1100 217 1122 suum
244 1085 413 1120 honorem
437 1084 502 1118 hoc
528 1086 562 1117 in
590 1085 709 1128 primis
734 1085 928 1129 pertinere,
965 1091 1000 1117 ut
1027 1096 1100 1116 mea

116 1151 199 1171 voce
218 1138 396 1181 publicum
413 1136 648 1169 testimonium
664 1136 728 1168 sibi
746 1137 1000 1174 decerneretur,
1027 1147 1101 1166 me-

117 1202 184 1233 que
201 1195 336 1228 oraret,
361 1194 399 1220 ut
418 1199 619 1231 quanquam
638 1198 691 1218 me
707 1198 778 1218 non
803 1186 954 1219 libenter
976 1197 1100 1217 onera-

116 1246 167 1272 ret
193 1239 325 1276 labore,
361 1244 476 1270 tamen
498 1249 575 1269 cum
602 1248 654 1269 me
676 1244 840 1281 tanquam
864 1243 995 1279 patrem
1021 1247 1099 1267 vera

116 1290 242 1333 pietate
259 1289 396 1321 coleret.
424 1299 495 1318 non
511 1289 661 1319 deessem
679 1287 751 1319 eius
770 1285 897 1319 honori
914 1287 973 1319 tali
992 1287 1099 1329 ipsius

116 1346 290 1382 tempore,
326 1344 358 1369 ct
387 1337 515 1369 diceret
535 1349 604 1368 non
631 1336 743 1368 solum
769 1337 804 1368 in
831 1337 1030 1368 testimonio
1058 1337 1099 1367 de

117 1400 208 1425 sese,
232 1388 309 1430 plus
334 1387 406 1418 sore
431 1386 644 1424 autoritatis,
672 1386 697 1416 si
717 1397 790 1417 mea
811 1398 892 1417 voce
914 1385 1099 1417 renuncia-

116 1438 164 1471 tio
188 1437 300 1473 fieret,
336 1436 392 1467 sed
418 1435 518 1467 etiam
543 1433 823 1466 adhortationem
847 1436 888 1466 ad
914 1437 1098 1466 amandam

115 1485 204 1520 hanc
223 1485 418 1518 doctrinam
445 1485 535 1528 apud
565 1485 692 1516 multos
718 1485 793 1527 plus
814 1485 998 1516 valituram
1017 1496 1100 1523 esse,

115 1539 142 1570 si
161 1538 231 1580 ipse
247 1537 407 1573 dicerem,
436 1542 550 1567 motus
569 1547 642 1567 snm
663 1542 806 1578 paterno
823 1535 951 1574 animo,
979 1542 1018 1567 ut
1034 1532 1099 1566 hoc

115 1587 265 1620 officium
285 1592 484 1618 reverenter
506 1585 634 1628 petenti
657 1585 858 1619 tribuerem.
913 1585 1099 1618 Libentius

115 1638 217 1672 etiam
240 1637 318 1669 ideo
339 1634 429 1669 hanc
454 1635 645 1669 testimonii
670 1636 971 1668 renunciationem
998 1635 1098 1673 satin,

116 1689 208 1733 quod
228 1688 297 1720 scio
322 1699 398 1719 eum
419 1693 452 1719 et
476 1693 566 1718 recte
585 1698 683 1718 nosse.
705 1687 816 1719 sontes
837 1684 939 1718 huius
955 1686 1098 1729 amplis-

115 1740 220 1771 simae
242 1737 429 1781 sapientiae
454 1737 587 1779 legmn,
615 1743 648 1769 et
663 1748 777 1769 amare
797 1737 964 1770 iustitiam
985 1743 1018 1768 et
1043 1737 1098 1768 in-

116 1789 310 1832 tegritatem
337 1788 372 1820 in
398 1788 494 1819 omni
523 1787 656 1826 osticio,
693 1794 724 1819 et
752 1799 850 1830 spero
883 1799 961 1820 eum
994 1784 1099 1819 liuius

116 1839 293 1871 doctrinae
326 1844 589 1881 propagatorem
625 1838 697 1869 fore
735 1838 856 1869 utilem
894 1837 1098 1880 posteritati.

116 1889 160 1923 Et
183 1890 274 1934 quod
291 1901 367 1921 cum
385 1894 481 1932 patre
498 1888 571 1920 eius
588 1887 758 1920 Meimero
776 1900 792 1920 a
808 1887 980 1927 Borcken,
1004 1886 1098 1920 Cou-

115 1940 241 1980 sulari,
278 1939 352 1971 viro
379 1939 511 1982 optimo
535 1950 572 1970 ac
604 1938 844 1980 integerrimo,
881 1946 961 1972 ante
987 1950 1099 1970 annos

116 1991 193 2033 plus
212 1990 326 2022 minus
343 1989 504 2031 triginta,
530 1995 626 2021 vetus
643 1987 730 2021 mihi
750 1989 876 2021 noticia
895 1996 927 2022 et
945 1989 1097 2021 amicitia

116 2040 319 2072 intercessit.
381 2040 451 2082 Qui
479 2039 618 2083 quidem
645 2051 713 2071 una
739 2052 816 2072 cum
840 2040 1044 2083 aequalibus
1066 2045 1099 2071 et

116 2089 256 2131 collegis
273 2089 352 2127 suis,
371 2090 513 2122 Daniele
531 2102 546 2120 a
566 2088 714 2127 Beuren,
733 2088 888 2122 Martiuo
907 2091 948 2121 ab
969 2088 1097 2121 licien—

117 2141 206 2182 burg
231 2146 262 2172 et
279 2138 409 2172 Ioanne
429 2139 591 2182 'l‘rupen‚
620 2140 703 2172 viris
725 2140 946 2180 clarissimis,
972 2147 1002 2172 et
1026 2141 1097 2172 exi-

116 2190 184 2231 mia
203 2190 404 2234 prudentia,
431 2189 598 2232 omnique
616 2202 738 2232 genere
756 2191 894 2224 virtutis
919 2197 1097 2234 praestan-

115 2240 256 2274 tissimis
271 2240 305 2272 in
319 2238 511 2283 Republica
524 2238 712 2280 lit-emensi,
728 2237 921 2273 honoribus
937 2248 969 2273 et
981 2241 1098 2282 ‹ligni-

117 2297 184 2325 tate
198 2289 383 2323 Consulari
405 2298 486 2322 tunc
508 2290 656 2322 maxime
673 2291 808 2331 ssoruit,
836 2298 869 2324 et
887 2292 990 2333 longo
1009 2298 1096 2323 tem-

116 2353 200 2385 pore
224 2341 265 2373 ad
290 2352 399 2373 anuos
416 2341 662 2384 quadraginta,
690 2348 721 2374 et
738 2342 886 2385 amplius
911 2342 944 2373 in
971 2354 1097 2373 consu-

118 2393 188 2424 latu
217 2391 345 2434 patriae
379 2402 459 2423 suae
494 2391 661 2432 singulari
690 2391 755 2424 fide
778 2404 815 2424 ac
839 2392 1019 2432 diligentia
1050 2392 1095 2424 ita
1122 2403 1123 2414 ¹

118 2441 283 2485 praefuit,
313 2448 349 2474 ut
373 2441 496 2474 merito
519 2452 581 2473 suo
603 2448 698 2484 pater
723 2442 851 2484 patriae
877 2440 1016 2475 habitus
1037 2455 1096 2475 vo—

119 2499 282 2535 catusque
300 2492 354 2526 sit.
382 2492 541 2532 Quorum
560 2498 767 2534 temporum,
784 2500 813 2525 et
832 2493 986 2525 virorum
1005 2494 1095 2536 opti-

118 2554 274 2581 morum,
318 2539 473 2586 mihique
496 2539 800 2582 charissimorum,
836 2544 1096 2586 ‹pintiensrnm-

118 2605 183 2636 que
199 2592 372 2631 recordor,
400 2592 581 2634 (recordor
597 2600 710 2625 autem
728 2593 940 2637 saepissime)
959 2594 1097 2632 totiens,

118 2641 222 2675 huius
238 2643 454 2683 aermnuosi,
481 2655 685 2688 semperque
711 2643 745 2675 in
770 2644 867 2687 peius
883 2645 1095 2686 degeneran-

660 91 816 129 DECL.
852 91 924 127 DE
957 90 1341 129 REVERENTIA
1375 95 1590 132 LEGUM.

2100 99 2143 132 14

1156 178 1198 212 tis
1215 180 1319 212 seculi
1339 192 1470 221 mores,
1495 181 1721 226 mise1·IaSque
1739 183 1829 225 apud
1850 183 2004 215 animum
2025 194 2139 215 meum

1155 230 1320 273 deploro,
1350 242 1387 262 ac
1412 232 1582 264 eiusmodi
1609 231 1963 275 Rerumpublicarum
1986 233 2139 265 admini-

1154 286 1317 313 stratores
1345 291 1382 312 ac
1411 282 1644 314 moderatores
1669 281 1810 328 (quales
1828 283 1896 322 illi,
1924 295 2010 327 quos
2033 285 2137 315 modo

1154 330 1353 369 nominavi,
1387 331 1547 375 suerunt)
1575 333 1674 365 nobis
1698 346 1836 377 quoque
1862 333 1988 366 iterum
2014 346 2138 378 quam-

1155 381 1324 424 plurimos
1350 381 1519 414 dixinitus
1543 383 1637 425 dari,
1666 395 1703 415 ex
1731 384 1848 416 animo
1871 390 1968 427 opto,
1995 390 2137 427 totoque

1153 438 1291 475 pectore
1309 444 1438 475 precor.

1256 481 1334 514 lluc
1364 482 1495 515 accedit
1530 494 1648 514 recens
1684 483 1851 524 affinitas,
1890 497 1976 528 quae
2006 491 2041 516 ut
2071 483 2136 527 ipsi

1153 543 1279 576 sponso
1294 540 1326 565 et
1342 544 1504 575 sponsae,
1532 544 1635 576 quam
1655 532 1756 564 etiam
1775 540 1940 578 tanquam
1958 535 2062 567 filiam
2082 536 2137 566 di-

1152 583 1221 625 ligo
1234 610 1242 623 ,
1270 584 1381 616 fausta
1399 590 1431 616 et
1447 583 1551 615 foelix
1568 583 1628 623 sit,
1657 580 1792 616 etmihi
1813 591 1846 617 et
1865 585 1950 616 meis
1973 585 2136 621 iucunda,

1152 640 1245 677 opto.

1253 683 1442 728 Postquam
1464 690 1580 716 autem
1600 684 1740 726 exposui
1758 695 1893 723 causas,
1920 694 2026 728 quare
2048 680 2137 715 hanc

1152 734 1454 767 renunciationem
1482 735 1671 766 testimonii
1698 734 1832 772 faciam,
1860 746 1955 766 nunc
1983 733 2137 766 iuniores

1151 785 1328 829 alloquar,
1355 795 1442 829 quos
1466 785 1616 827 primum
1635 782 1802 818 adhortor
1822 796 1959 824 omnes,
1989 795 2060 815 non
2079 794 2137 814 so·

1152 836 1225 868 lum
1250 835 1427 868 auditores
1446 842 1605 875 nostros,
1636 836 1692 867 sed
1721 835 1823 868 etiam
1848 842 2016 873 caeteros,
2044 840 2080 865 ut
2102 844 2137 865 se

1152 898 1276 928 magua
1294 897 1374 918 cura
1391 885 1628 918 adsuefaciant
1645 886 1685 917 ad
1705 885 1933 917 reverentiam
1952 885 2076 927 legum,
2103 890 2136 915 et

1152 937 1257 970 totius
1280 936 1412 979 politici
1438 936 1589 975 ordinis,
1622 942 1654 968 et
1678 947 1774 968 veras
1805 946 1922 968 causas
1944 933 2008 967 hac
2033 935 2074 966 de
2100 945 2136 965 re

1152 987 1319 1029 cogitent,
1347 998 1384 1019 ac
1402 987 1536 1018 furores
1554 986 1698 1018 istorum
1716 993 1930 1025 execrentur,
1956 985 2015 1030 qui
2036 985 2137 1026 leges,

1151 1044 1183 1070 et
1206 1035 1295 1069 hanc
1320 1036 1546 1080 sapientiam,
1577 1049 1664 1080 quae
1684 1035 2014 1068 Iurisconsultorum
2035 1034 2135 1067 libris

1151 1087 1368 1126 continetur,
1390 1093 1628 1120 contemnunt.
1684 1085 1784 1128 Quae
1802 1098 1877 1118 mea
1896 1085 1939 1118 sit
1957 1092 2060 1124 aetas,
2084 1084 2136 1115 vi-

1151 1139 1251 1173 detis.
1289 1135 1334 1170 Et
1352 1149 1429 1169 cum
1447 1143 1496 1170 tot
1513 1137 1633 1177 anuis,
1660 1149 1730 1169 non
1750 1137 1862 1169 solum
1883 1137 1919 1168 in
1937 1133 2002 1168 hoc
2019 1134 2135 1168 studio

1151 1195 1305 1221 versatus
1324 1188 1406 1227 sim,
1434 1188 1491 1220 sed
1512 1188 1614 1220 etiam
1634 1186 1946 1220 deliberationibus
1968 1186 2135 1218 maxima-

1151 1252 1228 1272 rum
1246 1250 1362 1271 rerum
1379 1238 1416 1269 in
1434 1236 1630 1280 Republica
1650 1237 1888 1276 interfuerim,
1912 1247 2047 1269 necesse
2069 1235 2135 1267 fuit

1150 1302 1204 1321 me
1230 1288 1357 1321 intueri
1386 1286 1570 1321 hominum
1600 1288 1724 1326 vitam,
1758 1287 1979 1320 considerare
2005 1286 2135 1319 multo-

1151 1352 1228 1372 rum
1251 1339 1391 1378 iudicia,
1419 1339 1535 1370 videre
1552 1339 1662 1371 exitus
1679 1338 1906 1370 consiliorum
1923 1335 2135 1369 memorabi-

1150 1389 1217 1429 les,
1244 1396 1275 1421 et
1293 1388 1491 1421 testimonia
1511 1389 1625 1429 legum
1643 1394 1674 1420 et
1691 1388 1811 1419 iudicii
1831 1387 1957 1420 divini.
1995 1385 2051 1419 Sic
2071 1385 2136 1430 igi-

1151 1446 1207 1470 tur
1230 1439 1347 1470 audite
1370 1436 1457 1470 hanc
1481 1450 1593 1470 meam
1613 1438 1827 1477 orationem,
1855 1449 1927 1469 non
1943 1444 1981 1470 ut
1998 1436 2135 1469 iuveni-

1150 1488 1216 1520 lem
1234 1488 1534 1527 declamationem,
1560 1489 1619 1519 sed
1637 1495 1672 1520 ut
1693 1500 1808 1519 veram
1827 1486 2135 1519 commonefactio-

1150 1550 1241 1578 nem,
1259 1550 1362 1582 quam
1380 1544 1412 1570 et
1430 1549 1493 1570 nos
1508 1549 1606 1570 senes
1621 1538 1694 1570 vult
1707 1537 1800 1570 Deus
1816 1548 1938 1569 sonare
1957 1537 1993 1568 in
2011 1547 2135 1579 genere

1150 1586 1324 1631 humano,
1360 1594 1398 1621 ut
1423 1588 1494 1631 ipse
1518 1595 1743 1630 agnoscatur,
1777 1594 1808 1620 et
1826 1588 1926 1619 saluti
1950 1585 2134 1619 hominum

1150 1639 1369 1678 consulatur,
1397 1645 1430 1671 et
1451 1639 1604 1670 iuniores
1624 1639 1699 1671 vult
1723 1645 1922 1670 reverenter
1938 1637 2076 1676 audire,
2103 1642 2135 1668 et

1149 1696 1292 1732 propter
1315 1689 1462 1731 gloriam
1489 1688 1552 1722 Dei
1582 1696 1614 1722 et
1640 1690 1784 1721 salutem
1812 1688 1987 1731 publicam
2013 1694 2044 1719 et
2063 1686 2134 1730 pri-

1150 1746 1263 1772 vatam
1281 1739 1310 1771 ei
1327 1739 1479 1773 obedire.

1251 1789 1364 1824 Totus
1389 1787 1447 1822 hic
1471 1791 1557 1822 ordo
1583 1789 1762 1833 politicus,
1800 1789 1911 1831 leges,
1946 1788 2134 1820 discrimen

1152 1837 1377 1873 honestorum
1414 1847 1446 1872 et
1479 1841 1655 1884 turpium,
1692 1841 1928 1882 magistratus,
1962 1837 2136 1879 coniugia,

1151 1891 1390 1923 dominiorum
1413 1891 1612 1930 distinctio,
1636 1897 1850 1929 contractus,
1879 1890 2024 1927 iudicia,
2052 1899 2135 1930 poe—

1151 1953 1233 1981 nae,
1262 1941 1323 1974 Dei
1344 1952 1431 1984 opus
1452 1948 1520 1979 est,
1546 1948 1577 1974 et
1599 1942 1720 1983 iugens
1747 1941 1971 1978 beneficium,
1998 1947 2029 1972 et
2053 1938 2134 1969 illu-

1151 1992 1232 2025 stria
1257 1992 1299 2023 de
1324 1990 1396 2024 Deo
1424 1992 1621 2025 testimonia
1653 1992 1803 2034 plurima
1829 1991 1989 2023 ostendit.
2053 1987 2133 2020 ldeo

1151 2042 1237 2074 dicit
1260 2042 1427 2085 sapientia
1455 2042 1572 2074 divina
1599 2043 1688 2085 apud
1712 2042 1955 2073 Salomonem:
1991 2038 2057 2070 Per
2081 2050 2134 2069 me.

1153 2104 1247 2134 reges
1272 2099 1435 2133 regnaut,
1471 2100 1503 2125 et
1529 2093 1659 2124 indices
1684 2093 1771 2125 iusta
1798 2092 2001 2123 decernunt.
2056 2087 2134 2131 lpsa

1151 2142 1214 2176 Dei
1245 2143 1432 2186 sapientia,
1461 2143 1549 2184 leges
1577 2149 1606 2174 et
1633 2149 1742 2175 totum
1767 2142 1926 2173 ordinem
1952 2139 2133 2183 politicum

1150 2194 1186 2225 iu
1206 2205 1331 2235 genere
1357 2190 1510 2225 humano
1530 2193 1699 2231 institnit,
1727 2199 1760 2224 et
1778 2204 1848 2224 non
1869 2191 2007 2235 penitus
2025 2189 2133 2221 deleri

1150 2244 1251 2283 sinit,
1285 2243 1418 2278 etiamsi
1438 2243 1587 2282 diaboli,
1623 2250 1653 2276 et
1677 2243 1793 2274 ‹mmia
1820 2254 1948 2283 organa
1973 2239 2134 2272 diabolo-

1150 2306 1228 2327 rum
1246 2295 1371 2327 multas
1390 2291 1581 2325 horrendas
1597 2293 1817 2325 confusiones
1835 2292 2000 2324 esliciuut.

1251 2344 1331 2376 Seio
1352 2345 1385 2375 in
1408 2342 1469 2375 hac
1488 2343 1632 2385 caligine
1654 2341 1823 2383 humana,
1850 2342 2051 2386 pracsertim
2081 2341 2135 2373 iu-

1150 2395 1267 2426 niores
1289 2395 1405 2426 minus
1430 2394 1669 2433 considerare,
1708 2401 1858 2438 quantae
1883 2404 1935 2425 res
1955 2393 2042 2427 sint,
2079 2403 2133 2423 sa—

1150 2445 1280 2487 pientia
1309 2453 1339 2478 et
1367 2444 1500 2476 iusticia
1521 2443 1603 2482 Dei,
1632 2444 1737 2485 leges,
1766 2457 1852 2488 quae
1869 2450 1947 2475 sunt
1975 2442 2062 2474 radii
2080 2454 2133 2473 sa-

1149 2495 1299 2538 pientiae
1315 2495 1465 2527 divitum.
1500 2492 1545 2526 Et
1565 2495 1664 2526 multi
1682 2496 1815 2526 furores
1835 2494 2026 2537 impediunt
2045 2491 2134 2524 hanc

1540 2543 1619 2576 ldeo
1647 2546 1718 2578 vult
1744 2544 1840 2578 Deus
1869 2556 1967 2576 senes
1999 2544 2135 2587 aliquos.

1148 2607 1220 2628 csse
1239 2596 1442 2627 monitores.
1494 2592 1569 2627 Etsi
1593 2604 1705 2628 autem
1729 2609 1797 2627 non
1819 2606 1940 2627 omnes
1956 2595 2133 2634 obtempe-

1147 2653 1246 2685 rant,
1276 2653 1389 2679 tannen
1408 2645 1607 2688 aliquorum
1636 2653 1772 2689 pectora
1795 2646 1885 2678 Deus
1904 2646 1945 2678 ad
1969 2644 2137 2676 obedien-

1148 2546 1341 2578 considerat
1351 2545 1476 2579 ionem.
