2324 2955
110 107 181 144 521

112 199 152 227 ut
173 189 347 234 intelligat
367 190 530 224 universa
553 188 739 234 posteritas
763 200 882 223 veram
906 200 979 223 esse
1002 185 1093 222 hanc

112 241 336 276 sententiam:
374 240 465 274 Vivo
490 251 572 283 ego,
603 239 687 273 nolo
719 247 868 274 mortem
892 239 1095 285 peccatoris,

110 293 170 326 sed
187 298 226 326 ut
244 298 467 326 convertatur
483 297 516 324 et
535 290 643 326 vivat.
686 289 746 335 Ut,
770 292 886 325 Adam
903 298 936 325 et
957 289 1092 324 Hevam

109 342 266 377 ruituros
291 343 328 375 in
356 349 533 375 aeternam
557 348 726 383 mortem,
762 342 800 374 in
833 342 908 386 ipso
943 341 1092 376 articulo

110 390 256 428 retrahit
269 393 307 425 in
323 392 450 431 vitam,
477 403 542 425 nec
558 391 642 426 sinit
659 403 717 426 eos
733 392 859 437 perire,
886 392 945 426 sed
964 392 1093 436 promit

109 456 149 478 ex
165 454 291 477 arcano
311 442 392 476 sinu
407 454 526 476 vocem
543 440 747 487 Evangelii,
773 442 820 477 ita
843 449 877 477 et
896 443 998 477 nobis
1017 443 1092 477 vult

106 493 285 538 opitulari.

207 542 242 578 4.
283 542 333 578 Ut
356 544 464 589 igitur
487 551 572 579 tunc
588 544 767 578 incoatum
787 550 837 578 est
851 542 1089 578 ministerium

110 595 365 639 praedicandae
392 595 629 640 poenitentiae
648 601 682 629 et
699 595 914 629 remissionis
931 599 1091 640 peccato—

104 657 202 687 rum,
229 645 277 679 ita
298 657 434 690 semper
456 652 574 690 postea
594 644 690 680 Deus
714 643 781 680 hoc
803 658 906 680 suum
929 643 1090 678 ministe-

103 696 197 730 rium
230 696 268 729 in
293 694 449 730 Ecclesia
471 708 531 730 sua
559 696 637 730 vult
667 708 809 738 sonare,
844 696 1021 738 defendit,
1055 700 1088 728 et

103 757 203 791 saepe
219 746 391 781 instaurat
407 747 633 781 obscuratum
656 747 752 781 falsis
774 747 1022 792 opinionibus,
1048 752 1088 780 ut

101 794 283 831 Pharisaei
307 804 340 832 et
362 795 534 831 Monachi
560 798 648 832 fictis
677 797 994 838 satisfactionibus,
1029 796 1086 829 in-

103 848 295 892 dulgentiis
316 854 351 882 et
372 849 451 882 aliis
475 849 631 882 tenebris
648 850 927 884 obscuraverunt
953 847 1086 881 contri-

101 898 209 932 tionis
224 905 257 933 et
273 899 353 933 fidei
371 899 583 934 doctrinam.

201 947 237 984 5.
280 948 432 984 Aeterna
455 957 489 984 et
510 950 742 984 immutabilis
756 948 823 984 Dei
846 950 1010 984 voluntas
1025 956 1087 992 est,

99 1005 139 1033 ut
159 1007 353 1044 arguantur
374 998 561 1034 hominum
585 1007 744 1044 peccata,
777 1006 997 1044 proponatur
1020 1001 1086 1034 do-

99 1049 213 1084 ctrina
235 1052 279 1084 de
301 1051 508 1085 remissione
530 1057 776 1095 peccatorum,
802 1058 835 1085 et
852 1051 925 1086 vita
942 1058 1083 1085 aeterna

99 1100 228 1135 donata
250 1108 395 1146 propter
415 1101 562 1136 Filium.

200 1153 236 1187 6.
279 1150 362 1186 Ideo
387 1153 474 1187 dicit
490 1150 667 1186 Christus:
693 1151 848 1197 Spiritus
867 1158 1007 1186 sanctus
1028 1163 1084 1185 ar-

98 1208 181 1246 guet
202 1203 396 1245 mundum,
422 1204 466 1237 de
486 1209 645 1247 peccato,
672 1203 715 1237 de
737 1203 875 1237 iusticia
902 1210 936 1238 et
961 1204 1004 1236 de
1028 1203 1083 1236 iu-

97 1252 204 1289 dicio.

200 1305 235 1339 7.
261 1302 339 1338 Etsi
354 1301 438 1337 haec
455 1303 630 1337 imbecilla
648 1310 681 1338 et
697 1315 796 1337 coeca
814 1301 1001 1338 hominum
1017 1316 1082 1338 na-

96 1361 174 1389 tura
197 1365 381 1400 nunquam
405 1354 488 1388 satis
511 1355 627 1396 videt,
652 1362 782 1401 quanta
804 1355 850 1389 sit
866 1355 916 1388 ira
933 1353 1022 1396 Dei,
1049 1361 1082 1388 et

96 1411 268 1449 quantum
284 1406 416 1438 malum
439 1405 483 1438 sit
507 1412 703 1449 peccatum:
732 1412 850 1439 tamen
872 1406 1027 1451 aliquam
1044 1405 1081 1438 in

96 1451 241 1487 homine
257 1455 505 1488 contritionem
523 1455 669 1488 existere
686 1462 834 1498 oportet.
867 1454 913 1489 Et
929 1462 979 1489 est
995 1467 1083 1489 con-

93 1505 192 1538 tritio
209 1516 290 1538 vere
307 1515 531 1548 expavescere
547 1505 726 1548 agnitione
743 1505 815 1538 irae
828 1504 895 1538 Dei
913 1506 1080 1538 adversus

93 1562 285 1599 peccatum.
337 1554 406 1589 Hic
422 1567 532 1600 pavor
551 1567 589 1588 ac
605 1555 709 1589 dolor
727 1556 765 1588 in
782 1556 860 1588 aliis
878 1555 1008 1597 maior,
1040 1555 1079 1588 in

93 1605 172 1639 aliis
195 1606 313 1639 minor
337 1612 405 1647 est,
431 1606 490 1639 sed
515 1606 656 1648 crescit,
683 1614 716 1640 et
738 1606 775 1639 sit
801 1607 924 1651 purior
942 1606 979 1639 in
996 1617 1079 1639 san—

93 1656 178 1697 etis,
212 1656 274 1701 qui
296 1656 502 1700 proficiunt,
534 1663 574 1691 ut
593 1657 643 1692 ait
666 1654 851 1692 Ezechias:
897 1656 996 1691 Sicut
1023 1657 1078 1689 leo

93 1706 262 1740 contrivit
276 1706 395 1739 omnia
413 1718 489 1740 ossa
512 1718 600 1740 mea.

195 1756 231 1792 8.
273 1754 364 1789 Cum
381 1754 601 1799 Augustinus
621 1764 702 1791 ante
725 1764 873 1791 mortem
899 1768 998 1792 suam
1024 1757 1076 1791 la-

92 1817 255 1852 crymans
271 1817 343 1840 sese
359 1813 547 1847 accusaret,
571 1808 665 1852 quod
680 1820 863 1853 nunquam
884 1809 982 1853 prius
997 1814 1077 1841 tan-

91 1863 211 1901 topere
250 1857 419 1891 doluisset
462 1863 607 1902 propter
642 1869 725 1892 suos
764 1859 901 1904 lapsus,
950 1859 1076 1893 didicit

91 1919 245 1941 crescere
261 1907 515 1952 poenitentiam
534 1908 570 1941 in
587 1909 722 1945 sanctis.

193 1958 228 1992 9.
263 1958 338 1992 Imo
357 1958 435 1991 ideo
453 1970 562 2001 genus
577 1956 774 1994 humanum
797 1972 1002 2005 oppressum
1022 1968 1073 1995 est

92 2015 224 2051 morte,
249 2016 282 2043 et
297 2010 376 2043 aliis
391 2010 593 2050 ingentibus
609 2011 883 2053 calamitatibus,
909 2019 947 2045 ut
962 2022 1074 2055 agno-

88 2066 206 2093 scatur
226 2060 277 2094 ira
297 2058 362 2093 Dei
388 2061 555 2094 adversus
578 2069 766 2105 peccatum.
819 2061 866 2095 Et
888 2062 970 2107 quia
994 2075 1069 2096 eam

89 2111 190 2155 impii
213 2111 323 2144 securi
349 2117 600 2152 contemnunt,
623 2112 732 2155 magis
756 2113 929 2158 premitur
948 2111 1074 2147 Eccle-

88 2162 152 2202 sia,
167 2168 207 2196 ut
223 2161 295 2206 ipsa
315 2161 400 2195 iram
421 2169 452 2195 et
473 2162 643 2196 iudicium
654 2162 721 2197 Dei
738 2171 901 2207 agnoscat
917 2171 949 2198 et
970 2176 1072 2208 prae-

84 2212 197 2254 dicet,
222 2218 256 2246 et
273 2220 416 2258 quaerat
432 2212 679 2248 liberationem
698 2215 877 2258 agnitione
894 2214 978 2249 Filii
996 2228 1070 2248 me-

85 2262 250 2304 diatoris,
273 2264 362 2298 sicut
379 2263 548 2309 scriptum
567 2271 633 2299 est:
663 2264 837 2300 Iudicium
854 2278 872 2300 a
889 2267 994 2300 domo
1004 2265 1070 2300 Dei

85 2313 219 2358 incipit.

190 2364 248 2399 10.
285 2363 365 2399 Ideo
383 2372 414 2399 et
430 2365 497 2407 lex,
520 2378 609 2412 quae
625 2374 675 2401 est
692 2374 873 2402 aeternum
891 2375 924 2402 et
940 2369 1069 2402 immu-

85 2414 195 2449 tabile
211 2414 381 2449 iudicium
397 2414 462 2450 Dei
480 2417 648 2451 adversus
666 2425 842 2463 peccatum
854 2446 863 2460 ,
891 2419 983 2453 edita
1008 2426 1070 2461 est,

84 2472 121 2499 ut
140 2472 309 2498 monstret
327 2474 503 2509 peccatum
521 2475 554 2502 et
571 2480 691 2502 causas
706 2469 957 2504 calamitatum.

186 2516 242 2549 11.
284 2515 370 2549 Vult
397 2515 491 2551 Deus
521 2526 637 2553 extare
670 2532 790 2553 vocem
822 2519 927 2563 legis,
964 2528 1002 2555 ut
1028 2532 1068 2554 ex

83 2572 176 2599 certo
195 2567 302 2599 verbo
320 2565 386 2600 Dei
405 2568 571 2608 sciamus,
599 2571 684 2616 qnid
712 2572 754 2605 sit
779 2577 976 2615 peccatum,
1003 2583 1066 2604 nec

82 2617 252 2660 fingamus
277 2617 342 2660 ipsi
367 2617 442 2651 sine
468 2620 670 2656 testimonio
690 2622 754 2656 Dei
779 2629 936 2667 peccata,
964 2621 1064 2656 iusti-

81 2668 169 2701 ciam
185 2673 218 2701 ct
232 2668 357 2705 cultus.

736 102 998 138 PIIILIPPI
1038 100 1488 138 MELANTHONIS.

2054 103 2128 139 522

1255 189 1311 225 12.
1352 187 1473 234 Itaque
1498 200 1564 222 vox
1588 187 1777 223 ministerii
1799 199 1872 220 non
1896 194 1946 222 est
1972 185 2125 222 humana

1147 238 1288 283 opinio,
1315 241 1373 272 sed
1393 246 1493 273 sonat
1511 240 1620 283 legem
1637 238 1704 273 Dei
1722 239 1885 272 traditam
1910 238 2012 272 certis
2028 239 2126 272 testi-

1146 290 1277 323 moniis
1302 290 1345 324 ab
1371 290 1473 324 initio
1498 291 1635 324 mundi.
1687 289 1797 324 Sonat
1821 290 1903 323 item
1920 289 2127 334 promissio·

1146 352 1227 373 nem
1242 341 1389 384 gratiae,
1415 348 1449 374 et
1475 341 1590 384 arguit
1613 340 1813 374 universam
1837 340 2123 374 inobedientiam.

1143 388 1192 424 Et
1207 391 1313 424 simul
1329 403 1408 424 cum
1425 389 1488 425 hac
1505 404 1588 425 voce
1604 391 1792 425 ministerii
1806 388 2027 425 horribiliter
2040 403 2126 425 con-

1144 441 1305 476 cionatur
1326 442 1430 475 nobis
1455 443 1613 476 omnium
1638 442 1873 476 calamitatum
1904 442 2054 486 impetus
2076 442 2126 475 ir-

1144 489 1324 526 ruentium
1347 492 1385 525 in
1408 491 1619 534 Ecclesiam,
1645 499 1685 526 ut
1708 492 1745 524 in
1769 492 2050 535 promulgatione
2075 493 2125 525 le-

1142 543 1212 586 gis,
1238 540 1408 577 horrendi
1426 544 1579 588 fragores
1594 555 1630 577 es
1646 543 1886 589 quassationes
1911 550 2011 577 erant
2036 544 2124 577 coeli

1142 600 1175 628 et
1190 600 1314 629 terrae.

1248 645 1306 680 13.
1343 644 1384 678 In
1405 643 1460 679 his
1480 644 1589 680 tantis
1611 644 1763 677 miseriis
1787 650 1904 677 tamen
1928 643 2024 677 Deus
2047 656 2123 678 sus-

1145 702 1254 730 tentat
1274 707 1372 729 suam
1389 695 1581 730 Ecclesiam
1594 722 1604 736 ‚
1630 701 1670 728 ut
1686 693 1801 728 Adam
1830 701 1863 728 et
1880 693 2028 728 Hevam.
2077 694 2124 728 Et

1141 759 1208 779 vox
1232 745 1419 790 Evangelii
1445 746 1667 781 annuncians
1693 745 1936 779 remissionem
1962 752 2122 790 peccato-

1139 808 1231 836 rum,
1258 798 1388 831 multos
1404 797 1569 832 vivificat.
1622 795 1768 830 Necesse
1787 803 1837 830 est
1857 796 1964 840 igitur
1980 797 2023 829 ad
2039 808 2123 829 con-

1139 847 1322 881 tritionem
1347 849 1510 881 accedere
1533 846 1625 882 hanc
1648 847 1774 889 fidem,
1801 859 1890 892 quae
1905 847 2025 881 statuit
2042 858 2122 880 vere

1139 898 1243 931 nobis
1260 896 1591 942 propterChristnm
1609 898 1715 942 gratis
1733 898 1864 932 remitti
1882 905 2033 943 peccata,
2050 909 2122 931 non

1137 955 1282 994 propter
1297 949 1387 982 ullas
1404 957 1540 983 nostras
1563 949 1720 983 virtutes.

1245 998 1302 1033 14.
1336 999 1431 1033 Haec
1449 1000 1534 1033 fides
1550 1012 1622 1033 non
1643 1006 1692 1032 est
1711 1000 1859 1040 noticia,
1886 1000 2000 1044 qualis
2015 1007 2065 1033 est
2086 1001 2122 1032 in

1137 1050 1317 1091 Diabolis,
1352 1052 1395 1083 de
1420 1062 1489 1095 qua
1514 1050 1601 1084 dicit
1624 1049 1787 1083 Iacobus:
1824 1049 2023 1083 Daemones
2048 1062 2123 1083 cre-

1138 1101 1228 1134 dunt
1253 1107 1286 1134 et
1320 1100 1606 1134 contremiscunt.
1666 1098 1762 1133 Haec
1785 1101 1879 1133 enim
1912 1113 1981 1145 quo
2013 1101 2123 1144 magis

1138 1151 1250 1185 credit
1267 1150 1382 1185 Deum
1400 1151 1502 1185 irasci
1519 1156 1678 1195 peccato,
1701 1163 1742 1184 eo
1765 1151 1979 1195 profundius
2000 1152 2123 1194 mergit

1137 1201 1275 1235 animos
1290 1202 1327 1235 in
1345 1208 1506 1238 mortem.
1559 1200 1630 1236 Sed
1649 1207 1700 1235 est
1715 1201 1875 1235 assentiri
1892 1202 2120 1245 promissioni

1136 1251 1287 1295 gratiae,
1313 1259 1346 1286 et
1361 1253 1488 1286 fiducia
1507 1252 1681 1296 accipiens
1698 1253 1940 1286 remissionem
1960 1260 2120 1297 peccato-

1135 1315 1214 1335 rum
1232 1310 1376 1347 propter
1390 1301 1591 1343 Christum,
1618 1310 1650 1336 et
1668 1303 1703 1335 in
1722 1301 1865 1337 Christo
1888 1304 2121 1348 acquiescens.

1134 1352 1230 1386 Haec
1262 1353 1427 1396 ignorant
1458 1350 1680 1398 hypocritae,
1715 1359 1748 1387 et
1771 1351 2024 1395 enthusiastae,
2058 1354 2120 1399 qui

1134 1402 1248 1437 Deum
1277 1409 1473 1448 quaerunt,
1505 1416 1578 1437 non
1601 1410 1640 1437 ut
1665 1415 1700 1437 se
1722 1405 1884 1448 patefecit
1911 1405 2018 1438 verbo
2044 1417 2119 1446 suo,

1134 1455 1193 1487 sed
1209 1455 1375 1497 operibus
1392 1460 1453 1488 aut
1470 1454 1688 1497 vagabundis
1704 1455 2014 1498 speculationibus

1238 1502 1296 1537 15.
1325 1502 1371 1537 Et
1389 1516 1468 1538 cum
1485 1505 1553 1538 fide
1570 1505 1763 1548 recipimur
1776 1516 1795 1538 a
1813 1504 1902 1546 Deo,
1931 1506 2035 1539 simul
2054 1508 2120 1540 do-

1133 1566 1262 1587 namur
1280 1553 1417 1599 Spiritu
1434 1561 1572 1593 sancto,
1601 1560 1634 1588 et
1650 1555 1823 1589 efficimur
1843 1553 2010 1590 haeredes
2029 1557 2120 1590 vitae

1131 1612 1304 1639 aeternae.
1358 1604 1406 1639 Et
1428 1606 1513 1651 quid
1537 1606 1580 1639 sit
1606 1603 1691 1639 haec
1714 1605 1819 1645 fides,
1847 1606 1884 1639 in
1908 1607 1984 1650 {pso
2006 1619 2118 1651 agone

1131 1662 1166 1689 et
1182 1655 1405 1689 invocatione
1420 1656 1628 1701 quotidiana
1645 1657 1855 1690 discendum
1870 1665 1942 1698 lest.

1231 1705 1288 1740 16.
1321 1705 1427 1740 Hunc
1445 1706 1633 1740 articulum
1657 1707 1845 1750 dupliciter
1868 1708 1987 1742 delent
2014 1709 2117 1753 impii

1129 1756 1321 1797 Doctores,
1349 1757 1483 1791 inimici
1500 1764 1701 1791 nostrarum
1719 1755 1968 1794 Ecclesiarum.
2024 1759 2117 1802 Quia

1129 1807 1275 1849 docent,
1310 1806 1474 1842 homines
1497 1808 1666 1854 consequi
1698 1809 1940 1843 remissionem
1972 1818 2116 1855 propter

1128 1859 1273 1903 propria
1297 1859 1432 1894 merita.

1232 1908 1287 1944 17.
1328 1908 1377 1944 Et
1401 1910 1528 1943 deinde
1552 1911 1709 1950 addunt,
1735 1911 1816 1955 quia
1843 1923 2024 1957 nunquam
2043 1913 2113 1945 sci-

1127 1970 1225 2001 mus,
1261 1962 1404 2005 quando
1430 1961 1512 1994 satis
1533 1961 1578 1994 sit
1600 1960 1827 1999 meritorum,
1860 1964 2003 2006 quando
2027 1975 2113 1995 con-

1126 2010 1223 2044 tritio
1240 2011 1284 2045 sit
1300 2010 1499 2052 sufficiens,
1525 2022 1663 2055 semper
1678 2012 1916 2045 dubitandum
1942 2024 2013 2046 esse
2026 2037 2034 2051 ‚
2062 2026 2107 2046 an

1125 2061 1233 2095 simus
1250 2061 1286 2095 in
1306 2062 1426 2105 gratia.

1228 2112 1288 2147 18.
1321 2112 1370 2147 Ηί
1390 2113 1462 2146 duo
1486 2123 1622 2145 errores
1645 2119 1728 2146 sunt
1745 2113 1952 2157 simpliciter
1970 2112 2108 2149 ethnica

1124 2163 1294 2200 doctrina.
1348 2163 1406 2199 Sic
1427 2162 1560 2197 Gentes
1578 2163 1680 2196 etiam
1705 2164 1865 2198 colebant
1883 2164 2018 2207 Deum,
2045 2179 2108 2200 cu—

1124 2214 1299 2249 mulantes
1313 2227 1419 2260 opera
1432 2239 1443 2254 ‚
1470 2220 1502 2248 et
1518 2221 1635 2248 tamen-
1652 2215 1873 2256 dubitantes,
1901 2228 1945 2249 an
1973 2217 2105 2261 recipe—

1122 2273 1256 2301 ren-tur.

1227 2316 1284 2353 19.
1320 2314 1412 2349 Cum
1428 2315 1535 2359 igitur
1550 2327 1683 2348 errores
1701 2315 1757 2349 isti
1775 2314 2028 2351 monachorum
2046 2319 2107 2351 de-

1122 2367 1217 2402 leant
1231 2365 1484 2409 Evangelium,
1505 2377 1644 2399 neccsse
1662 2373 1712 2400 est
1730 2378 1788 2399 eos
1804 2368 1926 2403 taxari.

1222 2419 1284 2454 20.
1319 2417 1365 2452 Ut
1381 2417 1642 2461 conspiciantur
1658 2417 1824 2451 beneficia
1839 2416 1991 2461 Christi,
2017 2426 2049 2453 et
2074 2420 2103 2452 ei

1119 2480 1203 2503 suus
1219 2468 1383 2514 proprius
1400 2465 1514 2501 honos
1531 2468 1720 2504 tribuatur.
1774 2467 1880 2510 Item,
1907 2476 1944 2504 ut
1970 2477 2104 2503 mentes

1120 2520 1267 2564 pavidae
1288 2518 1440 2553 habeant
1454 2517 1591 2552 firmam
1610 2519 1898 2556 conso-lationem.
1953 2520 2049 2556 Item,
2067 2527 2102 2553 ut

1119 2583 1199 2604 vera
1225 2570 1402 2603 invocatio
1427 2576 1647 2609 exerceatur,
1674 2581 1814 2604 necesse
1838 2578 1887 2604 est
1906 2572 2046 2604 defendi
2070 2578 2100 2603 et

1119 2622 1287 2654 illustrari
1308 2620 1505 2654 doctrinam
1522 2621 1565 2653 de
1581 2617 1782 2661 Exclusiva,
1807 2623 1900 2666 quod
1920 2633 1937 2654 s
1949 2620 2021 2654 ola
2037 2621 2102 2653 ful«—

1118 2672 1367 2715 iustificemur‚
1396 2671 1430 2705 id
1451 2678 1520 2712 est,
1549 2672 1644 2717 quod
1664 2679 1808 2716 propter
1822 2670 2000 2706 Clu-istum
2026 2683 2101 2714 gra-
