2324 2955
111 97 186 134 749

110 183 271 218 nominat
286 182 416 216 foetum
436 188 603 217 venturae
616 182 749 215 matris.
792 179 964 226 Expresse
978 187 1094 214 autem

110 234 224 279 prima
243 234 428 278 promissio
446 233 603 278 loquitur
617 233 658 265 de
675 233 888 266 restituenda
907 231 1043 266 iusticia
1061 236 1095 262 et

108 284 180 317 vita
197 291 356 325 aeterna,
383 284 496 317 deleto
517 290 654 326 peccato
670 291 702 316 et
720 284 849 316 abolita
865 290 988 318 morte.
1024 279 1094 314 Ita-

109 346 178 380 que
198 347 317 368 voeem
334 333 519 376 Evangelii
539 335 683 367 eandem
708 334 826 367 docuit
849 333 970 373 Iacob,
1005 342 1094 377 quae

110 385 147 418 in
172 385 310 429 scriptis
336 382 548 428 propheticis
571 392 603 418 et
629 384 828 427 apostolicis
863 385 905 416 de
933 383 1004 416 filio
1029 381 1094 415 Dei

109 442 143 469 et
175 435 324 468 aeternis
353 435 426 467 eins
462 435 637 467 beneficiis
668 441 784 478 postea
811 435 937 478 scripta
959 440 1026 473 est,
1061 438 1093 465 et

108 496 198 530 quae
217 492 266 518 est
286 485 426 528 propria
445 483 621 518 Ecclesiae
635 485 793 518 doctrina
806 509 814 522 ‚
842 492 875 518 et
890 496 965 517 eam
980 495 998 517 a
1016 494 1094 516 cae-

107 534 190 568 teris
207 536 370 579 gentibus
386 536 566 571 discernit.

192 632 252 665 De
273 634 390 665 exitu
412 632 713 665 Ierafflitarum
742 643 792 664 ex
814 632 1010 675 Aegypto,

208 702 290 736 Non
324 703 430 744 longo
461 709 619 746 tempore
647 710 724 747 post
748 710 896 737 mortem
921 698 1093 749 Ioseph

107 765 204 797 reges
214 752 377 799 Aegyptii
393 752 524 786 abiecta
544 754 702 787 doctrina
722 752 845 798 Ioseph
862 765 982 786 rursus
998 753 1092 785 idola

108 804 311 844 coluerunt,
351 810 384 836 et
415 804 565 845 magicas
595 811 685 837 artes
706 805 855 848 amplexi
879 810 973 838 sunt.
1041 802 1091 836 Ita

106 866 181 888 non
198 854 260 887 diu
275 854 429 887 retinent
444 851 605 887 homines
622 855 734 887 lucem
753 854 926 894 veritatis,
953 854 1021 887 nisi
1037 854 1093 886 di-

105 904 238 938 vinitus
267 911 444 944 servetur,
494 904 583 938 sicut
617 911 698 938 tune
733 905 861 938 veritas
891 905 927 936 in
961 904 1092 948 popnlo

104 952 273 988 Israe‘l
305 961 505 988 conservata
537 961 597 988 est.
665 953 754 987 Cum
789 961 904 987 autem
928 952 1093 999 Aegyptii

104 1005 260 1039 odissent
281 1004 475 1042 Isra'e'litas‚
509 1010 543 1036 et
565 1009 759 1036 metuerent
783 1015 905 1036 eorum
930 1005 1093 1037 multitu-

104 1055 245 1093 dinem,
271 1056 360 1087 dura
383 1053 549 1086 servitute
569 1065 626 1085 eos
644 1065 800 1096 premere
825 1061 1032 1097 coeperunt,
1061 1061 1095 1087 et

105 1105 216 1139 edicta
234 1105 412 1148 proposita
426 1110 508 1136 sunt
525 1104 567 1135 de
582 1104 748 1135 necandis
766 1104 970 1137 infantibus.
998 1103 1094 1137 Ilaec

104 1155 282 1188 calamitas
299 1155 404 1196 longo
429 1160 586 1196 tempore
602 1154 740 1186 duravit
753 1180 762 1194 ‚
795 1154 957 1187 videlicet
973 1166 991 1187 a
1012 1161 1093 1187 nato

105 1204 220 1238 bloise
237 1216 347 1237 annos
362 1204 549 1245 octoginta.

207 1270 330 1317 Inquit
357 1278 473 1305 antem
507 1277 617 1304 textus
649 1271 686 1303 in
717 1268 841 1303 Exodo
875 1271 988 1314 capite
1016 1272 1093 1309 12„

106 1320 265 1357 Ebraeos
296 1323 402 1355 fnisse
435 1319 590 1365 hospites
620 1321 654 1353 in
679 1318 837 1366 Aegypto
875 1333 986 1355 annos
1007 1322 1091 1356 430.

107 1372 194 1406 Inde
209 1371 340 1406 Paulus
358 1383 543 1405 numerum
566 1372 734 1415 sumpsit,
770 1372 934 1416 inquiens
959 1373 1001 1405 ad
1020 1372 1094 1405 Ga-

108 1424 195 1457 latas
215 1435 288 1466 cap.
309 1425 361 1462 3.,
389 1428 466 1466 post
498 1422 766 1466 promissionem
791 1420 954 1455 Abrahae
976 1423 1092 1456 datam

105 1484 217 1518 usque
248 1474 292 1506 ad
320 1473 405 1515 legis
433 1472 752 1515 promulgationem
776 1484 887 1504 annos
912 1484 984 1505 esse
1007 1485 1093 1517 qua-

107 1524 314 1566 dringentos
331 1529 365 1556 et
381 1522 532 1564 triginta.
585 1520 676 1554 Sunt
692 1522 798 1564 igitur
814 1522 898 1554 anni
916 1523 952 1554 in
968 1521 1092 1555 Exodo

106 1579 139 1607 et
170 1572 281 1606 Paulo
315 1584 387 1605 non
419 1571 631 1605 numerandi
663 1583 681 1603 a
715 1572 883 1604 descensu
917 1571 1021 1605 lacob
1056 1572 1092 1605 in

105 1622 323 1668 Aegyptum,
349 1623 408 1656 sed
421 1634 440 1655 a
458 1622 571 1666 prima
588 1621 795 1663 migratione
810 1619 988 1664 Abrahae,
1014 1635 1093 1655 cum

107 1686 147 1707 ex
168 1672 289 1707 Ilaran
313 1684 484 1715 egressus,
528 1672 796 1715 promissionem
827 1673 976 1714 accepit,
1014 1685 1091 1705 cum

108 1731 197 1757 esset
226 1735 401 1756 annorum
426 1722 642 1764 septuaginta
668 1722 844 1765 quinque,
883 1719 929 1754 Et
951 1734 1031 1755 mox
1056 1723 1092 1754 in

107 1772 305 1819 Aegyptum
326 1772 500 1816 profectus
524 1779 573 1805 est
597 1777 741 1814 propter
765 1772 901 1806 famem.
954 1771 1092 1806 Horum

107 1836 281 1858 annorum
304 1822 518 1864 computatio
541 1819 625 1854 haec
644 1828 707 1854 est:

158 1873 218 1909 25.
259 1873 392 1916 Viginti
410 1873 567 1917 quinque
586 1871 688 1911 anni,
719 1882 738 1904 a
755 1871 964 1913 migratione
979 1870 1093 1906 Abra·

314 1922 380 1957 hae
398 1935 436 1956 ex
453 1922 591 1961 Ilaran‚
619 1923 661 1954 ad
678 1928 799 1955 natum
819 1921 923 1956 Isaac.

159 1977 218 2011 60.
254 1975 456 2017 Sexaginta,
487 1981 588 2006 natus
609 1972 722 2007 Iacob.

160 2027 221 2061 90.
257 2025 472 2067 Nonaginta,
500 2030 602 2056 natus
620 2021 756 2066 losepli.

140 2078 221 2111 110.
258 2075 406 2108 Centum
425 2081 457 2107 et
472 2076 588 2107 decem
606 2073 693 2107 vixit
713 2070 849 2117 loseph.

160 2126 218 2161 65.
268 2126 453 2167 Sexaginta
500 2125 656 2170 quinque
700 2130 778 2168 post
822 2120 946 2166 loseph
995 2128 1096 2156 natus

314 2176 457 2210 Moises.

263 2225 453 2269 Octoginta
489 2238 507 2258 a
542 2232 624 2258 nato
660 2223 774 2258 Moise
809 2225 853 2258 ad
885 2224 1016 2257 exitum
1057 2235 1095 2257 ex

315 2276 486 2322 Aegypto.

254 2328 398 2362 Summa
425 2326 498 2360 430
525 2326 621 2359 anni.

162 2229 220 2264 80.

209 2395 359 2438 Legatur
375 2402 488 2428 autem
508 2395 640 2435 integra
658 2391 804 2426 historia
823 2393 864 2425 de
881 2390 1097 2426 exitulsra'e-

115 2449 256 2482 litarum
277 2458 316 2478 cx
336 2444 514 2490 Aegypt0‚
542 2452 573 2477 et
591 2446 633 2477 de
653 2444 735 2485 legis
758 2442 1037 2487 promulgatione
1062 2443 1095 2473 in

117 2500 207 2531 libro
230 2496 348 2529 Moisi.
416 2495 508 2538 Quia
532 2496 623 2528 inter
646 2506 698 2527 res
722 2494 888 2526 maximas
913 2493 949 2524 in
973 2504 1097 2535 genere

119 2548 273 2581 hnmano
306 2546 483 2579 verissime
512 2553 562 2579 est
594 2546 652 2578 illa
677 2544 858 2588 patefactio
881 2542 967 2583 Dei,
999 2543 1098 2581 facta,

119 2611 196 2632 cuin
226 2598 336 2639 legem
369 2596 507 2629 coelesti
539 2608 622 2629 voce
654 2595 764 2628 edidit
786 2595 822 2626 in
845 2600 963 2627 monte
989 2592 1098 2633 Sinai,

118 2648 343 2684 audientibus
373 2646 540 2680 sexcentis
569 2646 725 2679 millibus
756 2645 924 2678 virorum.
985 2641 1031 2677 Et
1062 2650 1098 2677 ut

797 96 827 132 1.
869 89 1162 131 CHRONICON
1189 88 1440 129 CARIONIS.

2054 100 2127 135 750

1148 189 1220 209 non
1238 177 1386 211 dubium
1404 184 1512 217 esset,
1536 175 1626 213 hanc
1643 190 1714 214 esse
1732 181 1929 216 doctrinam
1956 183 2125 225 divinam,

1147 228 1266 261 addita
1299 236 1380 263 sunt
1410 235 1462 263 tot
1485 229 1699 264 testimonia:
1737 230 1889 267 Eductio
1920 235 2042 278 populi
2065 247 2127 279 per

1146 289 1241 311 mare
1266 280 1433 321 rubrum,
1460 280 1560 325 aquis
1583 282 1805 323 cedentibus,
1837 291 1870 317 et
1894 292 2010 327 postea
2032 284 2126 318 Pha-

1146 329 1264 361 raonis
1291 330 1471 370 interitns,
1498 330 1630 364 Manna
1657 333 1700 365 de
1723 334 1819 366 coelo
1836 346 2012 377 sparsum,
2040 337 2125 368 dum

1147 380 1303 423 quotidie
1327 381 1474 423 singulis
1499 382 1570 413 duo
1598 379 1757 425 χοίνικες
1782 384 1853 416 dati
1876 392 1978 425 sunt,
2005 386 2041 418 id
2064 392 2124 426 est,

1147 437 1298 474 quatuor
1323 431 1479 471 sextarii,
1507 438 1540 464 et
1563 432 1629 464 alia
1648 432 1802 475 ingentia
1822 434 2008 472 miracula,
2035 448 2123 480 quo-

1146 491 1223 512 rnm
1248 481 1480 514 consideratio
1504 481 1541 514 in
1566 482 1669 515 nobis
1685 483 1790 515 fidem
1815 485 1857 517 de
1877 491 1948 518 tota
1963 486 2124 520 doctrina

1145 530 1182 562 in
1197 528 1353 564 Ecclesia
1372 532 1564 565 confirmet.

1248 580 1289 613 ln
1306 593 1343 614 ea
1368 579 1516 615 historia
1539 580 1605 616 hoc
1629 595 1769 629 quoque
1796 585 1898 619 nobis
1917 592 2050 628 gratum
2067 588 2124 627 sit,

1146 631 1239 676 quod
1260 630 1391 664 Paulus
1406 633 1574 673 affirmat,
1601 633 1715 677 ipsum
1741 635 1852 668 filium
1868 635 1932 668 Dei
1950 643 1983 669 et
2001 638 2123 670 ducto—

1146 694 1219 714 rem
1236 688 1268 715 et
1286 683 1465 715 custodem
1484 683 1652 716 Israelitis
1668 685 1838 726 adfuisse,
1868 693 1899 719 et
1925 687 2123 728 cogitemus,

1146 744 1224 765 eum
1248 744 1384 776 semper
1408 733 1510 766 etiam
1539 731 1714 767 Ecclesiae
1739 747 1820 768 suae
1842 737 1978 775 adesse,
2005 743 2043 770 ut
2068 738 2124 770 in-

1146 783 1239 827 quit:
1281 779 1390 815 Petra
1421 787 1541 815 aulem
1574 788 1650 816 erat
1682 780 1865 821 Chrislus.
1936 785 1982 820 Et
2014 787 2125 830 placet

1146 830 1235 865 mihi
1259 839 1416 867 veterum
1441 834 1700 877 interpretatio,
1733 836 1794 879 qui
1819 849 1898 870 cum
1916 835 2045 870 Paulus
2068 838 2125 870 in-

1146 884 1240 927 quit,
1273 884 1383 925 legem
1415 896 1476 927 per
1498 897 1640 917 manum
1666 885 1874 919 Mediatoris
1903 888 2017 920 datam
2042 899 2125 926 esse,

1147 934 1349 975 intelligunt
1366 933 1479 976 ipsum
1498 934 1607 966 filium
1625 933 1706 976 Dei,
1730 933 1841 982 λόγον
1857 937 1988 971 aeterni
2006 938 2126 980 patris,

1146 984 1251 1016 fuisse
1265 990 1438 1015 oratorem
1456 984 1497 1015 ad
1524 984 1714 1026 populum,
1743 985 1916 1020 dicentem
1942 988 2047 1020 verba
2072 988 2126 1020 le-

1147 1034 1209 1076 gis,
1263 1032 1332 1074 Qni
1350 1033 1421 1075 ipse
1440 1040 1556 1076 postea
1578 1034 1614 1065 in
1633 1042 1756 1067 natura
1772 1033 1925 1070 humana
1947 1037 2051 1069 etiam
2070 1038 2126 1069 in-

1147 1084 1238 1127 quit:
1289 1082 1368 1115 Non
1410 1083 1490 1114 veni
1530 1084 1664 1116 solvere
1702 1085 1830 1126 legem,
1874 1088 1933 1119 sed
1968 1087 2124 1130 implere.

1147 1132 1240 1166 Haec
1260 1145 1322 1166 suo
1344 1133 1420 1165 loco
1437 1133 1611 1176 copiosius
1628 1134 1833 1169 declaranda
1850 1143 1941 1170 sunt.

1221 1181 1285 1217 Est
1317 1190 1432 1216 autem
1461 1195 1574 1215 annus
1605 1196 1622 1216 a
1647 1185 1789 1217 condito
1820 1189 1954 1219 mundo
1980 1188 2021 1219 ad
2053 1187 2125 1220 exi-

1275 1240 1351 1266 tum
1378 1232 1615 1266 israelitarum
1649 1246 1688 1266 ex
1712 1234 1869 1281 Aegypto
1898 1238 1952 1270 bis
1978 1238 2125 1270 millesi-

1272 1295 1351 1316 mus
1388 1284 1770 1328 quadringentesimus,
1814 1287 2124 1333 quinquagesimus

1272 1335 1407 1368 tertius.
2008 1336 2123 1372 2453.

1221 1381 1277 1417 Ab
1307 1385 1399 1418 exitu
1420 1382 1583 1418 Abrahae
1605 1397 1645 1418 ex
1668 1384 1790 1420 Haran
1818 1387 2123 1433 quadringentesi—

1272 1446 1348 1468 mus
1366 1435 1572 1468 tricesimus.
2035 1438 2122 1474 430.

1221 1484 1305 1518 Post
1346 1485 1657 1528 conflagrationem
1694 1484 1870 1520 Sodomae
1896 1486 1996 1520 'anno
2034 1501 2122 1533 qua—

1272 1535 1548 1578 dringentesimo
1571 1542 1676 1569 sexto.
2035 1539 2123 1575 406.

1220 1584 1326 1618 Anno
1358 1593 1439 1619 ante
1471 1586 1737 1620 fabricationem
1766 1587 1890 1632 templi
1921 1587 2123 1623 Salomonis

1272 1636 1619 1680 quadringentesimo
1634 1637 1881 1681 octuagesimo,
1902 1646 1941 1673 ut
1954 1640 2122 1684 scriptum

1271 1692 1320 1717 est
1343 1687 1377 1718 3.
1397 1685 1533 1728 Regum
1553 1688 1586 1720 6.
1604 1699 1678 1730 cap.
2033 1690 2119 1725 480.

1245 1733 1551 1769 Considerandum
1575 1743 1627 1769 est
1648 1743 1781 1778 autem,
1808 1750 1896 1783 quae
1917 1751 2022 1782 regna
2039 1747 2123 1774 tunc

1145 1785 1180 1816 in
1202 1796 1327 1827 genere
1343 1783 1500 1819 hnmano
1519 1786 1704 1830 praecipua
1725 1788 1873 1829 fuerint,
1900 1790 2028 1834 quibus
2043 1803 2122 1835 spe-

1145 1836 1321 1868 ctantibus
1339 1836 1436 1869 Dens
1453 1835 1645 1870 Ecclesiam
1662 1849 1760 1870 suam
1777 1838 1814 1870 in
1832 1839 1908 1872 loco
1927 1846 2020 1873 certo
2036 1854 2122 1874 con-

1145 1886 1287 1918 stituere
1304 1886 1425 1919 voluit.
1478 1885 1609 1928 Magna
1632 1887 1699 1920 fuit
1720 1890 1875 1930 potentia
1895 1889 2122 1925 monarchiae

1147 1934 1328 1980 Assyriae,
1350 1937 1408 1968 sed
1427 1936 1610 1970 celebritas
1626 1937 1738 1970 maior
1751 1938 1817 1971 suit
1834 1936 2015 1983 Aegyptii,
2039 1953 2122 1984 pro-

1147 1993 1221 2030 pter
1238 1986 1454 2030 opulentiam
1475 1993 1507 2019 et
1523 1994 1623 2022 artes.
1675 1986 1771 2020 Inter
1790 1985 1873 2021 haec
1889 2000 1994 2031 regna
2011 1992 2121 2024 collo-

1146 2037 1235 2069 cavit
1258 2037 1354 2069 Deus
1379 2035 1569 2069 Ecclesiam
1593 2048 1710 2076 snam,
1742 2044 1775 2071 et
1801 2038 1998 2073 illustribus
2024 2043 2121 2075 testi-

1146 2087 1275 2120 moniis
1292 2098 1388 2119 suam
1405 2087 1669 2131 patefactionem
1687 2089 1850 2124 ostendit.

1249 2136 1399 2170 Nomina
1432 2144 1546 2171 autem
1578 2149 1697 2180 regum
1723 2137 1974 2184 Aegyptiorum
2005 2149 2121 2185 poste-

1147 2189 1279 2222 riorum
1292 2213 1300 2225 ,
1327 2195 1365 2221 nt
1383 2187 1496 2221 Necao
1513 2194 1544 2221 et
1563 2186 1711 2233 Apryis‚
1738 2189 1797 2233 qui
1818 2197 1934 2223 extant
1951 2191 1987 2223 in
2006 2190 2120 2226 Hero-

1147 2241 1240 2280 doto,
1263 2239 1304 2271 ad
1317 2236 1480 2271 historias
1496 2249 1614 2280 regum
1629 2238 1712 2271 luda
1730 2240 1909 2282 perspicue
1925 2253 2120 2276 accommo-

1147 2292 1228 2323 dare
1257 2300 1461 2333 possumus,
1495 2289 1578 2333 quia
1608 2295 1762 2332 tempora
1793 2296 1875 2323 nota
1899 2298 1991 2326 sunt.
2051 2292 2120 2326 Sed

1147 2341 1304 2385 priorum
1323 2350 1442 2382 regum
1465 2345 1620 2382 tempora
1638 2340 1730 2382 apud
1747 2338 1966 2375 Herodotum
1984 2349 2017 2376 et
2034 2341 2120 2377 Dio-

1146 2393 1271 2425 dorum
1290 2402 1361 2422 non
1379 2396 1460 2423 sunt
1479 2390 1603 2422 ordine
1621 2396 1799 2423 annotata.

1248 2438 1426 2478 Osiris,
1455 2440 1488 2471 id
1515 2446 1582 2480 est,
1610 2440 1799 2474 auxiliator
1822 2441 1892 2482 vir,
1917 2454 1977 2476 seu
1999 2444 2120 2478 beatus

1146 2493 1219 2529 vir,
1243 2492 1302 2536 qui
1320 2491 1536 2523 existimatur
1555 2491 1678 2523 vixisse
1702 2497 1858 2535 tempore
1877 2491 2060 2534 Abrahae,
2087 2502 2117 2527 et

1147 2541 1194 2575 Is·
1206 2541 1245 2574 is
1270 2542 1434 2574 coniunx.
1489 2538 1605 2578 lsclia,
1633 2541 1751 2581 idest,
1778 2542 1907 2585 virago.

1250 2588 1393 2632 Orus,
1423 2591 1543 2630 idest,
1571 2592 1700 2625 lumen.
1753 2587 1833 2632 Or,
1859 2594 1918 2637 qui
1937 2595 2117 2636 praecipue

1148 2644 1324 2677 doctrinas
1342 2642 1377 2674 in
1394 2639 1552 2686 Aegypto
1570 2648 1778 2675 monstrasse
1793 2643 1938 2683 dicitur,
1963 2644 2118 2676 existimo

1526 2691 1572 2724 48
1583 2695 1599 2713 ‘¹
