2324 2955
111 119 185 154 309

106 206 268 243 fortuna,
295 209 327 236 et
343 203 386 236 de
404 203 445 235 iis
465 202 736 242 mutationibus,
764 214 853 247 quae
878 202 915 234 in
940 200 1088 244 imperio
1114 213 1117 249 ζ

102 262 135 287 et
160 265 248 298 quae
272 253 309 286 in
336 251 490 287 Ecclesia
521 253 733 285 acciderunt.
787 251 958 285 Existimo
983 251 1085 284 etiam

99 315 205 337 sanos
232 301 394 337 homines
418 301 503 336 haec
530 304 657 336 debere
686 304 879 341 recordari,
908 309 944 335 nt
971 302 1086 334 consi-

98 357 223 388 derent
250 367 307 393 ea,
342 366 430 399 qnae
452 354 623 387 divinitus
648 355 735 386 fiunt
754 355 788 386 in
815 354 971 397 imperiis
988 360 1019 385 et
1051 353 1083 383 in

98 403 265 438 Ecclesia.

199 464 289 507 Quis
320 463 387 497 suit
411 475 530 506 regum
566 464 686 496 inultis
720 463 864 503 seculis,
906 465 947 495 ad
979 474 1082 507 quem

96 514 371 558 opprimendum
397 515 499 547 toties
524 513 686 557 Europae
712 513 867 556 potentia
896 514 1081 546 coniuncta

94 566 162 598 sit'?
191 565 232 598 ln
248 565 354 599 tantis
378 566 551 603 motibus,
580 572 695 597 tamen
715 562 809 597 Deus
834 562 927 597 hunc
945 563 1082 596 Princi—

96 628 171 659 pem
191 616 402 649 mirabiliter
419 616 513 649 texit.
568 614 642 649 Rex
662 615 823 648 Gallicus
842 627 919 648 cum
938 613 1082 647 baberet

95 678 258 708 magnum
283 666 470 699 exercitum
502 667 545 698 ad
564 665 749 705 Ticinum,
778 678 795 697 a
824 665 940 709 parvis
968 665 1077 707 copiis

96 729 167 749 non
186 717 299 750 solum
319 723 501 760 superatus
520 723 580 755 est,
597 718 656 749 sed
677 716 782 749 etiam
801 723 930 760 captus.
969 714 1080 747 Dein-

93 770 136 800 de
154 779 231 801 cum
251 767 335 800 urbs
350 766 517 810 Neapolis
535 779 591 800 sex
610 768 789 800 mensibus
813 767 1079 800 circumsidere-

94 825 172 858 tur,
199 829 319 851 rursus
342 818 449 851 fracta
476 830 548 851 esse
574 818 692 851 Caroli
720 818 873 862 potentia
901 817 1077 849 existima-

91 869 204 902 batur.
258 865 442 902 Exercitus
463 868 622 902 Gallicus
646 870 695 901 ibi
721 869 778 901 lue
804 868 919 912 periit.
983 866 1077 899 Ilaec

91 926 125 952 et
141 919 209 952 alia
228 919 338 952 multa
365 921 607 959 recordantes,
636 919 866 961 praesentiam
885 917 949 952 Dei
970 919 1006 950 in
1024 918 1077 950 vi—

94 970 204 1003 ctoris
223 970 430 1003 defensione
450 970 636 1003 cernimus.

192 1025 317 1070 Qualis
344 1039 426 1061 vero
454 1028 489 1060 in
512 1026 566 1060 his
593 1027 837 1071 congressibus
862 1029 928 1062 fuit
943 1029 1078 1062 victor?

89 1076 161 1112 Res
177 1078 331 1111 ostendit
354 1085 454 1122 capto
482 1090 559 1122 rege
581 1078 737 1119 Gallico,
767 1085 799 1111 et
823 1079 950 1113 deinde
975 1087 1076 1124 capto

89 1126 259 1162 Pontifice
278 1126 369 1162 nihil
386 1130 576 1163 crudeliter
598 1142 676 1163 eum
700 1130 830 1164 fecisse.
884 1129 979 1165 Haec
1002 1132 1076 1164 eius

44 1216 52 1221 .
90 1179 283 1212 moderatio
305 1180 409 1213 laude
427 1181 534 1223 digna
550 1187 610 1215 est.

167 1238 246 1272 Scio
265 1238 339 1271 fore
358 1239 418 1284 qui
436 1237 577 1273 mihim
595 1240 762 1282 probrum
781 1239 961 1277 obiicient,
980 1240 1074 1283 quod

91 1289 127 1320 in
152 1285 217 1322 hac
241 1290 576 1323 commemoratione
602 1302 672 1321 non
708 1290 869 1330 vitupero
895 1289 1075 1323 Carolum.

90 1336 166 1379 Ego
186 1348 268 1369 vero
287 1348 354 1381 qua
373 1337 489 1370 fronte
507 1349 647 1381 possum
665 1345 809 1369 eventus
827 1338 997 1370 divinitus
1013 1349 1076 1379 gu—

89 1388 255 1420 bernatos
277 1387 498 1430 vituperare?
527 1386 572 1420 Et
596 1400 685 1432 quae
709 1389 887 1421 moderate
906 1389 949 1420 ab
969 1400 1009 1421 eo
1024 1388 1075 1420 sa-

90 1444 142 1469 eta
167 1443 268 1475 sunt,
294 1447 408 1479 neque
431 1438 599 1469 occultari
625 1446 788 1479 possunt,
818 1450 931 1480 neque
956 1439 1075 1475 taxari,

90 1486 158 1518 nisi
183 1485 281 1530 quies
302 1485 518 1518 calumniose
545 1497 581 1517 ea
607 1487 797 1529 depravare
822 1486 917 1519 velit.
971 1484 1073 1518 Grati

89 1548 173 1569 vero
192 1537 306 1571 Deum
330 1536 564 1576 celebremus,
591 1537 684 1579 quod
711 1536 794 1569 texit
818 1533 912 1568 hunc
936 1535 1075 1568 Princi-

91 1599 191 1630 pem,
226 1592 259 1619 et
284 1586 330 1619 ita
357 1587 506 1619 armavit
537 1587 723 1619 autoritate
755 1592 787 1619 et
818 1586 1000 1625 felicitate,
1038 1593 1074 1618 nt

91 1636 283 1670 Germania
310 1637 375 1670 sub
402 1637 477 1681 ipso
504 1638 727 1670 mediocriter
748 1637 940 1681 tranquilla
959 1637 1072 1671 suerit.

91 1686 207 1730 Quam
225 1688 265 1720 ad
285 1699 359 1720 rem
376 1687 478 1721 initio
495 1688 598 1721 etiam
617 1689 690 1721 eius
709 1688 903 1721 moderatio
931 1688 1074 1732 profuit,

89 1750 168 1772 cum
195 1738 306 1772 nollet
337 1738 535 1783 pontificiae
559 1739 755 1772 crudelitati
787 1751 921 1772 morem
946 1751 1074 1781 gerere,

88 1790 149 1822 sed
166 1789 340 1832 flagitaret
352 1790 588 1832 cognitionem
605 1790 935 1831 controversiarum,
953 1797 984 1823 et
1001 1790 1073 1822 vel-

88 1841 137 1873 let
156 1851 194 1873 re
209 1840 401 1874 deliberata
419 1838 596 1873 Ecclesiae
622 1841 726 1874 saluti
750 1841 897 1874 consuli.
951 1839 1008 1873 Ab
1035 1852 1073 1873 ea

87 1891 330 1924 moderatione
351 1892 445 1936 quod
463 1898 580 1935 postea
597 1891 763 1932 discessit,
789 1898 821 1925 et
838 1891 970 1925 bellum
983 1890 1075 1924 Ger-

89 1941 265 1975 manicum
296 1942 426 1982 movit,
459 1942 681 1985 deploremus
712 1943 942 1976 calamitatem
969 1940 1074 1976 huius

90 1992 236 2026 ultimae
254 1999 287 2025 et
305 1993 437 2026 delirae
453 2000 613 2026 senectae
632 1994 767 2034 mundi,
794 2000 827 2026 et
845 2005 1074 2036 agnoscamus

91 2042 128 2074 in
154 2043 320 2076 omnibus
339 2044 496 2087 partibus
519 2044 668 2077 multum
686 2056 757 2077 esse
773 2044 941 2077 scelerum
954 2069 962 2082 ,
993 2056 1072 2088 pro-

90 2101 168 2137 pter
185 2105 273 2138 quae
290 2106 421 2138 poenae
441 2102 473 2128 et
493 2102 664 2128 venerunt
679 2101 711 2128 et
727 2096 878 2128 venient.
932 2093 979 2128 Et
996 2107 1073 2128 ore-

90 2154 168 2177 mus
191 2144 302 2178 filium
329 2143 414 2185 Dei,
448 2152 486 2179 ut
509 2146 633 2179 iustam
663 2146 749 2179 iram
774 2146 901 2184 leniat,
938 2153 970 2179 et
993 2158 1074 2178 suae

91 2195 231 2238 veritati
255 2207 358 2240 opem
383 2196 488 2237 serat,
511 2204 543 2229 et
570 2196 736 2242 reliquias
760 2197 814 2230 sui
837 2197 986 2240 agminis
1002 2209 1074 2229 ser-

92 2253 160 2280 vet.
215 2245 292 2291 Ipse
308 2245 456 2280 Carolus
475 2248 577 2280 etiam
603 2254 762 2291 expertus
779 2255 828 2282 est
851 2248 909 2281 illa
929 2248 1074 2281 consilia

92 2297 245 2331 violenta
261 2298 329 2330 sibi
348 2310 418 2331 non
439 2299 544 2331 fuisse
569 2298 693 2333 felicia.

195 2355 263 2391 Sed
282 2369 356 2390 non
370 2358 516 2392 instituo
530 2359 726 2391 orationem
755 2359 797 2391 de
819 2359 985 2391 omnibus
1002 2358 1076 2391 eins

92 2407 202 2442 factis.
229 2405 282 2441 De
299 2420 483 2452 congressu
505 2408 718 2442 Bononiensi
739 2410 866 2450 dicam,
884 2410 943 2454 qui
961 2416 1077 2442 osten-

93 2459 145 2492 dit
163 2470 243 2491 eum
264 2458 368 2492 initio
388 2472 405 2493 a
425 2460 590 2493 violentis
616 2460 772 2493 consiliis
790 2458 1026 2494 abhorruisse.

194 2525 287 2559 Vera
305 2534 386 2560 sunt
403 2525 507 2561 haect
534 2527 624 2560 Cum
650 2529 686 2560 in
705 2527 841 2561 ltaliam
865 2540 958 2561 anno
975 2528 1077 2561 trice-

94 2577 183 2610 simo
200 2578 419 2620 profecturus
437 2578 694 2616 essetCarolus,
723 2579 995 2612 deliberationes
1012 2579 1076 2611 sibi

95 2628 202 2661 scribi
227 2628 327 2662 iussit
352 2630 395 2661 de
413 2630 658 2663 controversiis
677 2627 861 2664 Ecclesiae.
916 2629 1078 2673 Respon-

96 2680 225 2712 derunt
244 2680 405 2724 quidam,
434 2692 574 2724 prorsus
602 2681 734 2714 nnllam
759 2680 988 2714 mutationem
1014 2681 1078 2713 do-

591 115 746 151 DECL.
784 114 856 151 DE
888 111 1243 151 CONGRESSL‘
1278 112 1655 150 BONONIENSI.

2061 119 2134 153 310

1141 197 1285 235 ctrinae,
1314 206 1373 231 aut
1390 199 1523 232 rituum
1542 200 1750 239 faciendam,
1776 208 1836 234 aut
1854 202 2125 245 permittendam

1114 253 1115 283 i
1140 259 1230 287 esse,
1257 260 1318 280 nec
1339 249 1445 281 ullam
1464 250 1646 295 Synodum
1665 254 1924 285 convocandam
1947 265 2039 293 esse,
2065 255 2124 286 sed

1112 298 1275 353 {tantum
1299 299 1402 332 armis
1426 301 1593 334 delendos
1624 314 1695 335 esse
1727 314 1868 343 omneS,
1899 311 1931 337 et
1963 306 2123 338 doctores

1111 362 1114 393 3
1138 354 1170 380 et
1187 347 1378 393 Principes,
1409 351 1468 394 qni
1487 351 1693 386 labefactare
1713 360 1928 396 praesentem
1947 356 2122 400 tranquil-

1110 397 1112 420 ¹
1137 399 1270 431 litatem
1295 401 1482 438 auderent,
1512 403 1591 446 qnia
1621 405 1699 446 plus
1723 404 1805 436 mali
1829 404 1873 437 sit
1898 405 1933 436 in
1961 407 2120 448 exemplo

1136 449 1287 482 admissa
1306 452 1517 493 mutatione,
1545 466 1648 497 quam
1668 455 1705 486 in
1723 456 1856 494 morbo,
1884 455 1981 487 cuius
2001 468 2119 488 emen-

1135 499 1230 532 datio
1250 500 1463 535 instituatur.
1518 504 1632 536 Semel
1652 505 1745 536 enim
1762 512 1891 539 tentata
1909 506 2118 545 mutatione,

1135 550 1270 583 curiosa
1295 553 1433 594 ingenia
1462 554 1605 587 invitari
1636 556 1678 586 ad
1711 555 1859 587 maiores
1892 556 2114 591 mutationes.

1133 599 1205 633 Alii
1230 602 1388 635 mitiores
1408 606 1682 647 responderunt,
1712 603 1904 637 Ecclesiam
1933 604 2014 639 haec
2032 605 2115 640 hor-

1133 652 1207 684 rida
1236 659 1270 685 et
1292 652 1464 686 Laconica
1490 656 1634 687 consilia
1660 668 1731 687 non
1757 657 1887 687 decere.
1947 655 2115 697 Primum,

1132 703 1214 746 quia
1232 703 1322 736 alius
1338 704 1415 737 finis
1433 706 1476 739 sit
1492 705 1686 738 Laconicae
1711 706 1996 749 gubernationis,
2025 707 2115 740 alins

1132 751 1322 786 Ecclesiae:
1353 755 1389 787 in
1403 755 1578 789 Laconica
1608 763 1743 790 tantum
1769 758 1890 802 quaeri
1919 758 2012 800 pacis
2028 770 2112 790 con-

1131 803 1383 845 servationem,
1424 806 1459 838 in
1480 805 1635 840 Ecclesia
1660 808 1920 841 anteferendam
1941 819 2012 841 esse
2037 809 2112 851 glo-

1131 854 1219 886 riam
1244 854 1318 889 Dei.
1370 854 1459 889 Cum
1484 864 1598 890 autem
1634 858 1857 892 manifestum
1883 859 1946 896 sit,
1982 860 2109 892 multas

1131 905 1233 937 falsas
1258 906 1444 948 opiniones
1470 919 1608 948 errore,
1646 909 1911 952 superstitione,
1950 910 2109 949 avaritia,

1132 956 1167 987 in
1177 953 1368 989 Ecclesiam
1388 957 1542 991 invectos
1561 970 1643 997 esse,
1662 960 1889 992 necessariam
1903 971 1974 992 esse
1991 972 2111 993 emen-

1130 1006 1308 1039 dationem
1334 1015 1475 1052 propter
1501 1009 1646 1051 gloriam
1673 1010 1750 1044 Dei.
1803 1009 1938 1043 Deinde
1964 1023 2008 1043 ne
2032 1012 2111 1055 qui-

1130 1058 1207 1090 dem
1225 1057 1299 1090 sore
1317 1070 1454 1101 pacem,
1481 1060 1562 1104 quia
1580 1071 1715 1104 semper
1733 1060 1842 1094 futuri
1858 1061 1945 1101 siut,
1968 1061 2028 1105 qui
2046 1061 2112 1093 ali-

1130 1121 1195 1153 qua
1221 1106 1499 1152 reprehendent,
1542 1111 1646 1155 idque
1677 1111 1928 1144 tumultuosius
1959 1113 2111 1144 facturos

1129 1170 1201 1192 esse
1219 1160 1365 1199 multos,
1394 1161 1475 1205 quia
1501 1162 1575 1193 sine
1596 1162 1736 1205 publica
1764 1163 1950 1195 autoritate
1979 1169 2011 1195 et
2035 1162 2109 1194 sine

1129 1222 1298 1243 consensu
1316 1212 1589 1253 gubernatorum
1608 1212 1641 1244 id
1659 1220 1816 1255 agerent:
1844 1224 1915 1246 esse
1939 1220 1972 1246 et
1997 1214 2110 1245 mani-

1130 1261 1214 1293 festa
1243 1261 1431 1294 libidinum
1457 1263 1584 1295 scelera
1618 1263 1655 1295 in
1688 1263 1880 1302 coelibatu,
1915 1275 2002 1308 quae
2031 1264 2109 1296 tolli

1128 1311 1223 1344 Deus
1240 1312 1462 1354 praeceperit,
1488 1320 1658 1357 quantum
1680 1314 1763 1346 serri
1781 1326 1799 1346 a
1814 1314 2109 1356 gubernatoribus

1130 1360 1246 1403 possit.
1300 1360 1500 1399 Postremo,
1530 1360 1721 1395 Ecclesiam
1748 1375 1818 1395 non
1846 1364 1971 1396 debere
1988 1370 2107 1408 tyran-

1129 1411 1241 1442 nicam
1269 1422 1357 1447 esse,
1387 1412 1443 1444 sed
1466 1420 1608 1455 propter
1631 1414 1829 1456 probabiles
1851 1426 1969 1447 causas
1997 1414 2105 1447 lenire

1128 1458 1255 1490 iniusta
1290 1471 1410 1491 onera.
1472 1459 1622 1493 Athonis
1653 1461 1764 1494 Solon
1801 1472 1956 1497 veterum
1990 1465 2105 1507 legum

1127 1508 1346 1551 asperitatem
1393 1510 1583 1551 mitigavit,
1627 1518 1657 1543 et
1698 1509 1936 1555 ouodgt‘hzsw
1984 1515 2106 1548 effecit.

1127 1558 1237 1601 Saepe
1251 1559 1329 1591 etin
1342 1560 1427 1591 urbe
1442 1559 1570 1600 Roma,
1589 1568 1619 1594 et
1634 1562 1668 1593 in
1682 1562 1827 1606 imperio
1840 1564 2014 1605 mitigatae
2025 1573 2105 1597 sunt

1128 1621 1298 1642 nexorum
1324 1610 1548 1644 calamitates.
1611 1611 1754 1654 Quanto
1780 1614 1889 1656 magis
1912 1612 2104 1647 Ecclesiam

1126 1661 1222 1693 decet
1246 1660 1389 1700 lenitas,
1419 1661 1475 1694 cui
1498 1662 1600 1695 toties
1626 1671 1846 1707 praeceptum
1873 1671 1940 1704 est,
1969 1672 2008 1698 ut
2025 1677 2105 1709 par-

1126 1718 1179 1744 cat
1197 1711 1358 1744 infirmis.
1413 1710 1576 1757 Denique
1592 1726 1670 1746 cum
1690 1721 1739 1748 tot
1758 1714 1939 1758 Principes
1956 1716 1997 1748 ad
2009 1715 2103 1761 Syn-

1126 1763 1233 1794 odum
1259 1769 1469 1806 provocent,
1498 1770 1529 1796 et
1553 1764 1715 1808 quidem,
1743 1777 1821 1798 cum
1847 1766 1978 1811 ubique
1997 1774 2107 1799 terra-

1126 1825 1204 1846 rum
1222 1813 1308 1845 boni
1328 1820 1360 1847 et
1376 1814 1470 1847 docti
1487 1815 1636 1848 assiduis
1655 1816 1842 1859 gemitibus
1857 1823 1976 1860 petant
1991 1816 2106 1862 Syno—

1126 1865 1228 1904 dum,
1253 1864 1366 1908 qualis
1392 1866 1552 1909 tyrannis
1578 1873 1684 1907 esset,
1711 1867 1786 1899 sine
1810 1867 1882 1900 ulla
1907 1867 2107 1910 cognitione

1125 1915 1283 1948 sevitiam
1301 1916 1482 1948 exercere?
1510 1914 1688 1950 Adiuncta
1706 1924 1790 1951 sunt
1814 1925 1846 1950 et
1869 1918 2024 1961 exempla
2042 1919 2105 1951 bo-

1126 1978 1252 1998 norum
1279 1964 1505 2010 Principum,
1541 1967 1601 2011 qui
1620 1968 1783 2012 Synodos
1809 1968 1913 2001 utiles
1930 1967 2105 2001 Ecclesiae

1125 2024 1385 2055 convocarunt,
1419 2016 1665 2058 Constantini,
1700 2016 1914 2056 Theodosii,
1951 2018 2105 2055 Arcadii,

1126 2067 1309 2101 Martiani.

1227 2117 1333 2151 Lecto
1352 2124 1500 2162 utroque
1516 2118 1689 2159 consilio,
1717 2118 1912 2162 Imperator
1931 2127 1963 2153 et
1981 2127 2104 2154 natura

1126 2169 1232 2208 mitis,
1259 2176 1292 2202 et
1308 2168 1443 2201 alienus
1459 2181 1476 2200 a
1503 2170 1700 2214 tyrannide,
1729 2176 1761 2202 et
1779 2182 1850 2203 non
1868 2170 2046 2213 profanus,
2070 2183 2106 2203 re

1126 2221 1188 2253 diu
1211 2220 1358 2262 cogitata
1382 2226 1414 2252 et
1436 2219 1609 2263 disputata
1633 2232 1711 2253 cnm
1728 2220 1993 2263 sapientissimis
2011 2222 2107 2261 viris,

1127 2272 1268 2306 tandem
1297 2270 1460 2314 praetulit
1484 2271 1689 2304 sententiam
1717 2271 1841 2303 iustam
1867 2278 1900 2305 et
1917 2272 2107 2310 mitiorem,

1127 2329 1161 2356 et
1179 2322 1384 2359 affirmavit,
1410 2332 1443 2353 se
1461 2321 1496 2353 in
1513 2333 1549 2353 ea
1568 2333 1835 2365 permansurum
1854 2333 1935 2355 esse.

1228 2372 1317 2405 Cum
1344 2372 1449 2413 igitur
1467 2379 1608 2405 ventum
1632 2379 1681 2405 est
1702 2370 1920 2414 Bononiam,
1948 2373 2105 2406 instituta

1128 2424 1382 2458 deliberatione
1399 2424 1440 2454 de
1458 2435 1538 2465 pace
1554 2420 1730 2456 Ecclesiae
1742 2450 1750 2462 ,
1777 2435 1855 2456 cum
1873 2424 2108 2457 consedissent

1127 2476 1275 2509 Carolus
1297 2473 1521 2508 etPontist-x.
1548 2480 1580 2506 et
1605 2471 1687 2507 hinc
1714 2474 1868 2507 seniores
1894 2474 2109 2512 Cardinales.

1129 2526 1323 2564 Uenutius,
1353 2524 1556 2564 Farnesius,
1582 2532 1613 2558 et
1640 2525 1720 2564 alii,
1746 2525 1829 2558 inde
1844 2524 2025 2569 Principes
2043 2524 2108 2558 lli-

1129 2577 1280 2621 spanici,
1308 2583 1339 2608 et
1365 2574 1476 2607 ltalici
1500 2582 1669 2614 astarent,
1697 2574 1924 2609 Mercurinns
1947 2577 2048 2618 longa
2077 2583 2107 2607 et

1129 2628 1330 2671 gravissima
1363 2627 1520 2658 oratione
1551 2628 1767 2660 voluntatem
1793 2626 1909 2659 Caroli
1943 2625 2109 2668 exposuit,

1103 2699 1105 2715 i
1130 2687 1158 2712 et
1181 2678 1363 2722 Synodum
1382 2677 1562 2717 flagitavit.
1616 2677 1707 2711 llnir.
1721 2678 1901 2713 Clemens,
1929 2676 1989 2720 qui
2009 2682 2040 2709 et
2057 2686 2109 2708 sa-

1429 2728 1477 2762 020
1495 2726 1512 2746 *
