2324 2955
194 127 240 161 79

196 213 328 247 tionem
343 212 431 250 Dei,
459 218 491 244 et
513 211 554 243 ad
579 207 798 250 diligentiam
818 207 993 240 retinendi
1012 207 1105 239 dona
1123 207 1176 239 di-
1201 213 1204 272 Ι

197 264 290 296 vina.
359 262 447 295 Nam
478 267 511 292 et
534 260 713 291 fatendum
745 265 794 291 est
816 258 963 291 virtutes
986 269 1057 290 esse
1084 259 1176 291 dona
1201 273 1203 288 t

195 313 282 354 Dei,
325 320 357 346 et
385 310 489 344 simul
513 309 767 342 consideranda
800 315 850 342 est
877 309 951 341 eius
983 308 1175 350 diligentia,

196 364 290 409 quod
313 374 350 395 ea
367 361 512 393 adsidua
529 359 750 392 invocatione
767 359 908 402 petivit,
941 365 975 391 et
995 359 1103 399 cavit,
1131 370 1175 390 ne

194 413 392 458 petulanter
407 411 611 444 effunderet.
653 408 809 442 Habenti
834 409 927 441 enim
945 409 1103 449 dabitur,
1137 415 1175 441 ut

195 462 312 507 inquit
336 462 428 494 filius
447 461 529 500 Dei,
556 460 617 505 qui
643 460 784 504 quidem
809 460 885 492 vult
910 471 974 492 nos
1000 460 1176 492 intuentes

195 514 232 546 in
250 512 331 546 talia
349 512 524 555 exempla,
551 511 638 544 scire
661 522 695 543 se
711 511 888 554 aequalem
907 522 996 550 esse,
1024 517 1056 543 et
1074 510 1176 542 nobis

194 574 333 609 quoque
349 562 547 606 petentibus
563 561 816 605 opitulaturum
836 571 918 595 esse.
971 560 1069 594 Sicut
1080 560 1176 592 Psal-

194 625 270 647 mus
287 614 387 647 docet
405 613 661 646 accendendam
683 623 753 643 esse
775 611 1033 643 invocationem
1052 611 1175 643 talium

194 664 432 707 exemplorum
459 662 755 702 consideratione,
795 673 873 693 cum
900 661 1033 705 inquit:
1066 661 1176 693 Acce-

194 716 265 749 dite
282 715 325 747 ad
342 726 438 753 eum,
465 720 496 747 et
520 712 702 748 accurrite.
756 710 823 744 Iste
848 723 979 755 pauper
1004 710 1178 750 clamavit,

195 773 227 799 et
238 764 412 798 Dominus
431 763 608 796 exaudivit
626 775 716 797 eum.
755 762 935 795 intuentes
954 760 1177 804 igitur-Prin-

195 816 281 860 cipis
298 815 444 856 Georgii
462 825 620 853 cursum,
648 819 680 845 et
704 813 793 855 grati
812 811 926 845 Deum
950 812 1178 848 celebremus,

195 873 228 899 et
248 872 404 909 petamus
421 877 484 896 nos
503 875 643 908 quoque
666 863 875 906 gubernari,
906 869 938 895 et
960 863 1094 902 studia,
1125 873 1179 894 se-

194 916 377 949 dulitatem
402 921 436 948 et
463 914 680 957 diligentiam
706 913 796 953 eius,
831 913 869 944 in
893 912 1086 946 retinendis
1113 911 1179 945 Dei

195 967 298 999 donis
321 965 377 1010 pie
401 965 588 999 imitemur.
641 962 732 997 Dixi.

196 1166 260 1200 No.
281 1165 362 1199 141.
1027 1164 1182 1196 an.1554.

1014 1209 1173 1222 ‘a

307 1272 380 1312 De
416 1270 645 1326 dignitate
686 1269 892 1323 Pre'nct'p.
923 1268 1068 1310 Elect.

264 1351 368 1376 Prodiit
383 1348 542 1384 separatim:
561 1349 686 1378 „Oratio
700 1349 731 1371 de
746 1349 873 1379 dignitate
889 1348 1065 1379 Principum,
1086 1348 1182 1379 quibus

298 1385 393 1410 electio
419 1383 588 1415 {inperatoris
613 1383 640 1405 in
661 1380 805 1405 Germania
828 1380 1017 1405 commendata
1038 1384 1083 1404 est.
1123 1379 1179 1403 Re-

297 1418 376 1444 citata
386 1417 552 1449 Vitebergae‚
577 1425 637 1440 cum
655 1416 846 1440 decerneretur
861 1415 958 1447 gradus
970 1414 1086 1438 Doctori
1098 1413 1182 1438 Paulo

298 1452 445 1477 Gusebelio
466 1449 708 1482 Longicampiano.
751 1448 852 1473 Excusa
870 1449 896 1472 iu
912 1447 1020 1473 officina
1035 1448 1182 1472 haeredum

298 1486 408 1518 Georgii
425 1485 514 1510 [thaiv.
528 1483 672 1509 MDLllll.
695 1482 788 1515 l¹l3pb
809 1483 850 1506 8.”
871 1497 903 1500 -
933 1482 1034 1506 liecusa
1050 1482 1075 1505 in
1091 1482 1184 1506 select.

298 1521 377 1546 Dect.
395 1520 427 1545 'l'.
445 1518 490 1544 lll.
507 1527 532 1552 p.
547 1517 597 1542 239
611 1527 669 1550 sqq.
697 1517 814 1542 Seri-est.
829 1517 862 1542 T,
879 1516 923 1543 lll,
939 1524 964 1548 p.
980 1516 1037 1541 227.
1058 1515 1182 1541 Richard.

301 1556 333 1580 T.
350 1554 379 1579 ll.
400 1562 425 1586 p.
440 1554 499 1578 536.

199 1639 324 1670 Oratio
351 1634 397 1668 de
425 1633 612 1679 diynitaie
628 1634 867 1675 Principum,
898 1629 1027 1675 quibus·
1046 1630 1184 1663 Electio

237 1687 478 1730 Imperatoris
503 1686 541 1716 ιή
567 1685 766 1717 Germania
793 1681 1053 1716 commendata
1079 1684 1148 1714 est.

198 1764 392 1813 Sapienter
414 1767 613 1799 institutum
630 1772 698 1805 est,
721 1771 759 1797 ut
777 1764 813 1795 in
831 1763 1101 1795 renunciatione
1122 1773 1187 1804 pu-

200 1820 284 1854 blici
309 1817 520 1857 testimonii,
549 1816 678 1858 singuli
695 1815 756 1859 qui
774 1812 839 1846 hoc
858 1814 935 1846 loco
955 1814 1096 1850 dicunt,
1124 1813 1186 1844 ad-
1212 1799 1215 1870 Ι

201 1873 315 1904 ferant
340 1867 713 1901 commonefactionem
738 1866 889 1909 aliquam
919 1863 1185 1896 convenientem

201 1934 282 1955 snae
301 1920 378 1952 arti.
433 1918 519 1952 Cum
538 1924 652 1951 autem
672 1917 755 1949 alias
771 1927 869 1958 saepe
887 1916 929 1947 de
946 1915 1059 1957 legum
1078 1913 1187 1945 fonti-

204 1974 268 2005 bus
286 1978 319 2004 et
337 1970 507 2012 dignitate
527 1968 728 2011 gravissime
752 1967 884 1998 dictum
905 1965 966 2005 sit,
994 1972 1026 1998 et
1049 1964 1186 1996 refutati

203 2024 274 2055 sint
297 2023 432 2054 furores
459 2017 642 2052 bominum
672 2017 924 2057 fanaticorum,
957 2016 1017 2060 qui
1045 2016 1136 2057 leges
1156 2020 1189 2046 et

202 2081 313 2107 totum
334 2071 515 2115 politicum
533 2070 693 2101 ordinem
719 2069 907 2106 damnant,
942 2078 1003 2108 ego
1029 2077 1123 2098 nunc
1146 2066 1188 2097 de

204 2124 372 2166 dignitate
396 2120 622 2163 Principum,
663 2118 790 2162 quibus
815 2118 935 2150 electio
966 2115 1188 2160 imperatoris

205 2176 241 2206 in
266 2172 456 2205 Germania
481 2170 723 2203 commendata
755 2174 821 2207 est,
862 2168 1032 2212 quaedam
1064 2167 1189 2199 dicam.

206 2224 420 2267 Quanquam
455 2222 549 2254 enim
579 2221 652 2253 eius
684 2219 734 2252 rei
768 2218 931 2260 cogitatio
965 2217 1106 2262 proprie
1145 2218 1187 2249 ad

206 2284 360 2307 summos
386 2272 564 2314 Principes
592 2271 760 2314 pertinet,
801 2276 917 2301 tamen
953 2268 1102 2311 populus
1126 2269 1191 2299 do-

206 2325 337 2358 cendus
353 2329 402 2355 est
419 2323 461 2354 de
478 2322 680 2358 reverentia,
709 2332 796 2365 quae
814 2326 911 2352 tanto
929 2318 1066 2361 fastigio
1085 2319 1192 2350 debe-

207 2382 281 2413 tur,
309 2381 341 2406 et
358 2375 399 2405 de
417 2373 594 2405 voluntate
607 2371 671 2404 Dei
692 2377 851 2403 servante
871 2381 978 2413 genus
997 2367 1190 2401 humanum

208 2436 396 2467 regnorum
421 2422 647 2456 distinctione
668 2429 699 2454 et
718 2423 859 2459 ordine,
886 2428 922 2453 ut
943 2427 974 2452 et
992 2419 1190 2452 obedientia

209 2476 436 2509 coiifirmetur
470 2473 585 2505 debita
619 2472 792 2515 imperiis,
834 2479 866 2504 et
899 2471 999 2503 multi
1031 2468 1192 2502 homines

209 2533 434 2563 moveantur,
468 2531 506 2556 ut
527 2523 787 2555 ardentioribus
810 2522 899 2555 votis
922 2534 941 2554 a
965 2522 1037 2554 Deo
1062 2520 1193 2552 saluta-

210 2589 281 2610 rem
302 2575 593 2618 gubernationem
613 2580 747 2617 petant,
781 2585 847 2617 qua
867 2574 909 2605 de
928 2585 964 2605 re
984 2571 1120 2615 saepius
1138 2583 1194 2603 re-

211 2628 379 2671 petendae
395 2632 477 2658 sunt
501 2625 577 2668 piae
600 2624 968 2663 commonefactiones,
1001 2623 1083 2667 quia
1107 2634 1193 2665 pau-

211 2677 337 2711 cissimi
363 2677 398 2709 in
427 2675 557 2720 populo
581 2674 804 2708 considerant
827 2675 1045 2707 voluntatem
1070 2672 1134 2706 Dei
1158 2673 1193 2705 in

624 123 780 159 DECL.
821 120 894 156 DE
928 120 1264 156 DtGNtTATE
1298 122 1546 158 PRINClP.
1575 123 1771 161 ELECT.

2159 122 2207 158 80

1228 209 1477 243 constitutione
1501 220 1708 252 regnorum,
1742 222 1780 242 ac
1813 208 1956 253 plurimi
1987 221 2065 243 cum
2088 209 2210 242 vident

1228 261 1330 294 toties
1347 265 1477 292 mutata
1493 270 1565 291 esse
1581 271 1686 302 regna
1704 260 1740 292 in
1763 260 1916 298 mundo,
1943 265 1977 293 et
2003 259 2040 292 in
2063 259 2209 302 singulis

1229 311 1419 354 plurimum
1436 308 1554 349 fuisse,
1581 316 1613 341 et
1630 321 1700 342 esse
1716 311 1963 344 confusionum
1981 316 2014 343 et
2031 310 2213 349 scelerum,

1230 360 1470 403 imaginantur
1498 370 1579 392 casu
1612 371 1717 402 regna
1750 361 1951 401 transferri,
1985 367 2045 393 aut
2074 366 2210 393 tantum

1229 411 1302 455 rapi
1322 408 1505 442 hominum
1520 410 1681 450 audacia,
1709 416 1741 442 et
1757 412 1907 444 oderunt
1927 422 2067 443 omnem
2083 411 2211 453 guber-

1230 462 1406 494 nationem
1426 468 1592 505 tanquam
1612 460 1846 505 tyrannidem,
1867 468 1898 494 et
1917 474 1990 494 non
2004 462 2117 494 solum
2133 473 2212 504 pre—

1232 512 1404 544 cationem
1431 511 1618 551 omittunt,
1642 512 1699 543 sed
1719 511 1822 544 etiam
1842 512 2015 545 seditiosis
2039 511 2212 544 sermoni-

1230 563 1296 595 bus
1317 561 1471 594 alienant
1496 559 1679 594 hominum
1706 562 1903 594 voluntates
1927 573 1945 594 a
1969 561 2214 604 gubernatori-

1232 614 1307 652 bus,
1334 618 1365 644 et
1384 623 1603 644 communem
1623 612 1910 656 tranquillitatem
1927 613 2082 650 turbant,
2111 612 2213 644 obliti

1232 662 1491 695 saeverissimae
1509 662 1601 694 vocis
1618 662 1769 700 divinae,
1798 675 1886 707 quae
1900 662 1935 694 in
1945 660 2068 696 Exodo
2088 663 2214 706 scripta

1232 721 1297 746 est:
1326 712 1481 756 Principi
1500 713 1619 756 populi
1639 713 1688 745 tui
1706 724 1779 744 non
1796 713 1993 748 maledices.

1335 762 1453 805 Quare
1486 774 1585 806 saepe
1619 763 1839 807 multumque
1877 762 2214 796 commonefaciendi

1233 819 1314 847 sunt
1342 811 1522 854 homines,
1562 820 1600 847 ut
1627 812 1847 846 considerent
1882 815 1919 846 in
1953 813 2216 857 gubernatione,

1234 865 1325 897 hona
1355 871 1387 896 et
1411 863 1519 904 mala,
1556 871 1588 896 et
1612 864 1812 896 discernant
1836 875 1965 898 causas.
2027 863 2103 908 lpse
2128 863 2216 896 ordo

1234 914 1415 958 politicus,
1450 914 1558 957 leges,
1594 914 1830 955 magistratus,
1864 914 2013 953 iudicia,
2040 914 2216 956 legitimae

1234 976 1387 1008 poenae,
1414 971 1631 1003 contractus,
1660 965 1877 997 conservatio
1894 965 2066 998 societatis
2092 962 2217 996 liuma-

1235 1027 1300 1047 nae
1319 1021 1400 1047 sunt
1416 1014 1565 1047 illustria
1593 1015 1789 1048 testimonia
1807 1016 1849 1047 de
1866 1013 1940 1047 Deo
1969 1022 2000 1047 et
2031 1016 2073 1047 de
2098 1014 2217 1058 provi-

1235 1065 1364 1099 dentia.
1402 1064 1441 1097 ln
1460 1063 1513 1097 his
1532 1065 1615 1108 ipsis
1632 1065 1842 1098 testimoniis
1859 1066 2078 1108 agnoscimus
2098 1073 2129 1098 et
2147 1076 2218 1096 esse

1235 1115 1361 1155 Deum,
1388 1122 1422 1149 et
1439 1116 1642 1159 sapientem,
1671 1117 1816 1155 bonum,
1843 1116 2053 1156 beneficum,
2078 1115 2220 1155 iustum,

1236 1177 1414 1205 veracem,
1457 1172 1606 1206 castum,
1656 1173 1687 1198 et
1724 1166 1899 1199 vindicem
1931 1166 2098 1199 scelerum
2137 1177 2219 1200 esse.

1237 1217 1348 1260 Saepe
1366 1216 1472 1258 igitur
1488 1213 1581 1249 hunc
1600 1214 1874 1260 pulcherrimum
1895 1217 2055 1249 ordinem
2074 1216 2220 1260 aspicia-

1239 1279 1334 1304 mus,
1363 1272 1395 1298 et
1411 1267 1561 1299 sciamus
1578 1279 1656 1299 eum
1677 1279 1755 1299 vere
1765 1267 1827 1300 Dei
1846 1279 1933 1310 opus
1954 1278 2036 1304 esse,
2065 1274 2098 1299 et
2115 1266 2221 1298 mira-

1238 1317 1357 1349 biliter
1371 1317 1414 1348 ab
1434 1316 1509 1359 ipso
1528 1318 1728 1348 conservari
1746 1317 1838 1347 inter
1855 1317 1968 1347 varias
1989 1316 2223 1355 confusiones,

1238 1377 1326 1409 quae
1344 1366 1530 1405 accedunt,
1557 1378 1620 1398 nec
1637 1365 1802 1398 oriuntur
1821 1378 1836 1397 a
1856 1365 1949 1405 Deo,
1976 1365 2034 1397 sed
2055 1377 2072 1398 a
2090 1366 2221 1399 surori-

1238 1416 1304 1447 bus
1328 1414 1550 1446 diabolorum
1575 1421 1608 1446 et
1632 1413 1830 1449 bominum.
1882 1415 2018 1447 Harum
2041 1428 2222 1449 causarum

1239 1464 1479 1497 diversitatem
1505 1465 1613 1497 menti
1640 1465 1848 1508 proponito,
1890 1472 2057 1509 tanquam
2091 1466 2127 1498 in
2159 1464 2223 1499 hac

1240 1515 1391 1556 imagine
1406 1514 1550 1557 pictam:
1579 1514 1615 1548 Si
1634 1526 1770 1558 gregem
1790 1516 1908 1548 ovium
1926 1516 1961 1547 in
1977 1516 2105 1548 florido
2124 1524 2222 1559 prato

1239 1572 1358 1609 pastor
1380 1565 1571 1604 custodiat,
1597 1572 1629 1598 et
1653 1566 1727 1609 lupi
1754 1566 1888 1610 aliquot
1914 1566 2147 1610 irrumpentes
2168 1579 2224 1600 ra-

1239 1616 1339 1660 piant
1369 1627 1407 1647 ac
1435 1615 1609 1648 dilanient
1641 1627 1723 1648 oves
1747 1616 1902 1660 aliquas,
1936 1623 2052 1649 tamen
2074 1617 2224 1660 vigilans

1241 1673 1357 1710 pastor
1376 1665 1527 1697 inritatis
1542 1666 1686 1698 canibus
1705 1667 1848 1708 depellit
1865 1667 1977 1710 lupos,
2006 1674 2038 1700 et
2056 1668 2222 1700 maiorem

1241 1724 1372 1761 partem
1400 1716 1511 1758 gregis
1539 1723 1661 1751 servat.
1729 1717 1787 1750 Sic
1810 1717 1987 1750 verissime
2011 1719 2109 1751 adest
2129 1717 2224 1751 Deus

1241 1766 1360 1810 generi
1379 1764 1548 1807 humano,
1577 1774 1608 1799 et
1625 1774 1674 1799 est
1691 1767 1865 1801 beneficus
1882 1775 1913 1801 et
1930 1768 2079 1811 vigilans
2088 1768 2225 1809 Pastor,

1243 1830 1313 1851 non
1340 1817 1423 1849 sinit
1446 1817 1554 1849 deleri
1578 1824 1690 1850 tntum
1722 1829 1830 1860 genus
1855 1816 2069 1857 humanum,
2113 1826 2145 1852 et
2169 1831 2223 1852 re-

1242 1868 1363 1913 primit
1396 1875 1590 1910 grassantes
1625 1869 1784 1902 diabolos
1821 1876 1853 1902 et
1895 1870 2119 1903 turbulentos
2157 1868 2223 1904 ho—

1242 1920 1364 1952 mines.

1342 1967 1570 2002 Considerata
1591 1975 1703 2001 autem
1723 1967 1847 2003 barum
1867 1982 2048 2005 causarum
2075 1972 2223 2005 diversi-

1242 2026 1327 2060 tate,
1354 2026 1386 2052 et
1412 2025 1527 2051 nostra
1554 2019 1814 2061 imbecillitate,
1847 2023 2108 2055 ardentioribus
2136 2024 2226 2057 votis

1244 2082 1262 2103 a
1287 2070 1360 2103 Deo
1388 2076 1563 2113 petamus,
1598 2077 1636 2103 ut
1662 2083 1725 2104 nos
1750 2079 1923 2115 protegat,
1957 2080 1988 2106 et
2013 2074 2180 2107 libentius
2207 2087 2225 2106 a

1243 2121 1347 2153 nobis
1364 2120 1466 2164 lupos
1483 2120 1644 2163 depellat.
1698 2121 1818 2155 Simus
1832 2123 1897 2167 ipsi
1915 2136 2053 2169 quoque
2076 2124 2226 2157 circum-

1243 2171 1449 2215 spectiores,
1475 2183 1518 2203 ne
1534 2172 1627 2204 velut
1652 2184 1733 2204 oves
1758 2173 1896 2216 longius
1921 2181 2102 2216 vagantes,
2137 2175 2226 2207 inci-

1244 2224 1367 2255 damus
1389 2222 1425 2254 in
1449 2222 1568 2265 lupos,
1604 2229 1637 2255 et
1660 2229 1778 2256 nostra
1801 2224 1951 2257 stulticia
1973 2226 2132 2258 ordinem
2151 2232 2225 2259 tur-

1246 2274 1380 2306 bemus.
1450 2271 1594 2306 Utin-am
1619 2271 1703 2306 llaec
1726 2285 1826 2317 saepe
1850 2275 2039 2317 cogitarent
2066 2274 2227 2310 homines

1244 2323 1372 2356 summi
1395 2329 1427 2355 et
1453 2323 1574 2357 infimi.
1631 2322 1772 2357 Utinam
1798 2324 1980 2369 Principes
2001 2334 2227 2369 agnoscerent

1246 2386 1280 2406 se
1297 2374 1467 2406 divinitus
1484 2374 1521 2405 in
1540 2371 1630 2406 hanc
1652 2375 1835 2407 stationem
1861 2376 2049 2410 collocatos
2074 2389 2162 2418 esse,
2190 2385 2228 2411 ut

1245 2436 1380 2467 gregem
1405 2436 1422 2456 a
1446 2423 1519 2456 Deo
1544 2426 1845 2465 commendatum,
1883 2433 2048 2472 tanquam
2078 2429 2225 2471 mapalia

1246 2475 1456 2515 custodiant,
1484 2482 1515 2508 et
1531 2475 1602 2508 sint
1619 2476 1745 2507 summi
1758 2475 1910 2509 Pastoris
1927 2478 2044 2511 fideles
2064 2479 2227 2519 ministri,

1247 2538 1318 2558 non
1346 2532 1384 2558 ut
1403 2527 1474 2558 suis
1499 2526 1749 2569 cupiditatibus
1773 2526 1836 2570 ipsi
1867 2528 1902 2559 in
1929 2540 2028 2571 grege
2052 2529 2226 2562 lanienam

1247 2584 1437 2610 exerceant.
1479 2575 1554 2608 Hae
1572 2577 1927 2611 commonefactiones
1945 2591 2045 2623 saepe
2061 2587 2227 2624 repetun-

1247 2633 1305 2658 tur
1322 2625 1387 2658 hoc
1409 2627 1503 2667 loco,
1529 2633 1561 2659 et
1571 2625 1666 2659 Deus
1682 2629 1867 2672 praecepit,
1893 2636 1933 2663 ut
1947 2641 2046 2673 saepe
2064 2639 2227 2674 repetan-

1247 2683 1314 2717 tur,
1346 2676 1425 2710 ldeo
1444 2689 1538 2710 nunc
1556 2689 1695 2722 quoque
1710 2677 1813 2712 initio
1834 2680 2002 2714 orationis
2020 2679 2104 2714 haec
2122 2682 2206 2717 dixi.
