<?xml version="1.0" encoding="UTF-8"?>
<!DOCTYPE html PUBLIC "-//W3C//DTD XHTML 1.0 Transitional//EN"
    "http://www.w3.org/TR/xhtml1/DTD/xhtml1-transitional.dtd">
<html xmlns="http://www.w3.org/1999/xhtml" xml:lang="en" lang="en">
 <head>
  <title>
</title>
<meta http-equiv="Content-Type" content="text/html;charset=utf-8" />
  <meta name='ocr-system' content='tesseract 3.04.00' />
  <meta name='ocr-capabilities' content='ocr_page ocr_carea ocr_par ocr_line ocrx_word'/>
</head>
<body>
  <div class='ocr_page' id='page_1' title='image "./operaquaesupersu12melauoft/operaquaesupersu12melauoft_0106.png"; bbox 0 0 2324 2955; ppageno 0'>
   <div class='ocr_carea' id='block_1_1' title="bbox 188 130 258 166">
    <p class='ocr_par' dir='ltr' id='par_1_1' title="bbox 188 130 258 166">
     <span class='ocr_line' id='line_1_1' title="bbox 188 130 258 166; baseline -0.029 0"><span class='ocrx_word' id='word_1_1' title='bbox 188 130 258 166; x_wconf 85' lang='lat'><strong>195</strong></span> 
     </span>
    </p>
   </div>
   <div class='ocr_carea' id='block_1_2' title="bbox 189 208 1171 247">
    <p class='ocr_par' dir='ltr' id='par_1_2' title="bbox 189 208 1171 247">
     <span class='ocr_line' id='line_1_2' title="bbox 189 208 1171 247; baseline -0.008 0"><span class='ocrx_word' id='word_1_2' title='bbox 189 214 257 247; x_wconf 72' lang='lat' dir='ltr'><strong>No.</strong></span> <span class='ocrx_word' id='word_1_3' title='bbox 278 211 360 247; x_wconf 86' lang='grc'><strong>156.</strong></span> <span class='ocrx_word' id='word_1_4' title='bbox 989 219 1036 242; x_wconf 76' lang='lat' dir='ltr'><strong>an,</strong></span> <span class='ocrx_word' id='word_1_5' title='bbox 1063 208 1171 241; x_wconf 75' lang='lat'>1556?</span> 
     </span>
    </p>
   </div>
   <div class='ocr_carea' id='block_1_3' title="bbox 996 254 1164 267">
    <p class='ocr_par' dir='ltr' id='par_1_3' title="bbox 996 254 1164 267">
     <span class='ocr_line' id='line_1_3' title="bbox 996 254 1164 267; baseline 0.006 -1"><span class='ocrx_word' id='word_1_6' title='bbox 996 254 1164 267; x_wconf 46' lang='lat' dir='ltr'><strong>Nom</strong></span> 
     </span>
    </p>
   </div>
   <div class='ocr_carea' id='block_1_4' title="bbox 198 260 366 274">
    <p class='ocr_par' dir='ltr' id='par_1_4' title="bbox 198 260 366 274">
     <span class='ocr_line' id='line_1_4' title="bbox 198 260 366 274; baseline 0 2681"><span class='ocrx_word' id='word_1_7' title='bbox 198 260 366 274; x_wconf 95' lang='lat' dir='ltr'><strong> </strong></span> 
     </span>
    </p>
   </div>
   <div class='ocr_carea' id='block_1_5' title="bbox 475 303 891 347">
    <p class='ocr_par' dir='ltr' id='par_1_5' title="bbox 475 303 891 347">
     <span class='ocr_line' id='line_1_5' title="bbox 475 303 891 347; baseline -0.002 0"><span class='ocrx_word' id='word_1_8' title='bbox 475 306 549 347; x_wconf 82' lang='lat' dir='ltr'><strong>De</strong></span> <span class='ocrx_word' id='word_1_9' title='bbox 589 306 711 344; x_wconf 76' lang='lat' dir='ltr'><strong>scala</strong></span> <span class='ocrx_word' id='word_1_10' title='bbox 742 303 891 346; x_wconf 85' lang='lat' dir='ltr'><strong><em>Iacob.</em></strong></span> 
     </span>
    </p>
   </div>
   <div class='ocr_carea' id='block_1_6' title="bbox 261 381 1172 451">
    <p class='ocr_par' dir='ltr' id='par_1_6' title="bbox 261 381 1172 451">
     <span class='ocr_line' id='line_1_6' title="bbox 261 381 1172 417; baseline -0.004 -5"><span class='ocrx_word' id='word_1_11' title='bbox 261 389 291 412; x_wconf 86' lang='lat' dir='ltr'><strong>ln</strong></span> <span class='ocrx_word' id='word_1_12' title='bbox 306 385 395 411; x_wconf 79' lang='lat' dir='ltr'>select.</span> <span class='ocrx_word' id='word_1_13' title='bbox 409 384 531 410; x_wconf 82' lang='lat' dir='ltr'><strong>Declam.</strong></span> <span class='ocrx_word' id='word_1_14' title='bbox 547 383 634 412; x_wconf 81' lang='lat' dir='ltr'><strong>T.IV,</strong></span> <span class='ocrx_word' id='word_1_15' title='bbox 649 391 675 415; x_wconf 90' lang='lat' dir='ltr'><strong>p.</strong></span> <span class='ocrx_word' id='word_1_16' title='bbox 687 382 738 408; x_wconf 84' lang='lat'><strong>498</strong></span> <span class='ocrx_word' id='word_1_17' title='bbox 752 392 825 417; x_wconf 84' lang='lat' dir='ltr'><strong>sqq.‚</strong></span> <span class='ocrx_word' id='word_1_18' title='bbox 844 382 960 411; x_wconf 81' lang='lat' dir='ltr'><strong>Servest.</strong></span> <span class='ocrx_word' id='word_1_19' title='bbox 973 381 1058 408; x_wconf 59' lang='lat' dir='ltr'><strong>TAV.</strong></span> <span class='ocrx_word' id='word_1_20' title='bbox 1076 383 1172 417; x_wconf 75' lang='lat' dir='ltr'><strong>p.452.</strong></span> 
     </span>
     <span class='ocr_line' id='line_1_7' title="bbox 296 418 692 451; baseline -0.005 -6"><span class='ocrx_word' id='word_1_21' title='bbox 296 425 321 445; x_wconf 82' lang='lat' dir='ltr'><strong>et</strong></span> <span class='ocrx_word' id='word_1_22' title='bbox 335 419 462 446; x_wconf 73' lang='lat' dir='ltr'><strong>Richard.</strong></span> <span class='ocrx_word' id='word_1_23' title='bbox 477 418 508 444; x_wconf 87' lang='lat' dir='ltr'><strong>T.</strong></span> <span class='ocrx_word' id='word_1_24' title='bbox 524 419 573 443; x_wconf 85' lang='lat'><em>111.</em></span> <span class='ocrx_word' id='word_1_25' title='bbox 594 427 620 451; x_wconf 86' lang='lat' dir='ltr'><strong>p.</strong></span> <span class='ocrx_word' id='word_1_26' title='bbox 637 418 692 443; x_wconf 62' lang='lat'>148.</span> 
     </span>
    </p>
   </div>
   <div class='ocr_carea' id='block_1_7' title="bbox 199 485 1171 583">
    <p class='ocr_par' dir='ltr' id='par_1_7' title="bbox 199 485 1171 583">
     <span class='ocr_line' id='line_1_8' title="bbox 199 485 1171 533; baseline -0.003 -9"><span class='ocrx_word' id='word_1_27' title='bbox 199 492 324 524; x_wconf 79' lang='lat' dir='ltr'><strong><em>Oratio</em></strong></span> <span class='ocrx_word' id='word_1_28' title='bbox 354 488 400 523; x_wconf 81' lang='lat' dir='ltr'><strong>de</strong></span> <span class='ocrx_word' id='word_1_29' title='bbox 429 490 534 523; x_wconf 82' lang='lat' dir='ltr'><strong>scala</strong></span> <span class='ocrx_word' id='word_1_30' title='bbox 562 485 694 528; x_wconf 81' lang='lat' dir='ltr'><em>Iacob,</em></span> <span class='ocrx_word' id='word_1_31' title='bbox 723 497 815 531; x_wconf 76' lang='lat' dir='ltr'><strong>quae</strong></span> <span class='ocrx_word' id='word_1_32' title='bbox 837 488 1028 521; x_wconf 78' lang='lat' dir='ltr'><em>Ecclesiae</em></span> <span class='ocrx_word' id='word_1_33' title='bbox 1051 488 1171 533; x_wconf 66' lang='lat' dir='ltr'><strong>imago</strong></span> 
     </span>
     <span class='ocr_line' id='line_1_9' title="bbox 549 536 821 583; baseline -0.007 -11"><span class='ocrx_word' id='word_1_34' title='bbox 549 543 625 583; x_wconf 84' lang='lat' dir='ltr'><strong>est‚·</strong></span> <span class='ocrx_word' id='word_1_35' title='bbox 653 540 740 572; x_wconf 84' lang='lat' dir='ltr'><strong>Gen.</strong></span> <span class='ocrx_word' id='word_1_36' title='bbox 761 536 821 572; x_wconf 79' lang='lat'><strong>28.</strong></span> 
     </span>
    </p>
   </div>
   <div class='ocr_carea' id='block_1_8' title="bbox 179 606 1177 2707">
    <p class='ocr_par' dir='ltr' id='par_1_8' title="bbox 198 606 1176 1046">
     <span class='ocr_line' id='line_1_10' title="bbox 199 606 1174 654; baseline -0.004 -7"><span class='ocrx_word' id='word_1_37' title='bbox 199 606 448 648; x_wconf 75' lang='lat' dir='ltr'><strong>Certissimum</strong></span> <span class='ocrx_word' id='word_1_38' title='bbox 472 620 538 654; x_wconf 88' lang='lat' dir='ltr'><strong>est,</strong></span> <span class='ocrx_word' id='word_1_39' title='bbox 572 624 644 646; x_wconf 90' lang='lat' dir='ltr'><strong>non</strong></span> <span class='ocrx_word' id='word_1_40' title='bbox 665 617 801 645; x_wconf 84' lang='lat' dir='ltr'><strong>tantum</strong></span> <span class='ocrx_word' id='word_1_41' title='bbox 824 608 987 643; x_wconf 88' lang='lat' dir='ltr'><strong>humanis</strong></span> <span class='ocrx_word' id='word_1_42' title='bbox 1019 611 1174 644; x_wconf 90' lang='lat' dir='ltr'><strong>consiliis</strong></span> 
     </span>
     <span class='ocr_line' id='line_1_11' title="bbox 198 661 1173 702; baseline -0.002 -6"><span class='ocrx_word' id='word_1_43' title='bbox 198 662 390 698; x_wconf 80' lang='lat' dir='ltr'><em>Ecclesiam</em></span> <span class='ocrx_word' id='word_1_44' title='bbox 410 671 525 697; x_wconf 89' lang='lat' dir='ltr'><strong>coetus</strong></span> <span class='ocrx_word' id='word_1_45' title='bbox 543 663 742 696; x_wconf 84' lang='lat' dir='ltr'>docentium</span> <span class='ocrx_word' id='word_1_46' title='bbox 756 673 792 694; x_wconf 91' lang='lat' dir='ltr'><strong>ac</strong></span> <span class='ocrx_word' id='word_1_47' title='bbox 808 661 1014 693; x_wconf 89' lang='lat' dir='ltr'><strong>discentium</strong></span> <span class='ocrx_word' id='word_1_48' title='bbox 1032 662 1173 702; x_wconf 90' lang='lat' dir='ltr'><strong>servari,</strong></span> 
     </span>
     <span class='ocr_line' id='line_1_12' title="bbox 202 711 1176 755; baseline -0.003 -8"><span class='ocrx_word' id='word_1_49' title='bbox 202 716 261 747; x_wconf 86' lang='lat' dir='ltr'><strong>sed</strong></span> <span class='ocrx_word' id='word_1_50' title='bbox 287 715 397 747; x_wconf 85' lang='lat' dir='ltr'><strong>filium</strong></span> <span class='ocrx_word' id='word_1_51' title='bbox 423 713 489 747; x_wconf 84' lang='lat' dir='ltr'><strong>Dei</strong></span> <span class='ocrx_word' id='word_1_52' title='bbox 516 714 691 746; x_wconf 78' lang='lat' dir='ltr'><strong>sedentem</strong></span> <span class='ocrx_word' id='word_1_53' title='bbox 715 712 756 744; x_wconf 91' lang='lat' dir='ltr'><strong>ad</strong></span> <span class='ocrx_word' id='word_1_54' title='bbox 782 712 937 743; x_wconf 76' lang='lat' dir='ltr'><strong>dextram</strong></span> <span class='ocrx_word' id='word_1_55' title='bbox 959 711 1092 744; x_wconf 86' lang='lat' dir='ltr'><strong>aeterni</strong></span> <span class='ocrx_word' id='word_1_56' title='bbox 1114 723 1176 755; x_wconf 90' lang='lat' dir='ltr'><strong>pa—</strong></span> 
     </span>
     <span class='ocr_line' id='line_1_13' title="bbox 201 759 1174 807; baseline -0.004 -10"><span class='ocrx_word' id='word_1_57' title='bbox 201 765 284 805; x_wconf 87' lang='lat' dir='ltr'><strong>tris,</strong></span> <span class='ocrx_word' id='word_1_58' title='bbox 312 765 364 797; x_wconf 90' lang='lat' dir='ltr'><strong>sui</strong></span> <span class='ocrx_word' id='word_1_59' title='bbox 389 764 555 807; x_wconf 86' lang='lat' dir='ltr'><strong>agminis,</strong></span> <span class='ocrx_word' id='word_1_60' title='bbox 584 770 616 796; x_wconf 93' lang='lat' dir='ltr'><strong>et</strong></span> <span class='ocrx_word' id='word_1_61' title='bbox 640 761 744 795; x_wconf 87' lang='lat' dir='ltr'><strong>huius</strong></span> <span class='ocrx_word' id='word_1_62' title='bbox 761 759 926 794; x_wconf 75' lang='lat' dir='ltr'><strong>honestae</strong></span> <span class='ocrx_word' id='word_1_63' title='bbox 943 762 1174 794; x_wconf 86' lang='lat' dir='ltr'><strong>consociatio-</strong></span> 
     </span>
     <span class='ocr_line' id='line_1_14' title="bbox 201 811 1175 854; baseline -0.002 -8"><span class='ocrx_word' id='word_1_64' title='bbox 201 814 258 846; x_wconf 89' lang='lat' dir='ltr'><strong>nis</strong></span> <span class='ocrx_word' id='word_1_65' title='bbox 284 815 460 848; x_wconf 77' lang='lat' dir='ltr'><strong>custodem</strong></span> <span class='ocrx_word' id='word_1_66' title='bbox 485 825 567 847; x_wconf 88' lang='lat' dir='ltr'><strong>esse.</strong></span> <span class='ocrx_word' id='word_1_67' title='bbox 622 812 739 854; x_wconf 83' lang='lat' dir='ltr'><strong>Quare</strong></span> <span class='ocrx_word' id='word_1_68' title='bbox 778 811 843 854; x_wconf 89' lang='lat' dir='ltr'><strong>ipsi</strong></span> <span class='ocrx_word' id='word_1_69' title='bbox 874 811 1001 853; x_wconf 83' lang='lat' dir='ltr'><strong>gratias</strong></span> <span class='ocrx_word' id='word_1_70' title='bbox 1031 812 1175 853; x_wconf 80' lang='lat' dir='ltr'><strong>agimus,</strong></span> 
     </span>
     <span class='ocr_line' id='line_1_15' title="bbox 203 859 1176 907; baseline -0.001 -12"><span class='ocrx_word' id='word_1_71' title='bbox 203 865 298 907; x_wconf 91' lang='lat' dir='ltr'><strong>quod</strong></span> <span class='ocrx_word' id='word_1_72' title='bbox 331 870 363 896; x_wconf 89' lang='lat' dir='ltr'><strong>et</strong></span> <span class='ocrx_word' id='word_1_73' title='bbox 396 863 528 905; x_wconf 81' lang='lat' dir='ltr'><strong>colligit</strong></span> <span class='ocrx_word' id='word_1_74' title='bbox 550 863 641 895; x_wconf 90' lang='lat' dir='ltr'><strong>inter</strong></span> <span class='ocrx_word' id='word_1_75' title='bbox 670 873 733 894; x_wconf 89' lang='lat' dir='ltr'><strong>nos</strong></span> <span class='ocrx_word' id='word_1_76' title='bbox 755 859 965 904; x_wconf 78' lang='lat' dir='ltr'><strong>Ecclesiam,</strong></span> <span class='ocrx_word' id='word_1_77' title='bbox 998 868 1031 894; x_wconf 89' lang='lat' dir='ltr'><strong>et</strong></span> <span class='ocrx_word' id='word_1_78' title='bbox 1062 863 1176 895; x_wconf 85' lang='lat' dir='ltr'><strong>studia</strong></span> 
     </span>
     <span class='ocr_line' id='line_1_16' title="bbox 203 910 1174 956; baseline 0 -11"><span class='ocrx_word' id='word_1_79' title='bbox 203 914 443 946; x_wconf 83' lang='lat' dir='ltr'><strong>doctrinarum</strong></span> <span class='ocrx_word' id='word_1_80' title='bbox 474 924 546 945; x_wconf 91' lang='lat' dir='ltr'><strong>non</strong></span> <span class='ocrx_word' id='word_1_81' title='bbox 579 912 663 945; x_wconf 86' lang='lat' dir='ltr'><strong>sinit</strong></span> <span class='ocrx_word' id='word_1_82' title='bbox 700 910 869 952; x_wconf 75' lang='lat' dir='ltr'><strong>extingui:</strong></span> <span class='ocrx_word' id='word_1_83' title='bbox 914 923 1064 956; x_wconf 84' lang='lat' dir='ltr'><strong>eumque</strong></span> <span class='ocrx_word' id='word_1_84' title='bbox 1102 919 1174 945; x_wconf 89' lang='lat' dir='ltr'><strong>toto</strong></span> 
     </span>
     <span class='ocr_line' id='line_1_17' title="bbox 202 961 1176 1006; baseline -0.002 -10"><span class='ocrx_word' id='word_1_85' title='bbox 202 970 341 1006; x_wconf 86' lang='lat' dir='ltr'><strong>pectore</strong></span> <span class='ocrx_word' id='word_1_86' title='bbox 366 974 522 1003; x_wconf 88' lang='lat' dir='ltr'><strong>oramus,</strong></span> <span class='ocrx_word' id='word_1_87' title='bbox 549 970 587 996; x_wconf 85' lang='lat' dir='ltr'><strong>ut</strong></span> <span class='ocrx_word' id='word_1_88' title='bbox 610 963 711 994; x_wconf 88' lang='lat' dir='ltr'><strong>nobis</strong></span> <span class='ocrx_word' id='word_1_89' title='bbox 734 961 842 1001; x_wconf 88' lang='lat' dir='ltr'><strong>adsit,</strong></span> <span class='ocrx_word' id='word_1_90' title='bbox 869 967 901 993; x_wconf 90' lang='lat' dir='ltr'><strong>et</strong></span> <span class='ocrx_word' id='word_1_91' title='bbox 917 972 980 993; x_wconf 88' lang='lat' dir='ltr'><strong>nos</strong></span> <span class='ocrx_word' id='word_1_92' title='bbox 996 968 1111 1004; x_wconf 85' lang='lat' dir='ltr'><strong>regat,</strong></span> <span class='ocrx_word' id='word_1_93' title='bbox 1138 974 1176 994; x_wconf 91' lang='lat' dir='ltr'><strong>ac</strong></span> 
     </span>
     <span class='ocr_line' id='line_1_18' title="bbox 202 1013 682 1046; baseline -0.006 0"><span class='ocrx_word' id='word_1_94' title='bbox 202 1019 344 1046; x_wconf 88' lang='lat' dir='ltr'><strong>tueatur</strong></span> <span class='ocrx_word' id='word_1_95' title='bbox 362 1013 540 1045; x_wconf 87' lang='lat' dir='ltr'><strong>doctrinae</strong></span> <span class='ocrx_word' id='word_1_96' title='bbox 557 1013 682 1044; x_wconf 87' lang='lat' dir='ltr'><strong>studia.</strong></span> 
     </span>
    </p>

    <p class='ocr_par' dir='ltr' id='par_1_9' title="bbox 179 1060 1177 2707">
     <span class='ocr_line' id='line_1_19' title="bbox 304 1060 1175 1105; baseline -0.003 -10"><span class='ocrx_word' id='word_1_97' title='bbox 304 1062 393 1096; x_wconf 89' lang='lat' dir='ltr'><strong>Cum</strong></span> <span class='ocrx_word' id='word_1_98' title='bbox 421 1069 535 1095; x_wconf 88' lang='lat' dir='ltr'><strong>autem</strong></span> <span class='ocrx_word' id='word_1_99' title='bbox 560 1063 597 1094; x_wconf 89' lang='lat' dir='ltr'><strong>in</strong></span> <span class='ocrx_word' id='word_1_100' title='bbox 626 1060 680 1094; x_wconf 89' lang='lat' dir='ltr'><strong>his</strong></span> <span class='ocrx_word' id='word_1_101' title='bbox 715 1061 955 1102; x_wconf 85' lang='lat' dir='ltr'><strong>congressibus</strong></span> <span class='ocrx_word' id='word_1_102' title='bbox 986 1067 1175 1105; x_wconf 87' lang='lat' dir='ltr'><strong>utrumque</strong></span> 
     </span>
     <span class='ocr_line' id='line_1_20' title="bbox 202 1111 1176 1152; baseline -0.003 -7"><span class='ocrx_word' id='word_1_103' title='bbox 202 1114 278 1146; x_wconf 81' lang='lat' dir='ltr'><strong>fieri</strong></span> <span class='ocrx_word' id='word_1_104' title='bbox 297 1114 433 1152; x_wconf 83' lang='lat' dir='ltr'><strong>deceat,</strong></span> <span class='ocrx_word' id='word_1_105' title='bbox 456 1112 825 1144; x_wconf 86' lang='lat' dir='ltr'><strong>commonesactionem</strong></span> <span class='ocrx_word' id='word_1_106' title='bbox 843 1112 884 1142; x_wconf 90' lang='lat' dir='ltr'><strong>de</strong></span> <span class='ocrx_word' id='word_1_107' title='bbox 908 1111 1085 1143; x_wconf 89' lang='lat' dir='ltr'><strong>doctrinae</strong></span> <span class='ocrx_word' id='word_1_108' title='bbox 1103 1118 1176 1143; x_wconf 89' lang='lat' dir='ltr'><strong>stu-</strong></span> 
     </span>
     <span class='ocr_line' id='line_1_21' title="bbox 201 1160 1176 1205; baseline -0.003 -10"><span class='ocrx_word' id='word_1_109' title='bbox 201 1164 289 1202; x_wconf 79' lang='lat' dir='ltr'><strong>diis,</strong></span> <span class='ocrx_word' id='word_1_110' title='bbox 317 1169 347 1195; x_wconf 91' lang='lat' dir='ltr'><strong>et</strong></span> <span class='ocrx_word' id='word_1_111' title='bbox 366 1162 617 1205; x_wconf 86' lang='lat' dir='ltr'><strong>precationem,</strong></span> <span class='ocrx_word' id='word_1_112' title='bbox 647 1168 678 1194; x_wconf 91' lang='lat' dir='ltr'><strong>et</strong></span> <span class='ocrx_word' id='word_1_113' title='bbox 693 1162 777 1193; x_wconf 88' lang='lat' dir='ltr'><strong>alias</strong></span> <span class='ocrx_word' id='word_1_114' title='bbox 793 1173 832 1192; x_wconf 82' lang='lat' dir='ltr'><strong>ex</strong></span> <span class='ocrx_word' id='word_1_115' title='bbox 849 1160 926 1192; x_wconf 89' lang='lat' dir='ltr'><strong>aliis</strong></span> <span class='ocrx_word' id='word_1_116' title='bbox 944 1161 1098 1193; x_wconf 90' lang='lat' dir='ltr'><strong>materiis</strong></span> <span class='ocrx_word' id='word_1_117' title='bbox 1117 1172 1176 1193; x_wconf 89' lang='lat' dir='ltr'><strong>su-</strong></span> 
     </span>
     <span class='ocr_line' id='line_1_22' title="bbox 201 1211 1175 1253; baseline -0.004 -8"><span class='ocrx_word' id='word_1_118' title='bbox 201 1214 328 1246; x_wconf 84' lang='lat' dir='ltr'><strong>menda</strong></span> <span class='ocrx_word' id='word_1_119' title='bbox 344 1213 387 1244; x_wconf 89' lang='lat' dir='ltr'><strong>sit</strong></span> <span class='ocrx_word' id='word_1_120' title='bbox 405 1212 708 1248; x_wconf 82' lang='lat' dir='ltr'><strong>commonefactio‚</strong></span> <span class='ocrx_word' id='word_1_121' title='bbox 737 1222 831 1242; x_wconf 90' lang='lat' dir='ltr'><strong>nunc</strong></span> <span class='ocrx_word' id='word_1_122' title='bbox 855 1222 1050 1253; x_wconf 89' lang='lat' dir='ltr'><strong>proponere</strong></span> <span class='ocrx_word' id='word_1_123' title='bbox 1076 1211 1175 1242; x_wconf 80' lang='lat' dir='ltr'><strong>vobis</strong></span> 
     </span>
     <span class='ocr_line' id='line_1_23' title="bbox 200 1260 1176 1303; baseline -0.003 -8"><span class='ocrx_word' id='word_1_124' title='bbox 200 1261 384 1296; x_wconf 79' lang='lat' dir='ltr'><strong>historiam</strong></span> <span class='ocrx_word' id='word_1_125' title='bbox 400 1263 441 1293; x_wconf 84' lang='lat' dir='ltr'><strong>de</strong></span> <span class='ocrx_word' id='word_1_126' title='bbox 455 1262 554 1294; x_wconf 89' lang='lat' dir='ltr'><strong>Scala</strong></span> <span class='ocrx_word' id='word_1_127' title='bbox 571 1267 750 1303; x_wconf 87' lang='lat' dir='ltr'><strong>conspecta</strong></span> <span class='ocrx_word' id='word_1_128' title='bbox 768 1272 785 1291; x_wconf 88' lang='lat' dir='ltr'><strong>a</strong></span> <span class='ocrx_word' id='word_1_129' title='bbox 802 1260 905 1291; x_wconf 81' lang='lat' dir='ltr'><strong>Iacob</strong></span> <span class='ocrx_word' id='word_1_130' title='bbox 921 1260 1070 1298; x_wconf 77' lang='lat' dir='ltr'><strong>decrevi,</strong></span> <span class='ocrx_word' id='word_1_131' title='bbox 1089 1272 1176 1303; x_wconf 92' lang='lat' dir='ltr'><strong>quae</strong></span> 
     </span>
     <span class='ocr_line' id='line_1_24' title="bbox 199 1309 1175 1351; baseline -0.005 -7"><span class='ocrx_word' id='word_1_132' title='bbox 199 1313 389 1345; x_wconf 85' lang='lat' dir='ltr'><strong>multarum</strong></span> <span class='ocrx_word' id='word_1_133' title='bbox 414 1322 617 1351; x_wconf 86' lang='lat' dir='ltr'><strong>magnarum</strong></span> <span class='ocrx_word' id='word_1_134' title='bbox 643 1321 759 1341; x_wconf 86' lang='lat' dir='ltr'><strong>rerum</strong></span> <span class='ocrx_word' id='word_1_135' title='bbox 791 1309 985 1340; x_wconf 86' lang='lat' dir='ltr'><strong>doctrinam</strong></span> <span class='ocrx_word' id='word_1_136' title='bbox 1011 1310 1175 1341; x_wconf 81' lang='lat' dir='ltr'><strong>continet.</strong></span> 
     </span>
     <span class='ocr_line' id='line_1_25' title="bbox 199 1357 1177 1405; baseline -0.006 -10"><span class='ocrx_word' id='word_1_137' title='bbox 199 1361 359 1405; x_wconf 78' lang='lat' dir='ltr'><strong>Cumque</strong></span> <span class='ocrx_word' id='word_1_138' title='bbox 373 1360 555 1403; x_wconf 80' lang='lat' dir='ltr'><strong>praecipue</strong></span> <span class='ocrx_word' id='word_1_139' title='bbox 569 1360 611 1391; x_wconf 91' lang='lat' dir='ltr'><strong>ad</strong></span> <span class='ocrx_word' id='word_1_140' title='bbox 631 1358 807 1390; x_wconf 88' lang='lat' dir='ltr'><strong>docendos</strong></span> <span class='ocrx_word' id='word_1_141' title='bbox 824 1363 855 1389; x_wconf 92' lang='lat' dir='ltr'><strong>et</strong></span> <span class='ocrx_word' id='word_1_142' title='bbox 874 1357 1073 1388; x_wconf 75' lang='lat' dir='ltr'><strong>excitandos</strong></span> <span class='ocrx_word' id='word_1_143' title='bbox 1087 1358 1177 1389; x_wconf 92' lang='lat' dir='ltr'><strong>ado-</strong></span> 
     </span>
     <span class='ocr_line' id='line_1_26' title="bbox 200 1403 1176 1449; baseline -0.005 -5"><span class='ocrx_word' id='word_1_144' title='bbox 200 1412 366 1444; x_wconf 87' lang='lat' dir='ltr'><strong>lescentes</strong></span> <span class='ocrx_word' id='word_1_145' title='bbox 392 1408 455 1442; x_wconf 76' lang='lat' dir='ltr'><strong>liae</strong></span> <span class='ocrx_word' id='word_1_146' title='bbox 479 1409 654 1441; x_wconf 88' lang='lat' dir='ltr'><strong>orationes</strong></span> <span class='ocrx_word' id='word_1_147' title='bbox 677 1405 893 1443; x_wconf 81' lang='lat' dir='ltr'><strong>habeantur,</strong></span> <span class='ocrx_word' id='word_1_148' title='bbox 930 1403 1019 1438; x_wconf 88' lang='lat' dir='ltr'><strong>hanc</strong></span> <span class='ocrx_word' id='word_1_149' title='bbox 1044 1408 1176 1449; x_wconf 87' lang='lat' dir='ltr'><strong>sumpsi</strong></span> 
     </span>
     <span class='ocr_line' id='line_1_27' title="bbox 201 1456 1175 1502; baseline -0.006 -8"><span class='ocrx_word' id='word_1_150' title='bbox 201 1461 460 1499; x_wconf 75' lang='lat' dir='ltr'><strong>narrationem,</strong></span> <span class='ocrx_word' id='word_1_151' title='bbox 487 1465 522 1491; x_wconf 87' lang='lat' dir='ltr'><strong>ut</strong></span> <span class='ocrx_word' id='word_1_152' title='bbox 547 1458 646 1502; x_wconf 86' lang='lat' dir='ltr'><strong>quasi</strong></span> <span class='ocrx_word' id='word_1_153' title='bbox 669 1457 855 1497; x_wconf 82' lang='lat' dir='ltr'><strong>imaginem</strong></span> <span class='ocrx_word' id='word_1_154' title='bbox 880 1462 912 1487; x_wconf 90' lang='lat' dir='ltr'><strong>et</strong></span> <span class='ocrx_word' id='word_1_155' title='bbox 935 1456 1106 1498; x_wconf 84' lang='lat' dir='ltr'><strong>picturam</strong></span> <span class='ocrx_word' id='word_1_156' title='bbox 1134 1458 1175 1488; x_wconf 89' lang='lat' dir='ltr'><strong>de</strong></span> 
     </span>
     <span class='ocr_line' id='line_1_28' title="bbox 200 1507 1174 1548; baseline -0.007 -4"><span class='ocrx_word' id='word_1_157' title='bbox 200 1513 305 1545; x_wconf 86' lang='lat' dir='ltr'><strong>rebus</strong></span> <span class='ocrx_word' id='word_1_158' title='bbox 331 1509 490 1542; x_wconf 82' lang='lat' dir='ltr'><strong>maximis</strong></span> <span class='ocrx_word' id='word_1_159' title='bbox 514 1507 687 1539; x_wconf 86' lang='lat' dir='ltr'><strong>iuventuti</strong></span> <span class='ocrx_word' id='word_1_160' title='bbox 714 1516 964 1548; x_wconf 84' lang='lat' dir='ltr'><strong>proponerem,</strong></span> <span class='ocrx_word' id='word_1_161' title='bbox 993 1516 1080 1547; x_wconf 84' lang='lat' dir='ltr'><strong>quae</strong></span> <span class='ocrx_word' id='word_1_162' title='bbox 1097 1517 1174 1548; x_wconf 91' lang='lat' dir='ltr'><strong>spe·</strong></span> 
     </span>
     <span class='ocr_line' id='line_1_29' title="bbox 201 1554 1173 1598; baseline -0.007 -4"><span class='ocrx_word' id='word_1_163' title='bbox 201 1560 331 1594; x_wconf 89' lang='lat' dir='ltr'><strong>ctacula</strong></span> <span class='ocrx_word' id='word_1_164' title='bbox 354 1560 390 1591; x_wconf 88' lang='lat' dir='ltr'><strong>in</strong></span> <span class='ocrx_word' id='word_1_165' title='bbox 416 1558 535 1590; x_wconf 92' lang='lat' dir='ltr'><strong>oculos</strong></span> <span class='ocrx_word' id='word_1_166' title='bbox 558 1555 770 1588; x_wconf 85' lang='lat' dir='ltr'><strong>incurrentia</strong></span> <span class='ocrx_word' id='word_1_167' title='bbox 799 1554 907 1595; x_wconf 83' lang='lat' dir='ltr'><strong>magis</strong></span> <span class='ocrx_word' id='word_1_168' title='bbox 932 1560 1042 1592; x_wconf 86' lang='lat' dir='ltr'><strong>amat,</strong></span> <span class='ocrx_word' id='word_1_169' title='bbox 1070 1567 1173 1598; x_wconf 85' lang='lat' dir='ltr'><strong>quam</strong></span> 
     </span>
     <span class='ocr_line' id='line_1_30' title="bbox 200 1604 1175 1648; baseline -0.007 -5"><span class='ocrx_word' id='word_1_170' title='bbox 200 1611 286 1644; x_wconf 88' lang='lat' dir='ltr'><strong>alias</strong></span> <span class='ocrx_word' id='word_1_171' title='bbox 302 1608 464 1641; x_wconf 86' lang='lat' dir='ltr'><strong>materias</strong></span> <span class='ocrx_word' id='word_1_172' title='bbox 482 1614 574 1640; x_wconf 86' lang='lat' dir='ltr'><strong>extra</strong></span> <span class='ocrx_word' id='word_1_173' title='bbox 592 1611 813 1648; x_wconf 87' lang='lat' dir='ltr'><strong>conspectum</strong></span> <span class='ocrx_word' id='word_1_174' title='bbox 832 1604 971 1646; x_wconf 79' lang='lat' dir='ltr'><strong>positas.</strong></span> <span class='ocrx_word' id='word_1_175' title='bbox 1026 1604 1077 1636; x_wconf 78' lang='lat' dir='ltr'><strong>Ac</strong></span> <span class='ocrx_word' id='word_1_176' title='bbox 1093 1617 1175 1647; x_wconf 85' lang='lat' dir='ltr'><strong>pro-</strong></span> 
     </span>
     <span class='ocr_line' id='line_1_31' title="bbox 198 1654 1173 1694; baseline -0.007 0"><span class='ocrx_word' id='word_1_177' title='bbox 198 1663 273 1694; x_wconf 91' lang='lat' dir='ltr'><strong>dest</strong></span> <span class='ocrx_word' id='word_1_178' title='bbox 289 1661 324 1692; x_wconf 92' lang='lat' dir='ltr'><strong>in</strong></span> <span class='ocrx_word' id='word_1_179' title='bbox 340 1659 496 1691; x_wconf 89' lang='lat' dir='ltr'><strong>omnium</strong></span> <span class='ocrx_word' id='word_1_180' title='bbox 513 1656 638 1689; x_wconf 86' lang='lat' dir='ltr'><strong>animis</strong></span> <span class='ocrx_word' id='word_1_181' title='bbox 654 1655 699 1688; x_wconf 88' lang='lat' dir='ltr'><strong>ali</strong></span> <span class='ocrx_word' id='word_1_182' title='bbox 713 1661 744 1687; x_wconf 88' lang='lat' dir='ltr'><strong>et</strong></span> <span class='ocrx_word' id='word_1_183' title='bbox 763 1654 960 1687; x_wconf 78' lang='lat' dir='ltr'><strong>confirmari</strong></span> <span class='ocrx_word' id='word_1_184' title='bbox 977 1654 1173 1687; x_wconf 80' lang='lat' dir='ltr'><strong>doctrinam</strong></span> 
     </span>
     <span class='ocr_line' id='line_1_32' title="bbox 201 1703 1172 1748; baseline -0.008 -5"><span class='ocrx_word' id='word_1_185' title='bbox 201 1713 243 1744; x_wconf 85' lang='lat' dir='ltr'><strong>de</strong></span> <span class='ocrx_word' id='word_1_186' title='bbox 261 1709 428 1748; x_wconf 85' lang='lat' dir='ltr'><strong>Ecclesia,</strong></span> <span class='ocrx_word' id='word_1_187' title='bbox 457 1715 488 1741; x_wconf 89' lang='lat' dir='ltr'><strong>et</strong></span> <span class='ocrx_word' id='word_1_188' title='bbox 507 1718 660 1739; x_wconf 88' lang='lat' dir='ltr'><strong>amorem</strong></span> <span class='ocrx_word' id='word_1_189' title='bbox 674 1703 866 1738; x_wconf 86' lang='lat' dir='ltr'><strong>Ecclesiae:</strong></span> <span class='ocrx_word' id='word_1_190' title='bbox 896 1704 988 1747; x_wconf 89' lang='lat' dir='ltr'><strong>quod</strong></span> <span class='ocrx_word' id='word_1_191' title='bbox 1014 1704 1050 1736; x_wconf 87' lang='lat' dir='ltr'><strong>fit</strong></span> <span class='ocrx_word' id='word_1_192' title='bbox 1069 1704 1172 1736; x_wconf 85' lang='lat' dir='ltr'><strong>etiam</strong></span> 
     </span>
     <span class='ocr_line' id='line_1_33' title="bbox 200 1752 1171 1798; baseline -0.006 -5"><span class='ocrx_word' id='word_1_193' title='bbox 200 1759 306 1793; x_wconf 82' lang='lat' dir='ltr'><strong>huius</strong></span> <span class='ocrx_word' id='word_1_194' title='bbox 339 1759 447 1791; x_wconf 82' lang='lat' dir='ltr'><strong>scalae</strong></span> <span class='ocrx_word' id='word_1_195' title='bbox 479 1756 768 1790; x_wconf 84' lang='lat' dir='ltr'><strong>consideratione.</strong></span> <span class='ocrx_word' id='word_1_196' title='bbox 830 1752 1038 1798; x_wconf 83' lang='lat' dir='ltr'><strong>Priusquam</strong></span> <span class='ocrx_word' id='word_1_197' title='bbox 1069 1755 1171 1787; x_wconf 83' lang='lat' dir='ltr'><strong>etiam</strong></span> 
     </span>
     <span class='ocr_line' id='line_1_34' title="bbox 200 1801 1173 1849; baseline -0.006 -6"><span class='ocrx_word' id='word_1_198' title='bbox 200 1810 456 1843; x_wconf 84' lang='lat' dir='ltr'><strong>enarrationem</strong></span> <span class='ocrx_word' id='word_1_199' title='bbox 472 1807 621 1849; x_wconf 90' lang='lat' dir='ltr'><strong>incipio,</strong></span> <span class='ocrx_word' id='word_1_200' title='bbox 647 1817 708 1838; x_wconf 73' lang='lat' dir='ltr'><strong>vos</strong></span> <span class='ocrx_word' id='word_1_201' title='bbox 735 1801 903 1837; x_wconf 88' lang='lat' dir='ltr'><strong>adhortor</strong></span> <span class='ocrx_word' id='word_1_202' title='bbox 927 1804 1173 1845; x_wconf 83' lang='lat' dir='ltr'><strong>adolescentes,</strong></span> 
     </span>
     <span class='ocr_line' id='line_1_35' title="bbox 199 1852 1173 1900; baseline -0.006 -7"><span class='ocrx_word' id='word_1_203' title='bbox 199 1868 239 1893; x_wconf 91' lang='lat' dir='ltr'><strong>ut</strong></span> <span class='ocrx_word' id='word_1_204' title='bbox 255 1858 434 1892; x_wconf 83' lang='lat' dir='ltr'><strong>historiam</strong></span> <span class='ocrx_word' id='word_1_205' title='bbox 451 1857 517 1900; x_wconf 87' lang='lat' dir='ltr'><strong>ipsi</strong></span> <span class='ocrx_word' id='word_1_206' title='bbox 535 1856 714 1888; x_wconf 86' lang='lat' dir='ltr'><strong>vobiscum</strong></span> <span class='ocrx_word' id='word_1_207' title='bbox 733 1854 934 1896; x_wconf 79' lang='lat' dir='ltr'><strong>cogitantes,</strong></span> <span class='ocrx_word' id='word_1_208' title='bbox 951 1854 1066 1886; x_wconf 88' lang='lat' dir='ltr'><strong>sciatis</strong></span> <span class='ocrx_word' id='word_1_209' title='bbox 1084 1852 1173 1888; x_wconf 89' lang='lat' dir='ltr'><strong>hanc</strong></span> 
     </span>
     <span class='ocr_line' id='line_1_36' title="bbox 200 1904 1172 1948; baseline -0.004 -6"><span class='ocrx_word' id='word_1_210' title='bbox 200 1910 326 1943; x_wconf 86' lang='lat' dir='ltr'><strong>scalam</strong></span> <span class='ocrx_word' id='word_1_211' title='bbox 337 1908 525 1942; x_wconf 78' lang='lat' dir='ltr'><strong>Ecclesiam</strong></span> <span class='ocrx_word' id='word_1_212' title='bbox 537 1905 603 1940; x_wconf 81' lang='lat' dir='ltr'><strong>Dei</strong></span> <span class='ocrx_word' id='word_1_213' title='bbox 619 1916 700 1945; x_wconf 88' lang='lat' dir='ltr'><strong>esse,</strong></span> <span class='ocrx_word' id='word_1_214' title='bbox 725 1916 763 1937; x_wconf 90' lang='lat' dir='ltr'><strong>ac</strong></span> <span class='ocrx_word' id='word_1_215' title='bbox 788 1904 944 1946; x_wconf 90' lang='lat' dir='ltr'><strong>singulos</strong></span> <span class='ocrx_word' id='word_1_216' title='bbox 960 1912 1118 1948; x_wconf 86' lang='lat' dir='ltr'><strong>oportere</strong></span> <span class='ocrx_word' id='word_1_217' title='bbox 1136 1905 1172 1937; x_wconf 92' lang='lat' dir='ltr'><strong>in</strong></span> 
     </span>
     <span class='ocr_line' id='line_1_37' title="bbox 197 1955 1171 2002; baseline -0.003 -10"><span class='ocrx_word' id='word_1_218' title='bbox 197 1958 428 2002; x_wconf 83' lang='lat' dir='ltr'><strong>hisgradibus</strong></span> <span class='ocrx_word' id='word_1_219' title='bbox 439 1958 636 1996; x_wconf 83' lang='lat' dir='ltr'><strong>consistere,</strong></span> <span class='ocrx_word' id='word_1_220' title='bbox 655 1955 838 1988; x_wconf 88' lang='lat' dir='ltr'><strong>ascendere</strong></span> <span class='ocrx_word' id='word_1_221' title='bbox 852 1955 1115 1995; x_wconf 86' lang='lat' dir='ltr'><strong>etdescendere,</strong></span> <span class='ocrx_word' id='word_1_222' title='bbox 1133 1963 1171 1989; x_wconf 88' lang='lat' dir='ltr'><strong>ut</strong></span> 
     </span>
     <span class='ocr_line' id='line_1_38' title="bbox 199 2005 1170 2052; baseline -0.004 -10"><span class='ocrx_word' id='word_1_223' title='bbox 199 2011 242 2043; x_wconf 89' lang='lat' dir='ltr'><strong>de</strong></span> <span class='ocrx_word' id='word_1_224' title='bbox 257 2006 607 2052; x_wconf 82' lang='lat' dir='ltr'><strong>angelishicdicitur.</strong></span> <span class='ocrx_word' id='word_1_225' title='bbox 636 2005 755 2049; x_wconf 85' lang='lat' dir='ltr'><strong>ltaque</strong></span> <span class='ocrx_word' id='word_1_226' title='bbox 764 2011 879 2037; x_wconf 85' lang='lat' dir='ltr'><strong>mente</strong></span> <span class='ocrx_word' id='word_1_227' title='bbox 896 2011 927 2036; x_wconf 89' lang='lat' dir='ltr'><strong>et</strong></span> <span class='ocrx_word' id='word_1_228' title='bbox 939 2005 1028 2037; x_wconf 87' lang='lat' dir='ltr'><strong>votis</strong></span> <span class='ocrx_word' id='word_1_229' title='bbox 1045 2005 1081 2037; x_wconf 92' lang='lat' dir='ltr'><strong>in</strong></span> <span class='ocrx_word' id='word_1_230' title='bbox 1097 2018 1170 2038; x_wconf 91' lang='lat' dir='ltr'><strong>eam</strong></span> 
     </span>
     <span class='ocr_line' id='line_1_39' title="bbox 200 2054 1172 2099; baseline -0.004 -7"><span class='ocrx_word' id='word_1_231' title='bbox 200 2061 326 2093; x_wconf 89' lang='lat' dir='ltr'><strong>scalam</strong></span> <span class='ocrx_word' id='word_1_232' title='bbox 346 2058 505 2097; x_wconf 86' lang='lat' dir='ltr'><strong>insistite,</strong></span> <span class='ocrx_word' id='word_1_233' title='bbox 533 2064 564 2090; x_wconf 87' lang='lat' dir='ltr'><strong>et</strong></span> <span class='ocrx_word' id='word_1_234' title='bbox 579 2068 673 2089; x_wconf 90' lang='lat' dir='ltr'><strong>nunc</strong></span> <span class='ocrx_word' id='word_1_235' title='bbox 690 2066 828 2099; x_wconf 85' lang='lat' dir='ltr'><strong>quoque</strong></span> <span class='ocrx_word' id='word_1_236' title='bbox 846 2054 939 2088; x_wconf 87' lang='lat' dir='ltr'><strong>inter</strong></span> <span class='ocrx_word' id='word_1_237' title='bbox 956 2054 1172 2097; x_wconf 89' lang='lat' dir='ltr'><strong>discendum,</strong></span> 
     </span>
     <span class='ocr_line' id='line_1_40' title="bbox 200 2105 1170 2148; baseline -0.003 -6"><span class='ocrx_word' id='word_1_238' title='bbox 200 2112 242 2142; x_wconf 88' lang='lat' dir='ltr'><strong>ad</strong></span> <span class='ocrx_word' id='word_1_239' title='bbox 262 2110 372 2143; x_wconf 85' lang='lat' dir='ltr'><strong>Deum</strong></span> <span class='ocrx_word' id='word_1_240' title='bbox 390 2108 581 2146; x_wconf 83' lang='lat' dir='ltr'><strong>ascendite,</strong></span> <span class='ocrx_word' id='word_1_241' title='bbox 608 2117 646 2138; x_wconf 91' lang='lat' dir='ltr'><strong>ac</strong></span> <span class='ocrx_word' id='word_1_242' title='bbox 660 2105 783 2148; x_wconf 87' lang='lat' dir='ltr'><strong>petite,</strong></span> <span class='ocrx_word' id='word_1_243' title='bbox 809 2111 847 2136; x_wconf 88' lang='lat' dir='ltr'><strong>ut</strong></span> <span class='ocrx_word' id='word_1_244' title='bbox 864 2116 922 2136; x_wconf 60' lang='lat' dir='ltr'><strong>vos</strong></span> <span class='ocrx_word' id='word_1_245' title='bbox 940 2112 1034 2147; x_wconf 80' lang='lat' dir='ltr'><strong>regat</strong></span> <span class='ocrx_word' id='word_1_246' title='bbox 1050 2113 1080 2139; x_wconf 90' lang='lat' dir='ltr'><strong>et</strong></span> <span class='ocrx_word' id='word_1_247' title='bbox 1099 2118 1170 2139; x_wconf 88' lang='lat' dir='ltr'><strong>ser—</strong></span> 
     </span>
     <span class='ocr_line' id='line_1_41' title="bbox 200 2155 1171 2199; baseline -0.004 -9"><span class='ocrx_word' id='word_1_248' title='bbox 200 2167 267 2194; x_wconf 68' lang='lat' dir='ltr'><strong>vet.</strong></span> <span class='ocrx_word' id='word_1_249' title='bbox 319 2158 421 2191; x_wconf 78' lang='lat' dir='ltr'><strong>Nunc</strong></span> <span class='ocrx_word' id='word_1_250' title='bbox 444 2159 485 2190; x_wconf 88' lang='lat' dir='ltr'><strong>ad</strong></span> <span class='ocrx_word' id='word_1_251' title='bbox 515 2155 698 2190; x_wconf 79' lang='lat' dir='ltr'><strong>historiam</strong></span> <span class='ocrx_word' id='word_1_252' title='bbox 723 2155 867 2191; x_wconf 87' lang='lat' dir='ltr'><strong>accedo,</strong></span> <span class='ocrx_word' id='word_1_253' title='bbox 903 2155 938 2185; x_wconf 90' lang='lat' dir='ltr'><strong>in</strong></span> <span class='ocrx_word' id='word_1_254' title='bbox 969 2168 1036 2199; x_wconf 83' lang='lat' dir='ltr'><strong>qua</strong></span> <span class='ocrx_word' id='word_1_255' title='bbox 1071 2157 1171 2189; x_wconf 64' lang='lat' dir='ltr'><strong>vobis</strong></span> 
     </span>
     <span class='ocr_line' id='line_1_42' title="bbox 201 2204 1169 2254; baseline -0.003 -12"><span class='ocrx_word' id='word_1_256' title='bbox 201 2210 262 2254; x_wconf 84' lang='lat' dir='ltr'><strong>qui</strong></span> <span class='ocrx_word' id='word_1_257' title='bbox 279 2207 422 2241; x_wconf 87' lang='lat' dir='ltr'><strong>honesta</strong></span> <span class='ocrx_word' id='word_1_258' title='bbox 440 2207 572 2247; x_wconf 90' lang='lat' dir='ltr'><strong>colitis,</strong></span> <span class='ocrx_word' id='word_1_259' title='bbox 597 2205 692 2247; x_wconf 84' lang='lat' dir='ltr'><strong>regio</strong></span> <span class='ocrx_word' id='word_1_260' title='bbox 712 2212 744 2238; x_wconf 88' lang='lat' dir='ltr'><strong>et</strong></span> <span class='ocrx_word' id='word_1_261' title='bbox 758 2204 967 2247; x_wconf 91' lang='lat' dir='ltr'><strong>oppidorum</strong></span> <span class='ocrx_word' id='word_1_262' title='bbox 987 2205 1169 2240; x_wconf 87' lang='lat' dir='ltr'><strong>intervalla</strong></span> 
     </span>
     <span class='ocr_line' id='line_1_43' title="bbox 199 2253 1168 2300; baseline -0.003 -8"><span class='ocrx_word' id='word_1_263' title='bbox 199 2260 270 2292; x_wconf 86' lang='lat' dir='ltr'><strong>sint</strong></span> <span class='ocrx_word' id='word_1_264' title='bbox 293 2259 329 2291; x_wconf 89' lang='lat' dir='ltr'><strong>in</strong></span> <span class='ocrx_word' id='word_1_265' title='bbox 354 2264 556 2300; x_wconf 89' lang='lat' dir='ltr'><strong>conspectu,</strong></span> <span class='ocrx_word' id='word_1_266' title='bbox 588 2262 621 2289; x_wconf 92' lang='lat' dir='ltr'><strong>et</strong></span> <span class='ocrx_word' id='word_1_267' title='bbox 652 2255 751 2299; x_wconf 88' lang='lat' dir='ltr'><strong>quasi</strong></span> <span class='ocrx_word' id='word_1_268' title='bbox 774 2253 916 2287; x_wconf 89' lang='lat' dir='ltr'><strong>comites</strong></span> <span class='ocrx_word' id='word_1_269' title='bbox 941 2254 1047 2288; x_wconf 89' lang='lat' dir='ltr'><strong>simus</strong></span> <span class='ocrx_word' id='word_1_270' title='bbox 1070 2256 1168 2290; x_wconf 87' lang='lat' dir='ltr'><strong>istius</strong></span> 
     </span>
     <span class='ocr_line' id='line_1_44' title="bbox 197 2304 1168 2352; baseline -0.002 -10"><span class='ocrx_word' id='word_1_271' title='bbox 197 2310 265 2342; x_wconf 73' lang='lat' dir='ltr'><strong>viri</strong></span> <span class='ocrx_word' id='word_1_272' title='bbox 283 2307 425 2352; x_wconf 87' lang='lat' dir='ltr'><strong>optimi,</strong></span> <span class='ocrx_word' id='word_1_273' title='bbox 451 2305 698 2349; x_wconf 86' lang='lat' dir='ltr'><strong>proficiscentis</strong></span> <span class='ocrx_word' id='word_1_274' title='bbox 716 2304 753 2337; x_wconf 90' lang='lat' dir='ltr'><strong>in</strong></span> <span class='ocrx_word' id='word_1_275' title='bbox 775 2304 917 2337; x_wconf 80' lang='lat' dir='ltr'><strong>exilium</strong></span> <span class='ocrx_word' id='word_1_276' title='bbox 932 2311 1027 2338; x_wconf 88' lang='lat' dir='ltr'><strong>metu</strong></span> <span class='ocrx_word' id='word_1_277' title='bbox 1045 2306 1168 2340; x_wconf 85' lang='lat' dir='ltr'><strong>frater-</strong></span> 
     </span>
     <span class='ocr_line' id='line_1_45' title="bbox 196 2353 1166 2393; baseline -0.003 0"><span class='ocrx_word' id='word_1_278' title='bbox 196 2372 261 2393; x_wconf 88' lang='lat' dir='ltr'><strong>nae</strong></span> <span class='ocrx_word' id='word_1_279' title='bbox 295 2357 517 2392; x_wconf 88' lang='lat' dir='ltr'><strong>crudelitatis.</strong></span> <span class='ocrx_word' id='word_1_280' title='bbox 578 2355 769 2388; x_wconf 85' lang='lat' dir='ltr'><strong>Hahitahat</strong></span> <span class='ocrx_word' id='word_1_281' title='bbox 801 2353 895 2387; x_wconf 89' lang='lat' dir='ltr'><strong>Isaac</strong></span> <span class='ocrx_word' id='word_1_282' title='bbox 925 2365 1026 2388; x_wconf 85' lang='lat' dir='ltr'><strong>senex</strong></span> <span class='ocrx_word' id='word_1_283' title='bbox 1056 2356 1092 2389; x_wconf 92' lang='lat' dir='ltr'><strong>in</strong></span> <span class='ocrx_word' id='word_1_284' title='bbox 1127 2369 1166 2390; x_wconf 90' lang='lat' dir='ltr'><strong>eo</strong></span> 
     </span>
     <span class='ocr_line' id='line_1_46' title="bbox 194 2403 1165 2452; baseline -0.007 -9"><span class='ocrx_word' id='word_1_285' title='bbox 194 2416 327 2449; x_wconf 81' lang='lat' dir='ltr'><strong>tractu,</strong></span> <span class='ocrx_word' id='word_1_286' title='bbox 354 2407 413 2452; x_wconf 86' lang='lat' dir='ltr'><strong>qui</strong></span> <span class='ocrx_word' id='word_1_287' title='bbox 437 2413 552 2449; x_wconf 89' lang='lat' dir='ltr'><strong>postea</strong></span> <span class='ocrx_word' id='word_1_288' title='bbox 581 2406 645 2438; x_wconf 82' lang='lat' dir='ltr'><strong>suit</strong></span> <span class='ocrx_word' id='word_1_289' title='bbox 667 2406 763 2438; x_wconf 91' lang='lat' dir='ltr'><strong>sedes</strong></span> <span class='ocrx_word' id='word_1_290' title='bbox 786 2405 897 2438; x_wconf 86' lang='lat' dir='ltr'><strong>tribus</strong></span> <span class='ocrx_word' id='word_1_291' title='bbox 919 2403 1024 2441; x_wconf 81' lang='lat' dir='ltr'><strong>Iuda,</strong></span> <span class='ocrx_word' id='word_1_292' title='bbox 1059 2419 1165 2449; x_wconf 73' lang='lat' dir='ltr'><strong>prope</strong></span> 
     </span>
     <span class='ocr_line' id='line_1_47' title="bbox 192 2454 1164 2499; baseline -0.005 -6"><span class='ocrx_word' id='word_1_293' title='bbox 192 2459 349 2499; x_wconf 86' lang='lat' dir='ltr'><strong>Hebron,</strong></span> <span class='ocrx_word' id='word_1_294' title='bbox 364 2457 445 2490; x_wconf 85' lang='lat' dir='ltr'><strong>inde</strong></span> <span class='ocrx_word' id='word_1_295' title='bbox 463 2456 681 2499; x_wconf 87' lang='lat' dir='ltr'><strong>proficiscens</strong></span> <span class='ocrx_word' id='word_1_296' title='bbox 700 2455 800 2488; x_wconf 81' lang='lat' dir='ltr'><strong>Iacob</strong></span> <span class='ocrx_word' id='word_1_297' title='bbox 818 2466 935 2487; x_wconf 67' lang='lat' dir='ltr'><strong>versus</strong></span> <span class='ocrx_word' id='word_1_298' title='bbox 945 2454 1164 2498; x_wconf 81' lang='lat' dir='ltr'><strong>Septentrio-</strong></span> 
     </span>
     <span class='ocr_line' id='line_1_48' title="bbox 190 2505 1162 2547; baseline -0.001 -7"><span class='ocrx_word' id='word_1_299' title='bbox 190 2523 270 2543; x_wconf 76' lang='lat' dir='ltr'><strong>nem</strong></span> <span class='ocrx_word' id='word_1_300' title='bbox 300 2517 332 2543; x_wconf 83' lang='lat' dir='ltr'><strong>et</strong></span> <span class='ocrx_word' id='word_1_301' title='bbox 355 2518 533 2546; x_wconf 88' lang='lat' dir='ltr'><strong>occasum,</strong></span> <span class='ocrx_word' id='word_1_302' title='bbox 568 2506 609 2538; x_wconf 91' lang='lat' dir='ltr'><strong>ad</strong></span> <span class='ocrx_word' id='word_1_303' title='bbox 634 2505 748 2537; x_wconf 91' lang='lat' dir='ltr'><strong>locum</strong></span> <span class='ocrx_word' id='word_1_304' title='bbox 774 2505 836 2538; x_wconf 88' lang='lat' dir='ltr'><strong>ubi</strong></span> <span class='ocrx_word' id='word_1_305' title='bbox 862 2511 979 2547; x_wconf 88' lang='lat' dir='ltr'><strong>postea</strong></span> <span class='ocrx_word' id='word_1_306' title='bbox 1006 2506 1162 2540; x_wconf 83' lang='lat' dir='ltr'><strong>Samaria</strong></span> 
     </span>
     <span class='ocr_line' id='line_1_49' title="bbox 185 2555 1161 2605; baseline -0.005 -10"><span class='ocrx_word' id='word_1_307' title='bbox 185 2562 263 2601; x_wconf 83' lang='lat' dir='ltr'><strong>suit,</strong></span> <span class='ocrx_word' id='word_1_308' title='bbox 280 2572 367 2605; x_wconf 84' lang='lat' dir='ltr'><strong>quae</strong></span> <span class='ocrx_word' id='word_1_309' title='bbox 381 2557 529 2590; x_wconf 88' lang='lat' dir='ltr'><strong>distabat</strong></span> <span class='ocrx_word' id='word_1_310' title='bbox 545 2562 621 2588; x_wconf 88' lang='lat' dir='ltr'><strong>octo</strong></span> <span class='ocrx_word' id='word_1_311' title='bbox 640 2555 767 2588; x_wconf 85' lang='lat' dir='ltr'><strong>nostris</strong></span> <span class='ocrx_word' id='word_1_312' title='bbox 783 2555 977 2588; x_wconf 87' lang='lat' dir='ltr'><strong>miliaribus</strong></span> <span class='ocrx_word' id='word_1_313' title='bbox 991 2568 1007 2588; x_wconf 83' lang='lat' dir='ltr'><strong>a</strong></span> <span class='ocrx_word' id='word_1_314' title='bbox 1020 2555 1161 2590; x_wconf 86' lang='lat' dir='ltr'><strong>leroso—</strong></span> 
     </span>
     <span class='ocr_line' id='line_1_50' title="bbox 183 2605 1154 2658; baseline -0.004 -13"><span class='ocrx_word' id='word_1_315' title='bbox 183 2614 288 2658; x_wconf 84' lang='lat' dir='ltr'><strong>lyma.</strong></span> <span class='ocrx_word' id='word_1_316' title='bbox 341 2608 492 2652; x_wconf 85' lang='lat' dir='ltr'><strong>Fuitque</strong></span> <span class='ocrx_word' id='word_1_317' title='bbox 515 2605 760 2640; x_wconf 88' lang='lat' dir='ltr'><strong>amoenissima</strong></span> <span class='ocrx_word' id='word_1_318' title='bbox 782 2617 861 2648; x_wconf 80' lang='lat' dir='ltr'><strong>pars</strong></span> <span class='ocrx_word' id='word_1_319' title='bbox 885 2605 991 2639; x_wconf 87' lang='lat' dir='ltr'><strong>totius</strong></span> <span class='ocrx_word' id='word_1_320' title='bbox 1009 2605 1154 2643; x_wconf 87' lang='lat' dir='ltr'><strong>Palesti-</strong></span> 
     </span>
     <span class='ocr_line' id='line_1_51' title="bbox 179 2653 1026 2707; baseline -0.004 -12"><span class='ocrx_word' id='word_1_321' title='bbox 179 2675 263 2704; x_wconf 84' lang='lat' dir='ltr'><strong>nae,</strong></span> <span class='ocrx_word' id='word_1_322' title='bbox 289 2673 392 2707; x_wconf 82' lang='lat' dir='ltr'><strong>quam</strong></span> <span class='ocrx_word' id='word_1_323' title='bbox 405 2664 525 2702; x_wconf 85' lang='lat' dir='ltr'><strong>postea</strong></span> <span class='ocrx_word' id='word_1_324' title='bbox 543 2656 654 2691; x_wconf 88' lang='lat' dir='ltr'><strong>tribus</strong></span> <span class='ocrx_word' id='word_1_325' title='bbox 672 2653 841 2701; x_wconf 80' lang='lat' dir='ltr'><strong>Ephraim</strong></span> <span class='ocrx_word' id='word_1_326' title='bbox 861 2657 1026 2701; x_wconf 82' lang='lat' dir='ltr'><strong>possedit.</strong></span> 
     </span>
    </p>
   </div>
   <div class='ocr_carea' id='block_1_9' title="bbox 832 118 1545 158">
    <p class='ocr_par' dir='ltr' id='par_1_10' title="bbox 832 118 1545 158">
     <span class='ocr_line' id='line_1_52' title="bbox 832 118 1545 158; baseline 0.001 -2"><span class='ocrx_word' id='word_1_327' title='bbox 832 118 989 157; x_wconf 83' lang='lat' dir='ltr'><strong>DECL.</strong></span> <span class='ocrx_word' id='word_1_328' title='bbox 1029 120 1103 157; x_wconf 91' lang='lat' dir='ltr'><strong>DE</strong></span> <span class='ocrx_word' id='word_1_329' title='bbox 1138 120 1321 158; x_wconf 88' lang='lat' dir='ltr'><strong>SCALA</strong></span> <span class='ocrx_word' id='word_1_330' title='bbox 1355 120 1545 157; x_wconf 85' lang='lat' dir='ltr'><strong>IACOB.</strong></span> 
     </span>
    </p>
   </div>
   <div class='ocr_carea' id='block_1_10' title="bbox 2117 126 2187 161">
    <p class='ocr_par' dir='ltr' id='par_1_11' title="bbox 2117 126 2187 161">
     <span class='ocr_line' id='line_1_53' title="bbox 2117 126 2187 161; baseline 0.014 -1"><span class='ocrx_word' id='word_1_331' title='bbox 2117 126 2187 161; x_wconf 85' lang='lat'><strong>196</strong></span> 
     </span>
    </p>
   </div>
   <div class='ocr_carea' id='block_1_11' title="bbox 1212 207 2202 2702">
    <p class='ocr_par' dir='ltr' id='par_1_12' title="bbox 1223 207 2201 1297">
     <span class='ocr_line' id='line_1_54' title="bbox 1324 207 2193 254; baseline 0.005 -14"><span class='ocrx_word' id='word_1_332' title='bbox 1324 207 1417 240; x_wconf 87' lang='lat' dir='ltr'><strong>Loca</strong></span> <span class='ocrx_word' id='word_1_333' title='bbox 1440 213 1554 240; x_wconf 85' lang='lat' dir='ltr'><strong>mente</strong></span> <span class='ocrx_word' id='word_1_334' title='bbox 1577 208 1718 252; x_wconf 77' lang='lat' dir='ltr'><strong>aspicite</strong></span> <span class='ocrx_word' id='word_1_335' title='bbox 1729 235 1738 250; x_wconf 89' lang='lat'><em>‚</em></span> <span class='ocrx_word' id='word_1_336' title='bbox 1765 208 1802 241; x_wconf 88' lang='lat' dir='ltr'><strong>in</strong></span> <span class='ocrx_word' id='word_1_337' title='bbox 1818 209 1944 254; x_wconf 89' lang='lat' dir='ltr'><strong>quibus</strong></span> <span class='ocrx_word' id='word_1_338' title='bbox 1960 221 1994 243; x_wconf 89' lang='lat' dir='ltr'><strong>se</strong></span> <span class='ocrx_word' id='word_1_339' title='bbox 2009 209 2102 244; x_wconf 88' lang='lat' dir='ltr'><strong>Deus</strong></span> <span class='ocrx_word' id='word_1_340' title='bbox 2118 222 2193 244; x_wconf 90' lang='lat' dir='ltr'><strong>cer-</strong></span> 
     </span>
     <span class='ocr_line' id='line_1_55' title="bbox 1223 257 2192 302; baseline 0.003 -11"><span class='ocrx_word' id='word_1_341' title='bbox 1223 259 1366 292; x_wconf 86' lang='lat' dir='ltr'><strong>tissimis</strong></span> <span class='ocrx_word' id='word_1_342' title='bbox 1383 257 1590 290; x_wconf 86' lang='lat' dir='ltr'><strong>testimoniis</strong></span> <span class='ocrx_word' id='word_1_343' title='bbox 1605 259 1781 302; x_wconf 84' lang='lat' dir='ltr'><strong>patefecit:</strong></span> <span class='ocrx_word' id='word_1_344' title='bbox 1809 266 1841 293; x_wconf 88' lang='lat' dir='ltr'><strong>et</strong></span> <span class='ocrx_word' id='word_1_345' title='bbox 1859 260 2074 294; x_wconf 89' lang='lat' dir='ltr'><strong>considerate</strong></span> <span class='ocrx_word' id='word_1_346' title='bbox 2095 261 2192 294; x_wconf 89' lang='lat' dir='ltr'><strong>testi-</strong></span> 
     </span>
     <span class='ocr_line' id='line_1_56' title="bbox 1225 306 2193 352; baseline 0.004 -12"><span class='ocrx_word' id='word_1_347' title='bbox 1225 308 1343 340; x_wconf 87' lang='lat' dir='ltr'><strong>monia</strong></span> <span class='ocrx_word' id='word_1_348' title='bbox 1368 308 1410 340; x_wconf 89' lang='lat' dir='ltr'><strong>de</strong></span> <span class='ocrx_word' id='word_1_349' title='bbox 1425 306 1519 347; x_wconf 83' lang='lat' dir='ltr'><strong>Deo,</strong></span> <span class='ocrx_word' id='word_1_350' title='bbox 1545 314 1577 340; x_wconf 91' lang='lat' dir='ltr'><strong>et</strong></span> <span class='ocrx_word' id='word_1_351' title='bbox 1599 309 1795 342; x_wconf 89' lang='lat' dir='ltr'><strong>mirandam</strong></span> <span class='ocrx_word' id='word_1_352' title='bbox 1819 307 1993 343; x_wconf 88' lang='lat' dir='ltr'><strong>Ecclesiae</strong></span> <span class='ocrx_word' id='word_1_353' title='bbox 2019 311 2193 352; x_wconf 89' lang='lat' dir='ltr'><strong>guberna-</strong></span> 
     </span>
     <span class='ocr_line' id='line_1_57' title="bbox 1224 357 2193 403; baseline 0.003 -14"><span class='ocrx_word' id='word_1_354' title='bbox 1224 358 1373 390; x_wconf 87' lang='lat' dir='ltr'><strong>tionem:</strong></span> <span class='ocrx_word' id='word_1_355' title='bbox 1408 357 1585 400; x_wconf 88' lang='lat' dir='ltr'><strong>deplorate</strong></span> <span class='ocrx_word' id='word_1_356' title='bbox 1617 358 1720 391; x_wconf 85' lang='lat' dir='ltr'><strong>etiam</strong></span> <span class='ocrx_word' id='word_1_357' title='bbox 1751 360 1926 392; x_wconf 88' lang='lat' dir='ltr'><strong>miseriam</strong></span> <span class='ocrx_word' id='word_1_358' title='bbox 1953 360 2088 403; x_wconf 87' lang='lat' dir='ltr'><strong>generis</strong></span> <span class='ocrx_word' id='word_1_359' title='bbox 2125 358 2193 393; x_wconf 90' lang='lat' dir='ltr'><strong>hu-</strong></span> 
     </span>
     <span class='ocr_line' id='line_1_58' title="bbox 1225 406 2195 451; baseline 0.001 -11"><span class='ocrx_word' id='word_1_360' title='bbox 1225 408 1331 440; x_wconf 89' lang='lat' dir='ltr'><strong>mani.</strong></span> <span class='ocrx_word' id='word_1_361' title='bbox 1385 406 1456 449; x_wconf 91' lang='lat' dir='ltr'><strong>Qui</strong></span> <span class='ocrx_word' id='word_1_362' title='bbox 1480 407 1576 440; x_wconf 93' lang='lat' dir='ltr'><strong>locus</strong></span> <span class='ocrx_word' id='word_1_363' title='bbox 1600 414 1684 440; x_wconf 92' lang='lat' dir='ltr'><strong>tunc</strong></span> <span class='ocrx_word' id='word_1_364' title='bbox 1709 406 1850 450; x_wconf 80' lang='lat' dir='ltr'><strong>Bethel,</strong></span> <span class='ocrx_word' id='word_1_365' title='bbox 1888 410 1922 442; x_wconf 90' lang='lat' dir='ltr'><strong>id</strong></span> <span class='ocrx_word' id='word_1_366' title='bbox 1945 417 2014 451; x_wconf 89' lang='lat' dir='ltr'><strong>est,</strong></span> <span class='ocrx_word' id='word_1_367' title='bbox 2047 410 2195 442; x_wconf 74' lang='lat' dir='ltr'><strong>domici-</strong></span> 
     </span>
     <span class='ocr_line' id='line_1_59' title="bbox 1225 457 2195 501; baseline 0.004 -12"><span class='ocrx_word' id='word_1_368' title='bbox 1225 459 1310 490; x_wconf 88' lang='lat' dir='ltr'><strong>lium</strong></span> <span class='ocrx_word' id='word_1_369' title='bbox 1329 457 1393 490; x_wconf 89' lang='lat' dir='ltr'><strong>Dei</strong></span> <span class='ocrx_word' id='word_1_370' title='bbox 1411 463 1496 490; x_wconf 73' lang='lat' dir='ltr'><strong>erat:</strong></span> <span class='ocrx_word' id='word_1_371' title='bbox 1525 458 1617 489; x_wconf 86' lang='lat' dir='ltr'><strong>idem</strong></span> <span class='ocrx_word' id='word_1_372' title='bbox 1641 463 1758 501; x_wconf 86' lang='lat' dir='ltr'><strong>postea</strong></span> <span class='ocrx_word' id='word_1_373' title='bbox 1780 459 1846 492; x_wconf 83' lang='lat' dir='ltr'><strong>fuit</strong></span> <span class='ocrx_word' id='word_1_374' title='bbox 1861 457 2054 501; x_wconf 62' lang='lat' dir='ltr'><strong>Bethanem</strong></span> <span class='ocrx_word' id='word_1_375' title='bbox 2081 460 2115 492; x_wconf 91' lang='lat' dir='ltr'><strong>id</strong></span> <span class='ocrx_word' id='word_1_376' title='bbox 2133 466 2195 500; x_wconf 86' lang='lat' dir='ltr'><strong>est,</strong></span> 
     </span>
     <span class='ocr_line' id='line_1_60' title="bbox 1227 508 2196 548; baseline 0.004 -9"><span class='ocrx_word' id='word_1_377' title='bbox 1227 508 1445 540; x_wconf 87' lang='lat' dir='ltr'><strong>domicilium</strong></span> <span class='ocrx_word' id='word_1_378' title='bbox 1473 508 1627 548; x_wconf 88' lang='lat' dir='ltr'><strong>sceleris,</strong></span> <span class='ocrx_word' id='word_1_379' title='bbox 1652 520 1729 541; x_wconf 89' lang='lat' dir='ltr'><strong>cum</strong></span> <span class='ocrx_word' id='word_1_380' title='bbox 1756 508 1807 541; x_wconf 86' lang='lat' dir='ltr'><strong>ibi</strong></span> <span class='ocrx_word' id='word_1_381' title='bbox 1824 509 2006 542; x_wconf 89' lang='lat' dir='ltr'><strong>Ieroboam</strong></span> <span class='ocrx_word' id='word_1_382' title='bbox 2029 510 2196 543; x_wconf 90' lang='lat' dir='ltr'><strong>collocas-</strong></span> 
     </span>
     <span class='ocr_line' id='line_1_61' title="bbox 1229 558 2195 602; baseline 0.004 -13"><span class='ocrx_word' id='word_1_383' title='bbox 1229 565 1277 590; x_wconf 89' lang='lat' dir='ltr'><strong>set</strong></span> <span class='ocrx_word' id='word_1_384' title='bbox 1293 569 1436 590; x_wconf 89' lang='lat' dir='ltr'><strong>aureum</strong></span> <span class='ocrx_word' id='word_1_385' title='bbox 1462 558 1611 590; x_wconf 88' lang='lat' dir='ltr'><strong>vitulum</strong></span> <span class='ocrx_word' id='word_1_386' title='bbox 1626 584 1634 598; x_wconf 95' lang='lat'>‚</span> <span class='ocrx_word' id='word_1_387' title='bbox 1662 565 1694 591; x_wconf 91' lang='lat' dir='ltr'><strong>et</strong></span> <span class='ocrx_word' id='word_1_388' title='bbox 1710 559 1875 591; x_wconf 88' lang='lat' dir='ltr'><strong>sacrificia</strong></span> <span class='ocrx_word' id='word_1_389' title='bbox 1893 559 1999 602; x_wconf 89' lang='lat' dir='ltr'><strong>impia</strong></span> <span class='ocrx_word' id='word_1_390' title='bbox 2022 560 2195 593; x_wconf 88' lang='lat' dir='ltr'><strong>instituis-</strong></span> 
     </span>
     <span class='ocr_line' id='line_1_62' title="bbox 1227 606 2196 651; baseline 0.001 -10"><span class='ocrx_word' id='word_1_391' title='bbox 1227 616 1295 648; x_wconf 91' lang='lat' dir='ltr'><strong>set,</strong></span> <span class='ocrx_word' id='word_1_392' title='bbox 1330 614 1362 640; x_wconf 90' lang='lat' dir='ltr'><strong>et</strong></span> <span class='ocrx_word' id='word_1_393' title='bbox 1385 614 1501 651; x_wconf 84' lang='lat' dir='ltr'><strong>postea</strong></span> <span class='ocrx_word' id='word_1_394' title='bbox 1525 607 1737 642; x_wconf 88' lang='lat' dir='ltr'><strong>Samaritani</strong></span> <span class='ocrx_word' id='word_1_395' title='bbox 1764 609 1814 641; x_wconf 89' lang='lat' dir='ltr'><strong>ibi</strong></span> <span class='ocrx_word' id='word_1_396' title='bbox 1838 606 1996 642; x_wconf 89' lang='lat' dir='ltr'><strong>ethnicos</strong></span> <span class='ocrx_word' id='word_1_397' title='bbox 2021 610 2108 642; x_wconf 89' lang='lat' dir='ltr'><strong>ritus</strong></span> <span class='ocrx_word' id='word_1_398' title='bbox 2131 610 2196 642; x_wconf 89' lang='lat' dir='ltr'><strong>ob-</strong></span> 
     </span>
     <span class='ocr_line' id='line_1_63' title="bbox 1227 655 2199 703; baseline 0.002 -13"><span class='ocrx_word' id='word_1_399' title='bbox 1227 665 1418 691; x_wconf 85' lang='lat' dir='ltr'><strong>servarunt.</strong></span> <span class='ocrx_word' id='word_1_400' title='bbox 1471 655 1539 690; x_wconf 88' lang='lat' dir='ltr'><strong>Hic</strong></span> <span class='ocrx_word' id='word_1_401' title='bbox 1559 658 1766 700; x_wconf 84' lang='lat' dir='ltr'><strong>cogitemus,</strong></span> <span class='ocrx_word' id='word_1_402' title='bbox 1799 670 1904 703; x_wconf 87' lang='lat' dir='ltr'><strong>quam</strong></span> <span class='ocrx_word' id='word_1_403' title='bbox 1928 659 2119 692; x_wconf 89' lang='lat' dir='ltr'><strong>dolendum</strong></span> <span class='ocrx_word' id='word_1_404' title='bbox 2143 659 2199 701; x_wconf 92' lang='lat' dir='ltr'><strong>sit,</strong></span> 
     </span>
     <span class='ocr_line' id='line_1_64' title="bbox 1227 707 2198 752; baseline 0.002 -12"><span class='ocrx_word' id='word_1_405' title='bbox 1227 720 1362 741; x_wconf 87' lang='lat' dir='ltr'><strong>summa</strong></span> <span class='ocrx_word' id='word_1_406' title='bbox 1381 707 1447 741; x_wconf 85' lang='lat' dir='ltr'><strong>Dei</strong></span> <span class='ocrx_word' id='word_1_407' title='bbox 1462 707 1626 740; x_wconf 89' lang='lat' dir='ltr'><strong>beneficia</strong></span> <span class='ocrx_word' id='word_1_408' title='bbox 1645 720 1664 740; x_wconf 88' lang='lat' dir='ltr'><strong>a</strong></span> <span class='ocrx_word' id='word_1_409' title='bbox 1685 709 1831 752; x_wconf 89' lang='lat' dir='ltr'><strong>posteris</strong></span> <span class='ocrx_word' id='word_1_410' title='bbox 1857 715 2074 749; x_wconf 89' lang='lat' dir='ltr'><strong>sanctorum,</strong></span> <span class='ocrx_word' id='word_1_411' title='bbox 2101 709 2198 749; x_wconf 83' lang='lat' dir='ltr'><strong>luxu,</strong></span> 
     </span>
     <span class='ocr_line' id='line_1_65' title="bbox 1229 757 2198 797; baseline 0.002 -7"><span class='ocrx_word' id='word_1_412' title='bbox 1229 759 1439 797; x_wconf 86' lang='lat' dir='ltr'><strong>ambitione,</strong></span> <span class='ocrx_word' id='word_1_413' title='bbox 1482 757 1679 791; x_wconf 87' lang='lat' dir='ltr'><strong>curiositate</strong></span> <span class='ocrx_word' id='word_1_414' title='bbox 1710 759 1858 792; x_wconf 83' lang='lat' dir='ltr'><strong>efferatis</strong></span> <span class='ocrx_word' id='word_1_415' title='bbox 1887 760 2043 792; x_wconf 83' lang='lat' dir='ltr'><strong>furenter</strong></span> <span class='ocrx_word' id='word_1_416' title='bbox 2073 759 2198 795; x_wconf 87' lang='lat' dir='ltr'><strong>excuti.</strong></span> 
     </span>
     <span class='ocr_line' id='line_1_66' title="bbox 1231 807 2197 853; baseline 0.003 -13"><span class='ocrx_word' id='word_1_417' title='bbox 1231 807 1271 840; x_wconf 82' lang='lat'><strong>111</strong></span> <span class='ocrx_word' id='word_1_418' title='bbox 1303 809 1362 840; x_wconf 86' lang='lat' dir='ltr'><strong>illa</strong></span> <span class='ocrx_word' id='word_1_419' title='bbox 1392 808 1500 850; x_wconf 88' lang='lat' dir='ltr'><strong>igitur</strong></span> <span class='ocrx_word' id='word_1_420' title='bbox 1530 808 1774 840; x_wconf 86' lang='lat' dir='ltr'><strong>amoenissima</strong></span> <span class='ocrx_word' id='word_1_421' title='bbox 1807 816 1903 851; x_wconf 90' lang='lat' dir='ltr'><strong>parte</strong></span> <span class='ocrx_word' id='word_1_422' title='bbox 1934 816 2064 849; x_wconf 89' lang='lat' dir='ltr'><strong>terrae,</strong></span> <span class='ocrx_word' id='word_1_423' title='bbox 2108 821 2197 853; x_wconf 85' lang='lat' dir='ltr'><strong>quae</strong></span> 
     </span>
     <span class='ocr_line' id='line_1_67' title="bbox 1230 855 2199 901; baseline 0.002 -11"><span class='ocrx_word' id='word_1_424' title='bbox 1230 865 1346 901; x_wconf 88' lang='lat' dir='ltr'><strong>postea</strong></span> <span class='ocrx_word' id='word_1_425' title='bbox 1364 862 1458 890; x_wconf 86' lang='lat' dir='ltr'><strong>sedes</strong></span> <span class='ocrx_word' id='word_1_426' title='bbox 1477 858 1543 891; x_wconf 77' lang='lat' dir='ltr'><strong>fuit</strong></span> <span class='ocrx_word' id='word_1_427' title='bbox 1561 858 1713 891; x_wconf 86' lang='lat' dir='ltr'><strong>filiorum</strong></span> <span class='ocrx_word' id='word_1_428' title='bbox 1727 855 1911 901; x_wconf 85' lang='lat' dir='ltr'><strong>Ephraim,</strong></span> <span class='ocrx_word' id='word_1_429' title='bbox 1935 871 2013 892; x_wconf 91' lang='lat' dir='ltr'><strong>cum</strong></span> <span class='ocrx_word' id='word_1_430' title='bbox 2031 859 2199 901; x_wconf 83' lang='lat' dir='ltr'><strong>defatiga-</strong></span> 
     </span>
     <span class='ocr_line' id='line_1_68' title="bbox 1229 907 2198 948; baseline 0 -7"><span class='ocrx_word' id='word_1_431' title='bbox 1229 915 1283 941; x_wconf 90' lang='lat' dir='ltr'><strong>tus</strong></span> <span class='ocrx_word' id='word_1_432' title='bbox 1308 907 1430 947; x_wconf 81' lang='lat' dir='ltr'><strong>Iacob,</strong></span> <span class='ocrx_word' id='word_1_433' title='bbox 1456 920 1528 940; x_wconf 92' lang='lat' dir='ltr'><strong>non</strong></span> <span class='ocrx_word' id='word_1_434' title='bbox 1552 909 1665 940; x_wconf 90' lang='lat' dir='ltr'><strong>solum</strong></span> <span class='ocrx_word' id='word_1_435' title='bbox 1689 908 1809 941; x_wconf 82' lang='lat' dir='ltr'><strong>labore</strong></span> <span class='ocrx_word' id='word_1_436' title='bbox 1833 908 1986 948; x_wconf 89' lang='lat' dir='ltr'><strong>itineris,</strong></span> <span class='ocrx_word' id='word_1_437' title='bbox 2011 910 2068 941; x_wconf 91' lang='lat' dir='ltr'><strong>sed</strong></span> <span class='ocrx_word' id='word_1_438' title='bbox 2094 910 2198 942; x_wconf 89' lang='lat' dir='ltr'><strong>etiam</strong></span> 
     </span>
     <span class='ocr_line' id='line_1_69' title="bbox 1231 957 2199 1000; baseline 0.001 -10"><span class='ocrx_word' id='word_1_439' title='bbox 1231 959 1440 1000; x_wconf 86' lang='lat' dir='ltr'><strong>cogitatione</strong></span> <span class='ocrx_word' id='word_1_440' title='bbox 1473 958 1568 990; x_wconf 86' lang='lat' dir='ltr'><strong>exilii</strong></span> <span class='ocrx_word' id='word_1_441' title='bbox 1597 958 1651 991; x_wconf 91' lang='lat' dir='ltr'><strong>sui</strong></span> <span class='ocrx_word' id='word_1_442' title='bbox 1682 965 1715 991; x_wconf 91' lang='lat' dir='ltr'><strong>et</strong></span> <span class='ocrx_word' id='word_1_443' title='bbox 1743 970 1989 992; x_wconf 87' lang='lat' dir='ltr'><strong>aerumnarum</strong></span> <span class='ocrx_word' id='word_1_444' title='bbox 2012 957 2199 998; x_wconf 88' lang='lat' dir='ltr'><strong>Ecclesiae,</strong></span> 
     </span>
     <span class='ocr_line' id='line_1_70' title="bbox 1230 1008 2200 1051; baseline 0.002 -12"><span class='ocrx_word' id='word_1_445' title='bbox 1230 1016 1329 1041; x_wconf 88' lang='lat' dir='ltr'><strong>nocte</strong></span> <span class='ocrx_word' id='word_1_446' title='bbox 1355 1020 1477 1040; x_wconf 84' lang='lat' dir='ltr'><strong>somno</strong></span> <span class='ocrx_word' id='word_1_447' title='bbox 1502 1019 1685 1051; x_wconf 89' lang='lat' dir='ltr'><strong>oppressus</strong></span> <span class='ocrx_word' id='word_1_448' title='bbox 1709 1016 1814 1048; x_wconf 89' lang='lat' dir='ltr'><strong>esset,</strong></span> <span class='ocrx_word' id='word_1_449' title='bbox 1841 1008 1929 1041; x_wconf 82' lang='lat' dir='ltr'><strong>vidit</strong></span> <span class='ocrx_word' id='word_1_450' title='bbox 1953 1008 2077 1040; x_wconf 88' lang='lat' dir='ltr'><strong>scalam</strong></span> <span class='ocrx_word' id='word_1_451' title='bbox 2105 1015 2200 1041; x_wconf 90' lang='lat' dir='ltr'><strong>stan-</strong></span> 
     </span>
     <span class='ocr_line' id='line_1_71' title="bbox 1232 1058 2200 1100; baseline 0.002 -10"><span class='ocrx_word' id='word_1_452' title='bbox 1232 1065 1297 1090; x_wconf 87' lang='lat' dir='ltr'><strong>tem</strong></span> <span class='ocrx_word' id='word_1_453' title='bbox 1316 1059 1352 1090; x_wconf 89' lang='lat' dir='ltr'><strong>in</strong></span> <span class='ocrx_word' id='word_1_454' title='bbox 1369 1065 1457 1091; x_wconf 87' lang='lat' dir='ltr'><strong>terra</strong></span> <span class='ocrx_word' id='word_1_455' title='bbox 1470 1085 1478 1098; x_wconf 87' lang='lat'><strong>,</strong></span> <span class='ocrx_word' id='word_1_456' title='bbox 1500 1065 1532 1091; x_wconf 89' lang='lat' dir='ltr'><strong>et</strong></span> <span class='ocrx_word' id='word_1_457' title='bbox 1547 1059 1725 1091; x_wconf 90' lang='lat' dir='ltr'><strong>cacumine</strong></span> <span class='ocrx_word' id='word_1_458' title='bbox 1743 1059 1878 1092; x_wconf 81' lang='lat' dir='ltr'><strong>coelum</strong></span> <span class='ocrx_word' id='word_1_459' title='bbox 1895 1058 2137 1100; x_wconf 84' lang='lat' dir='ltr'><strong>attingentem:</strong></span> <span class='ocrx_word' id='word_1_460' title='bbox 2165 1065 2200 1092; x_wconf 86' lang='lat' dir='ltr'><strong>et</strong></span> 
     </span>
     <span class='ocr_line' id='line_1_72' title="bbox 1230 1109 2198 1150; baseline 0 -10"><span class='ocrx_word' id='word_1_461' title='bbox 1230 1109 1265 1141; x_wconf 89' lang='lat' dir='ltr'><strong>in</strong></span> <span class='ocrx_word' id='word_1_462' title='bbox 1283 1109 1372 1141; x_wconf 80' lang='lat' dir='ltr'><strong>scala</strong></span> <span class='ocrx_word' id='word_1_463' title='bbox 1390 1109 1531 1150; x_wconf 84' lang='lat' dir='ltr'><strong>angelos</strong></span> <span class='ocrx_word' id='word_1_464' title='bbox 1548 1109 1732 1141; x_wconf 87' lang='lat' dir='ltr'><strong>ascendere</strong></span> <span class='ocrx_word' id='word_1_465' title='bbox 1758 1115 1791 1141; x_wconf 92' lang='lat' dir='ltr'><strong>et</strong></span> <span class='ocrx_word' id='word_1_466' title='bbox 1814 1109 2043 1148; x_wconf 85' lang='lat' dir='ltr'><strong>descendere,</strong></span> <span class='ocrx_word' id='word_1_467' title='bbox 2071 1115 2104 1141; x_wconf 88' lang='lat' dir='ltr'><strong>et</strong></span> <span class='ocrx_word' id='word_1_468' title='bbox 2121 1109 2198 1141; x_wconf 92' lang='lat' dir='ltr'><strong>Do-</strong></span> 
     </span>
     <span class='ocr_line' id='line_1_73' title="bbox 1230 1158 2201 1201; baseline 0.001 -11"><span class='ocrx_word' id='word_1_469' title='bbox 1230 1159 1364 1191; x_wconf 89' lang='lat' dir='ltr'><strong>minum</strong></span> <span class='ocrx_word' id='word_1_470' title='bbox 1389 1165 1535 1191; x_wconf 86' lang='lat' dir='ltr'><strong>stantem</strong></span> <span class='ocrx_word' id='word_1_471' title='bbox 1563 1159 1600 1190; x_wconf 89' lang='lat' dir='ltr'><strong>in</strong></span> <span class='ocrx_word' id='word_1_472' title='bbox 1625 1159 1734 1191; x_wconf 90' lang='lat' dir='ltr'><strong>scalae</strong></span> <span class='ocrx_word' id='word_1_473' title='bbox 1757 1158 1913 1201; x_wconf 85' lang='lat' dir='ltr'><strong>fastigio,</strong></span> <span class='ocrx_word' id='word_1_474' title='bbox 1941 1165 1973 1191; x_wconf 89' lang='lat' dir='ltr'><strong>et</strong></span> <span class='ocrx_word' id='word_1_475' title='bbox 1995 1158 2201 1201; x_wconf 84' lang='lat' dir='ltr'><strong>promissio—</strong></span> 
     </span>
     <span class='ocr_line' id='line_1_74' title="bbox 1230 1206 2200 1251; baseline 0.001 -11"><span class='ocrx_word' id='word_1_476' title='bbox 1230 1220 1289 1240; x_wconf 91' lang='lat' dir='ltr'><strong>nes</strong></span> <span class='ocrx_word' id='word_1_477' title='bbox 1325 1209 1553 1251; x_wconf 87' lang='lat' dir='ltr'><strong>amplissimas</strong></span> <span class='ocrx_word' id='word_1_478' title='bbox 1586 1209 1761 1241; x_wconf 88' lang='lat' dir='ltr'><strong>edentem:</strong></span> <span class='ocrx_word' id='word_1_479' title='bbox 1807 1206 1881 1250; x_wconf 88' lang='lat' dir='ltr'><strong>Ego</strong></span> <span class='ocrx_word' id='word_1_480' title='bbox 1914 1219 1991 1240; x_wconf 89' lang='lat' dir='ltr'><strong>sum</strong></span> <span class='ocrx_word' id='word_1_481' title='bbox 2026 1207 2200 1241; x_wconf 90' lang='lat' dir='ltr'><strong>Dominus</strong></span> 
     </span>
     <span class='ocr_line' id='line_1_75' title="bbox 1230 1256 2173 1297; baseline -0.001 -6"><span class='ocrx_word' id='word_1_482' title='bbox 1230 1258 1324 1291; x_wconf 90' lang='lat' dir='ltr'><strong>Deus</strong></span> <span class='ocrx_word' id='word_1_483' title='bbox 1344 1256 1522 1290; x_wconf 74' lang='lat' dir='ltr'><strong>Abraham</strong></span> <span class='ocrx_word' id='word_1_484' title='bbox 1535 1284 1542 1297; x_wconf 88' lang='lat'>‚</span> <span class='ocrx_word' id='word_1_485' title='bbox 1571 1270 1628 1290; x_wconf 90' lang='lat' dir='ltr'><strong>ero</strong></span> <span class='ocrx_word' id='word_1_486' title='bbox 1648 1264 1763 1291; x_wconf 88' lang='lat' dir='ltr'><strong>custos</strong></span> <span class='ocrx_word' id='word_1_487' title='bbox 1781 1264 1871 1295; x_wconf 87' lang='lat' dir='ltr'><strong>tuus,</strong></span> <span class='ocrx_word' id='word_1_488' title='bbox 1899 1264 1932 1290; x_wconf 89' lang='lat' dir='ltr'><strong>et</strong></span> <span class='ocrx_word' id='word_1_489' title='bbox 1948 1258 2112 1290; x_wconf 86' lang='lat' dir='ltr'><strong>reducam</strong></span> <span class='ocrx_word' id='word_1_490' title='bbox 2130 1265 2173 1291; x_wconf 87' lang='lat' dir='ltr'><strong>te.</strong></span> 
     </span>
    </p>

    <p class='ocr_par' dir='ltr' id='par_1_13' title="bbox 1228 1307 2201 1547">
     <span class='ocr_line' id='line_1_76' title="bbox 1331 1307 2201 1348; baseline 0.002 -10"><span class='ocrx_word' id='word_1_491' title='bbox 1331 1307 1433 1338; x_wconf 81' lang='lat' dir='ltr'><strong>Iacob</strong></span> <span class='ocrx_word' id='word_1_492' title='bbox 1456 1313 1690 1348; x_wconf 84' lang='lat' dir='ltr'><strong>experrectus,</strong></span> <span class='ocrx_word' id='word_1_493' title='bbox 1717 1307 1823 1338; x_wconf 89' lang='lat' dir='ltr'><strong>sensit</strong></span> <span class='ocrx_word' id='word_1_494' title='bbox 1843 1307 1982 1338; x_wconf 90' lang='lat' dir='ltr'><strong>divinos</strong></span> <span class='ocrx_word' id='word_1_495' title='bbox 2005 1314 2140 1347; x_wconf 89' lang='lat' dir='ltr'><strong>motus,</strong></span> <span class='ocrx_word' id='word_1_496' title='bbox 2168 1314 2201 1341; x_wconf 88' lang='lat' dir='ltr'><strong>et</strong></span> 
     </span>
     <span class='ocr_line' id='line_1_77' title="bbox 1229 1352 2200 1398; baseline 0.001 -10"><span class='ocrx_word' id='word_1_497' title='bbox 1229 1355 1302 1388; x_wconf 89' lang='lat' dir='ltr'><strong>Deo</strong></span> <span class='ocrx_word' id='word_1_498' title='bbox 1318 1356 1445 1398; x_wconf 86' lang='lat' dir='ltr'><strong>gratias</strong></span> <span class='ocrx_word' id='word_1_499' title='bbox 1461 1355 1549 1397; x_wconf 88' lang='lat' dir='ltr'><strong>agit,</strong></span> <span class='ocrx_word' id='word_1_500' title='bbox 1577 1352 1842 1397; x_wconf 83' lang='lat' dir='ltr'><strong>agnoscit-hunc</strong></span> <span class='ocrx_word' id='word_1_501' title='bbox 1861 1356 1975 1398; x_wconf 88' lang='lat' dir='ltr'><strong>ipsum</strong></span> <span class='ocrx_word' id='word_1_502' title='bbox 1995 1356 2110 1389; x_wconf 91' lang='lat' dir='ltr'><strong>locum</strong></span> <span class='ocrx_word' id='word_1_503' title='bbox 2125 1357 2200 1390; x_wconf 86' lang='lat' dir='ltr'><strong>fore</strong></span> 
     </span>
     <span class='ocr_line' id='line_1_78' title="bbox 1229 1405 2201 1449; baseline 0.002 -11"><span class='ocrx_word' id='word_1_504' title='bbox 1229 1405 1402 1438; x_wconf 90' lang='lat' dir='ltr'><strong>Ecclesiae</strong></span> <span class='ocrx_word' id='word_1_505' title='bbox 1425 1405 1633 1447; x_wconf 89' lang='lat' dir='ltr'><strong>hospitium:</strong></span> <span class='ocrx_word' id='word_1_506' title='bbox 1665 1411 1696 1437; x_wconf 91' lang='lat' dir='ltr'><strong>et</strong></span> <span class='ocrx_word' id='word_1_507' title='bbox 1721 1405 1890 1447; x_wconf 86' lang='lat' dir='ltr'><strong>oppidum</strong></span> <span class='ocrx_word' id='word_1_508' title='bbox 1916 1406 2009 1449; x_wconf 84' lang='lat' dir='ltr'><strong>quod</strong></span> <span class='ocrx_word' id='word_1_509' title='bbox 2033 1412 2132 1439; x_wconf 85' lang='lat' dir='ltr'><strong>antea</strong></span> <span class='ocrx_word' id='word_1_510' title='bbox 2156 1407 2201 1440; x_wconf 86' lang='lat' dir='ltr'><strong>ab</strong></span> 
     </span>
     <span class='ocr_line' id='line_1_79' title="bbox 1228 1451 2201 1498; baseline 0.002 -11"><span class='ocrx_word' id='word_1_511' title='bbox 1228 1456 1351 1487; x_wconf 86' lang='lat' dir='ltr'><strong>arbore</strong></span> <span class='ocrx_word' id='word_1_512' title='bbox 1378 1453 1572 1498; x_wconf 78' lang='lat' dir='ltr'><strong>Amygdalo</strong></span> <span class='ocrx_word' id='word_1_513' title='bbox 1597 1466 1726 1486; x_wconf 89' lang='lat' dir='ltr'><strong>nomen</strong></span> <span class='ocrx_word' id='word_1_514' title='bbox 1750 1451 1901 1487; x_wconf 87' lang='lat' dir='ltr'><strong>habebat</strong></span> <span class='ocrx_word' id='word_1_515' title='bbox 1922 1454 2034 1493; x_wconf 85' lang='lat' dir='ltr'><strong>Lusa,</strong></span> <span class='ocrx_word' id='word_1_516' title='bbox 2068 1462 2201 1489; x_wconf 88' lang='lat' dir='ltr'><strong>mutato</strong></span> 
     </span>
     <span class='ocr_line' id='line_1_80' title="bbox 1228 1502 2175 1547; baseline 0.001 -10"><span class='ocrx_word' id='word_1_517' title='bbox 1228 1505 1370 1537; x_wconf 88' lang='lat' dir='ltr'><strong>nomine</strong></span> <span class='ocrx_word' id='word_1_518' title='bbox 1387 1504 1604 1547; x_wconf 83' lang='lat' dir='ltr'><strong>nuncupavit</strong></span> <span class='ocrx_word' id='word_1_519' title='bbox 1620 1502 1774 1537; x_wconf 91' lang='lat' dir='ltr'><strong>Domum</strong></span> <span class='ocrx_word' id='word_1_520' title='bbox 1783 1503 1858 1544; x_wconf 81' lang='lat' dir='ltr'><strong>Dei,</strong></span> <span class='ocrx_word' id='word_1_521' title='bbox 1876 1511 1908 1537; x_wconf 91' lang='lat' dir='ltr'><strong>et</strong></span> <span class='ocrx_word' id='word_1_522' title='bbox 1923 1511 2060 1547; x_wconf 89' lang='lat' dir='ltr'><strong>portam</strong></span> <span class='ocrx_word' id='word_1_523' title='bbox 2077 1506 2175 1541; x_wconf 89' lang='lat' dir='ltr'><strong>coeli.</strong></span> 
     </span>
    </p>

    <p class='ocr_par' dir='ltr' id='par_1_14' title="bbox 1223 1553 2202 2250">
     <span class='ocr_line' id='line_1_81' title="bbox 1329 1553 2202 1596; baseline 0.003 -10"><span class='ocrx_word' id='word_1_524' title='bbox 1329 1554 1419 1587; x_wconf 84' lang='lat' dir='ltr'><strong>Tota</strong></span> <span class='ocrx_word' id='word_1_525' title='bbox 1442 1554 1596 1586; x_wconf 83' lang='lat' dir='ltr'><strong>narratio</strong></span> <span class='ocrx_word' id='word_1_526' title='bbox 1619 1554 1722 1596; x_wconf 89' lang='lat' dir='ltr'><strong>plena</strong></span> <span class='ocrx_word' id='word_1_527' title='bbox 1749 1561 1798 1586; x_wconf 90' lang='lat' dir='ltr'><strong>est</strong></span> <span class='ocrx_word' id='word_1_528' title='bbox 1817 1553 2098 1588; x_wconf 89' lang='lat' dir='ltr'><strong>dulcissimarum</strong></span> <span class='ocrx_word' id='word_1_529' title='bbox 2117 1567 2202 1589; x_wconf 87' lang='lat' dir='ltr'><strong>con-</strong></span> 
     </span>
     <span class='ocr_line' id='line_1_82' title="bbox 1228 1601 2200 1645; baseline 0.001 -7"><span class='ocrx_word' id='word_1_530' title='bbox 1228 1606 1369 1638; x_wconf 89' lang='lat' dir='ltr'><strong>cionum</strong></span> <span class='ocrx_word' id='word_1_531' title='bbox 1395 1612 1427 1636; x_wconf 84' lang='lat' dir='ltr'><strong>et</strong></span> <span class='ocrx_word' id='word_1_532' title='bbox 1442 1603 1750 1645; x_wconf 80' lang='lat' dir='ltr'><strong>significationum.</strong></span> <span class='ocrx_word' id='word_1_533' title='bbox 1799 1601 1875 1636; x_wconf 90' lang='lat' dir='ltr'><strong>Etsi</strong></span> <span class='ocrx_word' id='word_1_534' title='bbox 1893 1610 2006 1636; x_wconf 89' lang='lat' dir='ltr'><strong>autem</strong></span> <span class='ocrx_word' id='word_1_535' title='bbox 2023 1602 2200 1639; x_wconf 86' lang='lat' dir='ltr'><strong>exhauriri</strong></span> 
     </span>
     <span class='ocr_line' id='line_1_83' title="bbox 1227 1651 2202 1699; baseline 0.002 -12"><span class='ocrx_word' id='word_1_536' title='bbox 1227 1655 1421 1697; x_wconf 87' lang='lat' dir='ltr'><strong>amplitudo</strong></span> <span class='ocrx_word' id='word_1_537' title='bbox 1440 1651 1565 1686; x_wconf 86' lang='lat' dir='ltr'><strong>harum</strong></span> <span class='ocrx_word' id='word_1_538' title='bbox 1582 1665 1699 1686; x_wconf 91' lang='lat' dir='ltr'><strong>rerum</strong></span> <span class='ocrx_word' id='word_1_539' title='bbox 1718 1664 1789 1685; x_wconf 90' lang='lat' dir='ltr'><strong>non</strong></span> <span class='ocrx_word' id='word_1_540' title='bbox 1808 1660 1939 1696; x_wconf 89' lang='lat' dir='ltr'><strong>potest,</strong></span> <span class='ocrx_word' id='word_1_541' title='bbox 1968 1660 2084 1687; x_wconf 87' lang='lat' dir='ltr'><strong>tamen</strong></span> <span class='ocrx_word' id='word_1_542' title='bbox 2102 1667 2202 1699; x_wconf 89' lang='lat' dir='ltr'><strong>prae-</strong></span> 
     </span>
     <span class='ocr_line' id='line_1_84' title="bbox 1228 1702 2201 1748; baseline 0.002 -11"><span class='ocrx_word' id='word_1_543' title='bbox 1228 1706 1327 1748; x_wconf 87' lang='lat' dir='ltr'><strong>cipua</strong></span> <span class='ocrx_word' id='word_1_544' title='bbox 1352 1704 1463 1747; x_wconf 88' lang='lat' dir='ltr'><strong>capita</strong></span> <span class='ocrx_word' id='word_1_545' title='bbox 1488 1704 1666 1746; x_wconf 84' lang='lat' dir='ltr'><strong>attingam.</strong></span> <span class='ocrx_word' id='word_1_546' title='bbox 1720 1702 1909 1737; x_wconf 87' lang='lat' dir='ltr'><strong>Patefactio</strong></span> <span class='ocrx_word' id='word_1_547' title='bbox 1936 1704 2056 1737; x_wconf 83' lang='lat' dir='ltr'><strong>divina</strong></span> <span class='ocrx_word' id='word_1_548' title='bbox 2076 1708 2201 1739; x_wconf 87' lang='lat' dir='ltr'><strong>recita-</strong></span> 
     </span>
     <span class='ocr_line' id='line_1_85' title="bbox 1229 1751 2199 1798; baseline 0.003 -11"><span class='ocrx_word' id='word_1_549' title='bbox 1229 1763 1303 1794; x_wconf 90' lang='lat' dir='ltr'><strong>tur,</strong></span> <span class='ocrx_word' id='word_1_550' title='bbox 1332 1754 1367 1786; x_wconf 88' lang='lat' dir='ltr'><strong>in</strong></span> <span class='ocrx_word' id='word_1_551' title='bbox 1394 1765 1460 1798; x_wconf 88' lang='lat' dir='ltr'><strong>qua</strong></span> <span class='ocrx_word' id='word_1_552' title='bbox 1486 1754 1668 1793; x_wconf 85' lang='lat' dir='ltr'><strong>discimus,</strong></span> <span class='ocrx_word' id='word_1_553' title='bbox 1702 1751 1894 1786; x_wconf 86' lang='lat' dir='ltr'><strong>Ecclesiam</strong></span> <span class='ocrx_word' id='word_1_554' title='bbox 1920 1766 2000 1787; x_wconf 80' lang='lat' dir='ltr'><strong>vere</strong></span> <span class='ocrx_word' id='word_1_555' title='bbox 2022 1757 2199 1790; x_wconf 86' lang='lat' dir='ltr'><strong>conditam</strong></span> 
     </span>
     <span class='ocr_line' id='line_1_86' title="bbox 1227 1802 2199 1843; baseline 0.002 -5"><span class='ocrx_word' id='word_1_556' title='bbox 1227 1817 1298 1838; x_wconf 86' lang='lat' dir='ltr'><strong>esse</strong></span> <span class='ocrx_word' id='word_1_557' title='bbox 1317 1817 1335 1837; x_wconf 88' lang='lat' dir='ltr'><strong>a</strong></span> <span class='ocrx_word' id='word_1_558' title='bbox 1354 1803 1449 1843; x_wconf 87' lang='lat' dir='ltr'><strong>Deo,</strong></span> <span class='ocrx_word' id='word_1_559' title='bbox 1477 1810 1510 1836; x_wconf 90' lang='lat' dir='ltr'><strong>et</strong></span> <span class='ocrx_word' id='word_1_560' title='bbox 1526 1803 1715 1836; x_wconf 84' lang='lat' dir='ltr'><strong>certissime</strong></span> <span class='ocrx_word' id='word_1_561' title='bbox 1735 1815 1799 1835; x_wconf 93' lang='lat' dir='ltr'><strong>nos</strong></span> <span class='ocrx_word' id='word_1_562' title='bbox 1824 1804 1861 1836; x_wconf 87' lang='lat' dir='ltr'><strong>in</strong></span> <span class='ocrx_word' id='word_1_563' title='bbox 1877 1802 2032 1837; x_wconf 88' lang='lat' dir='ltr'><strong>Ecclesia</strong></span> <span class='ocrx_word' id='word_1_564' title='bbox 2051 1806 2081 1837; x_wconf 91' lang='lat' dir='ltr'><strong>ei</strong></span> <span class='ocrx_word' id='word_1_565' title='bbox 2097 1818 2199 1840; x_wconf 87' lang='lat' dir='ltr'><strong>curae</strong></span> 
     </span>
     <span class='ocr_line' id='line_1_87' title="bbox 1227 1852 2201 1898; baseline 0.001 -10"><span class='ocrx_word' id='word_1_566' title='bbox 1227 1867 1315 1888; x_wconf 89' lang='lat' dir='ltr'><strong>esse:</strong></span> <span class='ocrx_word' id='word_1_567' title='bbox 1342 1861 1375 1887; x_wconf 86' lang='lat' dir='ltr'><strong>et</strong></span> <span class='ocrx_word' id='word_1_568' title='bbox 1394 1865 1528 1897; x_wconf 86' lang='lat' dir='ltr'><strong>semper</strong></span> <span class='ocrx_word' id='word_1_569' title='bbox 1541 1852 1731 1886; x_wconf 88' lang='lat' dir='ltr'><strong>Ecclesiam</strong></span> <span class='ocrx_word' id='word_1_570' title='bbox 1749 1865 1767 1886; x_wconf 90' lang='lat' dir='ltr'><strong>a</strong></span> <span class='ocrx_word' id='word_1_571' title='bbox 1783 1852 1857 1886; x_wconf 89' lang='lat' dir='ltr'><strong>Deo</strong></span> <span class='ocrx_word' id='word_1_572' title='bbox 1875 1855 2016 1888; x_wconf 85' lang='lat' dir='ltr'><strong>servari.</strong></span> <span class='ocrx_word' id='word_1_573' title='bbox 2051 1854 2201 1898; x_wconf 87' lang='lat' dir='ltr'><strong>Deinde,</strong></span> 
     </span>
     <span class='ocr_line' id='line_1_88' title="bbox 1227 1902 2200 1950; baseline 0.002 -12"><span class='ocrx_word' id='word_1_574' title='bbox 1227 1906 1310 1950; x_wconf 83' lang='lat' dir='ltr'><strong>quid</strong></span> <span class='ocrx_word' id='word_1_575' title='bbox 1335 1904 1378 1937; x_wconf 88' lang='lat' dir='ltr'><strong>sit</strong></span> <span class='ocrx_word' id='word_1_576' title='bbox 1401 1902 1576 1944; x_wconf 85' lang='lat' dir='ltr'><strong>Ecclesia,</strong></span> <span class='ocrx_word' id='word_1_577' title='bbox 1610 1911 1643 1936; x_wconf 93' lang='lat' dir='ltr'><strong>et</strong></span> <span class='ocrx_word' id='word_1_578' title='bbox 1667 1904 1794 1948; x_wconf 85' lang='lat' dir='ltr'><strong>quibus</strong></span> <span class='ocrx_word' id='word_1_579' title='bbox 1818 1904 1995 1936; x_wconf 86' lang='lat' dir='ltr'><strong>beneficiis</strong></span> <span class='ocrx_word' id='word_1_580' title='bbox 2018 1907 2159 1950; x_wconf 88' lang='lat' dir='ltr'><strong>proprie</strong></span> <span class='ocrx_word' id='word_1_581' title='bbox 2180 1919 2200 1939; x_wconf 87' lang='lat' dir='ltr'><strong>a</strong></span> 
     </span>
     <span class='ocr_line' id='line_1_89' title="bbox 1225 1954 2200 1998; baseline 0.001 -9"><span class='ocrx_word' id='word_1_582' title='bbox 1225 1955 1299 1989; x_wconf 92' lang='lat' dir='ltr'><strong>Deo</strong></span> <span class='ocrx_word' id='word_1_583' title='bbox 1325 1955 1451 1987; x_wconf 83' lang='lat' dir='ltr'><strong>donata</strong></span> <span class='ocrx_word' id='word_1_584' title='bbox 1477 1956 1540 1994; x_wconf 86' lang='lat' dir='ltr'><strong>sit,</strong></span> <span class='ocrx_word' id='word_1_585' title='bbox 1568 1961 1601 1988; x_wconf 90' lang='lat' dir='ltr'><strong>et</strong></span> <span class='ocrx_word' id='word_1_586' title='bbox 1625 1955 1801 1998; x_wconf 90' lang='lat' dir='ltr'><strong>quomodo</strong></span> <span class='ocrx_word' id='word_1_587' title='bbox 1827 1961 1974 1996; x_wconf 80' lang='lat' dir='ltr'><strong>regatur.</strong></span> <span class='ocrx_word' id='word_1_588' title='bbox 2028 1954 2123 1989; x_wconf 89' lang='lat' dir='ltr'><strong>Haec</strong></span> <span class='ocrx_word' id='word_1_589' title='bbox 2144 1968 2200 1990; x_wconf 87' lang='lat' dir='ltr'><strong>sa-</strong></span> 
     </span>
     <span class='ocr_line' id='line_1_90' title="bbox 1226 2003 2198 2050; baseline 0 -12"><span class='ocrx_word' id='word_1_590' title='bbox 1226 2005 1375 2050; x_wconf 88' lang='lat' dir='ltr'><strong>pientia,</strong></span> <span class='ocrx_word' id='word_1_591' title='bbox 1404 2016 1491 2049; x_wconf 88' lang='lat' dir='ltr'><strong>quae</strong></span> <span class='ocrx_word' id='word_1_592' title='bbox 1516 2011 1548 2037; x_wconf 90' lang='lat' dir='ltr'><strong>et</strong></span> <span class='ocrx_word' id='word_1_593' title='bbox 1572 2003 1685 2037; x_wconf 89' lang='lat' dir='ltr'><strong>Deum</strong></span> <span class='ocrx_word' id='word_1_594' title='bbox 1718 2004 1888 2045; x_wconf 89' lang='lat' dir='ltr'><strong>ostendit,</strong></span> <span class='ocrx_word' id='word_1_595' title='bbox 1923 2011 1955 2038; x_wconf 89' lang='lat' dir='ltr'><strong>et</strong></span> <span class='ocrx_word' id='word_1_596' title='bbox 1984 2006 2126 2049; x_wconf 91' lang='lat' dir='ltr'><strong>propria</strong></span> <span class='ocrx_word' id='word_1_597' title='bbox 2159 2018 2198 2040; x_wconf 87' lang='lat' dir='ltr'><strong>ac</strong></span> 
     </span>
     <span class='ocr_line' id='line_1_91' title="bbox 1225 2054 2198 2098; baseline -0.001 -8"><span class='ocrx_word' id='word_1_598' title='bbox 1225 2063 1364 2090; x_wconf 85' lang='lat' dir='ltr'><strong>aeterna</strong></span> <span class='ocrx_word' id='word_1_599' title='bbox 1372 2054 1438 2087; x_wconf 88' lang='lat' dir='ltr'><strong>Dei</strong></span> <span class='ocrx_word' id='word_1_600' title='bbox 1453 2055 1617 2087; x_wconf 87' lang='lat' dir='ltr'><strong>beneficia</strong></span> <span class='ocrx_word' id='word_1_601' title='bbox 1634 2055 1758 2094; x_wconf 88' lang='lat' dir='ltr'><strong>adfert,</strong></span> <span class='ocrx_word' id='word_1_602' title='bbox 1772 2054 1874 2097; x_wconf 89' lang='lat' dir='ltr'><strong>longe</strong></span> <span class='ocrx_word' id='word_1_603' title='bbox 1887 2062 2025 2098; x_wconf 89' lang='lat' dir='ltr'><strong>superat</strong></span> <span class='ocrx_word' id='word_1_604' title='bbox 2039 2057 2198 2090; x_wconf 90' lang='lat' dir='ltr'><strong>omnium</strong></span> 
     </span>
     <span class='ocr_line' id='line_1_92' title="bbox 1224 2103 2197 2150; baseline 0 -11"><span class='ocrx_word' id='word_1_605' title='bbox 1224 2106 1560 2150; x_wconf 84' lang='lat' dir='ltr'><strong>sapientissimorum</strong></span> <span class='ocrx_word' id='word_1_606' title='bbox 1602 2103 1785 2137; x_wconf 87' lang='lat' dir='ltr'><strong>hominum</strong></span> <span class='ocrx_word' id='word_1_607' title='bbox 1822 2105 2067 2147; x_wconf 87' lang='lat' dir='ltr'><strong>cogitationes,</strong></span> <span class='ocrx_word' id='word_1_608' title='bbox 2111 2118 2197 2150; x_wconf 80' lang='lat' dir='ltr'><strong>quas</strong></span> 
     </span>
     <span class='ocr_line' id='line_1_93' title="bbox 1224 2152 2197 2198; baseline -0.001 -9"><span class='ocrx_word' id='word_1_609' title='bbox 1224 2158 1312 2190; x_wconf 81' lang='lat' dir='ltr'><strong>acies</strong></span> <span class='ocrx_word' id='word_1_610' title='bbox 1338 2154 1484 2189; x_wconf 83' lang='lat' dir='ltr'><strong>humani</strong></span> <span class='ocrx_word' id='word_1_611' title='bbox 1512 2155 1648 2198; x_wconf 87' lang='lat' dir='ltr'><strong>ingenii</strong></span> <span class='ocrx_word' id='word_1_612' title='bbox 1674 2155 1748 2188; x_wconf 89' lang='lat' dir='ltr'><strong>sine</strong></span> <span class='ocrx_word' id='word_1_613' title='bbox 1771 2152 1836 2188; x_wconf 85' lang='lat' dir='ltr'><strong>hac</strong></span> <span class='ocrx_word' id='word_1_614' title='bbox 1861 2156 1938 2189; x_wconf 89' lang='lat' dir='ltr'><strong>luce</strong></span> <span class='ocrx_word' id='word_1_615' title='bbox 1955 2156 2112 2189; x_wconf 83' lang='lat' dir='ltr'><strong>invenire</strong></span> <span class='ocrx_word' id='word_1_616' title='bbox 2130 2157 2197 2188; x_wconf 89' lang='lat' dir='ltr'><strong>mi-</strong></span> 
     </span>
     <span class='ocr_line' id='line_1_94' title="bbox 1223 2209 1457 2250; baseline 0 -11"><span class='ocrx_word' id='word_1_617' title='bbox 1223 2209 1317 2240; x_wconf 89' lang='lat' dir='ltr'><strong>nime</strong></span> <span class='ocrx_word' id='word_1_618' title='bbox 1336 2213 1457 2250; x_wconf 85' lang='lat' dir='ltr'><strong>potest.</strong></span> 
     </span>
    </p>

    <p class='ocr_par' dir='ltr' id='par_1_15' title="bbox 1212 2253 2197 2702">
     <span class='ocr_line' id='line_1_95' title="bbox 1323 2253 2197 2290; baseline -0.001 0"><span class='ocrx_word' id='word_1_619' title='bbox 1323 2257 1481 2290; x_wconf 88' lang='lat' dir='ltr'><strong>Primum</strong></span> <span class='ocrx_word' id='word_1_620' title='bbox 1512 2263 1627 2290; x_wconf 88' lang='lat' dir='ltr'><strong>autem</strong></span> <span class='ocrx_word' id='word_1_621' title='bbox 1666 2256 1702 2288; x_wconf 90' lang='lat' dir='ltr'><strong>in</strong></span> <span class='ocrx_word' id='word_1_622' title='bbox 1731 2253 1786 2288; x_wconf 86' lang='lat' dir='ltr'><strong>his</strong></span> <span class='ocrx_word' id='word_1_623' title='bbox 1820 2255 2080 2288; x_wconf 88' lang='lat' dir='ltr'><strong>narrationibus</strong></span> <span class='ocrx_word' id='word_1_624' title='bbox 2112 2268 2197 2289; x_wconf 88' lang='lat' dir='ltr'><strong>con—-</strong></span> 
     </span>
     <span class='ocr_line' id='line_1_96' title="bbox 1221 2305 2196 2347; baseline 0 -7"><span class='ocrx_word' id='word_1_625' title='bbox 1221 2308 1380 2341; x_wconf 83' lang='lat' dir='ltr'><strong>firmatur</strong></span> <span class='ocrx_word' id='word_1_626' title='bbox 1402 2318 1500 2339; x_wconf 89' lang='lat' dir='ltr'><strong>mens</strong></span> <span class='ocrx_word' id='word_1_627' title='bbox 1525 2306 1735 2340; x_wconf 88' lang='lat' dir='ltr'><strong>testimoniis</strong></span> <span class='ocrx_word' id='word_1_628' title='bbox 1769 2305 2011 2347; x_wconf 82' lang='lat' dir='ltr'><strong>patefactionis</strong></span> <span class='ocrx_word' id='word_1_629' title='bbox 2044 2306 2196 2343; x_wconf 85' lang='lat' dir='ltr'><strong>divinae.</strong></span> 
     </span>
     <span class='ocr_line' id='line_1_97' title="bbox 1220 2355 2196 2399; baseline 0 -9"><span class='ocrx_word' id='word_1_630' title='bbox 1220 2357 1302 2391; x_wconf 87' lang='lat' dir='ltr'><strong>Ideo</strong></span> <span class='ocrx_word' id='word_1_631' title='bbox 1323 2369 1357 2390; x_wconf 91' lang='lat' dir='ltr'><strong>se</strong></span> <span class='ocrx_word' id='word_1_632' title='bbox 1379 2357 1529 2390; x_wconf 89' lang='lat' dir='ltr'><strong>ostendit</strong></span> <span class='ocrx_word' id='word_1_633' title='bbox 1547 2355 1639 2389; x_wconf 90' lang='lat' dir='ltr'><strong>Deus</strong></span> <span class='ocrx_word' id='word_1_634' title='bbox 1658 2356 1814 2399; x_wconf 82' lang='lat' dir='ltr'><strong>patribus</strong></span> <span class='ocrx_word' id='word_1_635' title='bbox 1831 2355 1933 2388; x_wconf 88' lang='lat' dir='ltr'><strong>certis</strong></span> <span class='ocrx_word' id='word_1_636' title='bbox 1951 2362 1981 2388; x_wconf 90' lang='lat' dir='ltr'><strong>et</strong></span> <span class='ocrx_word' id='word_1_637' title='bbox 1998 2356 2196 2390; x_wconf 91' lang='lat' dir='ltr'><strong>illustribus</strong></span> 
     </span>
     <span class='ocr_line' id='line_1_98' title="bbox 1220 2404 2195 2452; baseline 0.001 -13"><span class='ocrx_word' id='word_1_638' title='bbox 1220 2407 1445 2442; x_wconf 79' lang='lat' dir='ltr'><strong>testimoniis:</strong></span> <span class='ocrx_word' id='word_1_639' title='bbox 1475 2414 1512 2440; x_wconf 84' lang='lat' dir='ltr'><strong>ut</strong></span> <span class='ocrx_word' id='word_1_640' title='bbox 1537 2404 1700 2440; x_wconf 83' lang='lat' dir='ltr'><strong>Abrahae</strong></span> <span class='ocrx_word' id='word_1_641' title='bbox 1722 2404 1894 2448; x_wconf 83' lang='lat' dir='ltr'><strong>promittit</strong></span> <span class='ocrx_word' id='word_1_642' title='bbox 1918 2405 2049 2452; x_wconf 86' lang='lat' dir='ltr'><strong>filium,</strong></span> <span class='ocrx_word' id='word_1_643' title='bbox 2081 2418 2121 2439; x_wconf 82' lang='lat' dir='ltr'><strong>ex</strong></span> <span class='ocrx_word' id='word_1_644' title='bbox 2145 2408 2195 2440; x_wconf 90' lang='lat' dir='ltr'><strong>ef-</strong></span> 
     </span>
     <span class='ocr_line' id='line_1_99' title="bbox 1218 2454 2194 2496; baseline -0.001 -6"><span class='ocrx_word' id='word_1_645' title='bbox 1218 2459 1306 2492; x_wconf 84' lang='lat' dir='ltr'><strong>soeta</strong></span> <span class='ocrx_word' id='word_1_646' title='bbox 1332 2465 1364 2490; x_wconf 88' lang='lat' dir='ltr'><strong>et</strong></span> <span class='ocrx_word' id='word_1_647' title='bbox 1391 2457 1499 2490; x_wconf 89' lang='lat' dir='ltr'><strong>sterili</strong></span> <span class='ocrx_word' id='word_1_648' title='bbox 1527 2469 1614 2496; x_wconf 92' lang='lat' dir='ltr'><strong>anu,</strong></span> <span class='ocrx_word' id='word_1_649' title='bbox 1640 2462 1678 2488; x_wconf 87' lang='lat' dir='ltr'><strong>ut</strong></span> <span class='ocrx_word' id='word_1_650' title='bbox 1701 2455 1848 2488; x_wconf 88' lang='lat' dir='ltr'><strong>sciamus</strong></span> <span class='ocrx_word' id='word_1_651' title='bbox 1865 2467 1944 2488; x_wconf 75' lang='lat' dir='ltr'><strong>vere</strong></span> <span class='ocrx_word' id='word_1_652' title='bbox 1960 2454 2075 2489; x_wconf 90' lang='lat' dir='ltr'><strong>Deum</strong></span> <span class='ocrx_word' id='word_1_653' title='bbox 2093 2457 2194 2490; x_wconf 91' lang='lat' dir='ltr'><strong>colli-</strong></span> 
     </span>
     <span class='ocr_line' id='line_1_100' title="bbox 1217 2505 2192 2550; baseline -0.002 -9"><span class='ocrx_word' id='word_1_654' title='bbox 1217 2520 1294 2550; x_wconf 88' lang='lat' dir='ltr'><strong>gere</strong></span> <span class='ocrx_word' id='word_1_655' title='bbox 1312 2506 1523 2547; x_wconf 89' lang='lat' dir='ltr'><strong>Ecclesiam,</strong></span> <span class='ocrx_word' id='word_1_656' title='bbox 1550 2514 1582 2540; x_wconf 86' lang='lat' dir='ltr'><strong>et</strong></span> <span class='ocrx_word' id='word_1_657' title='bbox 1599 2507 1635 2538; x_wconf 88' lang='lat' dir='ltr'><strong>in</strong></span> <span class='ocrx_word' id='word_1_658' title='bbox 1653 2517 1690 2538; x_wconf 89' lang='lat' dir='ltr'><strong>ea</strong></span> <span class='ocrx_word' id='word_1_659' title='bbox 1709 2505 1838 2542; x_wconf 83' lang='lat' dir='ltr'><strong>adesse,</strong></span> <span class='ocrx_word' id='word_1_660' title='bbox 1867 2517 1967 2549; x_wconf 89' lang='lat' dir='ltr'><strong>opem</strong></span> <span class='ocrx_word' id='word_1_661' title='bbox 1986 2506 2075 2539; x_wconf 87' lang='lat' dir='ltr'><strong>serre</strong></span> <span class='ocrx_word' id='word_1_662' title='bbox 2088 2506 2192 2540; x_wconf 76' lang='lat' dir='ltr'><strong>invo-</strong></span> 
     </span>
     <span class='ocr_line' id='line_1_101' title="bbox 1216 2556 2190 2600; baseline 0 -10"><span class='ocrx_word' id='word_1_663' title='bbox 1216 2559 1394 2596; x_wconf 86' lang='lat' dir='ltr'><strong>cantibus,</strong></span> <span class='ocrx_word' id='word_1_664' title='bbox 1429 2564 1461 2590; x_wconf 92' lang='lat' dir='ltr'><strong>et</strong></span> <span class='ocrx_word' id='word_1_665' title='bbox 1486 2557 1636 2600; x_wconf 87' lang='lat' dir='ltr'><strong>recipere</strong></span> <span class='ocrx_word' id='word_1_666' title='bbox 1663 2566 1736 2595; x_wconf 80' lang='lat' dir='ltr'><strong>e05,</strong></span> <span class='ocrx_word' id='word_1_667' title='bbox 1772 2562 1806 2588; x_wconf 88' lang='lat' dir='ltr'><strong>et</strong></span> <span class='ocrx_word' id='word_1_668' title='bbox 1829 2556 1980 2589; x_wconf 85' lang='lat' dir='ltr'><strong>aeternis</strong></span> <span class='ocrx_word' id='word_1_669' title='bbox 2004 2557 2108 2589; x_wconf 88' lang='lat' dir='ltr'><strong>bonis</strong></span> <span class='ocrx_word' id='word_1_670' title='bbox 2131 2569 2190 2590; x_wconf 91' lang='lat' dir='ltr'><strong>or-</strong></span> 
     </span>
     <span class='ocr_line' id='line_1_102' title="bbox 1215 2603 2188 2651; baseline -0.001 -10"><span class='ocrx_word' id='word_1_671' title='bbox 1215 2621 1307 2643; x_wconf 84' lang='lat' dir='ltr'><strong>nare.</strong></span> <span class='ocrx_word' id='word_1_672' title='bbox 1360 2606 1514 2650; x_wconf 84' lang='lat' dir='ltr'><strong>Agamus</strong></span> <span class='ocrx_word' id='word_1_673' title='bbox 1537 2606 1643 2647; x_wconf 82' lang='lat' dir='ltr'><strong>igitur</strong></span> <span class='ocrx_word' id='word_1_674' title='bbox 1663 2604 1737 2638; x_wconf 91' lang='lat' dir='ltr'><strong>Deo</strong></span> <span class='ocrx_word' id='word_1_675' title='bbox 1763 2605 1890 2647; x_wconf 87' lang='lat' dir='ltr'><strong>gratias</strong></span> <span class='ocrx_word' id='word_1_676' title='bbox 1915 2618 1978 2650; x_wconf 91' lang='lat' dir='ltr'><strong>pro</strong></span> <span class='ocrx_word' id='word_1_677' title='bbox 2003 2603 2057 2639; x_wconf 91' lang='lat' dir='ltr'><strong>his</strong></span> <span class='ocrx_word' id='word_1_678' title='bbox 2090 2614 2188 2651; x_wconf 85' lang='lat' dir='ltr'><strong>pate-</strong></span> 
     </span>
     <span class='ocr_line' id='line_1_103' title="bbox 1212 2656 2189 2702; baseline -0.004 -8"><span class='ocrx_word' id='word_1_679' title='bbox 1212 2658 1439 2699; x_wconf 84' lang='lat' dir='ltr'><strong>factionibus,</strong></span> <span class='ocrx_word' id='word_1_680' title='bbox 1467 2664 1497 2690; x_wconf 91' lang='lat' dir='ltr'><strong>et</strong></span> <span class='ocrx_word' id='word_1_681' title='bbox 1516 2656 1663 2690; x_wconf 86' lang='lat' dir='ltr'><strong>sciamus</strong></span> <span class='ocrx_word' id='word_1_682' title='bbox 1681 2666 1735 2688; x_wconf 87' lang='lat' dir='ltr'><strong>cas</strong></span> <span class='ocrx_word' id='word_1_683' title='bbox 1759 2656 1800 2689; x_wconf 88' lang='lat' dir='ltr'><strong>ad</strong></span> <span class='ocrx_word' id='word_1_684' title='bbox 1828 2667 1893 2689; x_wconf 90' lang='lat' dir='ltr'><strong>nos</strong></span> <span class='ocrx_word' id='word_1_685' title='bbox 1915 2668 2054 2702; x_wconf 74' lang='lat' dir='ltr'><strong>quoque</strong></span> <span class='ocrx_word' id='word_1_686' title='bbox 2079 2657 2189 2702; x_wconf 87' lang='lat' dir='ltr'><strong>perti-</strong></span> 
     </span>
    </p>
   </div>
  </div>
 </body>
</html>
