<?xml version="1.0" encoding="UTF-8"?>
<!DOCTYPE html PUBLIC "-//W3C//DTD XHTML 1.0 Transitional//EN"
    "http://www.w3.org/TR/xhtml1/DTD/xhtml1-transitional.dtd">
<html xmlns="http://www.w3.org/1999/xhtml" xml:lang="en" lang="en">
 <head>
  <title>
</title>
<meta http-equiv="Content-Type" content="text/html;charset=utf-8" />
  <meta name='ocr-system' content='tesseract 3.04.00' />
  <meta name='ocr-capabilities' content='ocr_page ocr_carea ocr_par ocr_line ocrx_word'/>
</head>
<body>
  <div class='ocr_page' id='page_1' title='image "./operaquaesupersu12melauoft/operaquaesupersu12melauoft_0296.png"; bbox 0 0 2324 2955; ppageno 0'>
   <div class='ocr_carea' id='block_1_1' title="bbox 183 135 257 172">
    <p class='ocr_par' dir='ltr' id='par_1_1' title="bbox 183 135 257 172">
     <span class='ocr_line' id='line_1_1' title="bbox 183 135 257 172; baseline -0.027 0"><span class='ocrx_word' id='word_1_1' title='bbox 183 135 257 172; x_wconf 81' lang='lat'>575</span> 
     </span>
    </p>
   </div>
   <div class='ocr_carea' id='block_1_2' title="bbox 186 207 1175 1065">
    <p class='ocr_par' dir='ltr' id='par_1_2' title="bbox 186 207 1170 452">
     <span class='ocr_line' id='line_1_2' title="bbox 186 207 1168 267; baseline -0.013 -12"><span class='ocrx_word' id='word_1_2' title='bbox 186 228 359 267; x_wconf 87' lang='lat' dir='ltr'>postrema</span> <span class='ocrx_word' id='word_1_3' title='bbox 386 224 417 250; x_wconf 89' lang='lat' dir='ltr'>et</span> <span class='ocrx_word' id='word_1_4' title='bbox 443 212 552 247; x_wconf 85' lang='lat' dir='ltr'>delira</span> <span class='ocrx_word' id='word_1_5' title='bbox 575 208 700 244; x_wconf 86' lang='lat' dir='ltr'>mundi</span> <span class='ocrx_word' id='word_1_6' title='bbox 722 214 875 249; x_wconf 85' lang='lat' dir='ltr'><strong>senecta,</strong></span> <span class='ocrx_word' id='word_1_7' title='bbox 902 207 939 240; x_wconf 90' lang='lat' dir='ltr'>in</span> <span class='ocrx_word' id='word_1_8' title='bbox 958 219 1027 253; x_wconf 88' lang='lat' dir='ltr'>qua</span> <span class='ocrx_word' id='word_1_9' title='bbox 1041 213 1168 242; x_wconf 88' lang='lat' dir='ltr'>natura</span> 
     </span>
     <span class='ocr_line' id='line_1_3' title="bbox 187 258 1169 306; baseline -0.013 -2"><span class='ocrx_word' id='word_1_10' title='bbox 187 270 370 306; x_wconf 85' lang='lat' dir='ltr'>hominum</span> <span class='ocrx_word' id='word_1_11' title='bbox 398 262 599 306; x_wconf 79' lang='lat' dir='ltr'>languidior</span> <span class='ocrx_word' id='word_1_12' title='bbox 628 267 696 301; x_wconf 90' lang='lat' dir='ltr'>est,</span> <span class='ocrx_word' id='word_1_13' title='bbox 736 265 769 293; x_wconf 90' lang='lat' dir='ltr'>et</span> <span class='ocrx_word' id='word_1_14' title='bbox 802 259 952 292; x_wconf 88' lang='lat' dir='ltr'>intentio</span> <span class='ocrx_word' id='word_1_15' title='bbox 981 258 1019 291; x_wconf 88' lang='lat' dir='ltr'>in</span> <span class='ocrx_word' id='word_1_16' title='bbox 1041 258 1169 293; x_wconf 87' lang='lat' dir='ltr'>studiis</span> 
     </span>
     <span class='ocr_line' id='line_1_4' title="bbox 188 308 1169 355; baseline -0.013 -1"><span class='ocrx_word' id='word_1_17' title='bbox 188 319 366 355; x_wconf 78' lang='lat' dir='ltr'>doctrinae</span> <span class='ocrx_word' id='word_1_18' title='bbox 383 315 515 353; x_wconf 86' lang='lat' dir='ltr'>minor,</span> <span class='ocrx_word' id='word_1_19' title='bbox 542 319 576 345; x_wconf 87' lang='lat' dir='ltr'>et</span> <span class='ocrx_word' id='word_1_20' title='bbox 592 310 778 354; x_wconf 77' lang='lat' dir='ltr'>disciplina</span> <span class='ocrx_word' id='word_1_21' title='bbox 794 309 923 347; x_wconf 86' lang='lat' dir='ltr'>laxior,</span> <span class='ocrx_word' id='word_1_22' title='bbox 951 315 983 342; x_wconf 88' lang='lat' dir='ltr'>et</span> <span class='ocrx_word' id='word_1_23' title='bbox 999 309 1114 342; x_wconf 83' lang='lat' dir='ltr'>rabies</span> <span class='ocrx_word' id='word_1_24' title='bbox 1130 308 1169 341; x_wconf 90' lang='lat' dir='ltr'>in</span> 
     </span>
     <span class='ocr_line' id='line_1_5' title="bbox 187 359 1170 403; baseline -0.011 -1"><span class='ocrx_word' id='word_1_25' title='bbox 187 367 336 403; x_wconf 71' lang='lat' dir='ltr'>diabolis</span> <span class='ocrx_word' id='word_1_26' title='bbox 357 363 589 398; x_wconf 74' lang='lat' dir='ltr'>sentientibus</span> <span class='ocrx_word' id='word_1_27' title='bbox 611 362 740 395; x_wconf 87' lang='lat' dir='ltr'>instare</span> <span class='ocrx_word' id='word_1_28' title='bbox 765 359 937 393; x_wconf 88' lang='lat' dir='ltr'>iudicium</span> <span class='ocrx_word' id='word_1_29' title='bbox 959 359 1072 393; x_wconf 89' lang='lat' dir='ltr'>multo</span> <span class='ocrx_word' id='word_1_30' title='bbox 1095 370 1170 392; x_wconf 88' lang='lat' dir='ltr'>sae-</span> 
     </span>
     <span class='ocr_line' id='line_1_6' title="bbox 187 421 339 452; baseline -0.007 0"><span class='ocrx_word' id='word_1_31' title='bbox 187 421 263 452; x_wconf 68' lang='lat' dir='ltr'>vior</span> <span class='ocrx_word' id='word_1_32' title='bbox 278 424 339 451; x_wconf 83' lang='lat' dir='ltr'>est.</span> 
     </span>
    </p>

    <p class='ocr_par' dir='ltr' id='par_1_3' title="bbox 186 458 1174 810">
     <span class='ocr_line' id='line_1_7' title="bbox 289 458 1170 508; baseline -0.009 -8"><span class='ocrx_word' id='word_1_33' title='bbox 289 467 349 500; x_wconf 83' lang='lat'>68.</span> <span class='ocrx_word' id='word_1_34' title='bbox 387 464 437 498; x_wconf 74' lang='lat' dir='ltr'>Ac</span> <span class='ocrx_word' id='word_1_35' title='bbox 452 469 595 508; x_wconf 88' lang='lat' dir='ltr'>propter</span> <span class='ocrx_word' id='word_1_36' title='bbox 612 462 707 495; x_wconf 86' lang='lat' dir='ltr'>idola</span> <span class='ocrx_word' id='word_1_37' title='bbox 727 473 800 494; x_wconf 91' lang='lat' dir='ltr'>non</span> <span class='ocrx_word' id='word_1_38' title='bbox 819 460 975 493; x_wconf 85' lang='lat' dir='ltr'>&#39;dubium</span> <span class='ocrx_word' id='word_1_39' title='bbox 1000 465 1071 500; x_wconf 87' lang='lat' dir='ltr'>est,</span> <span class='ocrx_word' id='word_1_40' title='bbox 1103 458 1170 493; x_wconf 88' lang='lat' dir='ltr'>toti</span> 
     </span>
     <span class='ocr_line' id='line_1_8' title="bbox 186 509 1172 559; baseline -0.011 -7"><span class='ocrx_word' id='word_1_41' title='bbox 186 519 306 559; x_wconf 66' lang='lat' dir='ltr'>generi</span> <span class='ocrx_word' id='word_1_42' title='bbox 324 516 478 550; x_wconf 91' lang='lat' dir='ltr'>humano</span> <span class='ocrx_word' id='word_1_43' title='bbox 495 524 625 558; x_wconf 89' lang='lat' dir='ltr'>poenas</span> <span class='ocrx_word' id='word_1_44' title='bbox 641 519 672 546; x_wconf 89' lang='lat' dir='ltr'>et</span> <span class='ocrx_word' id='word_1_45' title='bbox 691 511 901 545; x_wconf 79' lang='lat' dir='ltr'>calamitates</span> <span class='ocrx_word' id='word_1_46' title='bbox 916 509 1106 550; x_wconf 86' lang='lat' dir='ltr'>cumulari,</span> <span class='ocrx_word' id='word_1_47' title='bbox 1132 516 1172 543; x_wconf 90' lang='lat' dir='ltr'>ut</span> 
     </span>
     <span class='ocr_line' id='line_1_9' title="bbox 188 558 1169 607; baseline -0.009 -6"><span class='ocrx_word' id='word_1_48' title='bbox 188 558 307 604; x_wconf 51' lang='lat' dir='ltr'>ostend</span> <span class='ocrx_word' id='word_1_49' title='bbox 316 574 377 599; x_wconf 90' lang='lat' dir='ltr'>unt</span> <span class='ocrx_word' id='word_1_50' title='bbox 395 566 516 598; x_wconf 87' lang='lat' dir='ltr'>ruinae</span> <span class='ocrx_word' id='word_1_51' title='bbox 534 575 721 607; x_wconf 85' lang='lat' dir='ltr'>regnorum</span> <span class='ocrx_word' id='word_1_52' title='bbox 739 563 775 595; x_wconf 89' lang='lat' dir='ltr'>in</span> <span class='ocrx_word' id='word_1_53' title='bbox 794 568 868 595; x_wconf 87' lang='lat' dir='ltr'>toto</span> <span class='ocrx_word' id='word_1_54' title='bbox 885 561 969 593; x_wconf 87' lang='lat' dir='ltr'>orbe</span> <span class='ocrx_word' id='word_1_55' title='bbox 987 566 1169 593; x_wconf 87' lang='lat' dir='ltr'>terrarum.</span> 
     </span>
     <span class='ocr_line' id='line_1_10' title="bbox 187 610 1171 655; baseline -0.012 -1"><span class='ocrx_word' id='word_1_56' title='bbox 187 622 257 655; x_wconf 87' lang='lat' dir='ltr'>Sed</span> <span class='ocrx_word' id='word_1_57' title='bbox 281 628 419 651; x_wconf 90' lang='lat' dir='ltr'>oremus</span> <span class='ocrx_word' id='word_1_58' title='bbox 443 615 554 648; x_wconf 86' lang='lat' dir='ltr'>filium</span> <span class='ocrx_word' id='word_1_59' title='bbox 578 613 664 654; x_wconf 89' lang='lat' dir='ltr'>Dei,</span> <span class='ocrx_word' id='word_1_60' title='bbox 702 625 746 645; x_wconf 85' lang='lat' dir='ltr'>ne</span> <span class='ocrx_word' id='word_1_61' title='bbox 768 612 859 645; x_wconf 89' lang='lat' dir='ltr'>sinat</span> <span class='ocrx_word' id='word_1_62' title='bbox 879 610 1040 644; x_wconf 89' lang='lat' dir='ltr'>funditus</span> <span class='ocrx_word' id='word_1_63' title='bbox 1061 610 1171 643; x_wconf 89' lang='lat' dir='ltr'>deleri</span> 
     </span>
     <span class='ocr_line' id='line_1_11' title="bbox 188 662 1172 706; baseline -0.011 -2"><span class='ocrx_word' id='word_1_64' title='bbox 188 669 380 704; x_wconf 79' lang='lat' dir='ltr'>Ecclesiam</span> <span class='ocrx_word' id='word_1_65' title='bbox 398 678 513 705; x_wconf 87' lang='lat' dir='ltr'>suam,</span> <span class='ocrx_word' id='word_1_66' title='bbox 540 672 573 698; x_wconf 92' lang='lat' dir='ltr'>et</span> <span class='ocrx_word' id='word_1_67' title='bbox 596 670 635 697; x_wconf 92' lang='lat' dir='ltr'>ut</span> <span class='ocrx_word' id='word_1_68' title='bbox 659 670 771 696; x_wconf 75' lang='lat' dir='ltr'>servet</span> <span class='ocrx_word' id='word_1_69' title='bbox 794 662 977 706; x_wconf 82' lang='lat' dir='ltr'>reliquias,</span> <span class='ocrx_word' id='word_1_70' title='bbox 1000 667 1033 694; x_wconf 88' lang='lat' dir='ltr'>et</span> <span class='ocrx_word' id='word_1_71' title='bbox 1054 666 1172 704; x_wconf 85' lang='lat' dir='ltr'>parcat</span> 
     </span>
     <span class='ocr_line' id='line_1_12' title="bbox 190 710 1174 757; baseline -0.011 -4"><span class='ocrx_word' id='word_1_72' title='bbox 190 718 407 756; x_wconf 64' lang='lat' dir='ltr'>gementibus</span> <span class='ocrx_word' id='word_1_73' title='bbox 426 723 458 749; x_wconf 88' lang='lat' dir='ltr'>et</span> <span class='ocrx_word' id='word_1_74' title='bbox 475 715 675 748; x_wconf 70' lang='lat' dir='ltr'>dolentibus</span> <span class='ocrx_word' id='word_1_75' title='bbox 692 719 835 757; x_wconf 88' lang='lat' dir='ltr'>propter</span> <span class='ocrx_word' id='word_1_76' title='bbox 855 712 917 744; x_wconf 87' lang='lat' dir='ltr'>illa</span> <span class='ocrx_word' id='word_1_77' title='bbox 943 711 1056 751; x_wconf 82' lang='lat' dir='ltr'>idola,</span> <span class='ocrx_word' id='word_1_78' title='bbox 1084 710 1174 743; x_wconf 89' lang='lat' dir='ltr'>sicut</span> 
     </span>
     <span class='ocr_line' id='line_1_13' title="bbox 190 757 1035 810; baseline -0.013 -6"><span class='ocrx_word' id='word_1_79' title='bbox 190 757 289 804; x_wconf 85' lang='lat' dir='ltr'>iubet</span> <span class='ocrx_word' id='word_1_80' title='bbox 306 768 400 801; x_wconf 81' lang='lat' dir='ltr'>Deus</span> <span class='ocrx_word' id='word_1_81' title='bbox 413 766 507 810; x_wconf 86' lang='lat' dir='ltr'>parci</span> <span class='ocrx_word' id='word_1_82' title='bbox 527 765 764 808; x_wconf 83' lang='lat' dir='ltr'>gementibus,</span> <span class='ocrx_word' id='word_1_83' title='bbox 789 759 985 795; x_wconf 85' lang='lat' dir='ltr'>Ezechielis</span> <span class='ocrx_word' id='word_1_84' title='bbox 1001 760 1035 793; x_wconf 88' lang='lat'>9.</span> 
     </span>
    </p>

    <p class='ocr_par' dir='ltr' id='par_1_4' title="bbox 188 811 1174 910">
     <span class='ocr_line' id='line_1_14' title="bbox 291 811 1174 851; baseline -0.009 0"><span class='ocrx_word' id='word_1_85' title='bbox 291 817 351 851; x_wconf 83' lang='lat'>69.</span> <span class='ocrx_word' id='word_1_86' title='bbox 384 815 492 850; x_wconf 82' lang='lat' dir='ltr'>Extra</span> <span class='ocrx_word' id='word_1_87' title='bbox 517 826 620 848; x_wconf 91' lang='lat' dir='ltr'>usum</span> <span class='ocrx_word' id='word_1_88' title='bbox 646 814 847 846; x_wconf 87' lang='lat' dir='ltr'>institutum</span> <span class='ocrx_word' id='word_1_89' title='bbox 873 811 1097 845; x_wconf 87' lang='lat' dir='ltr'>manifestum</span> <span class='ocrx_word' id='word_1_90' title='bbox 1123 816 1174 843; x_wconf 88' lang='lat' dir='ltr'>cst</span> 
     </span>
     <span class='ocr_line' id='line_1_15' title="bbox 188 861 1107 910; baseline -0.01 -7"><span class='ocrx_word' id='word_1_91' title='bbox 188 870 305 904; x_wconf 88' lang='lat' dir='ltr'>nullos</span> <span class='ocrx_word' id='word_1_92' title='bbox 320 868 408 900; x_wconf 86' lang='lat' dir='ltr'>ritus</span> <span class='ocrx_word' id='word_1_93' title='bbox 425 877 523 910; x_wconf 90' lang='lat' dir='ltr'>posse</span> <span class='ocrx_word' id='word_1_94' title='bbox 540 863 670 898; x_wconf 85' lang='lat' dir='ltr'>habere</span> <span class='ocrx_word' id='word_1_95' title='bbox 688 863 860 896; x_wconf 81' lang='lat' dir='ltr'>rationem</span> <span class='ocrx_word' id='word_1_96' title='bbox 879 861 1107 895; x_wconf 86' lang='lat' dir='ltr'>Sacramenti.</span> 
     </span>
    </p>

    <p class='ocr_par' dir='ltr' id='par_1_5' title="bbox 190 908 1175 1065">
     <span class='ocr_line' id='line_1_16' title="bbox 292 908 1174 952; baseline -0.009 -1"><span class='ocrx_word' id='word_1_97' title='bbox 292 918 350 952; x_wconf 86' lang='lat'>70.</span> <span class='ocrx_word' id='word_1_98' title='bbox 391 914 560 950; x_wconf 83' lang='lat' dir='ltr'>Ostendit</span> <span class='ocrx_word' id='word_1_99' title='bbox 593 922 708 948; x_wconf 91' lang='lat' dir='ltr'>autem</span> <span class='ocrx_word' id='word_1_100' title='bbox 738 913 892 946; x_wconf 87' lang='lat' dir='ltr'>narratio</span> <span class='ocrx_word' id='word_1_101' title='bbox 917 912 955 943; x_wconf 91' lang='lat' dir='ltr'>in</span> <span class='ocrx_word' id='word_1_102' title='bbox 979 908 1174 950; x_wconf 81' lang='lat' dir='ltr'>Matthaeo,</span> 
     </span>
     <span class='ocr_line' id='line_1_17' title="bbox 190 961 1175 1007; baseline -0.012 -2"><span class='ocrx_word' id='word_1_103' title='bbox 190 970 331 1007; x_wconf 82' lang='lat' dir='ltr'>Marco,</span> <span class='ocrx_word' id='word_1_104' title='bbox 359 967 453 1001; x_wconf 84' lang='lat' dir='ltr'>Luca</span> <span class='ocrx_word' id='word_1_105' title='bbox 475 973 509 999; x_wconf 90' lang='lat' dir='ltr'>et</span> <span class='ocrx_word' id='word_1_106' title='bbox 525 966 634 998; x_wconf 86' lang='lat' dir='ltr'>Paulo</span> <span class='ocrx_word' id='word_1_107' title='bbox 647 991 656 1003; x_wconf 89' lang='lat'>,</span> <span class='ocrx_word' id='word_1_108' title='bbox 683 974 829 997; x_wconf 85' lang='lat' dir='ltr'>coenam</span> <span class='ocrx_word' id='word_1_109' title='bbox 848 961 992 995; x_wconf 87' lang='lat' dir='ltr'>Domini</span> <span class='ocrx_word' id='word_1_110' title='bbox 1016 962 1060 994; x_wconf 90' lang='lat' dir='ltr'>ad</span> <span class='ocrx_word' id='word_1_111' title='bbox 1079 972 1175 995; x_wconf 84' lang='lat' dir='ltr'>sum-</span> 
     </span>
     <span class='ocr_line' id='line_1_18' title="bbox 192 1017 666 1065; baseline -0.017 -10"><span class='ocrx_word' id='word_1_112' title='bbox 192 1022 351 1065; x_wconf 89' lang='lat' dir='ltr'>ptionem</span> <span class='ocrx_word' id='word_1_113' title='bbox 370 1017 565 1050; x_wconf 85' lang='lat' dir='ltr'>institutam</span> <span class='ocrx_word' id='word_1_114' title='bbox 584 1026 666 1048; x_wconf 84' lang='lat' dir='ltr'>esse.</span> 
     </span>
    </p>
   </div>
   <div class='ocr_carea' id='block_1_3' title="bbox 190 1069 1180 1630">
    <p class='ocr_par' dir='ltr' id='par_1_6' title="bbox 190 1069 1178 1475">
     <span class='ocr_line' id='line_1_19' title="bbox 296 1069 1176 1110; baseline -0.01 0"><span class='ocrx_word' id='word_1_115' title='bbox 296 1077 356 1110; x_wconf 81' lang='lat'>71.</span> <span class='ocrx_word' id='word_1_116' title='bbox 390 1075 443 1109; x_wconf 92' lang='lat' dir='ltr'>De</span> <span class='ocrx_word' id='word_1_117' title='bbox 466 1075 645 1108; x_wconf 86' lang='lat' dir='ltr'>oblatione</span> <span class='ocrx_word' id='word_1_118' title='bbox 672 1072 722 1105; x_wconf 91' lang='lat' dir='ltr'>ibi</span> <span class='ocrx_word' id='word_1_119' title='bbox 747 1069 838 1104; x_wconf 90' lang='lat' dir='ltr'>nihil</span> <span class='ocrx_word' id='word_1_120' title='bbox 864 1071 1004 1104; x_wconf 88' lang='lat' dir='ltr'>dicitur.</span> <span class='ocrx_word' id='word_1_121' title='bbox 1056 1069 1108 1103; x_wconf 92' lang='lat' dir='ltr'>Ac</span> <span class='ocrx_word' id='word_1_122' title='bbox 1131 1080 1176 1101; x_wconf 92' lang='lat' dir='ltr'>ne</span> 
     </span>
     <span class='ocr_line' id='line_1_20' title="bbox 191 1119 1177 1173; baseline -0.012 -11"><span class='ocrx_word' id='word_1_123' title='bbox 191 1129 333 1173; x_wconf 75' lang='lat' dir='ltr'>quidem</span> <span class='ocrx_word' id='word_1_124' title='bbox 353 1124 668 1162; x_wconf 81' lang='lat' dir='ltr'>vetustiCanones,</span> <span class='ocrx_word' id='word_1_125' title='bbox 694 1122 755 1166; x_wconf 86' lang='lat' dir='ltr'>qui</span> <span class='ocrx_word' id='word_1_126' title='bbox 773 1122 821 1154; x_wconf 79' lang='lat' dir='ltr'>sic</span> <span class='ocrx_word' id='word_1_127' title='bbox 838 1127 1026 1160; x_wconf 77' lang='lat' dir='ltr'>vocantur,</span> <span class='ocrx_word' id='word_1_128' title='bbox 1054 1119 1177 1151; x_wconf 90' lang='lat' dir='ltr'>dicunt</span> 
     </span>
     <span class='ocr_line' id='line_1_21' title="bbox 191 1169 1176 1216; baseline -0.01 -5"><span class='ocrx_word' id='word_1_129' title='bbox 191 1178 309 1211; x_wconf 73' lang='lat' dir='ltr'>offerri</span> <span class='ocrx_word' id='word_1_130' title='bbox 326 1176 435 1209; x_wconf 84' lang='lat' dir='ltr'>filium</span> <span class='ocrx_word' id='word_1_131' title='bbox 453 1175 530 1209; x_wconf 87' lang='lat' dir='ltr'>Dei.</span> <span class='ocrx_word' id='word_1_132' title='bbox 582 1173 651 1206; x_wconf 89' lang='lat' dir='ltr'>Sed</span> <span class='ocrx_word' id='word_1_133' title='bbox 668 1173 741 1216; x_wconf 88' lang='lat' dir='ltr'>ipse</span> <span class='ocrx_word' id='word_1_134' title='bbox 758 1171 850 1203; x_wconf 87' lang='lat' dir='ltr'>filius</span> <span class='ocrx_word' id='word_1_135' title='bbox 867 1169 934 1203; x_wconf 89' lang='lat' dir='ltr'>Dei</span> <span class='ocrx_word' id='word_1_136' title='bbox 950 1181 1022 1203; x_wconf 91' lang='lat' dir='ltr'>sese</span> <span class='ocrx_word' id='word_1_137' title='bbox 1047 1169 1176 1202; x_wconf 88' lang='lat' dir='ltr'>obtulit</span> 
     </span>
     <span class='ocr_line' id='line_1_22' title="bbox 191 1220 1178 1271; baseline -0.011 -9"><span class='ocrx_word' id='word_1_138' title='bbox 191 1228 392 1271; x_wconf 85' lang='lat' dir='ltr'>ingrediens</span> <span class='ocrx_word' id='word_1_139' title='bbox 416 1226 453 1257; x_wconf 92' lang='lat' dir='ltr'>in</span> <span class='ocrx_word' id='word_1_140' title='bbox 478 1230 593 1257; x_wconf 83' lang='lat' dir='ltr'>sancta</span> <span class='ocrx_word' id='word_1_141' title='bbox 617 1230 839 1261; x_wconf 90' lang='lat' dir='ltr'>sanctorum,</span> <span class='ocrx_word' id='word_1_142' title='bbox 864 1220 900 1252; x_wconf 90' lang='lat' dir='ltr'>id</span> <span class='ocrx_word' id='word_1_143' title='bbox 927 1227 993 1261; x_wconf 85' lang='lat' dir='ltr'>est,</span> <span class='ocrx_word' id='word_1_144' title='bbox 1020 1220 1057 1252; x_wconf 89' lang='lat' dir='ltr'>in</span> <span class='ocrx_word' id='word_1_145' title='bbox 1080 1230 1178 1252; x_wconf 88' lang='lat' dir='ltr'>arca-</span> 
     </span>
     <span class='ocr_line' id='line_1_23' title="bbox 192 1268 1177 1312; baseline -0.01 0"><span class='ocrx_word' id='word_1_146' title='bbox 192 1291 279 1312; x_wconf 89' lang='lat' dir='ltr'>num</span> <span class='ocrx_word' id='word_1_147' title='bbox 313 1276 498 1310; x_wconf 87' lang='lat' dir='ltr'>consilium</span> <span class='ocrx_word' id='word_1_148' title='bbox 531 1272 746 1310; x_wconf 75' lang='lat' dir='ltr'>divinitatis,</span> <span class='ocrx_word' id='word_1_149' title='bbox 779 1270 932 1304; x_wconf 89' lang='lat' dir='ltr'>sentiens</span> <span class='ocrx_word' id='word_1_150' title='bbox 962 1268 1177 1303; x_wconf 86' lang='lat' dir='ltr'>horrendam</span> 
     </span>
     <span class='ocr_line' id='line_1_24' title="bbox 190 1320 1178 1365; baseline -0.01 -3"><span class='ocrx_word' id='word_1_151' title='bbox 190 1331 279 1362; x_wconf 86' lang='lat' dir='ltr'>iram</span> <span class='ocrx_word' id='word_1_152' title='bbox 297 1326 363 1360; x_wconf 89' lang='lat' dir='ltr'>Dei</span> <span class='ocrx_word' id='word_1_153' title='bbox 379 1327 546 1359; x_wconf 72' lang='lat' dir='ltr'>adversus</span> <span class='ocrx_word' id='word_1_154' title='bbox 565 1330 684 1356; x_wconf 80' lang='lat' dir='ltr'>nostra</span> <span class='ocrx_word' id='word_1_155' title='bbox 700 1328 839 1365; x_wconf 85' lang='lat' dir='ltr'>peccata</span> <span class='ocrx_word' id='word_1_156' title='bbox 850 1347 859 1364; x_wconf 58' lang='lat'><strong><em>7</em></strong></span> <span class='ocrx_word' id='word_1_157' title='bbox 886 1321 985 1354; x_wconf 81' lang='lat' dir='ltr'>cuius</span> <span class='ocrx_word' id='word_1_158' title='bbox 1001 1320 1178 1362; x_wconf 83' lang='lat' dir='ltr'>magnitu-</span> 
     </span>
     <span class='ocr_line' id='line_1_25' title="bbox 192 1370 1178 1415; baseline -0.009 -3"><span class='ocrx_word' id='word_1_159' title='bbox 192 1381 309 1413; x_wconf 85' lang='lat' dir='ltr'>dinem</span> <span class='ocrx_word' id='word_1_160' title='bbox 344 1375 441 1409; x_wconf 89' lang='lat' dir='ltr'>nulla</span> <span class='ocrx_word' id='word_1_161' title='bbox 476 1380 633 1408; x_wconf 87' lang='lat' dir='ltr'>creatura</span> <span class='ocrx_word' id='word_1_162' title='bbox 673 1371 870 1415; x_wconf 83' lang='lat' dir='ltr'>intelligere</span> <span class='ocrx_word' id='word_1_163' title='bbox 909 1378 969 1405; x_wconf 87' lang='lat' dir='ltr'>aut</span> <span class='ocrx_word' id='word_1_164' title='bbox 1007 1370 1178 1404; x_wconf 80' lang='lat' dir='ltr'>sustinere</span> 
     </span>
     <span class='ocr_line' id='line_1_26' title="bbox 191 1435 314 1475; baseline -0.041 -11"><span class='ocrx_word' id='word_1_165' title='bbox 191 1435 314 1475; x_wconf 85' lang='lat' dir='ltr'>posset.</span> 
     </span>
    </p>

    <p class='ocr_par' dir='ltr' id='par_1_7' title="bbox 193 1478 1180 1630">
     <span class='ocr_line' id='line_1_27' title="bbox 294 1478 1179 1523; baseline -0.011 -3"><span class='ocrx_word' id='word_1_166' title='bbox 294 1487 352 1520; x_wconf 77' lang='lat'>72.</span> <span class='ocrx_word' id='word_1_167' title='bbox 387 1482 557 1519; x_wconf 76' lang='lat' dir='ltr'>Monacbi</span> <span class='ocrx_word' id='word_1_168' title='bbox 575 1484 716 1523; x_wconf 78' lang='lat' dir='ltr'>dIcunt,</span> <span class='ocrx_word' id='word_1_169' title='bbox 742 1483 838 1515; x_wconf 87' lang='lat' dir='ltr'>illam</span> <span class='ocrx_word' id='word_1_170' title='bbox 867 1478 1179 1513; x_wconf 64' lang='lat' dir='ltr'>oblationem‘me-</span> 
     </span>
     <span class='ocr_line' id='line_1_28' title="bbox 193 1528 1180 1577; baseline -0.009 -6"><span class='ocrx_word' id='word_1_171' title='bbox 193 1539 263 1572; x_wconf 87' lang='lat' dir='ltr'>reri</span> <span class='ocrx_word' id='word_1_172' title='bbox 303 1537 545 1570; x_wconf 87' lang='lat' dir='ltr'>remissionem</span> <span class='ocrx_word' id='word_1_173' title='bbox 585 1540 807 1577; x_wconf 84' lang='lat' dir='ltr'>peccatorum</span> <span class='ocrx_word' id='word_1_174' title='bbox 849 1530 992 1563; x_wconf 83' lang='lat' dir='ltr'>facienti</span> <span class='ocrx_word' id='word_1_175' title='bbox 1026 1536 1058 1562; x_wconf 79' lang='lat' dir='ltr'>et</span> <span class='ocrx_word' id='word_1_176' title='bbox 1091 1528 1180 1562; x_wconf 86' lang='lat' dir='ltr'>aliis.</span> 
     </span>
     <span class='ocr_line' id='line_1_29' title="bbox 196 1583 796 1630; baseline -0.01 -8"><span class='ocrx_word' id='word_1_177' title='bbox 196 1589 291 1622; x_wconf 85' lang='lat' dir='ltr'>Haec</span> <span class='ocrx_word' id='word_1_178' title='bbox 309 1587 429 1630; x_wconf 83' lang='lat' dir='ltr'>opinio</span> <span class='ocrx_word' id='word_1_179' title='bbox 447 1585 534 1618; x_wconf 84' lang='lat' dir='ltr'>falsa</span> <span class='ocrx_word' id='word_1_180' title='bbox 557 1591 588 1617; x_wconf 89' lang='lat' dir='ltr'>et</span> <span class='ocrx_word' id='word_1_181' title='bbox 606 1583 713 1627; x_wconf 85' lang='lat' dir='ltr'>impia</span> <span class='ocrx_word' id='word_1_182' title='bbox 735 1589 796 1616; x_wconf 86' lang='lat' dir='ltr'>est.</span> 
     </span>
    </p>
   </div>
   <div class='ocr_carea' id='block_1_4' title="bbox 196 1634 1209 1782">
    <p class='ocr_par' dir='ltr' id='par_1_8' title="bbox 196 1634 1209 1782">
     <span class='ocr_line' id='line_1_30' title="bbox 298 1634 1208 1685; baseline -0.013 -8"><span class='ocrx_word' id='word_1_183' title='bbox 298 1645 356 1679; x_wconf 78' lang='lat'>73.</span> <span class='ocrx_word' id='word_1_184' title='bbox 396 1643 500 1677; x_wconf 58' lang='lat' dir='ltr'>&gt;Nunc</span> <span class='ocrx_word' id='word_1_185' title='bbox 531 1638 718 1685; x_wconf 79' lang='lat' dir='ltr'>sophistice</span> <span class='ocrx_word' id='word_1_186' title='bbox 748 1650 811 1682; x_wconf 90' lang='lat' dir='ltr'>pro</span> <span class='ocrx_word' id='word_1_187' title='bbox 842 1637 1013 1670; x_wconf 78' lang='lat' dir='ltr'>vocabulo</span> <span class='ocrx_word' id='word_1_188' title='bbox 1045 1634 1208 1677; x_wconf 78' lang='lat' dir='ltr'>Meriti,¹</span> 
     </span>
     <span class='ocr_line' id='line_1_31' title="bbox 196 1686 1209 1734; baseline -0.013 -4"><span class='ocrx_word' id='word_1_189' title='bbox 196 1696 389 1731; x_wconf 86' lang='lat' dir='ltr'>subiiciunt</span> <span class='ocrx_word' id='word_1_190' title='bbox 404 1692 615 1726; x_wconf 72' lang='lat' dir='ltr'>vocabulum</span> <span class='ocrx_word' id='word_1_191' title='bbox 633 1688 896 1734; x_wconf 69' lang='lat' dir='ltr'>adplicationis,</span> <span class='ocrx_word' id='word_1_192' title='bbox 921 1694 960 1721; x_wconf 88' lang='lat' dir='ltr'>ut</span> <span class='ocrx_word' id='word_1_193' title='bbox 975 1687 1069 1719; x_wconf 88' lang='lat' dir='ltr'>fures</span> <span class='ocrx_word' id='word_1_194' title='bbox 1085 1686 1181 1728; x_wconf 89' lang='lat' dir='ltr'>signa</span> <span class='ocrx_word' id='word_1_195' title='bbox 1207 1698 1209 1713; x_wconf 68' lang='lat' dir='ltr'>t</span> 
     </span>
     <span class='ocr_line' id='line_1_32' title="bbox 197 1736 1209 1782; baseline -0.014 -1"><span class='ocrx_word' id='word_1_196' title='bbox 197 1758 314 1782; x_wconf 90' lang='lat' dir='ltr'>rerum</span> <span class='ocrx_word' id='word_1_197' title='bbox 350 1750 506 1781; x_wconf 82' lang='lat' dir='ltr'>mutant,</span> <span class='ocrx_word' id='word_1_198' title='bbox 549 1748 583 1775; x_wconf 87' lang='lat' dir='ltr'>ct</span> <span class='ocrx_word' id='word_1_199' title='bbox 620 1741 744 1774; x_wconf 88' lang='lat' dir='ltr'>dicunt</span> <span class='ocrx_word' id='word_1_200' title='bbox 774 1737 943 1782; x_wconf 85' lang='lat' dir='ltr'>adplicari</span> <span class='ocrx_word' id='word_1_201' title='bbox 975 1736 1209 1770; x_wconf 64' lang='lat' dir='ltr'>sacrificium*</span> 
     </span>
    </p>
   </div>
   <div class='ocr_carea' id='block_1_5' title="bbox 197 1788 921 1836">
    <p class='ocr_par' dir='ltr' id='par_1_9' title="bbox 197 1788 921 1836">
     <span class='ocr_line' id='line_1_33' title="bbox 197 1788 921 1836; baseline -0.011 -5"><span class='ocrx_word' id='word_1_202' title='bbox 197 1797 330 1832; x_wconf 73' lang='lat' dir='ltr'>Christi</span> <span class='ocrx_word' id='word_1_203' title='bbox 347 1795 511 1828; x_wconf 88' lang='lat' dir='ltr'>omnibus</span> <span class='ocrx_word' id='word_1_204' title='bbox 528 1803 589 1836; x_wconf 88' lang='lat' dir='ltr'>per</span> <span class='ocrx_word' id='word_1_205' title='bbox 607 1803 694 1835; x_wconf 87' lang='lat' dir='ltr'>opus</span> <span class='ocrx_word' id='word_1_206' title='bbox 711 1788 921 1824; x_wconf 82' lang='lat' dir='ltr'>Sacerdotis.</span> 
     </span>
    </p>
   </div>
   <div class='ocr_carea' id='block_1_6' title="bbox 198 1843 1212 1945">
    <p class='ocr_par' dir='ltr' id='par_1_10' title="bbox 198 1843 1212 1945">
     <span class='ocr_line' id='line_1_34' title="bbox 302 1843 1211 1895; baseline -0.011 -9"><span class='ocrx_word' id='word_1_207' title='bbox 302 1854 360 1888; x_wconf 66' lang='lat'>74.</span> <span class='ocrx_word' id='word_1_208' title='bbox 402 1851 449 1886; x_wconf 76' lang='lat' dir='ltr'>At</span> <span class='ocrx_word' id='word_1_209' title='bbox 478 1850 665 1895; x_wconf 82' lang='lat' dir='ltr'>applicatio</span> <span class='ocrx_word' id='word_1_210' title='bbox 702 1847 953 1881; x_wconf 87' lang='lat' dir='ltr'>beneficiorum</span> <span class='ocrx_word' id='word_1_211' title='bbox 979 1843 1110 1879; x_wconf 83' lang='lat' dir='ltr'>Christi</span> <span class='ocrx_word' id='word_1_212' title='bbox 1147 1845 1211 1877; x_wconf 60' lang='lat' dir='ltr'>fit*</span> 
     </span>
     <span class='ocr_line' id='line_1_35' title="bbox 198 1895 1212 1945; baseline -0.012 -6"><span class='ocrx_word' id='word_1_213' title='bbox 198 1908 284 1945; x_wconf 77' lang='lat' dir='ltr'>side,</span> <span class='ocrx_word' id='word_1_214' title='bbox 309 1904 417 1937; x_wconf 66' lang='lat' dir='ltr'>verbo</span> <span class='ocrx_word' id='word_1_215' title='bbox 442 1909 474 1935; x_wconf 89' lang='lat' dir='ltr'>et</span> <span class='ocrx_word' id='word_1_216' title='bbox 494 1914 560 1935; x_wconf 88' lang='lat' dir='ltr'>usu</span> <span class='ocrx_word' id='word_1_217' title='bbox 580 1900 887 1935; x_wconf 87' lang='lat' dir='ltr'>Sacramentorum</span> <span class='ocrx_word' id='word_1_218' title='bbox 903 1895 1068 1941; x_wconf 79' lang='lat' dir='ltr'>proprie,</span> <span class='ocrx_word' id='word_1_219' title='bbox 1096 1895 1185 1928; x_wconf 89' lang='lat' dir='ltr'>sicut</span> <span class='ocrx_word' id='word_1_220' title='bbox 1210 1907 1212 1910; x_wconf 94' lang='lat'>·</span> 
     </span>
    </p>
   </div>
   <div class='ocr_carea' id='block_1_7' title="bbox 200 1947 1186 2055">
    <p class='ocr_par' dir='ltr' id='par_1_11' title="bbox 200 1947 1186 2055">
     <span class='ocr_line' id='line_1_36' title="bbox 200 1947 1079 2000; baseline -0.011 -10"><span class='ocrx_word' id='word_1_221' title='bbox 200 1964 233 1991; x_wconf 83' lang='lat' dir='ltr'>et</span> <span class='ocrx_word' id='word_1_222' title='bbox 248 1955 396 2000; x_wconf 83' lang='lat' dir='ltr'>singulis</span> <span class='ocrx_word' id='word_1_223' title='bbox 415 1953 547 1986; x_wconf 88' lang='lat' dir='ltr'>dictum</span> <span class='ocrx_word' id='word_1_224' title='bbox 565 1958 631 1984; x_wconf 88' lang='lat' dir='ltr'>est:</span> <span class='ocrx_word' id='word_1_225' title='bbox 658 1949 832 1993; x_wconf 83' lang='lat' dir='ltr'>Accipite,</span> <span class='ocrx_word' id='word_1_226' title='bbox 858 1947 1079 1980; x_wconf 81' lang='lat' dir='ltr'>manducate.</span> 
     </span>
     <span class='ocr_line' id='line_1_37' title="bbox 301 2003 1186 2055; baseline -0.012 -8"><span class='ocrx_word' id='word_1_227' title='bbox 301 2011 361 2047; x_wconf 87' lang='lat'>75.</span> <span class='ocrx_word' id='word_1_228' title='bbox 394 2011 560 2055; x_wconf 85' lang='lat' dir='ltr'>Legimus</span> <span class='ocrx_word' id='word_1_229' title='bbox 578 2011 622 2043; x_wconf 90' lang='lat' dir='ltr'>de</span> <span class='ocrx_word' id='word_1_230' title='bbox 641 2008 821 2042; x_wconf 85' lang='lat' dir='ltr'>oblatione</span> <span class='ocrx_word' id='word_1_231' title='bbox 837 2013 872 2040; x_wconf 87' lang='lat' dir='ltr'>et</span> <span class='ocrx_word' id='word_1_232' title='bbox 889 2005 1125 2049; x_wconf 89' lang='lat' dir='ltr'>adplicatione</span> <span class='ocrx_word' id='word_1_233' title='bbox 1147 2003 1186 2036; x_wconf 88' lang='lat' dir='ltr'>in</span> 
     </span>
    </p>
   </div>
   <div class='ocr_carea' id='block_1_8' title="bbox 201 2050 1213 2103">
    <p class='ocr_par' dir='ltr' id='par_1_12' title="bbox 201 2050 1213 2103">
     <span class='ocr_line' id='line_1_38' title="bbox 201 2050 1213 2103; baseline -0.012 -4"><span class='ocrx_word' id='word_1_234' title='bbox 201 2065 311 2100; x_wconf 90' lang='lat' dir='ltr'>Missa</span> <span class='ocrx_word' id='word_1_235' title='bbox 330 2063 440 2096; x_wconf 85' lang='lat' dir='ltr'>multa</span> <span class='ocrx_word' id='word_1_236' title='bbox 455 2061 706 2094; x_wconf 72' lang='lat' dir='ltr'>vociferantem</span> <span class='ocrx_word' id='word_1_237' title='bbox 724 2058 901 2103; x_wconf 84' lang='lat' dir='ltr'>quendam</span> <span class='ocrx_word' id='word_1_238' title='bbox 917 2053 1068 2102; x_wconf 62' lang='grc' dir='ltr'><em>φοίνικα</em></span> <span class='ocrx_word' id='word_1_239' title='bbox 1090 2050 1187 2100; x_wconf 61' lang='lat' dir='ltr'>Toui-</span> <span class='ocrx_word' id='word_1_240' title='bbox 1211 2064 1213 2078; x_wconf 67' lang='lat'>·=</span> 
     </span>
    </p>
   </div>
   <div class='ocr_carea' id='block_1_9' title="bbox 202 2104 1190 2460">
    <p class='ocr_par' dir='ltr' id='par_1_13' title="bbox 202 2104 1190 2460">
     <span class='ocr_line' id='line_1_39' title="bbox 202 2104 1188 2160; baseline -0.014 -10"><span class='ocrx_word' id='word_1_241' title='bbox 202 2128 311 2160; x_wconf 71' lang='grc' dir='ltr'><em>κτῃν,</em></span> <span class='ocrx_word' id='word_1_242' title='bbox 343 2120 382 2147; x_wconf 86' lang='lat' dir='ltr'>ut</span> <span class='ocrx_word' id='word_1_243' title='bbox 402 2112 591 2146; x_wconf 82' lang='lat' dir='ltr'>Homerica</span> <span class='ocrx_word' id='word_1_244' title='bbox 613 2109 851 2155; x_wconf 83' lang='lat' dir='ltr'>adpellatione</span> <span class='ocrx_word' id='word_1_245' title='bbox 875 2104 1058 2139; x_wconf 86' lang='lat' dir='ltr'>bominem</span> <span class='ocrx_word' id='word_1_246' title='bbox 1081 2104 1188 2138; x_wconf 92' lang='lat' dir='ltr'>Sido-</span> 
     </span>
     <span class='ocr_line' id='line_1_40' title="bbox 204 2155 1188 2204; baseline -0.013 -5"><span class='ocrx_word' id='word_1_247' title='bbox 204 2168 304 2199; x_wconf 87' lang='lat' dir='ltr'>nium</span> <span class='ocrx_word' id='word_1_248' title='bbox 330 2173 506 2197; x_wconf 79' lang='lat' dir='ltr'>ornemus,</span> <span class='ocrx_word' id='word_1_249' title='bbox 565 2160 635 2195; x_wconf 89' lang='lat' dir='ltr'>Sed</span> <span class='ocrx_word' id='word_1_250' title='bbox 667 2170 827 2204; x_wconf 89' lang='lat' dir='ltr'>prorsus,</span> <span class='ocrx_word' id='word_1_251' title='bbox 868 2163 906 2190; x_wconf 84' lang='lat' dir='ltr'>ut</span> <span class='ocrx_word' id='word_1_252' title='bbox 925 2155 1102 2189; x_wconf 85' lang='lat' dir='ltr'>Homerus</span> <span class='ocrx_word' id='word_1_253' title='bbox 1131 2155 1188 2187; x_wconf 90' lang='lat' dir='ltr'>in-</span> 
     </span>
     <span class='ocr_line' id='line_1_41' title="bbox 206 2204 1188 2260; baseline -0.012 -12"><span class='ocrx_word' id='word_1_254' title='bbox 206 2216 299 2260; x_wconf 84' lang='lat' dir='ltr'>quit,</span> <span class='ocrx_word' id='word_1_255' title='bbox 329 2211 442 2247; x_wconf 74' lang='grc' dir='ltr'><em>πολλὰ</em></span> <span class='ocrx_word' id='word_1_256' title='bbox 467 2207 649 2255; x_wconf 78' lang='grc' dir='ltr'><em>ἀπατήλια</em></span> <span class='ocrx_word' id='word_1_257' title='bbox 669 2206 785 2255; x_wconf 71' lang='grc' dir='ltr'>βάζει.</span> <span class='ocrx_word' id='word_1_258' title='bbox 839 2206 915 2241; x_wconf 83' lang='lat' dir='ltr'>Stat</span> <span class='ocrx_word' id='word_1_259' title='bbox 933 2206 1026 2238; x_wconf 86' lang='lat' dir='ltr'>filius</span> <span class='ocrx_word' id='word_1_260' title='bbox 1043 2204 1109 2238; x_wconf 78' lang='lat' dir='ltr'>Dei</span> <span class='ocrx_word' id='word_1_261' title='bbox 1126 2217 1188 2238; x_wconf 90' lang='lat' dir='ltr'>co-</span> 
     </span>
     <span class='ocr_line' id='line_1_42' title="bbox 206 2255 1190 2306; baseline -0.012 -8"><span class='ocrx_word' id='word_1_262' title='bbox 206 2277 282 2300; x_wconf 89' lang='lat' dir='ltr'>ram</span> <span class='ocrx_word' id='word_1_263' title='bbox 301 2271 439 2297; x_wconf 88' lang='lat' dir='ltr'>aeterno</span> <span class='ocrx_word' id='word_1_264' title='bbox 455 2269 552 2306; x_wconf 88' lang='lat' dir='ltr'>patre</span> <span class='ocrx_word' id='word_1_265' title='bbox 574 2261 612 2293; x_wconf 90' lang='lat' dir='ltr'>in</span> <span class='ocrx_word' id='word_1_266' title='bbox 638 2268 757 2293; x_wconf 86' lang='lat' dir='ltr'>sancto</span> <span class='ocrx_word' id='word_1_267' title='bbox 780 2265 981 2292; x_wconf 81' lang='lat' dir='ltr'>sanctorum</span> <span class='ocrx_word' id='word_1_268' title='bbox 1005 2267 1077 2288; x_wconf 89' lang='lat' dir='ltr'>sese</span> <span class='ocrx_word' id='word_1_269' title='bbox 1102 2255 1190 2288; x_wconf 81' lang='lat' dir='ltr'>offe-</span> 
     </span>
     <span class='ocr_line' id='line_1_43' title="bbox 207 2327 299 2350; baseline -0.033 0"><span class='ocrx_word' id='word_1_270' title='bbox 207 2327 299 2350; x_wconf 90' lang='lat' dir='ltr'>rens.</span> 
     </span>
     <span class='ocr_line' id='line_1_44' title="bbox 209 2355 1190 2403; baseline -0.012 -3"><span class='ocrx_word' id='word_1_271' title='bbox 209 2368 254 2400; x_wconf 91' lang='lat' dir='ltr'>sit</span> <span class='ocrx_word' id='word_1_272' title='bbox 272 2363 515 2397; x_wconf 87' lang='lat' dir='ltr'>umbraculum</span> <span class='ocrx_word' id='word_1_273' title='bbox 532 2371 564 2395; x_wconf 91' lang='lat' dir='ltr'>et</span> <span class='ocrx_word' id='word_1_274' title='bbox 580 2362 788 2394; x_wconf 86' lang='lat' dir='ltr'>intercessor</span> <span class='ocrx_word' id='word_1_275' title='bbox 803 2370 866 2403; x_wconf 91' lang='lat' dir='ltr'>pro</span> <span class='ocrx_word' id='word_1_276' title='bbox 881 2357 994 2390; x_wconf 89' lang='lat' dir='ltr'>nobis.</span> <span class='ocrx_word' id='word_1_277' title='bbox 1027 2355 1100 2389; x_wconf 76' lang='lat' dir='ltr'>Nec</span> <span class='ocrx_word' id='word_1_278' title='bbox 1115 2356 1190 2388; x_wconf 85' lang='lat' dir='ltr'>fieri</span> 
     </span>
     <span class='ocr_line' id='line_1_45' title="bbox 210 2412 963 2460; baseline -0.011 -10"><span class='ocrx_word' id='word_1_279' title='bbox 210 2413 481 2460; x_wconf 85' lang='lat' dir='ltr'>adplicationern</span> <span class='ocrx_word' id='word_1_280' title='bbox 497 2412 610 2444; x_wconf 85' lang='lat' dir='ltr'>alieno</span> <span class='ocrx_word' id='word_1_281' title='bbox 630 2423 733 2455; x_wconf 87' lang='lat' dir='ltr'>opere</span> <span class='ocrx_word' id='word_1_282' title='bbox 750 2416 883 2443; x_wconf 87' lang='lat' dir='ltr'>certum</span> <span class='ocrx_word' id='word_1_283' title='bbox 902 2414 963 2442; x_wconf 86' lang='lat' dir='ltr'>est.</span> 
     </span>
    </p>
   </div>
   <div class='ocr_carea' id='block_1_10' title="bbox 314 2462 1191 2512">
    <p class='ocr_par' dir='ltr' id='par_1_14' title="bbox 314 2462 1191 2512">
     <span class='ocr_line' id='line_1_46' title="bbox 314 2462 1191 2512; baseline -0.011 -6"><span class='ocrx_word' id='word_1_284' title='bbox 314 2471 375 2506; x_wconf 87' lang='grc'>76.</span> <span class='ocrx_word' id='word_1_285' title='bbox 410 2471 466 2504; x_wconf 90' lang='lat' dir='ltr'>De</span> <span class='ocrx_word' id='word_1_286' title='bbox 485 2467 540 2502; x_wconf 85' lang='lat' dir='ltr'>his</span> <span class='ocrx_word' id='word_1_287' title='bbox 562 2470 696 2512; x_wconf 88' lang='lat' dir='ltr'>magnis</span> <span class='ocrx_word' id='word_1_288' title='bbox 719 2469 823 2501; x_wconf 90' lang='lat' dir='ltr'>rebus</span> <span class='ocrx_word' id='word_1_289' title='bbox 839 2466 890 2511; x_wconf 86' lang='lat' dir='ltr'>pii</span> <span class='ocrx_word' id='word_1_290' title='bbox 908 2471 942 2498; x_wconf 84' lang='lat' dir='ltr'>et</span> <span class='ocrx_word' id='word_1_291' title='bbox 958 2463 1052 2498; x_wconf 88' lang='lat' dir='ltr'>docti</span> <span class='ocrx_word' id='word_1_292' title='bbox 1067 2464 1105 2497; x_wconf 93' lang='lat' dir='ltr'>in</span> <span class='ocrx_word' id='word_1_293' title='bbox 1120 2462 1191 2498; x_wconf 88' lang='lat' dir='ltr'>Ec-</span> 
     </span>
    </p>
   </div>
   <div class='ocr_carea' id='block_1_11' title="bbox 952 119 1436 160">
    <p class='ocr_par' dir='ltr' id='par_1_15' title="bbox 952 119 1436 160">
     <span class='ocr_line' id='line_1_47' title="bbox 952 119 1436 160; baseline 0.004 -3"><span class='ocrx_word' id='word_1_294' title='bbox 952 119 1436 160; x_wconf 84' lang='lat' dir='ltr'>DISPUTATIONES</span> 
     </span>
    </p>
   </div>
   <div class='ocr_carea' id='block_1_12' title="bbox 1191 213 1198 346">
    <p class='ocr_par' dir='ltr' id='par_1_16' title="bbox 1191 213 1198 346">
     <span class='ocr_line' id='line_1_48' title="bbox 1191 213 1198 346; baseline 0 2609"><span class='ocrx_word' id='word_1_295' title='bbox 1191 213 1198 346; x_wconf 95' lang='lat' dir='ltr'> </span> 
     </span>
    </p>
   </div>
   <div class='ocr_carea' id='block_1_13' title="bbox 1193 351 1198 484">
    <p class='ocr_par' dir='ltr' id='par_1_17' title="bbox 1193 351 1198 484">
     <span class='ocr_line' id='line_1_49' title="bbox 1193 351 1198 484; baseline 0 2471"><span class='ocrx_word' id='word_1_296' title='bbox 1193 351 1198 484; x_wconf 95' lang='lat' dir='ltr'> </span> 
     </span>
    </p>
   </div>
   <div class='ocr_carea' id='block_1_14' title="bbox 1203 1357 1215 2143">
    <p class='ocr_par' dir='ltr' id='par_1_18' title="bbox 1203 1357 1215 2143">
     <span class='ocr_line' id='line_1_50' title="bbox 1203 1357 1215 2143; baseline 0 0"><span class='ocrx_word' id='word_1_297' title='bbox 1203 1357 1215 2143; x_wconf 95' lang='lat' dir='ltr'> </span> 
     </span>
    </p>
   </div>
   <div class='ocr_carea' id='block_1_15' title="bbox 350 2306 1215 2350">
    <p class='ocr_par' dir='ltr' id='par_1_19' title="bbox 350 2306 1215 2350">
     <span class='ocr_line' id='line_1_51' title="bbox 350 2306 1215 2350; baseline -0.012 -4"><span class='ocrx_word' id='word_1_298' title='bbox 350 2313 423 2346; x_wconf 66' lang='lat' dir='ltr'>Nos</span> <span class='ocrx_word' id='word_1_299' title='bbox 437 2310 598 2345; x_wconf 86' lang='lat' dir='ltr'>homines</span> <span class='ocrx_word' id='word_1_300' title='bbox 613 2321 773 2350; x_wconf 68' lang='lat' dir='ltr'>oramm,</span> <span class='ocrx_word' id='word_1_301' title='bbox 794 2315 834 2342; x_wconf 87' lang='lat' dir='ltr'>ut</span> <span class='ocrx_word' id='word_1_302' title='bbox 849 2319 922 2341; x_wconf 90' lang='lat' dir='ltr'>sese</span> <span class='ocrx_word' id='word_1_303' title='bbox 939 2306 1090 2339; x_wconf 77' lang='lat' dir='ltr'>offerens</span> <span class='ocrx_word' id='word_1_304' title='bbox 1107 2306 1191 2349; x_wconf 87' lang='lat' dir='ltr'>ipse,</span> <span class='ocrx_word' id='word_1_305' title='bbox 1214 2321 1215 2326; x_wconf 67' lang='lat'>=</span> 
     </span>
    </p>
   </div>
   <div class='ocr_carea' id='block_1_16' title="bbox 1214 2388 1218 2473">
    <p class='ocr_par' dir='ltr' id='par_1_20' title="bbox 1214 2388 1218 2473">
     <span class='ocr_line' id='line_1_52' title="bbox 1214 2388 1218 2473; baseline 0 482"><span class='ocrx_word' id='word_1_306' title='bbox 1214 2388 1218 2473; x_wconf 95' lang='lat' dir='ltr'> </span> 
     </span>
    </p>
   </div>
   <div class='ocr_carea' id='block_1_17' title="bbox 2123 123 2198 160">
    <p class='ocr_par' dir='ltr' id='par_1_21' title="bbox 2123 123 2198 160">
     <span class='ocr_line' id='line_1_53' title="bbox 2123 123 2198 160; baseline 0 -1"><span class='ocrx_word' id='word_1_307' title='bbox 2123 123 2198 160; x_wconf 88' lang='grc'>576</span> 
     </span>
    </p>
   </div>
   <div class='ocr_carea' id='block_1_18' title="bbox 1220 205 2201 404">
    <p class='ocr_par' dir='ltr' id='par_1_22' title="bbox 1220 205 2201 404">
     <span class='ocr_line' id='line_1_54' title="bbox 1322 205 2200 253; baseline 0.003 -12"><span class='ocrx_word' id='word_1_308' title='bbox 1322 207 1382 242; x_wconf 91' lang='grc'>77.</span> <span class='ocrx_word' id='word_1_309' title='bbox 1418 205 1460 240; x_wconf 88' lang='lat' dir='ltr'>In</span> <span class='ocrx_word' id='word_1_310' title='bbox 1481 207 1681 253; x_wconf 86' lang='lat' dir='ltr'>sumptione</span> <span class='ocrx_word' id='word_1_311' title='bbox 1696 208 1765 242; x_wconf 84' lang='lat' dir='ltr'>fide</span> <span class='ocrx_word' id='word_1_312' title='bbox 1782 214 1912 243; x_wconf 87' lang='lat' dir='ltr'>statuas</span> <span class='ocrx_word' id='word_1_313' title='bbox 1928 216 1959 244; x_wconf 84' lang='lat' dir='ltr'>te</span> <span class='ocrx_word' id='word_1_314' title='bbox 1975 216 2073 244; x_wconf 85' lang='lat' dir='ltr'>tuere</span> <span class='ocrx_word' id='word_1_315' title='bbox 2088 222 2200 244; x_wconf 86' lang='lat' dir='ltr'>mem-</span> 
     </span>
     <span class='ocr_line' id='line_1_55' title="bbox 1220 258 2199 304; baseline 0 -10"><span class='ocrx_word' id='word_1_316' title='bbox 1220 261 1324 294; x_wconf 88' lang='lat' dir='ltr'>brum</span> <span class='ocrx_word' id='word_1_317' title='bbox 1347 259 1422 291; x_wconf 87' lang='lat' dir='ltr'>fieri</span> <span class='ocrx_word' id='word_1_318' title='bbox 1444 258 1509 290; x_wconf 86' lang='lat' dir='ltr'>filii</span> <span class='ocrx_word' id='word_1_319' title='bbox 1523 259 1614 300; x_wconf 90' lang='lat' dir='ltr'>Dei,</span> <span class='ocrx_word' id='word_1_320' title='bbox 1640 267 1674 293; x_wconf 88' lang='lat' dir='ltr'>et</span> <span class='ocrx_word' id='word_1_321' title='bbox 1694 272 1774 293; x_wconf 88' lang='lat' dir='ltr'>vere</span> <span class='ocrx_word' id='word_1_322' title='bbox 1793 260 1837 293; x_wconf 89' lang='lat' dir='ltr'>ad</span> <span class='ocrx_word' id='word_1_323' title='bbox 1853 266 1886 294; x_wconf 88' lang='lat' dir='ltr'>te</span> <span class='ocrx_word' id='word_1_324' title='bbox 1903 261 2077 304; x_wconf 90' lang='lat' dir='ltr'>pertinere</span> <span class='ocrx_word' id='word_1_325' title='bbox 2091 262 2199 295; x_wconf 87' lang='lat' dir='ltr'>benc-</span> 
     </span>
     <span class='ocr_line' id='line_1_56' title="bbox 1220 310 2201 354; baseline 0.002 -11"><span class='ocrx_word' id='word_1_326' title='bbox 1220 310 1316 350; x_wconf 83' lang='lat' dir='ltr'>ficia,</span> <span class='ocrx_word' id='word_1_327' title='bbox 1341 320 1429 353; x_wconf 86' lang='lat' dir='ltr'>quae</span> <span class='ocrx_word' id='word_1_328' title='bbox 1450 315 1483 342; x_wconf 91' lang='lat' dir='ltr'>et</span> <span class='ocrx_word' id='word_1_329' title='bbox 1504 316 1617 343; x_wconf 89' lang='lat' dir='ltr'>morte</span> <span class='ocrx_word' id='word_1_330' title='bbox 1641 321 1703 343; x_wconf 88' lang='lat' dir='ltr'>sua</span> <span class='ocrx_word' id='word_1_331' title='bbox 1724 310 1872 351; x_wconf 89' lang='lat' dir='ltr'>meruit,</span> <span class='ocrx_word' id='word_1_332' title='bbox 1898 318 1932 344; x_wconf 88' lang='lat' dir='ltr'>et</span> <span class='ocrx_word' id='word_1_333' title='bbox 1953 311 2121 354; x_wconf 86' lang='lat' dir='ltr'>sanguine</span> <span class='ocrx_word' id='word_1_334' title='bbox 2137 312 2201 345; x_wconf 92' lang='lat' dir='ltr'>ob-</span> 
     </span>
     <span class='ocr_line' id='line_1_57' title="bbox 1222 359 2081 404; baseline 0 -10"><span class='ocrx_word' id='word_1_335' title='bbox 1222 361 1356 404; x_wconf 84' lang='lat' dir='ltr'>signato</span> <span class='ocrx_word' id='word_1_336' title='bbox 1373 365 1579 393; x_wconf 87' lang='lat' dir='ltr'>testamento</span> <span class='ocrx_word' id='word_1_337' title='bbox 1597 359 1702 393; x_wconf 90' lang='lat' dir='ltr'>nobis</span> <span class='ocrx_word' id='word_1_338' title='bbox 1719 360 1907 394; x_wconf 88' lang='lat' dir='ltr'>clementer</span> <span class='ocrx_word' id='word_1_339' title='bbox 1920 361 2081 404; x_wconf 84' lang='lat' dir='ltr'>largitur.</span> 
     </span>
    </p>
   </div>
   <div class='ocr_carea' id='block_1_19' title="bbox 1223 416 2208 710">
    <p class='ocr_par' dir='ltr' id='par_1_23' title="bbox 1223 416 2208 710">
     <span class='ocr_line' id='line_1_58' title="bbox 1323 416 2204 464; baseline 0.002 -14"><span class='ocrx_word' id='word_1_340' title='bbox 1323 418 1384 453; x_wconf 88' lang='lat'>78.</span> <span class='ocrx_word' id='word_1_341' title='bbox 1410 416 1479 450; x_wconf 91' lang='lat' dir='ltr'>Hic</span> <span class='ocrx_word' id='word_1_342' title='bbox 1494 424 1526 451; x_wconf 94' lang='lat' dir='ltr'>et</span> <span class='ocrx_word' id='word_1_343' title='bbox 1541 424 1613 451; x_wconf 85' lang='lat' dir='ltr'>tota</span> <span class='ocrx_word' id='word_1_344' title='bbox 1624 416 1779 452; x_wconf 87' lang='lat' dir='ltr'>Ecclesia</span> <span class='ocrx_word' id='word_1_345' title='bbox 1796 420 1922 462; x_wconf 85' lang='lat' dir='ltr'>gratias</span> <span class='ocrx_word' id='word_1_346' title='bbox 1937 420 2018 463; x_wconf 89' lang='lat' dir='ltr'>agit.</span> <span class='ocrx_word' id='word_1_347' title='bbox 2070 417 2115 454; x_wconf 90' lang='lat' dir='ltr'>Et</span> <span class='ocrx_word' id='word_1_348' title='bbox 2131 419 2204 464; x_wconf 87' lang='lat' dir='ltr'>ipse</span> 
     </span>
     <span class='ocr_line' id='line_1_59' title="bbox 1223 468 2204 512; baseline 0 -10"><span class='ocrx_word' id='word_1_349' title='bbox 1223 469 1310 502; x_wconf 89' lang='lat' dir='ltr'>ritus</span> <span class='ocrx_word' id='word_1_350' title='bbox 1326 468 1369 501; x_wconf 91' lang='lat' dir='ltr'>sit</span> <span class='ocrx_word' id='word_1_351' title='bbox 1384 479 1513 501; x_wconf 78' lang='lat' dir='ltr'>nervus</span> <span class='ocrx_word' id='word_1_352' title='bbox 1528 469 1687 512; x_wconf 89' lang='lat' dir='ltr'>publicae</span> <span class='ocrx_word' id='word_1_353' title='bbox 1704 470 1994 512; x_wconf 84' lang='lat' dir='ltr'>congregationis,</span> <span class='ocrx_word' id='word_1_354' title='bbox 2018 470 2094 504; x_wconf 76' lang='lat' dir='ltr'>vult</span> <span class='ocrx_word' id='word_1_355' title='bbox 2110 470 2204 503; x_wconf 88' lang='lat' dir='ltr'>enim</span> 
     </span>
     <span class='ocr_line' id='line_1_60' title="bbox 1223 516 2205 563; baseline -0.001 -10"><span class='ocrx_word' id='word_1_356' title='bbox 1223 518 1317 553; x_wconf 91' lang='lat' dir='ltr'>Deus</span> <span class='ocrx_word' id='word_1_357' title='bbox 1338 529 1473 562; x_wconf 86' lang='lat' dir='ltr'>semper</span> <span class='ocrx_word' id='word_1_358' title='bbox 1495 516 1660 552; x_wconf 87' lang='lat' dir='ltr'>honestos</span> <span class='ocrx_word' id='word_1_359' title='bbox 1685 526 1717 552; x_wconf 90' lang='lat' dir='ltr'>et</span> <span class='ocrx_word' id='word_1_360' title='bbox 1738 520 1898 563; x_wconf 88' lang='lat' dir='ltr'>publicos</span> <span class='ocrx_word' id='word_1_361' title='bbox 1923 518 2098 553; x_wconf 85' lang='lat' dir='ltr'>Ecclesiae</span> <span class='ocrx_word' id='word_1_362' title='bbox 2121 532 2205 553; x_wconf 88' lang='lat' dir='ltr'>con-</span> 
     </span>
     <span class='ocr_line' id='line_1_61' title="bbox 1223 569 2206 613; baseline 0.001 -11"><span class='ocrx_word' id='word_1_363' title='bbox 1223 580 1358 613; x_wconf 88' lang='lat' dir='ltr'>gressus</span> <span class='ocrx_word' id='word_1_364' title='bbox 1382 579 1473 610; x_wconf 88' lang='lat' dir='ltr'>esse,</span> <span class='ocrx_word' id='word_1_365' title='bbox 1501 576 1534 602; x_wconf 91' lang='lat' dir='ltr'>et</span> <span class='ocrx_word' id='word_1_366' title='bbox 1559 582 1616 602; x_wconf 88' lang='lat' dir='ltr'>eos</span> <span class='ocrx_word' id='word_1_367' title='bbox 1639 570 1810 602; x_wconf 89' lang='lat' dir='ltr'>immensa</span> <span class='ocrx_word' id='word_1_368' title='bbox 1833 569 2072 603; x_wconf 87' lang='lat' dir='ltr'>misericordia</span> <span class='ocrx_word' id='word_1_369' title='bbox 2094 570 2130 602; x_wconf 93' lang='lat' dir='ltr'>in</span> <span class='ocrx_word' id='word_1_370' title='bbox 2148 581 2206 613; x_wconf 86' lang='lat' dir='ltr'>ge-</span> 
     </span>
     <span class='ocr_line' id='line_1_62' title="bbox 1224 617 2207 664; baseline 0 -11"><span class='ocrx_word' id='word_1_371' title='bbox 1224 631 1308 653; x_wconf 90' lang='lat' dir='ltr'>nere</span> <span class='ocrx_word' id='word_1_372' title='bbox 1331 617 1487 652; x_wconf 82' lang='lat' dir='ltr'>humano</span> <span class='ocrx_word' id='word_1_373' title='bbox 1509 626 1646 660; x_wconf 85' lang='lat' dir='ltr'>tuetur,</span> <span class='ocrx_word' id='word_1_374' title='bbox 1673 626 1706 652; x_wconf 86' lang='lat' dir='ltr'>et</span> <span class='ocrx_word' id='word_1_375' title='bbox 1728 620 1804 653; x_wconf 84' lang='lat' dir='ltr'>vult</span> <span class='ocrx_word' id='word_1_376' title='bbox 1825 627 1864 653; x_wconf 88' lang='lat' dir='ltr'>ut</span> <span class='ocrx_word' id='word_1_377' title='bbox 1878 631 1944 652; x_wconf 91' lang='lat' dir='ltr'>nos</span> <span class='ocrx_word' id='word_1_378' title='bbox 1957 631 2096 664; x_wconf 87' lang='lat' dir='ltr'>quoque</span> <span class='ocrx_word' id='word_1_379' title='bbox 2112 631 2207 653; x_wconf 85' lang='lat' dir='ltr'>ame-</span> 
     </span>
     <span class='ocr_line' id='line_1_63' title="bbox 1225 667 2208 710; baseline 0 -7"><span class='ocrx_word' id='word_1_380' title='bbox 1225 682 1322 710; x_wconf 87' lang='lat' dir='ltr'>mus,</span> <span class='ocrx_word' id='word_1_381' title='bbox 1349 676 1383 703; x_wconf 86' lang='lat' dir='ltr'>et</span> <span class='ocrx_word' id='word_1_382' title='bbox 1407 669 1572 703; x_wconf 88' lang='lat' dir='ltr'>omnibus</span> <span class='ocrx_word' id='word_1_383' title='bbox 1598 667 1754 703; x_wconf 84' lang='lat' dir='ltr'>honestis</span> <span class='ocrx_word' id='word_1_384' title='bbox 1777 670 1901 703; x_wconf 88' lang='lat' dir='ltr'>officiis</span> <span class='ocrx_word' id='word_1_385' title='bbox 1923 670 2103 703; x_wconf 77' lang='lat' dir='ltr'>foveamus</span> <span class='ocrx_word' id='word_1_386' title='bbox 2124 681 2208 703; x_wconf 89' lang='lat' dir='ltr'>con-</span> 
     </span>
    </p>
   </div>
   <div class='ocr_carea' id='block_1_20' title="bbox 1225 720 1963 764">
    <p class='ocr_par' dir='ltr' id='par_1_24' title="bbox 1225 720 1963 764">
     <span class='ocr_line' id='line_1_64' title="bbox 1225 720 1963 764; baseline 0.001 -12"><span class='ocrx_word' id='word_1_387' title='bbox 1225 720 1461 764; x_wconf 85' lang='lat' dir='ltr'>gregationem</span> <span class='ocrx_word' id='word_1_388' title='bbox 1475 746 1483 760; x_wconf 92' lang='lat'>‚</span> <span class='ocrx_word' id='word_1_389' title='bbox 1510 726 1550 753; x_wconf 90' lang='lat' dir='ltr'>ut</span> <span class='ocrx_word' id='word_1_390' title='bbox 1567 731 1679 754; x_wconf 87' lang='lat' dir='ltr'>unum</span> <span class='ocrx_word' id='word_1_391' title='bbox 1697 720 1804 753; x_wconf 90' lang='lat' dir='ltr'>simus</span> <span class='ocrx_word' id='word_1_392' title='bbox 1820 721 1858 753; x_wconf 89' lang='lat' dir='ltr'>in</span> <span class='ocrx_word' id='word_1_393' title='bbox 1875 720 1963 764; x_wconf 89' lang='lat' dir='ltr'>ipso.</span> 
     </span>
    </p>
   </div>
   <div class='ocr_carea' id='block_1_21' title="bbox 1227 776 2212 972">
    <p class='ocr_par' dir='ltr' id='par_1_25' title="bbox 1227 776 2212 972">
     <span class='ocr_line' id='line_1_65' title="bbox 1332 776 2209 821; baseline 0.001 -11"><span class='ocrx_word' id='word_1_394' title='bbox 1332 777 1390 810; x_wconf 85' lang='lat'>79.</span> <span class='ocrx_word' id='word_1_395' title='bbox 1424 776 1475 811; x_wconf 89' lang='lat' dir='ltr'>Ac</span> <span class='ocrx_word' id='word_1_396' title='bbox 1499 789 1593 811; x_wconf 89' lang='lat' dir='ltr'>nunc</span> <span class='ocrx_word' id='word_1_397' title='bbox 1617 779 1727 821; x_wconf 85' lang='lat' dir='ltr'>magis</span> <span class='ocrx_word' id='word_1_398' title='bbox 1751 779 1787 811; x_wconf 95' lang='lat' dir='ltr'>in</span> <span class='ocrx_word' id='word_1_399' title='bbox 1814 776 1868 812; x_wconf 88' lang='lat' dir='ltr'>his</span> <span class='ocrx_word' id='word_1_400' title='bbox 1886 778 2122 812; x_wconf 85' lang='lat' dir='ltr'>tantis&#39;ruinis</span> <span class='ocrx_word' id='word_1_401' title='bbox 2138 779 2209 811; x_wconf 89' lang='lat' dir='ltr'>im-</span> 
     </span>
     <span class='ocr_line' id='line_1_66' title="bbox 1227 827 2209 872; baseline 0.001 -11"><span class='ocrx_word' id='word_1_402' title='bbox 1227 827 1406 872; x_wconf 87' lang='lat' dir='ltr'>periorum</span> <span class='ocrx_word' id='word_1_403' title='bbox 1448 829 1646 862; x_wconf 83' lang='lat' dir='ltr'>studeamus</span> <span class='ocrx_word' id='word_1_404' title='bbox 1688 829 1781 862; x_wconf 89' lang='lat' dir='ltr'>tueri</span> <span class='ocrx_word' id='word_1_405' title='bbox 1817 829 2120 870; x_wconf 86' lang='lat' dir='ltr'>coniunctionem,</span> <span class='ocrx_word' id='word_1_406' title='bbox 2170 835 2209 862; x_wconf 85' lang='lat' dir='ltr'>nt</span> 
     </span>
     <span class='ocr_line' id='line_1_67' title="bbox 1227 877 2210 923; baseline 0.001 -12"><span class='ocrx_word' id='word_1_407' title='bbox 1227 879 1362 911; x_wconf 83' lang='lat' dir='ltr'>etiamsi</span> <span class='ocrx_word' id='word_1_408' title='bbox 1387 877 1632 912; x_wconf 80' lang='lat' dir='ltr'>distrahuntur</span> <span class='ocrx_word' id='word_1_409' title='bbox 1655 879 1817 923; x_wconf 87' lang='lat' dir='ltr'>imperia,</span> <span class='ocrx_word' id='word_1_410' title='bbox 1845 886 1961 912; x_wconf 88' lang='lat' dir='ltr'>tamen</span> <span class='ocrx_word' id='word_1_411' title='bbox 1987 892 2054 912; x_wconf 75' lang='lat' dir='ltr'>vox</span> <span class='ocrx_word' id='word_1_412' title='bbox 2079 878 2210 912; x_wconf 85' lang='lat' dir='ltr'>doctri-</span> 
     </span>
     <span class='ocr_line' id='line_1_68' title="bbox 1227 928 2212 972; baseline 0.001 -11"><span class='ocrx_word' id='word_1_413' title='bbox 1227 941 1310 969; x_wconf 90' lang='lat' dir='ltr'>nae,</span> <span class='ocrx_word' id='word_1_414' title='bbox 1336 935 1369 961; x_wconf 89' lang='lat' dir='ltr'>et</span> <span class='ocrx_word' id='word_1_415' title='bbox 1387 928 1561 961; x_wconf 68' lang='lat' dir='ltr'>invocatio</span> <span class='ocrx_word' id='word_1_416' title='bbox 1571 928 1636 962; x_wconf 90' lang='lat' dir='ltr'>Dei</span> <span class='ocrx_word' id='word_1_417' title='bbox 1654 929 1858 972; x_wconf 83' lang='lat' dir='ltr'>incorrupta</span> <span class='ocrx_word' id='word_1_418' title='bbox 1875 937 1907 963; x_wconf 89' lang='lat' dir='ltr'>ct</span> <span class='ocrx_word' id='word_1_419' title='bbox 1924 930 2045 962; x_wconf 86' lang='lat' dir='ltr'>eadem</span> <span class='ocrx_word' id='word_1_420' title='bbox 2062 936 2212 962; x_wconf 84' lang='lat' dir='ltr'>maneat.</span> 
     </span>
    </p>
   </div>
   <div class='ocr_carea' id='block_1_22' title="bbox 1228 986 2215 1271">
    <p class='ocr_par' dir='ltr' id='par_1_26' title="bbox 1228 986 2215 1271">
     <span class='ocr_line' id='line_1_69' title="bbox 1330 986 2213 1031; baseline 0.002 -12"><span class='ocrx_word' id='word_1_421' title='bbox 1330 987 1388 1019; x_wconf 81' lang='lat'>80.</span> <span class='ocrx_word' id='word_1_422' title='bbox 1430 986 1633 1029; x_wconf 84' lang='lat' dir='ltr'>Cogitemus</span> <span class='ocrx_word' id='word_1_423' title='bbox 1658 999 1722 1020; x_wconf 92' lang='lat' dir='ltr'>nos</span> <span class='ocrx_word' id='word_1_424' title='bbox 1745 988 1808 1021; x_wconf 90' lang='lat' dir='ltr'>uni</span> <span class='ocrx_word' id='word_1_425' title='bbox 1832 988 1935 1031; x_wconf 86' lang='lat' dir='ltr'>capiti</span> <span class='ocrx_word' id='word_1_426' title='bbox 1963 988 2035 1021; x_wconf 89' lang='lat' dir='ltr'>filio</span> <span class='ocrx_word' id='word_1_427' title='bbox 2059 986 2125 1021; x_wconf 92' lang='lat' dir='ltr'>Dei</span> <span class='ocrx_word' id='word_1_428' title='bbox 2149 988 2213 1021; x_wconf 83' lang='lat' dir='ltr'>ad—</span> 
     </span>
     <span class='ocr_line' id='line_1_70' title="bbox 1228 1036 2212 1081; baseline 0.002 -12"><span class='ocrx_word' id='word_1_429' title='bbox 1228 1038 1365 1070; x_wconf 87' lang='lat' dir='ltr'>iunctos</span> <span class='ocrx_word' id='word_1_430' title='bbox 1390 1048 1460 1069; x_wconf 92' lang='lat' dir='ltr'>esse</span> <span class='ocrx_word' id='word_1_431' title='bbox 1484 1044 1664 1081; x_wconf 84' lang='lat' dir='ltr'>oportere,</span> <span class='ocrx_word' id='word_1_432' title='bbox 1699 1045 1732 1070; x_wconf 90' lang='lat' dir='ltr'>et</span> <span class='ocrx_word' id='word_1_433' title='bbox 1755 1038 1911 1071; x_wconf 85' lang='lat' dir='ltr'>membra</span> <span class='ocrx_word' id='word_1_434' title='bbox 1934 1039 1971 1070; x_wconf 92' lang='lat' dir='ltr'>in</span> <span class='ocrx_word' id='word_1_435' title='bbox 1995 1050 2121 1081; x_wconf 86' lang='lat' dir='ltr'>genere</span> <span class='ocrx_word' id='word_1_436' title='bbox 2143 1036 2212 1071; x_wconf 91' lang='lat' dir='ltr'>hu-</span> 
     </span>
     <span class='ocr_line' id='line_1_71' title="bbox 1229 1087 2212 1131; baseline 0.001 -13"><span class='ocrx_word' id='word_1_437' title='bbox 1229 1098 1333 1119; x_wconf 88' lang='lat' dir='ltr'>mano</span> <span class='ocrx_word' id='word_1_438' title='bbox 1357 1087 1478 1119; x_wconf 80' lang='lat' dir='ltr'>avulsa</span> <span class='ocrx_word' id='word_1_439' title='bbox 1500 1099 1517 1119; x_wconf 88' lang='lat' dir='ltr'>a</span> <span class='ocrx_word' id='word_1_440' title='bbox 1538 1087 1615 1120; x_wconf 91' lang='lat' dir='ltr'>Deo</span> <span class='ocrx_word' id='word_1_441' title='bbox 1642 1094 1675 1120; x_wconf 92' lang='lat' dir='ltr'>et</span> <span class='ocrx_word' id='word_1_442' title='bbox 1698 1088 1881 1131; x_wconf 89' lang='lat' dir='ltr'>dissipata,</span> <span class='ocrx_word' id='word_1_443' title='bbox 1907 1100 2027 1121; x_wconf 88' lang='lat' dir='ltr'>rursus</span> <span class='ocrx_word' id='word_1_444' title='bbox 2044 1089 2212 1131; x_wconf 81' lang='lat' dir='ltr'>coniungi</span> 
     </span>
     <span class='ocr_line' id='line_1_72' title="bbox 1229 1136 2213 1181; baseline 0 -12"><span class='ocrx_word' id='word_1_445' title='bbox 1229 1148 1291 1180; x_wconf 83' lang='lat' dir='ltr'>per</span> <span class='ocrx_word' id='word_1_446' title='bbox 1314 1136 1428 1178; x_wconf 86' lang='lat' dir='ltr'>ipsum</span> <span class='ocrx_word' id='word_1_447' title='bbox 1453 1143 1485 1169; x_wconf 90' lang='lat' dir='ltr'>et</span> <span class='ocrx_word' id='word_1_448' title='bbox 1508 1136 1551 1168; x_wconf 86' lang='lat' dir='ltr'>ad</span> <span class='ocrx_word' id='word_1_449' title='bbox 1570 1148 1681 1168; x_wconf 81' lang='lat' dir='ltr'>unum</span> <span class='ocrx_word' id='word_1_450' title='bbox 1700 1144 1880 1170; x_wconf 85' lang='lat' dir='ltr'>aeternum</span> <span class='ocrx_word' id='word_1_451' title='bbox 1897 1145 2029 1180; x_wconf 85' lang='lat' dir='ltr'>patrem</span> <span class='ocrx_word' id='word_1_452' title='bbox 2044 1138 2213 1181; x_wconf 86' lang='lat' dir='ltr'>copulari,</span> 
     </span>
     <span class='ocr_line' id='line_1_73' title="bbox 1229 1184 2214 1231; baseline 0 -11"><span class='ocrx_word' id='word_1_453' title='bbox 1229 1184 1289 1220; x_wconf 81' lang='grc' dir='ltr'>καὶ</span> <span class='ocrx_word' id='word_1_454' title='bbox 1314 1184 1706 1231; x_wconf 59' lang='grc' dir='ltr'>ἀνακεᾳαλαιοῦσθαι,</span> <span class='ocrx_word' id='word_1_455' title='bbox 1733 1194 1773 1220; x_wconf 90' lang='lat' dir='ltr'>ut</span> <span class='ocrx_word' id='word_1_456' title='bbox 1796 1187 1868 1231; x_wconf 90' lang='lat' dir='ltr'>ipse</span> <span class='ocrx_word' id='word_1_457' title='bbox 1892 1188 1940 1220; x_wconf 92' lang='lat' dir='ltr'>eis</span> <span class='ocrx_word' id='word_1_458' title='bbox 1960 1199 2057 1221; x_wconf 89' lang='lat' dir='ltr'>suam</span> <span class='ocrx_word' id='word_1_459' title='bbox 2074 1188 2214 1231; x_wconf 88' lang='lat' dir='ltr'>sapien-</span> 
     </span>
     <span class='ocr_line' id='line_1_74' title="bbox 1230 1237 2215 1271; baseline 0.001 -1"><span class='ocrx_word' id='word_1_460' title='bbox 1230 1238 1315 1270; x_wconf 86' lang='lat' dir='ltr'>tiam</span> <span class='ocrx_word' id='word_1_461' title='bbox 1341 1243 1374 1269; x_wconf 93' lang='lat' dir='ltr'>et</span> <span class='ocrx_word' id='word_1_462' title='bbox 1393 1237 1586 1269; x_wconf 83' lang='lat' dir='ltr'>bonitatem</span> <span class='ocrx_word' id='word_1_463' title='bbox 1614 1237 1652 1269; x_wconf 91' lang='lat' dir='ltr'>in</span> <span class='ocrx_word' id='word_1_464' title='bbox 1673 1238 1770 1269; x_wconf 91' lang='lat' dir='ltr'>omni</span> <span class='ocrx_word' id='word_1_465' title='bbox 1793 1238 1996 1271; x_wconf 87' lang='lat' dir='ltr'>aeternitate</span> <span class='ocrx_word' id='word_1_466' title='bbox 2017 1238 2215 1271; x_wconf 89' lang='lat' dir='ltr'>communi—</span> 
     </span>
    </p>
   </div>
   <div class='ocr_carea' id='block_1_23' title="bbox 1230 1287 2212 1380">
    <p class='ocr_par' dir='ltr' id='par_1_27' title="bbox 1230 1287 2212 1380">
     <span class='ocr_line' id='line_1_75' title="bbox 1231 1287 2212 1331; baseline 0.001 -10"><span class='ocrx_word' id='word_1_467' title='bbox 1231 1294 1300 1327; x_wconf 90' lang='lat' dir='ltr'>cet,</span> <span class='ocrx_word' id='word_1_468' title='bbox 1328 1294 1360 1320; x_wconf 89' lang='lat' dir='ltr'>et</span> <span class='ocrx_word' id='word_1_469' title='bbox 1382 1298 1448 1318; x_wconf 88' lang='lat' dir='ltr'>nos</span> <span class='ocrx_word' id='word_1_470' title='bbox 1471 1287 1624 1320; x_wconf 74' lang='lat' dir='ltr'>vicissim</span> <span class='ocrx_word' id='word_1_471' title='bbox 1648 1298 1728 1319; x_wconf 87' lang='lat' dir='ltr'>eum</span> <span class='ocrx_word' id='word_1_472' title='bbox 1751 1299 1822 1321; x_wconf 86' lang='lat' dir='ltr'>una</span> <span class='ocrx_word' id='word_1_473' title='bbox 1843 1300 1926 1322; x_wconf 74' lang='lat' dir='ltr'>voce</span> <span class='ocrx_word' id='word_1_474' title='bbox 1949 1289 2037 1331; x_wconf 85' lang='lat' dir='ltr'>grati</span> <span class='ocrx_word' id='word_1_475' title='bbox 2057 1289 2212 1322; x_wconf 86' lang='lat' dir='ltr'>celebre·</span> 
     </span>
     <span class='ocr_line' id='line_1_76' title="bbox 1230 1332 1744 1380; baseline 0 -10"><span class='ocrx_word' id='word_1_476' title='bbox 1230 1349 1319 1371; x_wconf 89' lang='lat' dir='ltr'>mus.</span> <span class='ocrx_word' id='word_1_477' title='bbox 1376 1335 1493 1374; x_wconf 70' lang='grc' dir='ltr'><em>Τέλος.</em></span> <span class='ocrx_word' id='word_1_478' title='bbox 1548 1337 1625 1380; x_wconf 72' lang='grc' dir='ltr'>Θεῷ</span> <span class='ocrx_word' id='word_1_479' title='bbox 1642 1332 1744 1374; x_wconf 72' lang='grc' dir='ltr'><em>δόξα.</em></span> 
     </span>
    </p>
   </div>
   <div class='ocr_carea' id='block_1_24' title="bbox 1231 1457 2220 1854">
    <p class='ocr_par' dir='ltr' id='par_1_28' title="bbox 1231 1457 2220 1854">
     <span class='ocr_line' id='line_1_77' title="bbox 1233 1457 2215 1506; baseline 0.001 -14"><span class='ocrx_word' id='word_1_480' title='bbox 1233 1457 1407 1505; x_wconf 87' lang='lat' dir='ltr'><strong>(LXIII.)</strong></span> <span class='ocrx_word' id='word_1_481' title='bbox 1443 1460 1502 1493; x_wconf 89' lang='lat' dir='ltr'>De</span> <span class='ocrx_word' id='word_1_482' title='bbox 1525 1458 1739 1494; x_wconf 79' lang='lat' dir='ltr'>discrimine</span> <span class='ocrx_word' id='word_1_483' title='bbox 1759 1460 1854 1504; x_wconf 69' lang='lat' dir='ltr'>leyis</span> <span class='ocrx_word' id='word_1_484' title='bbox 1875 1463 1911 1493; x_wconf 83' lang='lat' dir='ltr'>et</span> <span class='ocrx_word' id='word_1_485' title='bbox 1928 1460 2117 1506; x_wconf 68' lang='lat' dir='ltr'>Evangelii</span> <span class='ocrx_word' id='word_1_486' title='bbox 2130 1471 2215 1503; x_wconf 87' lang='lat' dir='ltr'>pro-</span> 
     </span>
     <span class='ocr_line' id='line_1_78' title="bbox 1231 1508 2216 1554; baseline -0.001 -10"><span class='ocrx_word' id='word_1_487' title='bbox 1231 1513 1454 1554; x_wconf 76' lang='lat' dir='ltr'>positiones,</span> <span class='ocrx_word' id='word_1_488' title='bbox 1512 1509 1558 1543; x_wconf 84' lang='lat' dir='ltr'>de</span> <span class='ocrx_word' id='word_1_489' title='bbox 1592 1509 1720 1554; x_wconf 75' lang='lat' dir='ltr'>quibus</span> <span class='ocrx_word' id='word_1_490' title='bbox 1758 1508 1968 1554; x_wconf 75' lang='lat' dir='ltr'>disputavit</span> <span class='ocrx_word' id='word_1_491' title='bbox 1995 1512 2052 1544; x_wconf 82' lang='lat' dir='ltr'>vir</span> <span class='ocrx_word' id='word_1_492' title='bbox 2082 1509 2216 1544; x_wconf 77' lang='lat' dir='ltr'>nobilis</span> 
     </span>
     <span class='ocr_line' id='line_1_79' title="bbox 1235 1559 2218 1605; baseline -0.001 -11"><span class='ocrx_word' id='word_1_493' title='bbox 1235 1562 1408 1605; x_wconf 63' lang='lat' dir='ltr'>Georgius</span> <span class='ocrx_word' id='word_1_494' title='bbox 1441 1560 1604 1593; x_wconf 76' lang='lat' dir='ltr'>Venetus</span> <span class='ocrx_word' id='word_1_495' title='bbox 1631 1563 1841 1603; x_wconf 74' lang='lat' dir='ltr'>Pruienus,</span> <span class='ocrx_word' id='word_1_496' title='bbox 1889 1562 1993 1594; x_wconf 82' lang='lat' dir='ltr'>Anno</span> <span class='ocrx_word' id='word_1_497' title='bbox 2021 1560 2129 1596; x_wconf 82' lang='lat'>1550.</span> <span class='ocrx_word' id='word_1_498' title='bbox 2157 1559 2218 1594; x_wconf 79' lang='lat' dir='ltr'>die</span> 
     </span>
     <span class='ocr_line' id='line_1_80' title="bbox 1238 1609 2216 1653; baseline -0.003 -8"><span class='ocrx_word' id='word_1_499' title='bbox 1238 1610 1296 1645; x_wconf 82' lang='grc'>19.</span> <span class='ocrx_word' id='word_1_500' title='bbox 1315 1609 1552 1653; x_wconf 60' lang='lat' dir='ltr'>Septembris.</span> <span class='ocrx_word' id='word_1_501' title='bbox 1613 1612 1744 1649; x_wconf 79' lang='lat' dir='ltr'>(Prodiit</span> <span class='ocrx_word' id='word_1_502' title='bbox 1765 1614 1968 1652; x_wconf 73' lang='lat' dir='ltr'>archetypon,</span> <span class='ocrx_word' id='word_1_503' title='bbox 2000 1615 2082 1653; x_wconf 89' lang='lat' dir='ltr'>quod</span> <span class='ocrx_word' id='word_1_504' title='bbox 2107 1620 2216 1642; x_wconf 87' lang='lat' dir='ltr'>contu-</span> 
     </span>
     <span class='ocr_line' id='line_1_81' title="bbox 1235 1662 2217 1702; baseline 0.002 -10"><span class='ocrx_word' id='word_1_505' title='bbox 1235 1666 1342 1700; x_wconf 83' lang='lat' dir='ltr'>limus,</span> <span class='ocrx_word' id='word_1_506' title='bbox 1380 1665 1420 1691; x_wconf 85' lang='lat' dir='ltr'>sic</span> <span class='ocrx_word' id='word_1_507' title='bbox 1451 1665 1644 1702; x_wconf 82' lang='lat' dir='ltr'>inscriptum:</span> <span class='ocrx_word' id='word_1_508' title='bbox 1681 1663 1727 1692; x_wconf 88' lang='lat' dir='ltr'>De</span> <span class='ocrx_word' id='word_1_509' title='bbox 1758 1664 1927 1692; x_wconf 78' lang='lat' dir='ltr'>discrimine</span> <span class='ocrx_word' id='word_1_510' title='bbox 1952 1665 2026 1702; x_wconf 79' lang='lat' dir='ltr'>legis</span> <span class='ocrx_word' id='word_1_511' title='bbox 2048 1671 2075 1692; x_wconf 84' lang='lat' dir='ltr'>et</span> <span class='ocrx_word' id='word_1_512' title='bbox 2097 1662 2217 1701; x_wconf 72' lang='lat' dir='ltr'>Evang-</span> 
     </span>
     <span class='ocr_line' id='line_1_82' title="bbox 1236 1713 2219 1754; baseline -0.002 -11"><span class='ocrx_word' id='word_1_513' title='bbox 1236 1715 1471 1754; x_wconf 74' lang='lat' dir='ltr'>propositiones‚</span> <span class='ocrx_word' id='word_1_514' title='bbox 1510 1714 1545 1742; x_wconf 84' lang='lat' dir='ltr'>de</span> <span class='ocrx_word' id='word_1_515' title='bbox 1576 1715 1683 1753; x_wconf 81' lang='lat' dir='ltr'>quibus</span> <span class='ocrx_word' id='word_1_516' title='bbox 1711 1713 1776 1742; x_wconf 72' lang='lat' dir='ltr'>Deo</span> <span class='ocrx_word' id='word_1_517' title='bbox 1811 1716 1950 1750; x_wconf 74' lang='lat' dir='ltr'>iuvante,</span> <span class='ocrx_word' id='word_1_518' title='bbox 1984 1714 2147 1753; x_wconf 79' lang='lat' dir='ltr'>disputabit</span> <span class='ocrx_word' id='word_1_519' title='bbox 2175 1716 2219 1742; x_wconf 64' lang='lat' dir='ltr'>vir</span> 
     </span>
     <span class='ocr_line' id='line_1_83' title="bbox 1236 1762 2220 1804; baseline 0.001 -12"><span class='ocrx_word' id='word_1_520' title='bbox 1236 1766 1345 1794; x_wconf 86' lang='lat' dir='ltr'>nobilis</span> <span class='ocrx_word' id='word_1_521' title='bbox 1372 1762 1520 1802; x_wconf 77' lang='lat' dir='ltr'>Georgius</span> <span class='ocrx_word' id='word_1_522' title='bbox 1540 1762 1681 1794; x_wconf 64' lang='lat' dir='ltr'>Venetus</span> <span class='ocrx_word' id='word_1_523' title='bbox 1701 1763 1865 1801; x_wconf 81' lang='lat' dir='ltr'>Pruteuus,</span> <span class='ocrx_word' id='word_1_524' title='bbox 1893 1765 1941 1793; x_wconf 88' lang='lat' dir='ltr'>die</span> <span class='ocrx_word' id='word_1_525' title='bbox 1962 1764 2012 1796; x_wconf 88' lang='grc'>19.</span> <span class='ocrx_word' id='word_1_526' title='bbox 2029 1763 2113 1804; x_wconf 77' lang='lat' dir='ltr'>Sept.</span> <span class='ocrx_word' id='word_1_527' title='bbox 2131 1763 2220 1793; x_wconf 58' lang='lat' dir='ltr'>V‘it-</span> 
     </span>
     <span class='ocr_line' id='line_1_84' title="bbox 1340 1813 2118 1854; baseline 0.003 -11"><span class='ocrx_word' id='word_1_528' title='bbox 1340 1815 1399 1844; x_wconf 83' lang='lat' dir='ltr'>teb.</span> <span class='ocrx_word' id='word_1_529' title='bbox 1418 1825 1455 1843; x_wconf 75' lang='lat' dir='ltr'>ex</span> <span class='ocrx_word' id='word_1_530' title='bbox 1473 1816 1549 1843; x_wconf 75' lang='lat' dir='ltr'>offic.</span> <span class='ocrx_word' id='word_1_531' title='bbox 1569 1813 1711 1844; x_wconf 84' lang='lat' dir='ltr'>Iohannis</span> <span class='ocrx_word' id='word_1_532' title='bbox 1727 1813 1823 1845; x_wconf 69' lang='lat' dir='ltr'>Lufft.</span> <span class='ocrx_word' id='word_1_533' title='bbox 1848 1815 1940 1846; x_wconf 81' lang='lat'>1550.</span> <span class='ocrx_word' id='word_1_534' title='bbox 1967 1816 1986 1844; x_wconf 86' lang='lat'><strong>2</strong></span> <span class='ocrx_word' id='word_1_535' title='bbox 2004 1817 2045 1854; x_wconf 85' lang='lat' dir='ltr'>pl.</span> <span class='ocrx_word' id='word_1_536' title='bbox 2071 1814 2118 1853; x_wconf 84' lang='grc'>8.)</span> 
     </span>
    </p>
   </div>
   <div class='ocr_carea' id='block_1_25' title="bbox 1237 1880 2221 1981">
    <p class='ocr_par' dir='ltr' id='par_1_29' title="bbox 1237 1880 2221 1981">
     <span class='ocr_line' id='line_1_85' title="bbox 1237 1880 2221 1929; baseline 0 -10"><span class='ocrx_word' id='word_1_537' title='bbox 1237 1880 1347 1920; x_wconf 87' lang='lat' dir='ltr'>Initio</span> <span class='ocrx_word' id='word_1_538' title='bbox 1370 1886 1407 1918; x_wconf 91' lang='lat' dir='ltr'>in</span> <span class='ocrx_word' id='word_1_539' title='bbox 1431 1886 1633 1919; x_wconf 87' lang='lat' dir='ltr'>narratione</span> <span class='ocrx_word' id='word_1_540' title='bbox 1657 1883 1844 1926; x_wconf 82' lang='lat' dir='ltr'>Iohannis,</span> <span class='ocrx_word' id='word_1_541' title='bbox 1871 1887 2058 1919; x_wconf 83' lang='lat' dir='ltr'>discrimen</span> <span class='ocrx_word' id='word_1_542' title='bbox 2082 1887 2166 1929; x_wconf 84' lang='lat' dir='ltr'>legis</span> <span class='ocrx_word' id='word_1_543' title='bbox 2188 1893 2221 1919; x_wconf 93' lang='lat' dir='ltr'>et</span> 
     </span>
     <span class='ocr_line' id='line_1_86' title="bbox 1237 1936 2221 1981; baseline -0.001 -11"><span class='ocrx_word' id='word_1_544' title='bbox 1237 1936 1422 1979; x_wconf 85' lang='lat' dir='ltr'>Evangelii</span> <span class='ocrx_word' id='word_1_545' title='bbox 1438 1937 1665 1981; x_wconf 86' lang='lat' dir='ltr'>proponitur,</span> <span class='ocrx_word' id='word_1_546' title='bbox 1692 1949 1770 1969; x_wconf 91' lang='lat' dir='ltr'>cum</span> <span class='ocrx_word' id='word_1_547' title='bbox 1787 1937 1928 1970; x_wconf 90' lang='lat' dir='ltr'>dicitur:</span> <span class='ocrx_word' id='word_1_548' title='bbox 1957 1936 2028 1970; x_wconf 78' lang='lat' dir='ltr'>Lex</span> <span class='ocrx_word' id='word_1_549' title='bbox 2048 1949 2107 1980; x_wconf 90' lang='lat' dir='ltr'>per</span> <span class='ocrx_word' id='word_1_550' title='bbox 2123 1936 2221 1969; x_wconf 82' lang='lat' dir='ltr'>Moi-</span> 
     </span>
    </p>
   </div>
   <div class='ocr_carea' id='block_1_26' title="bbox 1210 1984 2220 2032">
    <p class='ocr_par' dir='ltr' id='par_1_30' title="bbox 1210 1984 2220 2032">
     <span class='ocr_line' id='line_1_87' title="bbox 1210 1984 2220 2032; baseline -0.002 -11"><span class='ocrx_word' id='word_1_551' title='bbox 1210 1989 1213 1999; x_wconf 97' lang='lat'>&#39;</span> <span class='ocrx_word' id='word_1_552' title='bbox 1239 2000 1300 2021; x_wconf 91' lang='lat' dir='ltr'>sen</span> <span class='ocrx_word' id='word_1_553' title='bbox 1319 1988 1396 2020; x_wconf 89' lang='lat' dir='ltr'>data</span> <span class='ocrx_word' id='word_1_554' title='bbox 1416 1987 1484 2025; x_wconf 81' lang='lat' dir='ltr'>est,</span> <span class='ocrx_word' id='word_1_555' title='bbox 1511 1987 1619 2029; x_wconf 81' lang='lat' dir='ltr'>gratia</span> <span class='ocrx_word' id='word_1_556' title='bbox 1640 1994 1670 2020; x_wconf 90' lang='lat' dir='ltr'>et</span> <span class='ocrx_word' id='word_1_557' title='bbox 1689 1987 1814 2020; x_wconf 70' lang='lat' dir='ltr'>veritas</span> <span class='ocrx_word' id='word_1_558' title='bbox 1830 1999 1891 2032; x_wconf 89' lang='lat' dir='ltr'>per</span> <span class='ocrx_word' id='word_1_559' title='bbox 1908 1987 2023 2021; x_wconf 89' lang='lat' dir='ltr'>lesum</span> <span class='ocrx_word' id='word_1_560' title='bbox 2040 1984 2220 2021; x_wconf 90' lang='lat' dir='ltr'>Christum</span> 
     </span>
    </p>
   </div>
   <div class='ocr_carea' id='block_1_27' title="bbox 1238 2036 2223 2121">
    <p class='ocr_par' dir='ltr' id='par_1_31' title="bbox 1238 2036 2223 2121">
     <span class='ocr_line' id='line_1_88' title="bbox 1238 2036 2223 2081; baseline -0.001 -10"><span class='ocrx_word' id='word_1_561' title='bbox 1238 2039 1326 2071; x_wconf 82' lang='lat' dir='ltr'>facta</span> <span class='ocrx_word' id='word_1_562' title='bbox 1344 2044 1403 2070; x_wconf 87' lang='lat' dir='ltr'>cst.</span> <span class='ocrx_word' id='word_1_563' title='bbox 1456 2036 1503 2070; x_wconf 89' lang='lat' dir='ltr'>Et</span> <span class='ocrx_word' id='word_1_564' title='bbox 1521 2038 1612 2080; x_wconf 87' lang='lat' dir='ltr'>apud</span> <span class='ocrx_word' id='word_1_565' title='bbox 1628 2037 1794 2071; x_wconf 86' lang='lat' dir='ltr'>Paulum:</span> <span class='ocrx_word' id='word_1_566' title='bbox 1822 2038 1924 2072; x_wconf 85' lang='lat' dir='ltr'>Nunc</span> <span class='ocrx_word' id='word_1_567' title='bbox 1940 2040 2015 2071; x_wconf 89' lang='lat' dir='ltr'>sine</span> <span class='ocrx_word' id='word_1_568' title='bbox 2030 2038 2104 2081; x_wconf 83' lang='lat' dir='ltr'>lege</span> <span class='ocrx_word' id='word_1_569' title='bbox 2121 2037 2223 2071; x_wconf 88' lang='lat' dir='ltr'>iusti-</span> 
     </span>
     <span class='ocr_line' id='line_1_89' title="bbox 1241 2086 1686 2121; baseline 0 0"><span class='ocrx_word' id='word_1_570' title='bbox 1241 2088 1292 2121; x_wconf 91' lang='lat' dir='ltr'>cia</span> <span class='ocrx_word' id='word_1_571' title='bbox 1308 2086 1374 2121; x_wconf 82' lang='lat' dir='ltr'>Dei</span> <span class='ocrx_word' id='word_1_572' title='bbox 1390 2087 1609 2120; x_wconf 79' lang='lat' dir='ltr'>manifestata</span> <span class='ocrx_word' id='word_1_573' title='bbox 1625 2094 1686 2121; x_wconf 87' lang='lat' dir='ltr'>est.</span> 
     </span>
    </p>
   </div>
   <div class='ocr_carea' id='block_1_28' title="bbox 1342 2144 2222 2191">
    <p class='ocr_par' dir='ltr' id='par_1_32' title="bbox 1342 2144 2222 2191">
     <span class='ocr_line' id='line_1_90' title="bbox 1342 2144 2222 2191; baseline 0.002 -14"><span class='ocrx_word' id='word_1_574' title='bbox 1342 2145 1376 2178; x_wconf 72' lang='lat'>2.</span> <span class='ocrx_word' id='word_1_575' title='bbox 1411 2144 1463 2178; x_wconf 85' lang='lat' dir='ltr'>Ac</span> <span class='ocrx_word' id='word_1_576' title='bbox 1487 2157 1623 2178; x_wconf 82' lang='lat' dir='ltr'>neccsse</span> <span class='ocrx_word' id='word_1_577' title='bbox 1644 2153 1712 2186; x_wconf 83' lang='lat' dir='ltr'>est,</span> <span class='ocrx_word' id='word_1_578' title='bbox 1740 2157 1875 2191; x_wconf 88' lang='lat' dir='ltr'>semper</span> <span class='ocrx_word' id='word_1_579' title='bbox 1894 2147 1930 2180; x_wconf 91' lang='lat' dir='ltr'>in</span> <span class='ocrx_word' id='word_1_580' title='bbox 1950 2152 2134 2190; x_wconf 89' lang='lat' dir='ltr'>conspectu</span> <span class='ocrx_word' id='word_1_581' title='bbox 2150 2156 2222 2179; x_wconf 89' lang='lat' dir='ltr'>esse</span> 
     </span>
    </p>
   </div>
   <div class='ocr_carea' id='block_1_29' title="bbox 1212 2195 2223 2290">
    <p class='ocr_par' dir='ltr' id='par_1_33' title="bbox 1212 2195 2223 2290">
     <span class='ocr_line' id='line_1_91' title="bbox 1212 2195 2223 2242; baseline 0.001 -14"><span class='ocrx_word' id='word_1_582' title='bbox 1212 2198 1215 2228; x_wconf 73' lang='grc' dir='ltr'>ἰ</span> <span class='ocrx_word' id='word_1_583' title='bbox 1241 2195 1308 2230; x_wconf 91' lang='lat' dir='ltr'>hoc</span> <span class='ocrx_word' id='word_1_584' title='bbox 1323 2195 1459 2238; x_wconf 84' lang='lat' dir='ltr'>insigne</span> <span class='ocrx_word' id='word_1_585' title='bbox 1475 2196 1680 2237; x_wconf 86' lang='lat' dir='ltr'>discrimen,</span> <span class='ocrx_word' id='word_1_586' title='bbox 1708 2209 1777 2242; x_wconf 91' lang='lat' dir='ltr'>quo</span> <span class='ocrx_word' id='word_1_587' title='bbox 1795 2198 1945 2231; x_wconf 75' lang='lat' dir='ltr'>extincto</span> <span class='ocrx_word' id='word_1_588' title='bbox 1962 2197 2124 2230; x_wconf 89' lang='lat' dir='ltr'>tenebrae</span> <span class='ocrx_word' id='word_1_589' title='bbox 2141 2203 2223 2229; x_wconf 90' lang='lat' dir='ltr'>sunt</span> 
     </span>
     <span class='ocr_line' id='line_1_92' title="bbox 1214 2244 2223 2290; baseline -0.001 -10"><span class='ocrx_word' id='word_1_590' title='bbox 1214 2252 1215 2261; x_wconf 68' lang='lat'>¹</span> <span class='ocrx_word' id='word_1_591' title='bbox 1241 2246 1457 2285; x_wconf 87' lang='lat' dir='ltr'>horrendae,</span> <span class='ocrx_word' id='word_1_592' title='bbox 1483 2253 1523 2280; x_wconf 92' lang='lat' dir='ltr'>ut</span> <span class='ocrx_word' id='word_1_593' title='bbox 1544 2258 1644 2290; x_wconf 89' lang='lat' dir='ltr'>saepe</span> <span class='ocrx_word' id='word_1_594' title='bbox 1662 2248 1764 2281; x_wconf 85' lang='lat' dir='ltr'>etiam</span> <span class='ocrx_word' id='word_1_595' title='bbox 1781 2249 1818 2280; x_wconf 92' lang='lat' dir='ltr'>in</span> <span class='ocrx_word' id='word_1_596' title='bbox 1836 2260 1872 2282; x_wconf 86' lang='lat' dir='ltr'>ea</span> <span class='ocrx_word' id='word_1_597' title='bbox 1891 2255 1987 2290; x_wconf 88' lang='lat' dir='ltr'>parte</span> <span class='ocrx_word' id='word_1_598' title='bbox 2004 2247 2140 2290; x_wconf 88' lang='lat' dir='ltr'>generis</span> <span class='ocrx_word' id='word_1_599' title='bbox 2155 2244 2223 2279; x_wconf 86' lang='lat' dir='ltr'>bu-</span> 
     </span>
    </p>
   </div>
   <div class='ocr_carea' id='block_1_30' title="bbox 1241 2296 2224 2392">
    <p class='ocr_par' dir='ltr' id='par_1_34' title="bbox 1241 2296 2224 2392">
     <span class='ocr_line' id='line_1_93' title="bbox 1241 2296 2224 2342; baseline 0 -12"><span class='ocrx_word' id='word_1_600' title='bbox 1241 2297 1337 2330; x_wconf 89' lang='lat' dir='ltr'>mani</span> <span class='ocrx_word' id='word_1_601' title='bbox 1360 2297 1503 2337; x_wconf 88' lang='lat' dir='ltr'>accidit,</span> <span class='ocrx_word' id='word_1_602' title='bbox 1530 2309 1619 2342; x_wconf 85' lang='lat' dir='ltr'>quae</span> <span class='ocrx_word' id='word_1_603' title='bbox 1642 2298 1846 2332; x_wconf 88' lang='lat' dir='ltr'>nominatur</span> <span class='ocrx_word' id='word_1_604' title='bbox 1869 2296 2044 2338; x_wconf 89' lang='lat' dir='ltr'>Ecclesia,</span> <span class='ocrx_word' id='word_1_605' title='bbox 2070 2304 2109 2331; x_wconf 91' lang='lat' dir='ltr'>ut</span> <span class='ocrx_word' id='word_1_606' title='bbox 2129 2298 2224 2342; x_wconf 85' lang='lat' dir='ltr'>apud</span> 
     </span>
     <span class='ocr_line' id='line_1_94' title="bbox 1241 2345 1678 2392; baseline 0.005 -12"><span class='ocrx_word' id='word_1_607' title='bbox 1241 2345 1448 2381; x_wconf 85' lang='lat' dir='ltr'>Pharisaeos</span> <span class='ocrx_word' id='word_1_608' title='bbox 1464 2354 1496 2381; x_wconf 90' lang='lat' dir='ltr'>et</span> <span class='ocrx_word' id='word_1_609' title='bbox 1511 2347 1678 2392; x_wconf 87' lang='lat' dir='ltr'>Papistas.</span> 
     </span>
    </p>
   </div>
   <div class='ocr_carea' id='block_1_31' title="bbox 1343 2404 2223 2451">
    <p class='ocr_par' dir='ltr' id='par_1_35' title="bbox 1343 2404 2223 2451">
     <span class='ocr_line' id='line_1_95' title="bbox 1343 2404 2223 2451; baseline 0 -9"><span class='ocrx_word' id='word_1_610' title='bbox 1343 2408 1379 2443; x_wconf 78' lang='lat'>3.</span> <span class='ocrx_word' id='word_1_611' title='bbox 1411 2404 1460 2441; x_wconf 88' lang='lat' dir='ltr'>Et</span> <span class='ocrx_word' id='word_1_612' title='bbox 1481 2408 1634 2451; x_wconf 89' lang='lat' dir='ltr'>cognitio</span> <span class='ocrx_word' id='word_1_613' title='bbox 1656 2405 1762 2441; x_wconf 90' lang='lat' dir='ltr'>huius</span> <span class='ocrx_word' id='word_1_614' title='bbox 1784 2407 2015 2451; x_wconf 89' lang='lat' dir='ltr'>discriminis,</span> <span class='ocrx_word' id='word_1_615' title='bbox 2043 2419 2163 2441; x_wconf 81' lang='lat' dir='ltr'>revera</span> <span class='ocrx_word' id='word_1_616' title='bbox 2179 2409 2223 2442; x_wconf 91' lang='lat' dir='ltr'>ad</span> 
     </span>
    </p>
   </div>
   <div class='ocr_carea' id='block_1_32' title="bbox 212 2457 2221 2562">
    <p class='ocr_par' dir='ltr' id='par_1_36' title="bbox 212 2457 2221 2562">
     <span class='ocr_line' id='line_1_96' title="bbox 1215 2457 2221 2517; baseline 0 -27"><span class='ocrx_word' id='word_1_617' title='bbox 1215 2457 1512 2517; x_wconf 57' lang='lat' dir='ltr'>⁸fundamentum</span> <span class='ocrx_word' id='word_1_618' title='bbox 1542 2458 1712 2503; x_wconf 87' lang='lat' dir='ltr'>pertinet,</span> <span class='ocrx_word' id='word_1_619' title='bbox 1753 2458 1797 2490; x_wconf 91' lang='lat' dir='ltr'>de</span> <span class='ocrx_word' id='word_1_620' title='bbox 1829 2470 1897 2502; x_wconf 91' lang='lat' dir='ltr'>quo</span> <span class='ocrx_word' id='word_1_621' title='bbox 1930 2457 2061 2492; x_wconf 86' lang='lat' dir='ltr'>Paulus</span> <span class='ocrx_word' id='word_1_622' title='bbox 2089 2458 2221 2503; x_wconf 89' lang='lat' dir='ltr'>inquit:</span> 
     </span>
     <span class='ocr_line' id='line_1_97' title="bbox 212 2516 1218 2562; baseline -0.012 -3"><span class='ocrx_word' id='word_1_623' title='bbox 212 2523 316 2559; x_wconf 90' lang='lat' dir='ltr'>clesia</span> <span class='ocrx_word' id='word_1_624' title='bbox 346 2519 494 2554; x_wconf 89' lang='lat' dir='ltr'>assiduis</span> <span class='ocrx_word' id='word_1_625' title='bbox 523 2520 709 2562; x_wconf 85' lang='lat' dir='ltr'>gemitibus</span> <span class='ocrx_word' id='word_1_626' title='bbox 737 2526 772 2552; x_wconf 87' lang='lat' dir='ltr'>et</span> <span class='ocrx_word' id='word_1_627' title='bbox 799 2516 954 2551; x_wconf 88' lang='lat' dir='ltr'>lacrimis</span> <span class='ocrx_word' id='word_1_628' title='bbox 978 2521 1116 2559; x_wconf 88' lang='lat' dir='ltr'>petant,</span> <span class='ocrx_word' id='word_1_629' title='bbox 1147 2526 1192 2547; x_wconf 88' lang='lat' dir='ltr'>ne</span> <span class='ocrx_word' id='word_1_630' title='bbox 1216 2535 1218 2538; x_wconf 92' lang='lat'><em>-</em></span> 
     </span>
    </p>
   </div>
   <div class='ocr_carea' id='block_1_33' title="bbox 1244 2507 2225 2553">
    <p class='ocr_par' dir='ltr' id='par_1_37' title="bbox 1244 2507 2225 2553">
     <span class='ocr_line' id='line_1_98' title="bbox 1244 2507 2225 2553; baseline 0.001 -12"><span class='ocrx_word' id='word_1_631' title='bbox 1244 2507 1528 2542; x_wconf 86' lang='lat' dir='ltr'>Fuudamentum</span> <span class='ocrx_word' id='word_1_632' title='bbox 1551 2508 1646 2541; x_wconf 90' lang='lat' dir='ltr'>aliud</span> <span class='ocrx_word' id='word_1_633' title='bbox 1664 2520 1794 2552; x_wconf 89' lang='lat' dir='ltr'>ponere</span> <span class='ocrx_word' id='word_1_634' title='bbox 1811 2520 1914 2541; x_wconf 88' lang='lat' dir='ltr'>nemo</span> <span class='ocrx_word' id='word_1_635' title='bbox 1933 2515 2061 2552; x_wconf 84' lang='lat' dir='ltr'>potest,</span> <span class='ocrx_word' id='word_1_636' title='bbox 2088 2516 2225 2553; x_wconf 88' lang='lat' dir='ltr'>praeter</span> 
     </span>
    </p>
   </div>
   <div class='ocr_carea' id='block_1_34' title="bbox 213 2557 2132 2621">
    <p class='ocr_par' dir='ltr' id='par_1_38' title="bbox 213 2557 2132 2621">
     <span class='ocr_line' id='line_1_99' title="bbox 213 2557 2132 2621; baseline -0.009 -14"><span class='ocrx_word' id='word_1_637' title='bbox 213 2574 288 2607; x_wconf 79' lang='lat' dir='ltr'>veri</span> <span class='ocrx_word' id='word_1_638' title='bbox 312 2572 427 2606; x_wconf 89' lang='lat' dir='ltr'>cultus</span> <span class='ocrx_word' id='word_1_639' title='bbox 447 2570 644 2603; x_wconf 87' lang='lat' dir='ltr'>obruantur</span> <span class='ocrx_word' id='word_1_640' title='bbox 660 2567 867 2613; x_wconf 85' lang='lat' dir='ltr'>sophistica,</span> <span class='ocrx_word' id='word_1_641' title='bbox 892 2567 951 2600; x_wconf 90' lang='lat' dir='ltr'>sed</span> <span class='ocrx_word' id='word_1_642' title='bbox 969 2573 1008 2599; x_wconf 90' lang='lat' dir='ltr'>ut</span> <span class='ocrx_word' id='word_1_643' title='bbox 1024 2566 1194 2609; x_wconf 86' lang='lat' dir='ltr'>gubernet</span> <span class='ocrx_word' id='word_1_644' title='bbox 1217 2590 1220 2621; x_wconf 58' lang='grc' dir='ltr'>ἱ</span> <span class='ocrx_word' id='word_1_645' title='bbox 1245 2559 1280 2592; x_wconf 69' lang='grc' dir='ltr'>Μ</span> <span class='ocrx_word' id='word_1_646' title='bbox 1299 2560 1392 2604; x_wconf 82' lang='lat' dir='ltr'>quod</span> <span class='ocrx_word' id='word_1_647' title='bbox 1411 2559 1561 2602; x_wconf 82' lang='lat' dir='ltr'>positum</span> <span class='ocrx_word' id='word_1_648' title='bbox 1578 2564 1644 2599; x_wconf 82' lang='lat' dir='ltr'>est,</span> <span class='ocrx_word' id='word_1_649' title='bbox 1671 2559 1766 2603; x_wconf 86' lang='lat' dir='ltr'>quod</span> <span class='ocrx_word' id='word_1_650' title='bbox 1784 2565 1833 2592; x_wconf 81' lang='lat' dir='ltr'>est</span> <span class='ocrx_word' id='word_1_651' title='bbox 1849 2558 1943 2593; x_wconf 89' lang='lat' dir='ltr'>lesus</span> <span class='ocrx_word' id='word_1_652' title='bbox 1959 2557 2132 2593; x_wconf 87' lang='lat' dir='ltr'>Christus.</span> 
     </span>
    </p>
   </div>
   <div class='ocr_carea' id='block_1_35' title="bbox 213 2616 1221 2661">
    <p class='ocr_par' dir='ltr' id='par_1_39' title="bbox 213 2616 1221 2661">
     <span class='ocr_line' id='line_1_100' title="bbox 213 2616 1221 2661; baseline -0.009 -3"><span class='ocrx_word' id='word_1_653' title='bbox 213 2636 280 2658; x_wconf 89' lang='lat' dir='ltr'>nos</span> <span class='ocrx_word' id='word_1_654' title='bbox 302 2623 415 2661; x_wconf 89' lang='lat' dir='ltr'>Deus,</span> <span class='ocrx_word' id='word_1_655' title='bbox 448 2627 487 2654; x_wconf 90' lang='lat' dir='ltr'>ut</span> <span class='ocrx_word' id='word_1_656' title='bbox 514 2631 593 2652; x_wconf 72' lang='lat' dir='ltr'>vera</span> <span class='ocrx_word' id='word_1_657' title='bbox 621 2619 860 2658; x_wconf 75' lang='lat' dir='ltr'>invocatione,</span> <span class='ocrx_word' id='word_1_658' title='bbox 894 2628 976 2649; x_wconf 71' lang='lat' dir='ltr'>vera</span> <span class='ocrx_word' id='word_1_659' title='bbox 1003 2616 1194 2659; x_wconf 85' lang='lat' dir='ltr'>gratiarum</span> <span class='ocrx_word' id='word_1_660' title='bbox 1218 2630 1221 2652; x_wconf 67' lang='grc' dir='ltr'>ε</span> 
     </span>
    </p>
   </div>
   <div class='ocr_carea' id='block_1_36' title="bbox 216 2667 1085 2711">
    <p class='ocr_par' dir='ltr' id='par_1_40' title="bbox 216 2667 1085 2711">
     <span class='ocr_line' id='line_1_101' title="bbox 216 2667 1085 2711; baseline -0.007 -3"><span class='ocrx_word' id='word_1_661' title='bbox 216 2674 371 2711; x_wconf 86' lang='lat' dir='ltr'>actione,</span> <span class='ocrx_word' id='word_1_662' title='bbox 398 2677 432 2704; x_wconf 89' lang='lat' dir='ltr'>et</span> <span class='ocrx_word' id='word_1_663' title='bbox 448 2681 528 2703; x_wconf 75' lang='lat' dir='ltr'>vera</span> <span class='ocrx_word' id='word_1_664' title='bbox 546 2668 744 2703; x_wconf 89' lang='lat' dir='ltr'>obedientia</span> <span class='ocrx_word' id='word_1_665' title='bbox 764 2681 841 2702; x_wconf 88' lang='lat' dir='ltr'>eum</span> <span class='ocrx_word' id='word_1_666' title='bbox 860 2667 1085 2702; x_wconf 75' lang='lat' dir='ltr'>celebremus,</span> 
     </span>
    </p>
   </div>
   <div class='ocr_carea' id='block_1_37' title="bbox 1246 2617 2222 2714">
    <p class='ocr_par' dir='ltr' id='par_1_41' title="bbox 1246 2617 2222 2714">
     <span class='ocr_line' id='line_1_102' title="bbox 1346 2617 2222 2663; baseline 0 -12"><span class='ocrx_word' id='word_1_667' title='bbox 1346 2617 1379 2651; x_wconf 88' lang='lat'>4.</span> <span class='ocrx_word' id='word_1_668' title='bbox 1409 2617 1635 2651; x_wconf 83' lang='lat' dir='ltr'>Manifestum</span> <span class='ocrx_word' id='word_1_669' title='bbox 1652 2624 1702 2650; x_wconf 88' lang='lat' dir='ltr'>est</span> <span class='ocrx_word' id='word_1_670' title='bbox 1718 2617 1811 2650; x_wconf 83' lang='lat' dir='ltr'>aliud</span> <span class='ocrx_word' id='word_1_671' title='bbox 1827 2629 1898 2651; x_wconf 84' lang='lat' dir='ltr'>esse</span> <span class='ocrx_word' id='word_1_672' title='bbox 1914 2618 2107 2652; x_wconf 89' lang='lat' dir='ltr'>doctrinam</span> <span class='ocrx_word' id='word_1_673' title='bbox 2123 2629 2222 2663; x_wconf 90' lang='lat' dir='ltr'>prae-</span> 
     </span>
     <span class='ocr_line' id='line_1_103' title="bbox 1246 2668 2222 2714; baseline 0 -12"><span class='ocrx_word' id='word_1_674' title='bbox 1246 2668 1433 2712; x_wconf 85' lang='lat' dir='ltr'>cipientem</span> <span class='ocrx_word' id='word_1_675' title='bbox 1464 2675 1495 2701; x_wconf 91' lang='lat' dir='ltr'>et</span> <span class='ocrx_word' id='word_1_676' title='bbox 1526 2668 1839 2710; x_wconf 87' lang='lat' dir='ltr'>condemnantem,</span> <span class='ocrx_word' id='word_1_677' title='bbox 1886 2669 1981 2703; x_wconf 89' lang='lat' dir='ltr'>aliud</span> <span class='ocrx_word' id='word_1_678' title='bbox 2019 2668 2222 2714; x_wconf 88' lang='lat' dir='ltr'>promissio-</span> 
     </span>
    </p>
   </div>
  </div>
 </body>
</html>
