2324 2955
174 130 248 165 607

940 119 1428 160 DISPUTATIONES

2129 125 2204 160 608

279 214 340 248 29.
374 212 467 245 Haec
484 211 568 243 fides
585 209 789 242 accenditur
807 209 926 243 audita
946 221 1030 243 voce
1046 207 1166 242 Evan-
1193 212 1197 240 Ι
1221 208 1281 242 sed
1307 206 1392 239 alibi
1411 205 1449 239 in
1467 206 1614 251 privatis
1629 207 1766 252 scriptis
1790 218 1908 252 sparsa
1928 216 2029 254 sunt,
2056 211 2099 243 de
2122 210 2206 255 qui-

180 266 283 310 getii,
323 274 401 296 cum
434 273 501 305 qna
538 261 631 293 filius
653 258 718 293 Dei
749 257 856 303 λόγος
886 260 1019 293 aeterni
1050 261 1169 304 patris,

181 316 367 349 ostendens
396 312 614 345 voluntatem
648 311 757 354 patris
789 319 821 344 et
855 311 1023 353 colligens
1047 309 1168 344 Eccle-

180 367 286 404 siam,
320 363 439 396 efficax
465 370 513 395 est
535 362 572 394 in
595 362 718 402 corde,
752 368 785 394 et
810 363 869 395 dat
891 361 1063 406 Spiritum
1087 373 1168 396 san·

181 423 294 454 ctum,
322 413 380 459 qui
399 413 564 446 laetitiam
587 419 619 445 et
644 412 904 446 invocationem
924 413 962 445 in
984 412 1087 446 nobis
1110 425 1170 447 ex-

181 465 321 503 uscitat‚
350 476 387 496 ac
402 465 440 497 fit
456 463 685 507 regeneratio,
703 463 793 497 sicut
812 466 842 498 1.
861 463 956 498 Petri
978 466 1008 498 1.
1024 464 1168 498 dicitur:

180 515 389 559 Regenerati
417 526 478 558 per
502 515 648 547 verbum
672 514 793 547 vivum
814 513 881 548 Dei
911 521 944 548 et
961 526 1110 549 manens
1132 515 1169 548 in

182 566 350 601 seculum.

283 625 342 659 30.
385 624 453 659 Sed
479 632 596 659 tamen
621 630 845 668 regeneratus
876 630 925 657 est
959 625 1089 665 iustus,
1135 625 1169 658 id

183 685 248 717 est,
285 675 419 709 habens
444 676 686 709 remissionem
721 682 942 718 peccatorum
970 682 1004 709 et
1032 675 1171 719 placens

184 726 260 760 Deo
284 725 347 760 hac
372 727 460 767 fide,
488 738 576 771 quae
599 726 719 760 statuit
746 737 809 758 nos
835 732 977 770 propter
1001 726 1172 760 obedien-

185 779 268 811 tiam
293 777 494 811 mediatoris
515 789 576 821 per
601 776 877 809 misericordiam
901 776 1010 820 recipi
1037 783 1071 810 et
1096 777 1172 820 pla-

184 840 272 862 cere.
325 826 383 861 Sic
406 829 539 861 accedit
560 829 602 860 ad
621 827 734 861 Deum
761 828 847 868 fide,
872 827 1014 860 intuens
1040 828 1173 860 media-

184 886 313 916 torem,
341 884 373 911 et
389 879 462 912 eius
479 878 716 911 obedientiam
733 884 766 911 et
783 878 1081 913 intercessionem.
1114 878 1172 912 Sic

184 930 227 962 ad
252 927 367 962 Deum
391 930 561 962 accedunt
584 926 798 973 Prophetae,
832 935 870 962 ut
896 929 1014 962 David
1041 929 1171 974 inquit:

184 978 266 1013 Non
288 979 531 1013 iustificabitur
547 979 584 1012 in
609 985 797 1022 conspectu
823 985 884 1012 tuo
907 979 1022 1012 omnis
1042 979 1174 1020 vivens,

185 1031 246 1064 sed
264 1030 355 1063 beati
381 1042 533 1075 quorum
550 1030 712 1063 remissae
729 1036 808 1062 sunt
827 1029 1039 1073 iniquitates.
1073 1029 1174 1063 Hanc

185 1080 462 1114 consolationem
489 1087 608 1114 teneas
630 1081 721 1113 inter
740 1086 808 1112 tam
831 1080 945 1112 varios
962 1080 1173 1123 opinionum
1198 1086 1201 1103 ’ν

184 1131 368 1165 tumultus.
420 1131 499 1164 Non
520 1131 670 1171 errabis,
697 1142 775 1162 cum
793 1130 842 1162 sic
859 1129 1039 1163 invocabis
1051 1129 1174 1171 Deum,

187 1183 277 1215 sicut
295 1181 461 1215 invocant
476 1179 682 1225 Prophetae.

288 1248 346 1282 31.
392 1246 438 1281 Et
461 1259 662 1293 quanquam
684 1254 764 1280 sunt
786 1246 920 1279 accensi
945 1246 1029 1279 novi
1059 1253 1175 1280 motus

186 1300 222 1331 in
253 1300 374 1338 corde,
416 1305 533 1331 tamen
567 1299 604 1330 in
645 1297 824 1330 infinitum
863 1297 1087 1330 anteferenda
1119 1304 1169 1331 est

184 1349 385 1382 obedientia
411 1349 613 1382 mediatoris
645 1347 931 1388 sanctificationi,
964 1359 1052 1392 qnae
1076 1348 1112 1381 fit
1136 1348 1173 1381 in

185 1400 298 1433 nobis.
353 1398 393 1432 In
412 1396 476 1432 hac
491 1399 731 1432 consolatione
748 1398 891 1431 deducit
908 1410 973 1431 nos
983 1397 1114 1432 Paulus
1130 1399 1171 1431 ad

184 1450 423 1483 obedientiam
450 1449 672 1487 mediatoris,
707 1456 740 1482 et
762 1448 1066 1482 intercessionem:
1096 1450 1174 1494 quis

186 1508 236 1535 est
254 1501 315 1545 qui
331 1501 564 1534 condemnet?
599 1512 678 1533 cum
692 1497 858 1535 ‘Christus
877 1506 1038 1533 mortuus
1054 1499 1115 1540 sit,
1142 1507 1175 1533 et

186 1552 229 1585 sit
254 1552 289 1583 in
316 1551 435 1583 dextra
459 1551 546 1589 Dei,
588 1557 620 1584 et
644 1550 836 1583 intercedat
861 1561 924 1593 pro
950 1549 1063 1582 nobis.
1129 1548 1175 1583 Et

186 1609 276 1635 certe
293 1613 428 1645 semper
446 1602 597 1644 primum
623 1601 772 1645 petenda
797 1607 848 1634 est
873 1600 1031 1632 remissio
1053 1612 1175 1644 pecca·
1199 1627 1201 1632 Α

186 1661 302 1686 torum
321 1659 353 1685 et
369 1651 621 1686 reconciliatio.
674 1651 769 1685 Haec
792 1662 894 1690 vera,
923 1657 1014 1684 certa
1040 1657 1073 1683 et
1096 1662 1175 1694 per-

186 1704 304 1747 spicua
326 1709 425 1741 sunt,
454 1702 549 1735 iuxta
572 1702 772 1735 testimonia
797 1701 833 1733 in
856 1701 992 1744 scriptis
1019 1699 1174 1745 propbe-

186 1754 263 1788 ticis
282 1761 314 1786 et
334 1753 554 1796 apostolicis,
581 1759 613 1786 et
631 1753 724 1786 iuxta
742 1751 902 1785 exercitia
920 1751 1079 1785 omnium
1097 1752 1174 1797 pio—

185 1816 263 1837 rum
282 1804 317 1836 in
335 1802 503 1839 Ecclesia.

290 1863 351 1897 32.
386 1861 457 1895 Has
474 1873 571 1895 veras
588 1868 620 1895 et
637 1862 806 1895 salutares
823 1862 1079 1895 consolationes
1101 1873 1173 1894 non

186 1914 303 1946 sinant
322 1912 389 1945 sibi
413 1913 526 1945 excuti
551 1910 712 1946 homines
737 1913 784 1956 pii
809 1913 892 1945 ullis
917 1910 1173 1957 sophismatum

184 1963 398 2008 praestigiis,
426 1975 489 1996 nec
508 1969 733 1996 contemnant
759 1963 997 1997 ministerium
1012 1962 1174 2006 Evange-

187 2014 247 2054 lii,
276 2026 339 2046 nec
369 2013 497 2047 abduci
530 2025 564 2047 se
595 2015 639 2046 ab
658 2013 825 2047 Ecclesiis
850 2020 941 2048 recte
962 2015 1173 2048 docentibus

188 2065 305 2098 sinant
337 2076 397 2108 per
429 2062 590 2097 homines
619 2063 922 2110 τετυφωμένους,
963 2072 995 2099 et
1021 2076 1176 2105 errones,

187 2116 246 2159 qui
269 2115 464 2159 splendidis
487 2116 604 2149 verbis
624 2115 783 2149 iactitant
807 2116 994 2159 religiones
1013 2114 1173 2159 Angelo-

186 2177 282 2204 rum,
310 2173 340 2199 et
357 2178 470 2211 neque
488 2178 613 2210 corpus
632 2166 810 2199 doctrinae
827 2166 1001 2209 integrum
1020 2168 1175 2207 tradunt,

186 2228 301 2260 neque
319 2217 402 2260 quid
422 2216 574 2250 sentiant
602 2218 734 2250 audent
761 2229 944 2261 exponere.
997 2216 1065 2250 Sed
1095 2224 1174 2251 tan-

186 2274 262 2299 tum
280 2267 428 2299 aliorum
446 2268 536 2300 dicta
555 2265 840 2312 reprehendunt,
866 2279 981 2312 neque
998 2269 1174 2312 prodeunt

186 2317 252 2359 ipsi
271 2328 309 2348 ex
329 2317 488 2358 latebris,
516 2331 630 2363 neque
647 2330 744 2352 suam
763 2317 956 2352 Ecclesiam
972 2319 1174 2360 ostendunt,

187 2375 220 2400 et
238 2367 351 2400 sciunt
371 2368 591 2411 plausibilem
610 2381 680 2402 esse
696 2369 988 2413 vituperationem
1000 2367 1174 2403 Ecclesia—

187 2429 266 2451 rum
288 2425 486 2451 nostrarum
502 2420 594 2463 apud
612 2420 760 2459 multos,
788 2420 849 2466 qui
866 2420 990 2453 volunt
1004 2431 1076 2453 esse
1085 2419 1174 2466 Pyr-

188 2465 326 2505 rhonii‚
369 2476 401 2501 et
431 2481 503 2501 non
536 2477 661 2503 curant
688 2471 819 2504 dictum
847 2471 889 2504 ad
918 2468 1075 2504 Ebraeos
1101 2472 1173 2507 10.:

188 2518 270 2552 Non
291 2520 490 2552 deserentes
508 2521 813 2563 congregationem
831 2528 999 2557 nostram.

289 2583 350 2618 33.
405 2583 517 2617 Taxat
552 2584 812 2619 Stenkefeldius
856 2586 960 2620 etiam
1002 2587 1172 2632 quaedam

188 2633 391 2667 horridiora
418 2635 510 2667 dicta
535 2635 578 2667 de
603 2635 710 2669 stoica
741 2638 962 2678 necessitate,
989 2650 1078 2682 quae
1100 2650 1174 2672 non

1193 244 1197 315 Ι
1222 260 1287 292 bus
1308 257 1462 291 breviter
1486 258 1757 301 respondemus,
1785 270 1849 291 nos
1871 260 2088 301 doctrinam,
2118 272 2207 306 quae

1222 310 1259 342 in
1279 308 1457 341 communi
1472 308 1689 341 confessione
1706 306 1830 342 harum
1847 308 2085 343 Ecclesiarum
2105 317 2208 351 extat,

1222 359 1383 403 amplecti
1414 365 1616 392 reverenter
1646 360 1819 402 profiteri,
1855 372 1921 393 nos
1949 372 2040 400 esse,
2074 367 2107 394 et
2134 361 2208 395 Deo

1223 411 1365 445 iuvante
1391 421 1574 443 mansuros
1597 421 1669 442 esse
1695 409 1788 443 cives
1821 408 1946 444 harum
1969 410 2208 445 Ecclesiarum

1223 463 1317 495 iuxta
1335 473 1557 494 communem
1577 459 1832 494 confessionem
1853 473 1972 495 earum
1996 474 2086 507 quae
2109 468 2212 503 extat,

1224 524 1286 546 nec
1302 512 1480 556 disputare
1497 523 1562 545 nos
1586 511 1657 544 iam
1681 511 1724 544 de
1745 511 1890 555 privatis
1912 513 2066 557 scriptis,
2098 525 2212 558 quan-

1224 575 1328 609 quam
1355 574 1427 596 non
1452 563 1535 596 facit
1565 562 1714 595 candide
1739 561 2016 602 Stenkefeldius‚
2056 565 2150 608 quod
2171 575 2211 597 eo

1225 615 1328 648 etiam
1345 613 1572 655 criminatur,
1598 624 1688 658 quos
1702 613 1765 646 scit
1785 613 1844 646 illa
1856 612 1973 647 Stoica
1990 613 2141 648 fideliter
2156 626 2212 648 re-

1224 666 1364 698 sutasse.

1327 731 1388 767 34.
1439 730 1639 764 Necessaria
1673 731 1858 774 diligentia
1895 737 1946 764 est
1982 731 2214 772 considerare,

1227 783 1286 828 qni
1318 782 1387 815 sint
1420 779 1536 814 hostes
1569 793 1670 814 verae
1694 779 1889 822 Ecclesiae,
1920 788 1952 814 et
1977 782 2116 815 munire
2137 781 2214 826 pios

1226 840 1346 867 contra
1375 832 1608 876 corruptelas,
1642 832 1731 865 sicut
1753 833 1919 876 scriptum
1943 839 2008 865 est:
2044 831 2172 866 Cavete
2195 844 2215 865 a

1227 880 1561 928 pseudoprophetis,
1627 882 1789 927 Papistae
1811 883 1996 917 stabiliunt
2023 895 2083 917 sua
2106 883 2215 922 idola,

1228 934 1373 967 Missam
1399 934 1436 966 in
1460 940 1640 978 quaestum
1667 934 1828 966 collatam
1856 933 2096 968 invocationes
2120 945 2216 966 mor-

1229 992 1389 1026 tuorum,
1425 981 1679 1017 monachorum
1697 981 1901 1029 hypocrisin
1919 990 1952 1018 et
1966 985 2095 1018 multas
2111 983 2216 1017 salsas

1227 1035 1431 1079 opiniones,
1455 1036 1498 1067 de
1525 1041 1686 1078 peccato,
1719 1036 1762 1067 de
1790 1034 1946 1072 iusticia,
1981 1036 2025 1068 de
2046 1034 2231 1072 Ecclesia,—

1228 1086 1270 1118 de
1287 1085 1440 1118 cultibus
1458 1082 1611 1117 humana
1629 1085 1815 1118 autoritate
1832 1085 2003 1119 institutis
2018 1083 2216 1129 Anaba'pti-

1199 1156 1201 1177 3
1229 1142 1299 1168 stae
1334 1141 1507 1178 vagantur
1543 1141 1661 1178 spreto
1696 1135 1913 1175 ministerio,
1955 1142 1990 1168 et
2031 1136 2217 1168 circumfe-

1229 1192 1312 1218 runt
1337 1196 1504 1227 magnum
1521 1182 1638 1218 Chaos
1664 1185 1894 1218 fanaticarum
1921 1185 2150 1229 opinionum,
2184 1192 2217 1218 et

1228 1237 1398 1269 damnant
1415 1242 1529 1270 totum
1553 1235 1737 1280 politicum
1762 1236 1944 1274 ordinem,
1980 1248 2076 1269 nunc
2098 1242 2131 1270 et
2151 1235 2217 1270 Sa—

1228 1287 1396 1321 mosateni
1415 1287 1515 1319 furor
1539 1293 1729 1319 renovatur
1752 1286 1890 1330 scriptis
1907 1286 2062 1325 Serveti‚
2097 1297 2218 1319 recens

1230 1338 1360 1371 iterum
1384 1337 1487 1371 editis
1503 1343 1536 1370 et
1554 1337 1684 1376 auctis,
1714 1336 1752 1369 in
1781 1336 1911 1382 quibus
1935 1349 2015 1370 cum
2039 1337 2109 1370 alia
2131 1337 2217 1370 salsa

1200 1405 1202 1415 ι
1228 1389 1390 1431 dogmata
1413 1388 1622 1428 traduntur,
1665 1393 1741 1420 tum
1772 1399 1855 1421 vero
1887 1388 2037 1421 maxima
2071 1395 2217 1422 conten-

1228 1438 1325 1472 tione
1341 1445 1567 1482 oppugnatur
1583 1438 1744 1471 doctrina
1768 1438 1919 1483 symboli
1933 1437 2058 1471 Niceni
2077 1439 2121 1471 de
2143 1438 2216 1471 filio

1228 1488 1295 1522 Dei
1317 1495 1351 1522 et
1375 1490 1418 1522 de
1436 1488 1572 1532 Spiritu
1591 1494 1721 1522 sancto.
1775 1487 1887 1532 Saepe
1905 1489 2116 1521 vociferatur
2134 1486 2215 1521 Ser—

1228 1545 1329 1572 vetns
1353 1550 1418 1571 nos
1433 1538 1596 1572 Latinam
1622 1550 1741 1571 vocem
1766 1550 1935 1582 personae
1955 1546 2055 1572 acute
2082 1538 2216 1572 intelli-

1229 1600 1324 1632 gere,
1351 1590 1420 1622 dici
1440 1595 1510 1622 tres
1532 1600 1716 1632 personas,
1743 1596 1782 1622 ut
1807 1589 1843 1621 in
1871 1601 1990 1630 scena,
2016 1589 2098 1634 quia
2125 1600 2217 1622 unus

1228 1647 1260 1674 et
1277 1640 1370 1672 idem
1387 1640 1446 1685 qui
1463 1639 1670 1673 nominatur
1693 1647 1791 1683 pater
1812 1640 1898 1672 alias
1921 1640 2023 1673 aliter
2044 1652 2080 1673 se
2099 1646 2217 1673 osten—

1229 1691 1331 1724 derit.

1330 1749 1389 1783 35.
1425 1748 1494 1783 Sed
1521 1759 1604 1788 nos,
1632 1756 1671 1782 ut
1694 1756 1726 1782 et
1754 1749 1926 1782 confessio
1950 1746 2075 1782 harum
2093 1747 2217 1782 Eccle-

1228 1801 1359 1834 siarum
1378 1800 1432 1845 pie
1449 1799 1630 1838 adfirmat,
1665 1800 1845 1845 symbola,
1869 1799 2125 1845 Apostolicum,
2152 1799 2217 1833 Ni-

1227 1863 1370 1892 cenum,
1405 1857 1437 1883 et
1462 1847 1747 1883 Athanasiannm
1777 1857 1979 1884 constanter
2013 1851 2218 1890 retinemus,

1228 1909 1262 1936 et
1277 1912 1468 1945 congruere
1484 1913 1521 1933 ea
1537 1913 1616 1934 cum
1632 1901 1768 1945 scriptis
1786 1898 2000 1946 propheticis
2017 1908 2049 1935 et
2075 1908 2216 1946 aposto-

1228 1953 1304 1986 licis
1321 1965 1393 1985 non
1413 1951 1625 1985 dubitamus.

1330 2020 1390 2054 36.
1426 2019 1465 2053 ln
1485 2019 1576 2052 dicto
1596 2016 1689 2052 Iob.:
1711 2017 1772 2053 Ἔν
1791 2016 1886 2064 ἀρχῇ
1901 2014 1947 2064 ἦν
1966 2016 1985 2053 ὁ
2003 2015 2126 2067 λόγος,
2155 2020 2218 2052 ad-

1227 2072 1407 2104 firmamus
1424 2067 1536 2117 λόγον
1556 2070 1828 2113 intelligendum
1846 2081 1919 2102 esse
1933 2070 2063 2110 filium,
2090 2069 2151 2114 qui
2166 2075 2216 2102 est

1229 2123 1362 2165 integra
1385 2128 1415 2155 et
1438 2127 1620 2154 coaeterna
1645 2121 1761 2164 imago
1777 2121 1909 2153 aeterni
1933 2121 2041 2165 patris
2058 2116 2216 2166 ὑφιστά-

1227 2185 1358 2217 μενος,
1381 2169 1443 2206 καὶ
1467 2167 1663 2215 ὁμοούσιος
1684 2173 1739 2217 τῷ
1763 2168 1874 2218 ἀϊδίῳ
1898 2169 2028 2216 πατρὶ,
2057 2170 2117 2215 qui
2135 2170 2216 2215 qui-

1228 2227 1307 2257 dem
1333 2235 1469 2267 semper
1494 2223 1606 2256 adfuit
1623 2221 1817 2262 Ecclesiae,
1852 2228 1889 2256 ut
1914 2229 1947 2255 et
1970 2220 2134 2255 Irenaeus
2162 2221 2216 2253 lo-

1229 2275 1360 2320 quitur.

1332 2332 1391 2367 37.
1424 2330 1470 2376 Et
1490 2332 1564 2377 ipse
1580 2332 1711 2378 inquit:
1739 2329 1938 2375 Antequam
1948 2328 2130 2364 Abraham
2150 2341 2215 2363 na-

1228 2391 1283 2417 tus
1309 2391 1378 2424 est,
1415 2395 1478 2427 ego
1509 2395 1606 2421 sum,
1647 2380 1694 2416 Et
1716 2383 1759 2414 de
1785 2379 1850 2414 hoc
1872 2380 1945 2414 filio
1970 2381 2090 2414 iudico
2116 2380 2215 2426 loqui

1227 2447 1344 2468 senem
1363 2433 1467 2468 Iacob
1483 2446 1554 2479 cap.
1572 2432 1630 2467 48.
1648 2431 1774 2466 Genea
1791 2443 1870 2464 cum
1894 2432 1958 2465 ait:
1985 2430 2080 2472 Deus
2098 2443 2214 2464 coram

1227 2498 1297 2530 quo
1314 2485 1586 2519 ambulaverunt
1613 2489 1726 2527 patres
1743 2482 1832 2520 mei,
1857 2480 2037 2516 Abraham
2054 2489 2087 2516 et
2107 2481 2214 2515 Isaac.

1226 2535 1323 2570 Deus
1340 2537 1400 2582 qui
1421 2536 1528 2580 pascit
1547 2547 1602 2568 me
1619 2534 1663 2566 ab
1679 2532 1910 2566 adolescentia
1930 2545 2040 2579 usque
2055 2534 2098 2566 ad
2119 2531 2213 2566 hunc

1228 2588 1342 2628 diem,
1367 2587 1524 2629 Angelus
1537 2585 1596 2630 qui
1614 2583 1743 2627 eripuit
1765 2595 1820 2616 me
1845 2596 1884 2617 ex
1908 2585 2074 2618 omnibus
2099 2583 2215 2618 malis.

1228 2637 1285 2672 Sic
1310 2645 1343 2672 et
1366 2638 1402 2671 in
1427 2634 1566 2671 Michea
1593 2635 1737 2668 dicitur:
1780 2632 2006 2678 Egressiones
2032 2635 2106 2669 eius
2134 2640 2213 2667 ante

188 2692 270 2719 sunt
290 2685 326 2718 in
345 2685 562 2719 confessione
578 2687 757 2720 communi
782 2685 906 2721 harum
924 2686 1176 2730 Ecclesiarum‚
1198 2679 1201 2717 l
1228 2689 1302 2722 dies
1316 2688 1452 2722 mundi.
