2324 2955
177 141 253 181 995

282 222 335 259 Ex
365 220 499 255 Iustina
524 217 598 251 nati
626 222 707 249 sunt
729 213 1000 248 Valentinianus
1029 223 1154 246 secun-
1179 213 1183 247 l

183 281 267 316 dus,
299 273 410 311 iusta,
443 268 552 302 Grata
575 273 607 300 et
635 265 759 306 Galla,
791 276 896 310 quam
916 269 1035 308 postea
1059 262 1158 297 duxit
1181 271 1183 310 ξ

181 322 415 361 Theodosius.
468 317 657 362 Postquam
680 322 795 350 autem
815 313 1086 348 Valentinianus
1103 324 1158 346 se·-

182 375 317 411 cundus
349 383 368 404 a
391 369 562 404 Gratiano
595 368 700 400 fratre
721 377 863 399 consors
887 363 1025 409 imperii
1047 364 1159 397 iactus
1182 348 1184 417 1

182 433 250 465 est,
276 434 356 457 cum
381 421 418 454 in
438 419 525 453 urbe
540 417 678 452 Galliae
695 416 833 449 Vienna
856 427 929 448 non
953 420 1050 448 cavet
1071 413 1159 446 insi·
1182 424 1184 432 ·

182 477 275 514 dias,
301 473 345 506 ab
362 471 556 510 Arbogasto
581 467 800 502 interficitur.
852 465 901 499 Hi
918 465 1031 499 tristes
1047 464 1160 497 exitus
1183 451 1185 484 Ι

181 527 324 560 fuerunt
344 521 499 555 filiorum
525 517 764 563 imperatoris,
792 517 855 563 qui
870 515 1028 550 iusticiae
1046 514 1161 548 cultor

176 577 256 610 fuit.

282 622 404 658 Redeo
437 627 552 654 autem
582 620 625 652 ad
657 616 866 656 Valentem,
898 615 960 661 qui
989 620 1163 660 superstes

180 675 248 710 fuit
275 673 377 707 fratri
410 671 546 705 circiter
579 668 791 708 triennium,
825 678 904 700 cum
931 673 1034 700 autea
1059 665 1163 698 simul

181 737 262 760 cum
286 724 392 757 fratre
416 721 582 754 tenuisset
608 718 796 761 imperium
820 728 932 749 annos
955 717 1027 749 fere
1050 716 1163 748 unde-

182 777 269 813 cim,
311 774 474 806 indoctus
506 777 540 803 et
570 769 739 807 crudelis,
781 767 960 811 amplexus
992 765 1163 799 Arianam

181 826 397 869 impietatem
438 822 543 854 fratre
574 831 653 852 eum
682 815 907 856 dehortante,
949 814 1164 850 orthodoxos

181 874 374 919 Episcopos
406 872 442 904 in
475 869 578 903 exilia
610 868 717 902 misit.
771 867 877 900 initio
903 866 1036 899 bellum
1061 864 1164 908 gessit

181 937 261 959 cum
286 922 458 965 Procopio
484 919 613 953 Iuliani
645 924 792 961 cognato
820 917 881 962 qui
905 928 1027 961 rapere
1053 916 1164 959 impe-

181 976 273 1008 rium
295 979 442 1006 conatus
465 980 525 1005 est.
577 968 684 1002 Hunc
703 968 783 1009 ¹acie
800 969 931 1000 victum
949 966 1076 998 milites
1093 972 1164 997 tra-

180 1026 350 1058 diderunt
367 1020 529 1059 Valenti,
558 1020 617 1063 qui
638 1030 716 1050 eum
734 1017 847 1049 occidi
863 1016 973 1049 iussit.
1027 1013 1164 1047 Deinde

181 1083 403 1119 repressurus
414 1070 535 1103 Persas
554 1068 652 1101 duxit
668 1067 855 1099 exercitum
872 1066 913 1097 ad
925 1061 1163 1096 Antiochiam.

182 1123 236 1158 Eo
265 1130 422 1166 tempore
446 1120 556 1152 multa
581 1117 661 1150 fecit
683 1116 873 1149 crudeliter
895 1121 1017 1146 contra
1039 1110 1165 1145 ortho-

182 1177 303 1208 doxos.
376 1171 573 1204 Revocatus
609 1173 724 1199 autem
757 1166 793 1197 in
823 1162 1034 1203 Thraciam,
1083 1161 1166 1206 quia

183 1224 285 1258 Gotti
307 1222 431 1255 urbem
457 1216 797 1259 Constantinopolim
822 1214 1094 1257 oppugnabant,
1128 1212 1166 1243 in

182 1285 334 1319 quorum
350 1270 503 1304 exercitu
519 1267 724 1299 nominatur
741 1267 810 1298 dux
826 1264 1075 1306 Fridigernus,
1101 1273 1166 1294 no-

181 1325 364 1357 minantur
390 1327 425 1353 et
447 1318 610 1360 Turingi.
663 1315 868 1359 Reprimere
887 1313 1018 1347 Gottos
1041 1312 1167 1356 coepit,

183 1375 242 1407 sed
272 1384 351 1406 cum
385 1371 429 1403 ad
454 1366 724 1410 Adrianopolim
748 1365 978 1409 praeliaretur
1005 1375 1083 1396 cum
1107 1362 1167 1400 eis,

183 1424 329 1457 vulnere
350 1427 489 1463 accepto
512 1418 643 1451 decidit
664 1428 705 1449 ex
727 1427 836 1460 equo,
865 1421 897 1447 et
914 1415 951 1446 in
969 1413 1167 1456 proximum

183 1473 365 1517 tugurium
389 1472 512 1503 ductus
539 1475 605 1509 est,
632 1467 727 1511 quod
750 1478 828 1498 cum
847 1470 1030 1509 sequentes
1048 1460 1168 1495 hostes

184 1523 439 1561 incendissent,
488 1520 561 1563 ipse
591 1519 738 1562 quoque':
764 1516 905 1548 flamma
937 1518 1168 1556 consumptus

185 1581 246 1608 est.
306 1572 358 1606 lta
390 1581 519 1614 poenas
546 1568 644 1601 dedit
670 1567 821 1599 'iniustae
841 1564 1028 1604 saeviciae‚
1060 1574 1169 1607 quam

185 1625 350 1658 adversus
369 1618 598 1654 Orthodoxos
622 1622 838 1656 exercuerat,
865 1621 898 1648 et
919 1615 1061 1659 quidem
1084 1625 1170 1657 pro-

184 1673 353 1707 ficiscenti
377 1671 420 1703 ad
447 1669 616 1713 praelium
640 1666 814 1710 praedixit
837 1665 891 1697 vir
906 1670 1067 1702 sanctus,
1094 1663 1169 1706 igni

187 1724 385 1768 periturum
401 1731 484 1755 essen⁷

239 1824 345 1856 Anno
360 1818 483 1852 mundi
497 1823 618 1862 qnater
630 1815 814 1848 millesimo
831 1812 1072 1847 trecentesimo
1083 1822 1171 1856 qua—

395 1868 589 1910 dragesimo
608 1872 745 1910 quartu.

240 1925 345 1955 Anno
361 1919 498 1953 Romae
514 1916 701 1949 millesimo
719 1914 906 1948 centesimo
924 1912 1100 1947 tricesimo
1119 1922 1172 1944 se-

396 1969 524 2002 cundo.

243 2025 348 2055 Anno
356 2017 490 2054 Christi
506 2015 746 2051 trecentesimo
761 2013 995 2057 octuagesimo
1006 2012 1172 2047 secundo.

257 2068 271 2082 V

548 2095 817 2127 Gratianus.

290 2170 435 2203 'Mortuo
486 2166 633 2199 Valente
680 2161 890 2197 Gratianus
931 2160 1175 2195 Valentiniani

195 2222 298 2266 primi
323 2221 433 2259 filius,
467 2225 568 2250 natus
593 2228 632 2248 ex
647 2214 775 2248 Severa
800 2215 837 2246 in
854 2214 941 2247 urbe
956 2212 1116 2257 Syrmio‚
1143 2218 1176 2245 et

199 2269 487 2305 Valentinianus
513 2267 705 2305 secundus,
733 2264 896 2298 Gratiani
920 2264 1044 2302 frater,
1071 2268 1174 2295 natus

194 2334 234 2355 ex
255 2320 404 2361 lustina,
432 2322 679 2352 successerunt.
732 2315 829 2348 Fecit
848 2321 964 2348 autem
983 2312 1174 2346 Gratianus

196 2378 389 2405 consortem
416 2368 553 2412 imperii
578 2364 838 2405 Theodosium,
871 2376 949 2397 cum
973 2375 1042 2407 quo
1063 2373 1175 2395 annos

194 2428 345 2466 quatuor
360 2419 526 2461 regnavit,
553 2429 630 2450 cum
645 2423 746 2448 antea
762 2428 840 2448 cum
857 2422 953 2458 patre
966 2424 1077 2446 annos
1086 2420 1176 2453 octo,

194 2484 274 2505 cum
292 2476 414 2514 patruo
433 2475 502 2500 tres
520 2473 706 2509 regnasset.
760 2465 843 2499 Fuit
858 2464 1028 2498 eruditus.
1081 2462 1176 2496 Scri·

195 2521 264 2566 psit
289 2530 427 2553 carmen
456 2518 646 2559 eleganter,
674 2524 708 2550 et
731 2516 928 2549 oratoribus
953 2514 1072 2547 aetatis
1095 2525 1178 2545 suae
1200 2529 1202 2543 ι

411 132 617 173 SCRIPTA
645 130 720 166 PH.
746 127 862 166 MEL.
888 127 955 164 AD
981 127 1108 165 HIST.
1134 125 1280 166 PROF.
1304 124 1370 162 ET
1397 123 1589 164 PHILOS.
1616 123 1935 165 SPECTANTIA.

194 2569 391 2616 praecipuis
414 2573 662 2600 annumeratus
687 2574 748 2602 est.
811 2564 917 2599 Extat
939 2565 1013 2597 eius
1033 2563 1177 2608 epistola

197 2623 241 2655 ad
270 2618 498 2655 Ambrosium
523 2615 825 2648 Mediolanensem
848 2614 1062 2659 Episcopum
1093 2614 1179 2646 scri-
1202 2650 1203 2655 ¹

195 2679 274 2716 pta,
302 2671 336 2703 in
363 2680 432 2713 qua
455 2666 637 2711 profitetur
661 2677 698 2698 se
715 2666 874 2710 amplecti
895 2665 1094 2710 symbolum
1113 2663 1178 2696 :Ni-
1202 2681 1203 2685 =

2104 129 2183 165 996

1207 222 1350 252 cenum,
1381 217 1415 244 et
1439 210 1477 243 in
1500 210 1569 244 fine
1590 211 1688 246 addit
1708 209 1972 257 Epsphonema,
1998 225 2185 258 agnoscere

1207 274 1241 295 se
1257 260 1347 295 hanc
1364 272 1461 294 suam
1478 261 1731 295 confessionem
1747 275 1820 296 non
1838 262 1884 297 ita
1901 263 2083 308 splendide
2099 266 2184 299 scri-

1207 319 1302 357 ptam
1322 322 1411 352 esse,
1437 317 1474 344 ut
1494 311 1698 354 magnitudo
1716 313 1767 345 rei
1785 313 1914 356 poscit,
1939 314 1999 347 sed
2017 314 2132 347 dicere
2148 326 2184 348 se

1207 364 1250 396 de
1267 362 1345 395 Deo
1369 368 1539 406 quantum
1564 361 1600 394 in
1623 359 1688 394 bae
1703 361 1904 397 infirmitate
1921 361 2075 397 humana
2092 363 2188 398 iuxta

1208 412 1335 456 scripta
1358 409 1562 456 prophetica
1586 417 1619 444 et
1641 412 1830 456 apostolica
1853 414 1981 457 possit,
2014 425 2087 447 non
2110 420 2189 447 tan·

1209 470 1283 496 tum
1316 468 1488 507 quantum
1518 462 1560 494 de
1582 462 1825 505 magnitudine
1848 475 1966 497 rerum
1986 464 2187 498 divinarum

1209 525 1244 546 se
1260 513 1375 546 dicere
1392 523 1491 557 posse
1508 518 1614 556 optet.

1311 571 1458 605 Mortuo
1478 570 1626 604 Valente
1647 570 1825 604 revocavit
1846 571 2025 605 exulantes
2043 573 2190 616 Episco-

1212 634 1275 666 pos
1300 619 1535 662 orthodoxos,
1563 627 1596 654 et
1620 620 1721 654 eiecit
1741 633 1781 653 ex
1801 620 1967 655 Ecclesiis
1991 619 2193 664 haereticos,

1212 680 1244 706 et
1274 672 1426 718 symboli
1449 670 1574 704 Niceni
1598 671 1850 714 professionem
1875 683 1997 705 omnes
2019 671 2190 707 Ecclesias

1211 722 1390 756 communi
1408 732 1580 755 consensu
1597 720 1761 765 amplecti
1779 721 1888 755 iussit.

1313 779 1405 813 Vivo
1423 778 1572 813 Valente
1594 785 1672 823 post
1694 786 1841 813 mortem
1864 780 1973 824 patris
1995 781 2038 813 ad
2056 780 2194 823 Argen-

1211 836 1364 865 toratum
1394 830 1649 862 Alemanorum
1679 828 1822 872 triginta
1851 831 1962 864 millia
1995 830 2196 866 trucidavit.

1214 879 1256 913 In
1286 892 1326 913 eo
1357 880 1490 924 praelio
1515 880 1627 913 socios
1651 877 1777 913 habuit
1802 879 1976 920 Francos,
2010 887 2050 914 ut
2073 879 2195 913 scribit

1212 930 1462 969 Marcellinus,
1489 937 1523 964 et
1544 930 1643 963 addit
1664 936 1744 974 post
1769 941 1843 963 eam
1867 931 2048 964 victoriam
2063 930 2197 963 vicinas

1213 980 1413 1023 provincias
1437 980 1645 1024 aliquandiu
1667 980 1876 1024 tranquillas
1898 981 2017 1015 fuisse.
2077 979 2196 1022 Quare

1214 1028 1407 1061 Gratianus
1440 1028 1663 1062 Pannoniam
1697 1030 1787 1067 adit,
1829 1037 1869 1064 ut
1900 1030 2043 1063 Valenti
2073 1037 2198 1063 contra

1216 1076 1342 1110 Gottos
1367 1077 1612 1120 opitularetur.

1672 1077 1744 1111 Sed
1767 1078 1898 1113 Valens
1922 1092 1996 1113 non
2019 1086 2196 1123 expectato

1213 1139 1256 1160 eo
1274 1127 1446 1160 dimicans
1462 1128 1578 1171 periit.

1317 1184 1408 1218 Cum
1432 1185 1539 1228 igitur
1556 1184 1748 1220 Gratianus
1764 1185 1890 1218 fortem
1902 1212 1910 1225 ‚
1936 1186 2073 1219 fidelem
2090 1193 2123 1219 et
2139 1199 2199 1230 pe-

1215 1236 1323 1269 ritum
1342 1236 1507 1278 collegam
1533 1243 1735 1280 quaereret,
1762 1236 1925 1268 adiunxit
1945 1236 2012 1269 sibi
2030 1234 2200 1269 Theodo-

1216 1287 1319 1320 sium.
1383 1284 1451 1318 Hic
1477 1284 1604 1319 Gottos
1636 1286 1674 1318 in
1698 1283 1850 1318 Thracia
1882 1286 2055 1329 repressit.
2123 1285 2201 1331 Ipse

1218 1335 1410 1369 Gratianus
1434 1335 1471 1368 in
1490 1334 1643 1369 Galliam
1666 1336 1789 1376 rediit,
1815 1335 1876 1369 ubi
1894 1336 2021 1369 omissa
2037 1348 2120 1369 cura
2137 1348 2202 1380 gu-

1217 1386 1434 1420 bernationis
1455 1386 1594 1419 deditus
1616 1386 1797 1419 venationi
1821 1392 1854 1419 et
1878 1386 1989 1428 ludis,
2014 1393 2048 1419 et
2068 1386 2202 1420 Alanos

1218 1436 1347 1470 milites
1370 1436 1573 1470 domesticis
1596 1437 1795 1469 anteferens
1817 1436 1855 1468 in
1879 1436 2001 1470 odium
2024 1437 2137 1476 venit,
2169 1444 2203 1471 et

1217 1486 1387 1530 Lugduni
1412 1498 1432 1520 a
1463 1486 1620 1520 Maximo
1646 1485 1784 1519 Galliae
1815 1487 1973 1530 praeside
2002 1487 2204 1521 interfectus

1218 1544 1270 1571 est
1281 1563 1290 1578 ‚
1317 1547 1412 1570 anno
1426 1537 1549 1571 aetatis
1564 1537 1728 1570 vicesimo
1744 1549 1851 1570 nono.

1321 1604 1459 1637 Interea
1489 1602 1765 1635 Valentinianus
1791 1601 1991 1635 Mediolani
2021 1601 2089 1635 fuit
2117 1604 2206 1636 adoss

1218 1655 1373 1693 lescens,
1407 1653 1470 1686 ubi
1500 1651 1635 1685 Iustina
1664 1652 1738 1685 eius
1769 1658 1881 1684 mater
1911 1652 2031 1683 favens
2061 1651 2205 1687 Arianis

1221 1701 1450 1734 Ambrosium
1465 1700 1680 1744 Episcopum
1695 1701 1822 1745 pellere
1839 1706 1961 1733 conata
1978 1707 2047 1742 est,
2074 1708 2107 1735 et
2120 1703 2206 1736 mis-

1223 1752 1268 1785 sis
1292 1750 1444 1784 Gotticis
1466 1751 1696 1790 satellitibus,
1728 1751 1764 1782 vi
1787 1750 1886 1783 iussit
1906 1762 1986 1783 eum
2007 1762 2047 1783 ex
2073 1753 2205 1796 templo

1223 1801 1312 1835 eiici.
1365 1799 1414 1833 Hi
1436 1812 1515 1833 cum
1538 1800 1747 1844 irrupissent
1771 1800 1815 1832 ad
1841 1811 1921 1833 eum
1943 1801 2084 1839 armati,
2111 1803 2206 1836 affir-

1223 1858 1295 1885 mat
1312 1862 1346 1884 se
1364 1850 1574 1883 Ambrosius
1590 1861 1665 1883 non
1681 1850 1912 1883 discessurum
1926 1862 1999 1883 esse
2015 1862 2033 1884 a
2049 1862 2112 1885 suo
2127 1863 2207 1895 gre-

1222 1914 1284 1946 ge,
1311 1902 1370 1934 sed
1392 1901 1421 1934 si
1441 1901 1550 1934 velint
1566 1912 1645 1933 eum
1663 1900 1874 1941 interficere,
1901 1900 1938 1933 in
1954 1902 2084 1945 templo
2098 1913 2134 1936 se
2149 1915 2207 1936 ex-

1225 1958 1362 1996 pectare
1385 1962 1506 1984 omnes
1529 1962 1638 1986 casus.
1692 1950 1769 1994 Ipse
1786 1951 1906 1984 scribit
1926 1952 1968 1983 de
1986 1950 2105 1985 Gottis
2122 1950 2208 1987 haec

1225 2003 1347 2035 verba:
1375 2001 1476 2036 Olim
1494 2001 1647 2045 plaustra
1662 2001 1712 2034 eis
1729 2002 1855 2034 domus
1874 2008 1990 2039 erant,
2017 2008 2101 2036 tunc
2119 2010 2208 2037 tem-

1225 2053 1282 2097 pla
1313 2064 1377 2096 pro
1410 2051 1575 2095 plaustris
1606 2049 1755 2092 habent,
1797 2052 2050 2090 vociferantur,
2086 2054 2208 2088 omnia

1226 2102 1448 2147 imperatoris
1467 2113 1550 2135 esse.
1604 2101 1672 2136 Sed
1691 2101 1784 2135 Deus
1799 2102 1964 2143 affirmat,
1992 2113 2070 2136 suas
2085 2104 2206 2137 domos

1224 2165 1298 2187 esse
1322 2153 1471 2197 templa,
1499 2152 1537 2184 in
1559 2152 1686 2197 quihus
1708 2159 1809 2185 sonat
1829 2164 1908 2185 vera
1926 2153 2102 2186 doctrina:
2131 2152 2207 2186 Do-

1226 2216 1304 2238 mus
1336 2214 1412 2236 mea
1444 2203 1569 2236 domus
1602 2202 1772 2236 orationis
1796 2203 1991 2238 vocabitur.
2057 2201 2150 2237 Citat
2174 2211 2207 2237 et

1227 2252 1310 2287 hoc:
1342 2252 1432 2286 Date
1455 2252 1530 2287 Deo
1559 2265 1647 2298 quae
1672 2251 1739 2286 Dei
1765 2260 1868 2294 sunt,
1898 2259 1934 2286 et
1954 2252 2094 2287 Caesari
2119 2266 2208 2299 quae

1226 2311 1308 2338 sunt
1324 2303 1491 2338 Caesaris.

1327 2361 1418 2396 Cum
1437 2369 1552 2396 antem
1570 2361 1841 2395 Valentinianus
1856 2360 2052 2394 Maximum
2070 2362 2208 2405 fugiens

1227 2413 1397 2447 auxilium
1417 2425 1436 2446 a
1453 2411 1657 2446 Theodosio
1678 2418 1822 2456 peteret,
1849 2412 2023 2455 rescripsit
2041 2412 2071 2445 ei
2089 2411 2208 2445 Theo-

1227 2464 1366 2504 dosius,
1392 2464 1511 2507 puniri
1533 2463 1606 2496 eius
1630 2463 1860 2505 impietatem,
1885 2474 1919 2494 se
1937 2462 2002 2505 ipsi
2020 2463 2090 2495 non
2108 2463 2208 2496 defu-

1227 2522 1346 2548 turum
1377 2525 1466 2551 esse,
1501 2514 1529 2546 si
1559 2524 1674 2545 veram
1699 2512 1905 2544 sententiam
1931 2513 2208 2555 amplecteretur.

1229 2563 1395 2597 Occurrit
1410 2564 1516 2605 igitur
1532 2563 1687 2596 Maximo
1704 2562 1859 2594 venienti
1876 2563 2074 2607 Aquileiam
2088 2561 2207 2597 Theo-

1228 2614 1365 2654 dusius,
1390 2614 1451 2647 ubi
1476 2625 1554 2646 cum
1571 2612 1701 2655 praelio
1721 2619 1920 2655 superatum
1940 2612 2134 2646 Maximum
2153 2613 2208 2647 sui

1229 2665 1356 2698 milites
1376 2662 1577 2697 Theodosio
1602 2663 1842 2702 tradidissent,
1870 2663 1970 2696 iussit
1991 2675 2070 2697 eum
2089 2661 2207 2696 Theo-
