<?xml version="1.0" encoding="UTF-8"?>
<!DOCTYPE html PUBLIC "-//W3C//DTD XHTML 1.0 Transitional//EN"
    "http://www.w3.org/TR/xhtml1/DTD/xhtml1-transitional.dtd">
<html xmlns="http://www.w3.org/1999/xhtml" xml:lang="en" lang="en">
 <head>
  <title>
</title>
<meta http-equiv="Content-Type" content="text/html;charset=utf-8" />
  <meta name='ocr-system' content='tesseract 3.04.00' />
  <meta name='ocr-capabilities' content='ocr_page ocr_carea ocr_par ocr_line ocrx_word'/>
</head>
<body>
  <div class='ocr_page' id='page_1' title='image "./operaquaesupersu12melauoft/operaquaesupersu12melauoft_0117.png"; bbox 0 0 2324 2955; ppageno 0'>
   <div class='ocr_carea' id='block_1_1' title="bbox 100 128 175 167">
    <p class='ocr_par' dir='ltr' id='par_1_1' title="bbox 100 128 175 167">
     <span class='ocr_line' id='line_1_1' title="bbox 100 128 175 167; baseline -0.093 0"><span class='ocrx_word' id='word_1_1' title='bbox 100 128 175 167; x_wconf 70' lang='lat'><strong>217</strong></span> 
     </span>
    </p>
   </div>
   <div class='ocr_carea' id='block_1_2' title="bbox 67 206 1077 2712">
    <p class='ocr_par' dir='ltr' id='par_1_2' title="bbox 80 206 1077 1401">
     <span class='ocr_line' id='line_1_2' title="bbox 100 206 1077 254; baseline -0.005 -8"><span class='ocrx_word' id='word_1_2' title='bbox 100 212 197 246; x_wconf 90' lang='lat' dir='ltr'><strong>Talis</strong></span> <span class='ocrx_word' id='word_1_3' title='bbox 219 211 339 254; x_wconf 87' lang='lat' dir='ltr'><strong>lingua</strong></span> <span class='ocrx_word' id='word_1_4' title='bbox 364 209 548 253; x_wconf 82' lang='lat' dir='ltr'>praecipue</span> <span class='ocrx_word' id='word_1_5' title='bbox 573 208 610 241; x_wconf 90' lang='lat' dir='ltr'><strong>in</strong></span> <span class='ocrx_word' id='word_1_6' title='bbox 627 206 782 243; x_wconf 83' lang='lat' dir='ltr'>Ecclesia</span> <span class='ocrx_word' id='word_1_7' title='bbox 800 207 982 242; x_wconf 88' lang='lat' dir='ltr'><strong>horribilis</strong></span> <span class='ocrx_word' id='word_1_8' title='bbox 998 220 1077 252; x_wconf 90' lang='lat' dir='ltr'><strong>per-</strong></span> 
     </span>
     <span class='ocr_line' id='line_1_3' title="bbox 96 257 1076 304; baseline -0.003 -9"><span class='ocrx_word' id='word_1_9' title='bbox 96 262 205 296; x_wconf 90' lang='lat' dir='ltr'><strong>nicies</strong></span> <span class='ocrx_word' id='word_1_10' title='bbox 221 268 280 302; x_wconf 88' lang='lat' dir='ltr'><strong>est,</strong></span> <span class='ocrx_word' id='word_1_11' title='bbox 297 261 369 294; x_wconf 86' lang='lat' dir='ltr'><strong>sive</strong></span> <span class='ocrx_word' id='word_1_12' title='bbox 385 260 544 293; x_wconf 88' lang='lat' dir='ltr'><strong>consulto</strong></span> <span class='ocrx_word' id='word_1_13' title='bbox 561 259 657 293; x_wconf 89' lang='lat' dir='ltr'><strong>ludat</strong></span> <span class='ocrx_word' id='word_1_14' title='bbox 673 260 867 303; x_wconf 76' lang='lat' dir='ltr'>praestigiis</span> <span class='ocrx_word' id='word_1_15' title='bbox 883 257 1076 304; x_wconf 80' lang='lat' dir='ltr'>sophisma-</span> 
     </span>
     <span class='ocr_line' id='line_1_4' title="bbox 96 307 1075 354; baseline -0.004 -8"><span class='ocrx_word' id='word_1_16' title='bbox 96 319 191 353; x_wconf 89' lang='lat' dir='ltr'><strong>tum,</strong></span> <span class='ocrx_word' id='word_1_17' title='bbox 214 319 252 345; x_wconf 88' lang='lat' dir='ltr'><strong>ut</strong></span> <span class='ocrx_word' id='word_1_18' title='bbox 272 312 429 344; x_wconf 87' lang='lat' dir='ltr'><strong>fecerunt</strong></span> <span class='ocrx_word' id='word_1_19' title='bbox 446 315 479 342; x_wconf 91' lang='lat' dir='ltr'><strong>et</strong></span> <span class='ocrx_word' id='word_1_20' title='bbox 497 309 631 343; x_wconf 87' lang='lat' dir='ltr'><strong>faciunt</strong></span> <span class='ocrx_word' id='word_1_21' title='bbox 649 311 752 344; x_wconf 90' lang='lat' dir='ltr'><strong>multi</strong></span> <span class='ocrx_word' id='word_1_22' title='bbox 770 307 977 354; x_wconf 75' lang='lat' dir='ltr'><strong>blasphemi,</strong></span> <span class='ocrx_word' id='word_1_23' title='bbox 1003 310 1075 343; x_wconf 91' lang='lat' dir='ltr'><strong>sive</strong></span> 
     </span>
     <span class='ocr_line' id='line_1_5' title="bbox 95 360 1074 405; baseline -0.002 -10"><span class='ocrx_word' id='word_1_24' title='bbox 95 362 234 395; x_wconf 77' lang='lat' dir='ltr'><strong>inscitia</strong></span> <span class='ocrx_word' id='word_1_25' title='bbox 260 366 397 405; x_wconf 81' lang='lat' dir='ltr'>spargat</span> <span class='ocrx_word' id='word_1_26' title='bbox 423 360 615 403; x_wconf 81' lang='lat' dir='ltr'>improprie</span> <span class='ocrx_word' id='word_1_27' title='bbox 639 360 751 401; x_wconf 89' lang='lat' dir='ltr'><strong>dicta,</strong></span> <span class='ocrx_word' id='word_1_28' title='bbox 777 373 865 405; x_wconf 89' lang='lat' dir='ltr'><strong>quae</strong></span> <span class='ocrx_word' id='word_1_29' title='bbox 888 361 1074 394; x_wconf 83' lang='lat' dir='ltr'><strong>dissimiles</strong></span> 
     </span>
     <span class='ocr_line' id='line_1_6' title="bbox 95 409 1074 456; baseline -0.003 -11"><span class='ocrx_word' id='word_1_30' title='bbox 95 412 280 456; x_wconf 87' lang='lat' dir='ltr'><strong>opiniones</strong></span> <span class='ocrx_word' id='word_1_31' title='bbox 304 410 342 442; x_wconf 90' lang='lat' dir='ltr'><strong>in</strong></span> <span class='ocrx_word' id='word_1_32' title='bbox 362 409 488 442; x_wconf 87' lang='lat' dir='ltr'><strong>animis</strong></span> <span class='ocrx_word' id='word_1_33' title='bbox 505 410 721 444; x_wconf 86' lang='lat' dir='ltr'><strong>audientium</strong></span> <span class='ocrx_word' id='word_1_34' title='bbox 739 411 890 454; x_wconf 86' lang='lat' dir='ltr'><strong>pariunt.</strong></span> <span class='ocrx_word' id='word_1_35' title='bbox 943 410 1074 444; x_wconf 87' lang='lat' dir='ltr'><strong>Memi-</strong></span> 
     </span>
     <span class='ocr_line' id='line_1_7' title="bbox 94 459 1073 505; baseline -0.001 -10"><span class='ocrx_word' id='word_1_36' title='bbox 94 463 211 495; x_wconf 90' lang='lat' dir='ltr'><strong>nimus</strong></span> <span class='ocrx_word' id='word_1_37' title='bbox 234 466 267 494; x_wconf 89' lang='lat' dir='ltr'><strong>et</strong></span> <span class='ocrx_word' id='word_1_38' title='bbox 289 459 434 493; x_wconf 84' lang='lat' dir='ltr'><strong>dissidia</strong></span> <span class='ocrx_word' id='word_1_39' title='bbox 460 466 493 493; x_wconf 89' lang='lat' dir='ltr'><strong>et</strong></span> <span class='ocrx_word' id='word_1_40' title='bbox 510 460 719 494; x_wconf 84' lang='lat' dir='ltr'><strong>laxationem</strong></span> <span class='ocrx_word' id='word_1_41' title='bbox 736 461 942 505; x_wconf 87' lang='lat' dir='ltr'><strong>disciplinae</strong></span> <span class='ocrx_word' id='word_1_42' title='bbox 960 473 999 494; x_wconf 87' lang='lat' dir='ltr'><strong>ex</strong></span> <span class='ocrx_word' id='word_1_43' title='bbox 1018 459 1073 494; x_wconf 93' lang='lat' dir='ltr'><strong>his</strong></span> 
     </span>
     <span class='ocr_line' id='line_1_8' title="bbox 92 511 515 556; baseline -0.005 -11"><span class='ocrx_word' id='word_1_44' title='bbox 92 511 280 556; x_wconf 80' lang='lat' dir='ltr'><strong>paradoxis</strong></span> <span class='ocrx_word' id='word_1_45' title='bbox 297 516 410 543; x_wconf 89' lang='lat' dir='ltr'><strong>ortam</strong></span> <span class='ocrx_word' id='word_1_46' title='bbox 429 522 515 543; x_wconf 87' lang='lat' dir='ltr'><strong>esse:</strong></span> 
     </span>
     <span class='ocr_line' id='line_1_9' title="bbox 143 559 610 596; baseline -0.006 -1"><span class='ocrx_word' id='word_1_47' title='bbox 143 559 277 595; x_wconf 85' lang='lat' dir='ltr'><strong>Omnia</strong></span> <span class='ocrx_word' id='word_1_48' title='bbox 300 561 389 594; x_wconf 89' lang='lat' dir='ltr'><strong>fiunt</strong></span> <span class='ocrx_word' id='word_1_49' title='bbox 406 560 610 596; x_wconf 88' lang='lat' dir='ltr'><strong>necessario.</strong></span> 
     </span>
     <span class='ocr_line' id='line_1_10' title="bbox 142 609 1070 656; baseline -0.001 -12"><span class='ocrx_word' id='word_1_50' title='bbox 142 610 317 646; x_wconf 83' lang='lat' dir='ltr'><strong>Voluntas</strong></span> <span class='ocrx_word' id='word_1_51' title='bbox 340 609 431 643; x_wconf 87' lang='lat' dir='ltr'><strong>nihil</strong></span> <span class='ocrx_word' id='word_1_52' title='bbox 455 611 544 653; x_wconf 74' lang='lat' dir='ltr'><strong>agit,</strong></span> <span class='ocrx_word' id='word_1_53' title='bbox 588 611 646 643; x_wconf 92' lang='lat' dir='ltr'><strong>sed</strong></span> <span class='ocrx_word' id='word_1_54' title='bbox 675 617 812 644; x_wconf 87' lang='lat' dir='ltr'><strong>tantum</strong></span> <span class='ocrx_word' id='word_1_55' title='bbox 837 612 974 656; x_wconf 81' lang='lat' dir='ltr'>rapitur</span> <span class='ocrx_word' id='word_1_56' title='bbox 998 622 1070 644; x_wconf 89' lang='lat' dir='ltr'><strong>non</strong></span> 
     </span>
     <span class='ocr_line' id='line_1_11' title="bbox 192 660 1069 701; baseline 0 -6"><span class='ocrx_word' id='word_1_57' title='bbox 192 662 305 695; x_wconf 90' lang='lat' dir='ltr'><strong>solum</strong></span> <span class='ocrx_word' id='word_1_58' title='bbox 323 661 358 692; x_wconf 94' lang='lat' dir='ltr'><strong>in</strong></span> <span class='ocrx_word' id='word_1_59' title='bbox 378 661 480 693; x_wconf 87' lang='lat' dir='ltr'><strong>bonis</strong></span> <span class='ocrx_word' id='word_1_60' title='bbox 498 660 706 701; x_wconf 79' lang='lat' dir='ltr'><strong>actionibus,</strong></span> <span class='ocrx_word' id='word_1_61' title='bbox 725 663 783 694; x_wconf 93' lang='lat' dir='ltr'><strong>sed</strong></span> <span class='ocrx_word' id='word_1_62' title='bbox 797 663 901 696; x_wconf 86' lang='lat' dir='ltr'><strong>etiarn</strong></span> <span class='ocrx_word' id='word_1_63' title='bbox 913 662 949 694; x_wconf 92' lang='lat' dir='ltr'><strong>in</strong></span> <span class='ocrx_word' id='word_1_64' title='bbox 959 662 1069 695; x_wconf 84' lang='lat' dir='ltr'><strong>malis.</strong></span> 
     </span>
     <span class='ocr_line' id='line_1_12' title="bbox 141 707 1043 755; baseline -0.001 -9"><span class='ocrx_word' id='word_1_65' title='bbox 141 710 285 746; x_wconf 90' lang='lat' dir='ltr'><strong>Summa</strong></span> <span class='ocrx_word' id='word_1_66' title='bbox 303 721 357 743; x_wconf 90' lang='lat' dir='ltr'><strong>ars</strong></span> <span class='ocrx_word' id='word_1_67' title='bbox 376 717 425 743; x_wconf 87' lang='lat' dir='ltr'><strong>est</strong></span> <span class='ocrx_word' id='word_1_68' title='bbox 440 707 741 752; x_wconf 87' lang='lat' dir='ltr'><strong>Christianorum,</strong></span> <span class='ocrx_word' id='word_1_69' title='bbox 768 712 901 745; x_wconf 92' lang='lat' dir='ltr'><strong>nescire</strong></span> <span class='ocrx_word' id='word_1_70' title='bbox 920 713 1043 755; x_wconf 84' lang='lat' dir='ltr'><strong>legem.</strong></span> 
     </span>
     <span class='ocr_line' id='line_1_13' title="bbox 141 760 773 798; baseline 0.002 -4"><span class='ocrx_word' id='word_1_71' title='bbox 141 760 237 796; x_wconf 89' lang='lat' dir='ltr'><strong>Deus</strong></span> <span class='ocrx_word' id='word_1_72' title='bbox 255 772 288 794; x_wconf 90' lang='lat' dir='ltr'><strong>se</strong></span> <span class='ocrx_word' id='word_1_73' title='bbox 303 760 502 793; x_wconf 75' lang='lat' dir='ltr'><strong>immediate</strong></span> <span class='ocrx_word' id='word_1_74' title='bbox 527 762 773 798; x_wconf 77' lang='lat' dir='ltr'><strong>communicat.</strong></span> 
     </span>
     <span class='ocr_line' id='line_1_14' title="bbox 140 809 749 855; baseline 0 -11"><span class='ocrx_word' id='word_1_75' title='bbox 140 809 302 845; x_wconf 87' lang='lat' dir='ltr'><strong>Christus</strong></span> <span class='ocrx_word' id='word_1_76' title='bbox 320 810 483 844; x_wconf 88' lang='lat' dir='ltr'><strong>iustificat</strong></span> <span class='ocrx_word' id='word_1_77' title='bbox 497 822 559 855; x_wconf 87' lang='lat' dir='ltr'><strong>per</strong></span> <span class='ocrx_word' id='word_1_78' title='bbox 578 811 749 844; x_wconf 87' lang='lat' dir='ltr'><strong>accidens.</strong></span> 
     </span>
     <span class='ocr_line' id='line_1_15' title="bbox 137 860 1068 905; baseline 0.001 -9"><span class='ocrx_word' id='word_1_79' title='bbox 137 860 242 896; x_wconf 87' lang='lat' dir='ltr'><strong>Unde</strong></span> <span class='ocrx_word' id='word_1_80' title='bbox 266 867 506 905; x_wconf 88' lang='lat' dir='ltr'><strong>contemptum</strong></span> <span class='ocrx_word' id='word_1_81' title='bbox 531 861 713 895; x_wconf 89' lang='lat' dir='ltr'><strong>doctrinae</strong></span> <span class='ocrx_word' id='word_1_82' title='bbox 738 869 905 897; x_wconf 84' lang='lat' dir='ltr'><strong>extruunt</strong></span> <span class='ocrx_word' id='word_1_83' title='bbox 933 861 1068 897; x_wconf 79' lang='grc' dir='ltr'>ἐνθου-</span> 
     </span>
     <span class='ocr_line' id='line_1_16' title="bbox 187 908 345 947; baseline 0.006 -2"><span class='ocrx_word' id='word_1_84' title='bbox 187 908 345 947; x_wconf 82' lang='grc' dir='ltr'><em>σιάσται.</em></span> 
     </span>
     <span class='ocr_line' id='line_1_17' title="bbox 137 961 1066 997; baseline -0.001 -1"><span class='ocrx_word' id='word_1_85' title='bbox 137 961 229 996; x_wconf 87' lang='lat' dir='ltr'><strong>Sunt</strong></span> <span class='ocrx_word' id='word_1_86' title='bbox 253 961 336 995; x_wconf 88' lang='lat' dir='ltr'><strong>iusti</strong></span> <span class='ocrx_word' id='word_1_87' title='bbox 359 961 472 995; x_wconf 88' lang='lat' dir='ltr'><strong>renati</strong></span> <span class='ocrx_word' id='word_1_88' title='bbox 499 962 602 996; x_wconf 87' lang='lat' dir='ltr'><strong>etiam</strong></span> <span class='ocrx_word' id='word_1_89' title='bbox 626 973 705 996; x_wconf 89' lang='lat' dir='ltr'><strong>cum</strong></span> <span class='ocrx_word' id='word_1_90' title='bbox 732 963 769 995; x_wconf 89' lang='lat' dir='ltr'><strong>in</strong></span> <span class='ocrx_word' id='word_1_91' title='bbox 793 963 921 996; x_wconf 89' lang='lat' dir='ltr'><strong>scelera</strong></span> <span class='ocrx_word' id='word_1_92' title='bbox 945 968 1066 997; x_wconf 89' lang='lat' dir='ltr'><strong>contra</strong></span> 
     </span>
     <span class='ocr_line' id='line_1_18' title="bbox 189 1012 580 1046; baseline 0.003 -1"><span class='ocrx_word' id='word_1_93' title='bbox 189 1012 440 1045; x_wconf 78' lang='lat' dir='ltr'><strong>conscientiam</strong></span> <span class='ocrx_word' id='word_1_94' title='bbox 460 1019 580 1046; x_wconf 89' lang='lat' dir='ltr'><strong>ruunt.</strong></span> 
     </span>
     <span class='ocr_line' id='line_1_19' title="bbox 84 1060 1064 1097; baseline 0.001 -2"><span class='ocrx_word' id='word_1_95' title='bbox 84 1060 152 1095; x_wconf 90' lang='lat' dir='ltr'><strong>Sed</strong></span> <span class='ocrx_word' id='word_1_96' title='bbox 170 1073 242 1095; x_wconf 92' lang='lat' dir='ltr'><strong>non</strong></span> <span class='ocrx_word' id='word_1_97' title='bbox 260 1062 415 1095; x_wconf 93' lang='lat' dir='ltr'><strong>delector</strong></span> <span class='ocrx_word' id='word_1_98' title='bbox 433 1060 496 1095; x_wconf 92' lang='lat' dir='ltr'><strong>hac</strong></span> <span class='ocrx_word' id='word_1_99' title='bbox 512 1063 855 1097; x_wconf 82' lang='lat' dir='ltr'><strong>commemoratione.</strong></span> <span class='ocrx_word' id='word_1_100' title='bbox 909 1062 1064 1096; x_wconf 89' lang='lat' dir='ltr'><strong>Tantum</strong></span> 
     </span>
     <span class='ocr_line' id='line_1_20' title="bbox 81 1112 1063 1157; baseline 0.001 -13"><span class='ocrx_word' id='word_1_101' title='bbox 81 1122 191 1155; x_wconf 86' lang='lat' dir='ltr'><strong>pauca</strong></span> <span class='ocrx_word' id='word_1_102' title='bbox 216 1112 372 1156; x_wconf 88' lang='lat' dir='ltr'><strong>exempla</strong></span> <span class='ocrx_word' id='word_1_103' title='bbox 399 1112 525 1150; x_wconf 88' lang='lat' dir='ltr'><strong>recito,</strong></span> <span class='ocrx_word' id='word_1_104' title='bbox 553 1119 592 1146; x_wconf 91' lang='lat' dir='ltr'><strong>ut</strong></span> <span class='ocrx_word' id='word_1_105' title='bbox 618 1113 775 1155; x_wconf 81' lang='lat' dir='ltr'><strong>cogitetis</strong></span> <span class='ocrx_word' id='word_1_106' title='bbox 792 1119 964 1157; x_wconf 89' lang='lat' dir='ltr'><strong>quantum</strong></span> <span class='ocrx_word' id='word_1_107' title='bbox 981 1113 1063 1145; x_wconf 89' lang='lat' dir='ltr'><strong>mali</strong></span> 
     </span>
     <span class='ocr_line' id='line_1_21' title="bbox 82 1161 1062 1206; baseline 0.001 -12"><span class='ocrx_word' id='word_1_108' title='bbox 82 1161 144 1202; x_wconf 89' lang='lat' dir='ltr'><strong>sit,</strong></span> <span class='ocrx_word' id='word_1_109' title='bbox 180 1173 341 1206; x_wconf 87' lang='lat' dir='ltr'><strong>spargere</strong></span> <span class='ocrx_word' id='word_1_110' title='bbox 368 1163 520 1195; x_wconf 86' lang='lat' dir='ltr'><strong>absurda</strong></span> <span class='ocrx_word' id='word_1_111' title='bbox 547 1169 609 1196; x_wconf 90' lang='lat' dir='ltr'><strong>aut</strong></span> <span class='ocrx_word' id='word_1_112' title='bbox 637 1163 800 1206; x_wconf 81' lang='lat' dir='ltr'><strong>ambigua</strong></span> <span class='ocrx_word' id='word_1_113' title='bbox 830 1163 943 1204; x_wconf 88' lang='lat' dir='ltr'><strong>dicta,</strong></span> <span class='ocrx_word' id='word_1_114' title='bbox 984 1175 1062 1196; x_wconf 92' lang='lat' dir='ltr'><strong>cum</strong></span> 
     </span>
     <span class='ocr_line' id='line_1_22' title="bbox 81 1212 1063 1256; baseline 0.003 -12"><span class='ocrx_word' id='word_1_115' title='bbox 81 1212 225 1256; x_wconf 90' lang='lat' dir='ltr'><strong>quidem</strong></span> <span class='ocrx_word' id='word_1_116' title='bbox 249 1213 285 1244; x_wconf 92' lang='lat' dir='ltr'><strong>in</strong></span> <span class='ocrx_word' id='word_1_117' title='bbox 310 1212 442 1256; x_wconf 90' lang='lat' dir='ltr'><strong>populo</strong></span> <span class='ocrx_word' id='word_1_118' title='bbox 461 1213 565 1256; x_wconf 84' lang='lat' dir='ltr'><strong>longe</strong></span> <span class='ocrx_word' id='word_1_119' title='bbox 579 1213 729 1247; x_wconf 87' lang='lat' dir='ltr'><strong>maiores</strong></span> <span class='ocrx_word' id='word_1_120' title='bbox 745 1213 934 1256; x_wconf 87' lang='lat' dir='ltr'><strong>adplausus</strong></span> <span class='ocrx_word' id='word_1_121' title='bbox 950 1214 1063 1247; x_wconf 89' lang='lat' dir='ltr'><strong>cieant</strong></span> 
     </span>
     <span class='ocr_line' id='line_1_23' title="bbox 80 1259 1060 1308; baseline 0.001 -14"><span class='ocrx_word' id='word_1_122' title='bbox 80 1261 141 1295; x_wconf 83' lang='lat' dir='ltr'><strong>illa</strong></span> <span class='ocrx_word' id='word_1_123' title='bbox 159 1259 341 1307; x_wconf 77' lang='grc' dir='ltr'><em>θαύματα</em></span> <span class='ocrx_word' id='word_1_124' title='bbox 364 1259 539 1307; x_wconf 78' lang='grc' dir='ltr'><em>ῥημάτων</em></span> <span class='ocrx_word' id='word_1_125' title='bbox 562 1274 667 1308; x_wconf 89' lang='lat' dir='ltr'><strong>quam</strong></span> <span class='ocrx_word' id='word_1_126' title='bbox 685 1270 777 1296; x_wconf 89' lang='lat' dir='ltr'><strong>recte</strong></span> <span class='ocrx_word' id='word_1_127' title='bbox 797 1269 831 1295; x_wconf 89' lang='lat' dir='ltr'><strong>et</strong></span> <span class='ocrx_word' id='word_1_128' title='bbox 847 1264 989 1306; x_wconf 87' lang='lat' dir='ltr'><strong>proprie</strong></span> <span class='ocrx_word' id='word_1_129' title='bbox 1005 1264 1060 1296; x_wconf 85' lang='lat' dir='ltr'><strong>di·</strong></span> 
     </span>
     <span class='ocr_line' id='line_1_24' title="bbox 80 1310 1060 1355; baseline -0.001 -10"><span class='ocrx_word' id='word_1_130' title='bbox 80 1318 151 1351; x_wconf 81' lang='lat' dir='ltr'><strong>cta,</strong></span> <span class='ocrx_word' id='word_1_131' title='bbox 173 1312 264 1345; x_wconf 90' lang='lat' dir='ltr'><strong>sicut</strong></span> <span class='ocrx_word' id='word_1_132' title='bbox 277 1319 311 1344; x_wconf 86' lang='lat' dir='ltr'><strong>et</strong></span> <span class='ocrx_word' id='word_1_133' title='bbox 325 1310 553 1355; x_wconf 84' lang='lat' dir='ltr'><strong>Thucydides</strong></span> <span class='ocrx_word' id='word_1_134' title='bbox 569 1322 649 1343; x_wconf 91' lang='lat' dir='ltr'><strong>suos</strong></span> <span class='ocrx_word' id='word_1_135' title='bbox 666 1313 758 1343; x_wconf 88' lang='lat' dir='ltr'><strong>cives</strong></span> <span class='ocrx_word' id='word_1_136' title='bbox 775 1312 955 1353; x_wconf 85' lang='lat' dir='ltr'><strong>obiurgat,</strong></span> <span class='ocrx_word' id='word_1_137' title='bbox 983 1324 1060 1344; x_wconf 90' lang='lat' dir='ltr'><strong>cum</strong></span> 
     </span>
     <span class='ocr_line' id='line_1_25' title="bbox 80 1360 1061 1401; baseline -0.001 -6"><span class='ocrx_word' id='word_1_138' title='bbox 80 1362 152 1401; x_wconf 87' lang='lat' dir='ltr'><strong>ait,</strong></span> <span class='ocrx_word' id='word_1_139' title='bbox 180 1373 238 1394; x_wconf 91' lang='lat' dir='ltr'><strong>eos</strong></span> <span class='ocrx_word' id='word_1_140' title='bbox 254 1360 408 1393; x_wconf 82' lang='lat' dir='ltr'><strong>fastidire</strong></span> <span class='ocrx_word' id='word_1_141' title='bbox 424 1361 568 1400; x_wconf 87' lang='lat' dir='ltr'><strong>usitata,</strong></span> <span class='ocrx_word' id='word_1_142' title='bbox 593 1367 625 1393; x_wconf 87' lang='lat' dir='ltr'><strong>et</strong></span> <span class='ocrx_word' id='word_1_143' title='bbox 640 1360 762 1393; x_wconf 88' lang='lat' dir='ltr'><strong>mirari</strong></span> <span class='ocrx_word' id='word_1_144' title='bbox 778 1360 941 1394; x_wconf 85' lang='lat' dir='ltr'><strong>absurda.</strong></span> <span class='ocrx_word' id='word_1_145' title='bbox 991 1361 1061 1394; x_wconf 87' lang='lat' dir='ltr'><strong>Sed</strong></span> 
     </span>
    </p>

    <p class='ocr_par' dir='ltr' id='par_1_3' title="bbox 181 1413 871 1452">
     <span class='ocr_line' id='line_1_26' title="bbox 181 1413 871 1452; baseline -0.003 -10"><span class='ocrx_word' id='word_1_146' title='bbox 181 1413 306 1443; x_wconf 82' lang='lat' dir='ltr'><strong>Fallitur</strong></span> <span class='ocrx_word' id='word_1_147' title='bbox 320 1420 347 1442; x_wconf 83' lang='lat' dir='ltr'><strong>et</strong></span> <span class='ocrx_word' id='word_1_148' title='bbox 363 1414 440 1442; x_wconf 78' lang='lat' dir='ltr'><strong>fallit</strong></span> <span class='ocrx_word' id='word_1_149' title='bbox 456 1415 538 1451; x_wconf 78' lang='lat' dir='ltr'><strong>vulgi</strong></span> <span class='ocrx_word' id='word_1_150' title='bbox 556 1416 607 1452; x_wconf 87' lang='lat' dir='ltr'><strong>qui</strong></span> <span class='ocrx_word' id='word_1_151' title='bbox 623 1414 732 1452; x_wconf 83' lang='lat' dir='ltr'><strong>pendet</strong></span> <span class='ocrx_word' id='word_1_152' title='bbox 749 1415 784 1441; x_wconf 80' lang='lat' dir='ltr'><strong>ab</strong></span> <span class='ocrx_word' id='word_1_153' title='bbox 811 1424 871 1441; x_wconf 84' lang='lat' dir='ltr'><strong>ore.</strong></span> 
     </span>
    </p>

    <p class='ocr_par' dir='ltr' id='par_1_4' title="bbox 76 1458 1061 1645">
     <span class='ocr_line' id='line_1_27' title="bbox 79 1458 1061 1502; baseline -0.002 -10"><span class='ocrx_word' id='word_1_154' title='bbox 79 1460 151 1492; x_wconf 83' lang='lat' dir='ltr'><strong>Vos</strong></span> <span class='ocrx_word' id='word_1_155' title='bbox 169 1460 203 1491; x_wconf 92' lang='lat' dir='ltr'><strong>in</strong></span> <span class='ocrx_word' id='word_1_156' title='bbox 221 1458 348 1492; x_wconf 87' lang='lat' dir='ltr'><strong>scholis</strong></span> <span class='ocrx_word' id='word_1_157' title='bbox 369 1460 555 1502; x_wconf 81' lang='lat' dir='ltr'><strong>praecipue</strong></span> <span class='ocrx_word' id='word_1_158' title='bbox 572 1461 669 1492; x_wconf 88' lang='lat' dir='ltr'><strong>decet</strong></span> <span class='ocrx_word' id='word_1_159' title='bbox 691 1460 851 1492; x_wconf 87' lang='lat' dir='ltr'><strong>custodes</strong></span> <span class='ocrx_word' id='word_1_160' title='bbox 878 1470 950 1491; x_wconf 88' lang='lat' dir='ltr'><strong>esse</strong></span> <span class='ocrx_word' id='word_1_161' title='bbox 967 1460 1061 1492; x_wconf 87' lang='lat' dir='ltr'><strong>veri—</strong></span> 
     </span>
     <span class='ocr_line' id='line_1_28' title="bbox 76 1508 1059 1552; baseline -0.002 -9"><span class='ocrx_word' id='word_1_162' title='bbox 76 1510 168 1545; x_wconf 85' lang='lat' dir='ltr'><strong>tatis,</strong></span> <span class='ocrx_word' id='word_1_163' title='bbox 221 1509 326 1542; x_wconf 86' lang='lat' dir='ltr'><strong>Tales</strong></span> <span class='ocrx_word' id='word_1_164' title='bbox 341 1515 380 1542; x_wconf 92' lang='lat' dir='ltr'><strong>ut</strong></span> <span class='ocrx_word' id='word_1_165' title='bbox 395 1508 490 1549; x_wconf 86' lang='lat' dir='ltr'><strong>sitis,</strong></span> <span class='ocrx_word' id='word_1_166' title='bbox 515 1520 654 1541; x_wconf 88' lang='lat' dir='ltr'><strong>necesse</strong></span> <span class='ocrx_word' id='word_1_167' title='bbox 671 1515 720 1541; x_wconf 93' lang='lat' dir='ltr'><strong>est</strong></span> <span class='ocrx_word' id='word_1_168' title='bbox 739 1520 799 1541; x_wconf 94' lang='lat' dir='ltr'><strong>vos</strong></span> <span class='ocrx_word' id='word_1_169' title='bbox 820 1509 978 1552; x_wconf 88' lang='lat' dir='ltr'><strong>primum</strong></span> <span class='ocrx_word' id='word_1_170' title='bbox 1007 1521 1059 1541; x_wconf 90' lang='lat' dir='ltr'><strong>res</strong></span> 
     </span>
     <span class='ocr_line' id='line_1_29' title="bbox 76 1556 1057 1602; baseline -0.002 -9"><span class='ocrx_word' id='word_1_171' title='bbox 76 1567 167 1593; x_wconf 87' lang='lat' dir='ltr'><strong>recte</strong></span> <span class='ocrx_word' id='word_1_172' title='bbox 185 1560 334 1599; x_wconf 89' lang='lat' dir='ltr'><strong>discere,</strong></span> <span class='ocrx_word' id='word_1_173' title='bbox 361 1559 489 1592; x_wconf 90' lang='lat' dir='ltr'><strong>deinde</strong></span> <span class='ocrx_word' id='word_1_174' title='bbox 506 1556 675 1592; x_wconf 88' lang='lat' dir='ltr'><strong>adhibere</strong></span> <span class='ocrx_word' id='word_1_175' title='bbox 690 1559 839 1592; x_wconf 85' lang='lat' dir='ltr'><strong>formam</strong></span> <span class='ocrx_word' id='word_1_176' title='bbox 858 1559 1057 1602; x_wconf 90' lang='lat' dir='ltr'><strong>exponendi</strong></span> 
     </span>
     <span class='ocr_line' id='line_1_30' title="bbox 76 1609 439 1645; baseline -0.006 -2"><span class='ocrx_word' id='word_1_177' title='bbox 76 1611 239 1644; x_wconf 88' lang='lat' dir='ltr'><strong>idoneam</strong></span> <span class='ocrx_word' id='word_1_178' title='bbox 257 1616 290 1642; x_wconf 90' lang='lat' dir='ltr'><strong>et</strong></span> <span class='ocrx_word' id='word_1_179' title='bbox 304 1609 439 1645; x_wconf 87' lang='lat' dir='ltr'><strong>utilem.</strong></span> 
     </span>
    </p>

    <p class='ocr_par' dir='ltr' id='par_1_5' title="bbox 75 1659 1057 1796">
     <span class='ocr_line' id='line_1_31' title="bbox 177 1659 1055 1702; baseline -0.002 -9"><span class='ocrx_word' id='word_1_180' title='bbox 177 1660 247 1694; x_wconf 89' lang='lat' dir='ltr'><strong>Nec</strong></span> <span class='ocrx_word' id='word_1_181' title='bbox 270 1660 373 1702; x_wconf 83' lang='lat' dir='ltr'><strong>longa</strong></span> <span class='ocrx_word' id='word_1_182' title='bbox 399 1659 638 1702; x_wconf 88' lang='lat' dir='ltr'><strong>disputatione</strong></span> <span class='ocrx_word' id='word_1_183' title='bbox 670 1670 758 1702; x_wconf 93' lang='lat' dir='ltr'><strong>opus</strong></span> <span class='ocrx_word' id='word_1_184' title='bbox 785 1660 828 1692; x_wconf 89' lang='lat' dir='ltr'><strong>de</strong></span> <span class='ocrx_word' id='word_1_185' title='bbox 850 1659 987 1692; x_wconf 89' lang='lat' dir='ltr'><strong>delectu</strong></span> <span class='ocrx_word' id='word_1_186' title='bbox 1006 1659 1055 1691; x_wconf 90' lang='lat' dir='ltr'><strong>&#39;in</strong></span> 
     </span>
     <span class='ocr_line' id='line_1_32' title="bbox 75 1709 1057 1745; baseline -0.003 0"><span class='ocrx_word' id='word_1_187' title='bbox 75 1712 180 1745; x_wconf 87' lang='lat' dir='ltr'><strong>rebus</strong></span> <span class='ocrx_word' id='word_1_188' title='bbox 204 1710 390 1744; x_wconf 86' lang='lat' dir='ltr'><strong>discendis.</strong></span> <span class='ocrx_word' id='word_1_189' title='bbox 441 1709 532 1743; x_wconf 83' lang='lat' dir='ltr'><strong>Nota</strong></span> <span class='ocrx_word' id='word_1_190' title='bbox 553 1710 647 1743; x_wconf 90' lang='lat' dir='ltr'><strong>enim</strong></span> <span class='ocrx_word' id='word_1_191' title='bbox 670 1716 750 1743; x_wconf 89' lang='lat' dir='ltr'><strong>sunt</strong></span> <span class='ocrx_word' id='word_1_192' title='bbox 766 1710 826 1743; x_wconf 89' lang='lat' dir='ltr'><strong>illa</strong></span> <span class='ocrx_word' id='word_1_193' title='bbox 844 1717 960 1743; x_wconf 86' lang='lat' dir='ltr'><strong>vetera</strong></span> <span class='ocrx_word' id='word_1_194' title='bbox 977 1721 1057 1743; x_wconf 86' lang='lat' dir='ltr'><strong>ora-</strong></span> 
     </span>
     <span class='ocr_line' id='line_1_33' title="bbox 76 1762 170 1796; baseline -0.021 0"><span class='ocrx_word' id='word_1_195' title='bbox 76 1762 170 1796; x_wconf 87' lang='lat' dir='ltr'><strong>cula:</strong></span> 
     </span>
    </p>

    <p class='ocr_par' dir='ltr' id='par_1_6' title="bbox 124 1810 1006 1856">
     <span class='ocr_line' id='line_1_34' title="bbox 124 1810 1006 1856; baseline -0.002 -11"><span class='ocrx_word' id='word_1_196' title='bbox 124 1812 239 1846; x_wconf 91' lang='lat' dir='ltr'><strong>Nemo</strong></span> <span class='ocrx_word' id='word_1_197' title='bbox 254 1811 420 1856; x_wconf 86' lang='lat' dir='ltr'><strong>eloquens</strong></span> <span class='ocrx_word' id='word_1_198' title='bbox 439 1822 509 1844; x_wconf 91' lang='lat' dir='ltr'><strong>esse</strong></span> <span class='ocrx_word' id='word_1_199' title='bbox 527 1817 640 1854; x_wconf 88' lang='lat' dir='ltr'><strong>potest</strong></span> <span class='ocrx_word' id='word_1_200' title='bbox 664 1810 700 1843; x_wconf 90' lang='lat' dir='ltr'><strong>in</strong></span> <span class='ocrx_word' id='word_1_201' title='bbox 718 1822 757 1844; x_wconf 93' lang='lat' dir='ltr'><strong>eo</strong></span> <span class='ocrx_word' id='word_1_202' title='bbox 774 1811 869 1855; x_wconf 91' lang='lat' dir='ltr'><strong>quod</strong></span> <span class='ocrx_word' id='word_1_203' title='bbox 886 1810 1006 1851; x_wconf 87' lang='lat' dir='ltr'><strong>nescit,</strong></span> 
     </span>
    </p>

    <p class='ocr_par' dir='ltr' id='par_1_7' title="bbox 124 1862 963 1906">
     <span class='ocr_line' id='line_1_35' title="bbox 124 1862 963 1906; baseline -0.001 -11"><span class='ocrx_word' id='word_1_204' title='bbox 124 1862 302 1906; x_wconf 84' lang='lat' dir='ltr'><strong>Quodque</strong></span> <span class='ocrx_word' id='word_1_205' title='bbox 319 1873 441 1905; x_wconf 88' lang='lat' dir='ltr'><strong>parum</strong></span> <span class='ocrx_word' id='word_1_206' title='bbox 459 1862 558 1895; x_wconf 80' lang='lat' dir='ltr'><strong>novit</strong></span> <span class='ocrx_word' id='word_1_207' title='bbox 574 1873 676 1894; x_wconf 88' lang='lat' dir='ltr'><strong>nemo</strong></span> <span class='ocrx_word' id='word_1_208' title='bbox 695 1862 820 1894; x_wconf 79' lang='lat' dir='ltr'><strong>docere</strong></span> <span class='ocrx_word' id='word_1_209' title='bbox 838 1867 963 1905; x_wconf 83' lang='lat' dir='ltr'><strong>potest.</strong></span> 
     </span>
    </p>

    <p class='ocr_par' dir='ltr' id='par_1_8' title="bbox 67 1911 1054 2560">
     <span class='ocr_line' id='line_1_36' title="bbox 123 1911 1031 1957; baseline -0.002 -11"><span class='ocrx_word' id='word_1_210' title='bbox 123 1913 309 1957; x_wconf 77' lang='lat' dir='ltr'><strong>Verbaque</strong></span> <span class='ocrx_word' id='word_1_211' title='bbox 326 1912 520 1956; x_wconf 80' lang='lat' dir='ltr'><strong>praevisam</strong></span> <span class='ocrx_word' id='word_1_212' title='bbox 541 1923 613 1944; x_wconf 80' lang='lat' dir='ltr'><strong>rem</strong></span> <span class='ocrx_word' id='word_1_213' title='bbox 632 1924 703 1944; x_wconf 92' lang='lat' dir='ltr'><strong>non</strong></span> <span class='ocrx_word' id='word_1_214' title='bbox 722 1912 832 1944; x_wconf 87' lang='lat' dir='ltr'><strong>invita</strong></span> <span class='ocrx_word' id='word_1_215' title='bbox 863 1911 1031 1956; x_wconf 88' lang='lat' dir='ltr'><strong>sequitur.</strong></span> 
     </span>
     <span class='ocr_line' id='line_1_37' title="bbox 71 1960 1053 2007; baseline -0.005 -9"><span class='ocrx_word' id='word_1_216' title='bbox 71 1962 148 1998; x_wconf 83' lang='lat' dir='ltr'><strong>Etsi</strong></span> <span class='ocrx_word' id='word_1_217' title='bbox 173 1960 262 2007; x_wconf 84' lang='lat' dir='ltr'><strong>proh</strong></span> <span class='ocrx_word' id='word_1_218' title='bbox 285 1963 404 2002; x_wconf 90' lang='lat' dir='ltr'><strong>dolor,</strong></span> <span class='ocrx_word' id='word_1_219' title='bbox 436 1963 627 1995; x_wconf 90' lang='lat' dir='ltr'><strong>multorum</strong></span> <span class='ocrx_word' id='word_1_220' title='bbox 655 1960 737 1995; x_wconf 87' lang='lat' dir='ltr'><strong>haec</strong></span> <span class='ocrx_word' id='word_1_221' title='bbox 760 1969 811 1995; x_wconf 90' lang='lat' dir='ltr'><strong>est</strong></span> <span class='ocrx_word' id='word_1_222' title='bbox 832 1962 975 1994; x_wconf 88' lang='lat' dir='ltr'><strong>audacia</strong></span> <span class='ocrx_word' id='word_1_223' title='bbox 1001 1961 1053 1992; x_wconf 85' lang='lat' dir='ltr'><strong>vel</strong></span> 
     </span>
     <span class='ocr_line' id='line_1_38' title="bbox 72 2011 1053 2056; baseline -0.003 -9"><span class='ocrx_word' id='word_1_224' title='bbox 72 2015 208 2047; x_wconf 88' lang='lat' dir='ltr'><strong>insania</strong></span> <span class='ocrx_word' id='word_1_225' title='bbox 227 2014 359 2056; x_wconf 89' lang='lat' dir='ltr'><strong>potius,</strong></span> <span class='ocrx_word' id='word_1_226' title='bbox 385 2013 469 2045; x_wconf 80' lang='lat' dir='ltr'><strong>etin</strong></span> <span class='ocrx_word' id='word_1_227' title='bbox 489 2011 653 2045; x_wconf 87' lang='lat' dir='ltr'><strong>Ecclesiis</strong></span> <span class='ocrx_word' id='word_1_228' title='bbox 670 2013 754 2046; x_wconf 90' lang='lat' dir='ltr'><strong>etin</strong></span> <span class='ocrx_word' id='word_1_229' title='bbox 777 2013 885 2052; x_wconf 88' lang='lat' dir='ltr'><strong>aulis,</strong></span> <span class='ocrx_word' id='word_1_230' title='bbox 913 2011 1053 2055; x_wconf 78' lang='lat' dir='ltr'><strong>profite-</strong></span> 
     </span>
     <span class='ocr_line' id='line_1_39' title="bbox 72 2062 1054 2102; baseline -0.004 -5"><span class='ocrx_word' id='word_1_231' title='bbox 72 2065 102 2097; x_wconf 87' lang='lat' dir='ltr'><strong>ri</strong></span> <span class='ocrx_word' id='word_1_232' title='bbox 135 2076 170 2097; x_wconf 80' lang='lat' dir='ltr'><strong>se</strong></span> <span class='ocrx_word' id='word_1_233' title='bbox 192 2062 383 2100; x_wconf 85' lang='lat' dir='ltr'><strong>Doctores,</strong></span> <span class='ocrx_word' id='word_1_234' title='bbox 422 2062 574 2102; x_wconf 79' lang='lat' dir='ltr'><strong>ludices,</strong></span> <span class='ocrx_word' id='word_1_235' title='bbox 602 2062 772 2096; x_wconf 86' lang='lat' dir='ltr'><strong>Censores</strong></span> <span class='ocrx_word' id='word_1_236' title='bbox 799 2063 840 2095; x_wconf 91' lang='lat' dir='ltr'><strong>iis</strong></span> <span class='ocrx_word' id='word_1_237' title='bbox 869 2064 911 2095; x_wconf 89' lang='lat' dir='ltr'><strong>de</strong></span> <span class='ocrx_word' id='word_1_238' title='bbox 940 2062 1054 2101; x_wconf 87' lang='lat' dir='ltr'><strong>rebus,</strong></span> 
     </span>
     <span class='ocr_line' id='line_1_40' title="bbox 71 2112 1052 2160; baseline -0.004 -13"><span class='ocrx_word' id='word_1_239' title='bbox 71 2127 160 2160; x_wconf 88' lang='lat' dir='ltr'><strong>quae</strong></span> <span class='ocrx_word' id='word_1_240' title='bbox 178 2126 358 2158; x_wconf 87' lang='lat' dir='ltr'><strong>nunquam</strong></span> <span class='ocrx_word' id='word_1_241' title='bbox 377 2113 646 2157; x_wconf 78' lang='lat' dir='ltr'><strong>inquisiverunt.</strong></span> <span class='ocrx_word' id='word_1_242' title='bbox 698 2112 771 2146; x_wconf 90' lang='lat' dir='ltr'><strong>Alii</strong></span> <span class='ocrx_word' id='word_1_243' title='bbox 788 2113 946 2146; x_wconf 84' lang='lat' dir='ltr'><strong>fascinati</strong></span> <span class='ocrx_word' id='word_1_244' title='bbox 966 2119 1052 2145; x_wconf 90' lang='lat' dir='ltr'><strong>tem-</strong></span> 
     </span>
     <span class='ocr_line' id='line_1_41' title="bbox 70 2161 1051 2210; baseline -0.005 -11"><span class='ocrx_word' id='word_1_245' title='bbox 70 2177 195 2210; x_wconf 88' lang='lat' dir='ltr'><strong>porum</strong></span> <span class='ocrx_word' id='word_1_246' title='bbox 223 2171 283 2197; x_wconf 86' lang='lat' dir='ltr'><strong>aut</strong></span> <span class='ocrx_word' id='word_1_247' title='bbox 309 2163 549 2197; x_wconf 84' lang='lat' dir='ltr'><strong>multitudinis</strong></span> <span class='ocrx_word' id='word_1_248' title='bbox 571 2175 762 2204; x_wconf 88' lang='lat' dir='ltr'><strong>consensu,</strong></span> <span class='ocrx_word' id='word_1_249' title='bbox 796 2161 862 2196; x_wconf 89' lang='lat' dir='ltr'><strong>hoc</strong></span> <span class='ocrx_word' id='word_1_250' title='bbox 886 2162 1051 2203; x_wconf 76' lang='lat' dir='ltr'><strong>magistro</strong></span> 
     </span>
     <span class='ocr_line' id='line_1_42' title="bbox 69 2211 1052 2259; baseline -0.004 -10"><span class='ocrx_word' id='word_1_251' title='bbox 69 2215 225 2249; x_wconf 88' lang='lat' dir='ltr'><strong>contenti</strong></span> <span class='ocrx_word' id='word_1_252' title='bbox 245 2212 441 2259; x_wconf 70' lang='grc' dir='ltr'><em>τρέπονται</em></span> <span class='ocrx_word' id='word_1_253' title='bbox 460 2212 516 2247; x_wconf 70' lang='grc' dir='ltr'><strong>ἐπὶ</strong></span> <span class='ocrx_word' id='word_1_254' title='bbox 535 2211 581 2246; x_wconf 73' lang='grc' dir='ltr'><strong>τὰ</strong></span> <span class='ocrx_word' id='word_1_255' title='bbox 607 2211 751 2258; x_wconf 75' lang='grc' dir='ltr'><em>ἑτοιμὰ,</em></span> <span class='ocrx_word' id='word_1_256' title='bbox 780 2221 818 2248; x_wconf 92' lang='lat' dir='ltr'><strong>ut</strong></span> <span class='ocrx_word' id='word_1_257' title='bbox 836 2211 1052 2246; x_wconf 86' lang='lat' dir='ltr'><strong>&#39;l&#39;lmcidides</strong></span> 
     </span>
     <span class='ocr_line' id='line_1_43' title="bbox 70 2264 1051 2311; baseline -0.004 -11"><span class='ocrx_word' id='word_1_258' title='bbox 70 2267 202 2311; x_wconf 84' lang='lat' dir='ltr'><strong>inquit,</strong></span> <span class='ocrx_word' id='word_1_259' title='bbox 228 2265 287 2298; x_wconf 87' lang='lat' dir='ltr'><strong>alii</strong></span> <span class='ocrx_word' id='word_1_260' title='bbox 302 2265 447 2298; x_wconf 89' lang='lat' dir='ltr'><strong>scientes</strong></span> <span class='ocrx_word' id='word_1_261' title='bbox 463 2266 694 2297; x_wconf 86' lang='lat' dir='ltr'><strong>adsentantur</strong></span> <span class='ocrx_word' id='word_1_262' title='bbox 712 2276 771 2297; x_wconf 90' lang='lat' dir='ltr'><strong>seu</strong></span> <span class='ocrx_word' id='word_1_263' title='bbox 795 2264 976 2310; x_wconf 85' lang='lat' dir='ltr'><strong>gynaeceis</strong></span> <span class='ocrx_word' id='word_1_264' title='bbox 993 2275 1051 2296; x_wconf 90' lang='lat' dir='ltr'><strong>seu</strong></span> 
     </span>
     <span class='ocr_line' id='line_1_44' title="bbox 69 2315 1052 2361; baseline -0.003 -12"><span class='ocrx_word' id='word_1_265' title='bbox 69 2317 166 2358; x_wconf 81' lang='lat' dir='ltr'><strong>aliis,</strong></span> <span class='ocrx_word' id='word_1_266' title='bbox 193 2328 343 2361; x_wconf 91' lang='lat' dir='ltr'><strong>quorum</strong></span> <span class='ocrx_word' id='word_1_267' title='bbox 369 2315 526 2349; x_wconf 86' lang='lat' dir='ltr'><strong>serviunt</strong></span> <span class='ocrx_word' id='word_1_268' title='bbox 550 2315 759 2354; x_wconf 77' lang='lat' dir='ltr'><strong>adfectibus,</strong></span> <span class='ocrx_word' id='word_1_269' title='bbox 785 2322 823 2348; x_wconf 87' lang='lat' dir='ltr'><strong>ut</strong></span> <span class='ocrx_word' id='word_1_270' title='bbox 847 2315 1052 2358; x_wconf 82' lang='lat' dir='ltr'><strong>potentiam,</strong></span> 
     </span>
     <span class='ocr_line' id='line_1_45' title="bbox 70 2362 1052 2411; baseline -0.004 -11"><span class='ocrx_word' id='word_1_271' title='bbox 70 2378 152 2411; x_wconf 88' lang='lat' dir='ltr'><strong>opes</strong></span> <span class='ocrx_word' id='word_1_272' title='bbox 171 2373 203 2400; x_wconf 85' lang='lat' dir='ltr'><strong>et</strong></span> <span class='ocrx_word' id='word_1_273' title='bbox 222 2366 416 2410; x_wconf 84' lang='lat' dir='ltr'><strong>voluptates</strong></span> <span class='ocrx_word' id='word_1_274' title='bbox 430 2377 508 2399; x_wconf 91' lang='lat' dir='ltr'><strong>suas</strong></span> <span class='ocrx_word' id='word_1_275' title='bbox 527 2372 684 2407; x_wconf 78' lang='lat' dir='ltr'><strong>augeant,</strong></span> <span class='ocrx_word' id='word_1_276' title='bbox 712 2362 747 2397; x_wconf 87' lang='lat' dir='ltr'><strong>hi</strong></span> <span class='ocrx_word' id='word_1_277' title='bbox 766 2377 835 2398; x_wconf 92' lang='lat' dir='ltr'><strong>non</strong></span> <span class='ocrx_word' id='word_1_278' title='bbox 858 2372 980 2408; x_wconf 88' lang='lat' dir='ltr'><strong>petunt</strong></span> <span class='ocrx_word' id='word_1_279' title='bbox 999 2377 1052 2397; x_wconf 86' lang='lat' dir='ltr'><strong>re-</strong></span> 
     </span>
     <span class='ocr_line' id='line_1_46' title="bbox 68 2413 1051 2451; baseline -0.004 0"><span class='ocrx_word' id='word_1_280' title='bbox 68 2429 146 2451; x_wconf 91' lang='lat' dir='ltr'><strong>rum</strong></span> <span class='ocrx_word' id='word_1_281' title='bbox 165 2417 359 2449; x_wconf 86' lang='lat' dir='ltr'><strong>doctrinam</strong></span> <span class='ocrx_word' id='word_1_282' title='bbox 379 2428 417 2449; x_wconf 85' lang='lat' dir='ltr'><strong>ex</strong></span> <span class='ocrx_word' id='word_1_283' title='bbox 441 2417 531 2449; x_wconf 86' lang='lat' dir='ltr'><strong>veris</strong></span> <span class='ocrx_word' id='word_1_284' title='bbox 556 2416 724 2450; x_wconf 84' lang='lat' dir='ltr'><strong>sontibus.</strong></span> <span class='ocrx_word' id='word_1_285' title='bbox 778 2416 844 2449; x_wconf 89' lang='lat' dir='ltr'><strong>Sed</strong></span> <span class='ocrx_word' id='word_1_286' title='bbox 866 2427 970 2448; x_wconf 90' lang='lat' dir='ltr'><strong>unam</strong></span> <span class='ocrx_word' id='word_1_287' title='bbox 989 2413 1051 2447; x_wconf 83' lang='lat' dir='ltr'><strong>ha-</strong></span> 
     </span>
     <span class='ocr_line' id='line_1_47' title="bbox 67 2467 1050 2511; baseline -0.002 -11"><span class='ocrx_word' id='word_1_288' title='bbox 67 2469 147 2501; x_wconf 85' lang='lat' dir='ltr'><strong>beat</strong></span> <span class='ocrx_word' id='word_1_289' title='bbox 178 2479 217 2499; x_wconf 84' lang='lat' dir='ltr'><strong>ex</strong></span> <span class='ocrx_word' id='word_1_290' title='bbox 249 2467 375 2499; x_wconf 89' lang='lat' dir='ltr'><strong>culinis</strong></span> <span class='ocrx_word' id='word_1_291' title='bbox 407 2467 612 2500; x_wconf 88' lang='lat' dir='ltr'><strong>sententiam</strong></span> <span class='ocrx_word' id='word_1_292' title='bbox 626 2493 634 2506; x_wconf 92' lang='lat'><strong>,</strong></span> <span class='ocrx_word' id='word_1_293' title='bbox 669 2478 757 2511; x_wconf 89' lang='lat' dir='ltr'><strong>quae</strong></span> <span class='ocrx_word' id='word_1_294' title='bbox 788 2472 895 2499; x_wconf 89' lang='lat' dir='ltr'><strong>totam</strong></span> <span class='ocrx_word' id='word_1_295' title='bbox 928 2478 1050 2499; x_wconf 89' lang='lat' dir='ltr'><strong>eorum</strong></span> 
     </span>
     <span class='ocr_line' id='line_1_48' title="bbox 68 2515 597 2560; baseline -0.002 -10"><span class='ocrx_word' id='word_1_296' title='bbox 68 2515 332 2560; x_wconf 77' lang='lat' dir='ltr'><strong>Philosophiam</strong></span> <span class='ocrx_word' id='word_1_297' title='bbox 355 2518 597 2560; x_wconf 83' lang='lat' dir='ltr'><strong>complectitur</strong></span> 
     </span>
    </p>

    <p class='ocr_par' dir='ltr' id='par_1_9' title="bbox 67 2564 1049 2712">
     <span class='ocr_line' id='line_1_49' title="bbox 119 2564 981 2611; baseline 0.001 -11"><span class='ocrx_word' id='word_1_298' title='bbox 119 2567 269 2611; x_wconf 81' lang='lat' dir='ltr'><strong>Nempe,</strong></span> <span class='ocrx_word' id='word_1_299' title='bbox 294 2566 408 2600; x_wconf 91' lang='lat' dir='ltr'><strong>Cocus</strong></span> <span class='ocrx_word' id='word_1_300' title='bbox 427 2567 563 2600; x_wconf 88' lang='lat' dir='ltr'><strong>domini</strong></span> <span class='ocrx_word' id='word_1_301' title='bbox 582 2567 683 2600; x_wconf 86' lang='lat' dir='ltr'><strong>debet</strong></span> <span class='ocrx_word' id='word_1_302' title='bbox 700 2564 827 2600; x_wconf 89' lang='lat' dir='ltr'><strong>habere</strong></span> <span class='ocrx_word' id='word_1_303' title='bbox 850 2567 981 2608; x_wconf 79' lang='lat' dir='ltr'><strong>gulam.</strong></span> 
     </span>
     <span class='ocr_line' id='line_1_50' title="bbox 67 2615 1049 2662; baseline -0.002 -11"><span class='ocrx_word' id='word_1_304' title='bbox 67 2616 111 2652; x_wconf 86' lang='lat' dir='ltr'><strong>Et</strong></span> <span class='ocrx_word' id='word_1_305' title='bbox 137 2618 332 2662; x_wconf 82' lang='lat' dir='ltr'><strong>plerunque</strong></span> <span class='ocrx_word' id='word_1_306' title='bbox 354 2617 484 2650; x_wconf 90' lang='lat' dir='ltr'><strong>indocti</strong></span> <span class='ocrx_word' id='word_1_307' title='bbox 510 2620 552 2650; x_wconf 88' lang='lat' dir='ltr'><strong>ad</strong></span> <span class='ocrx_word' id='word_1_308' title='bbox 578 2615 666 2650; x_wconf 91' lang='lat' dir='ltr'><strong>hanc</strong></span> <span class='ocrx_word' id='word_1_309' title='bbox 695 2629 803 2650; x_wconf 90' lang='lat' dir='ltr'><strong>unam</strong></span> <span class='ocrx_word' id='word_1_310' title='bbox 832 2629 944 2649; x_wconf 88' lang='lat' dir='ltr'><strong>arcem</strong></span> <span class='ocrx_word' id='word_1_311' title='bbox 964 2629 1049 2649; x_wconf 87' lang='lat' dir='ltr'><strong>con-</strong></span> 
     </span>
     <span class='ocr_line' id='line_1_51' title="bbox 67 2666 1047 2712; baseline -0.001 -10"><span class='ocrx_word' id='word_1_312' title='bbox 67 2669 216 2712; x_wconf 75' lang='lat' dir='ltr'><strong>sugiuut.</strong></span> <span class='ocrx_word' id='word_1_313' title='bbox 267 2668 356 2701; x_wconf 87' lang='lat' dir='ltr'><strong>Cum</strong></span> <span class='ocrx_word' id='word_1_314' title='bbox 380 2674 494 2701; x_wconf 86' lang='lat' dir='ltr'><strong>autem</strong></span> <span class='ocrx_word' id='word_1_315' title='bbox 519 2666 614 2702; x_wconf 86' lang='lat' dir='ltr'><strong>Deus</strong></span> <span class='ocrx_word' id='word_1_316' title='bbox 648 2679 709 2701; x_wconf 90' lang='lat' dir='ltr'><strong>vos</strong></span> <span class='ocrx_word' id='word_1_317' title='bbox 741 2668 783 2701; x_wconf 86' lang='lat' dir='ltr'><strong>ad</strong></span> <span class='ocrx_word' id='word_1_318' title='bbox 809 2679 908 2701; x_wconf 91' lang='lat' dir='ltr'><strong>veros</strong></span> <span class='ocrx_word' id='word_1_319' title='bbox 934 2668 1047 2702; x_wconf 89' lang='lat' dir='ltr'><strong>sontes</strong></span> 
     </span>
    </p>
   </div>
   <div class='ocr_carea' id='block_1_3' title="bbox 610 121 1603 169">
    <p class='ocr_par' dir='ltr' id='par_1_10' title="bbox 610 121 1603 169">
     <span class='ocr_line' id='line_1_52' title="bbox 610 121 1603 169; baseline 0.003 -10"><span class='ocrx_word' id='word_1_320' title='bbox 610 122 765 167; x_wconf 75' lang='lat' dir='ltr'><strong>DECL.</strong></span> <span class='ocrx_word' id='word_1_321' title='bbox 799 122 874 159; x_wconf 89' lang='lat' dir='ltr'><strong>DE</strong></span> <span class='ocrx_word' id='word_1_322' title='bbox 907 122 1063 160; x_wconf 84' lang='lat' dir='ltr'>CURA</span> <span class='ocrx_word' id='word_1_323' title='bbox 1096 121 1251 159; x_wconf 89' lang='lat' dir='ltr'>RETE</span> <span class='ocrx_word' id='word_1_324' title='bbox 1284 122 1603 169; x_wconf 86' lang='lat' dir='ltr'><strong>LOQUENDI.</strong></span> 
     </span>
    </p>
   </div>
   <div class='ocr_carea' id='block_1_4' title="bbox 2037 128 2112 163">
    <p class='ocr_par' dir='ltr' id='par_1_11' title="bbox 2037 128 2112 163">
     <span class='ocr_line' id='line_1_53' title="bbox 2037 128 2112 163; baseline 0.027 -2"><span class='ocrx_word' id='word_1_325' title='bbox 2037 128 2112 163; x_wconf 74' lang='lat'><strong>218</strong></span> 
     </span>
    </p>
   </div>
   <div class='ocr_carea' id='block_1_5' title="bbox 1127 205 2109 463">
    <p class='ocr_par' dir='ltr' id='par_1_12' title="bbox 1127 205 2109 463">
     <span class='ocr_line' id='line_1_54' title="bbox 1131 205 2109 253; baseline 0.003 -12"><span class='ocrx_word' id='word_1_326' title='bbox 1131 209 1312 243; x_wconf 89' lang='lat' dir='ltr'><strong>doctrinae</strong></span> <span class='ocrx_word' id='word_1_327' title='bbox 1342 211 1601 253; x_wconf 82' lang='lat' dir='ltr'><strong>cognoscendos</strong></span> <span class='ocrx_word' id='word_1_328' title='bbox 1632 210 1826 250; x_wconf 83' lang='lat' dir='ltr'><strong>vocaverit,</strong></span> <span class='ocrx_word' id='word_1_329' title='bbox 1867 205 1971 244; x_wconf 78' lang='lat' dir='ltr'><strong>officii</strong></span> <span class='ocrx_word' id='word_1_330' title='bbox 2002 212 2109 244; x_wconf 78' lang='lat' dir='ltr'><strong>vestri</strong></span> 
     </span>
     <span class='ocr_line' id='line_1_55' title="bbox 1129 259 2107 305; baseline 0.004 -14"><span class='ocrx_word' id='word_1_331' title='bbox 1129 271 1300 292; x_wconf 90' lang='lat' dir='ltr'><strong>memores</strong></span> <span class='ocrx_word' id='word_1_332' title='bbox 1317 259 1402 300; x_wconf 87' lang='lat' dir='ltr'><strong>sitis,</strong></span> <span class='ocrx_word' id='word_1_333' title='bbox 1428 268 1461 294; x_wconf 92' lang='lat' dir='ltr'><strong>et</strong></span> <span class='ocrx_word' id='word_1_334' title='bbox 1475 261 1578 294; x_wconf 80' lang='lat' dir='ltr'><strong>infixa</strong></span> <span class='ocrx_word' id='word_1_335' title='bbox 1594 261 1637 294; x_wconf 93' lang='lat' dir='ltr'><strong>sit</strong></span> <span class='ocrx_word' id='word_1_336' title='bbox 1656 261 1788 305; x_wconf 81' lang='lat' dir='ltr'><strong>pectori</strong></span> <span class='ocrx_word' id='word_1_337' title='bbox 1805 268 1837 294; x_wconf 89' lang='lat' dir='ltr'><strong>et</strong></span> <span class='ocrx_word' id='word_1_338' title='bbox 1854 261 1963 295; x_wconf 89' lang='lat' dir='ltr'><strong>menti</strong></span> <span class='ocrx_word' id='word_1_339' title='bbox 1979 261 2107 295; x_wconf 86' lang='lat' dir='ltr'><strong>tristis·</strong></span> 
     </span>
     <span class='ocr_line' id='line_1_56' title="bbox 1127 309 1889 356; baseline 0.004 -14"><span class='ocrx_word' id='word_1_340' title='bbox 1127 309 1216 343; x_wconf 84' lang='lat' dir='ltr'><strong>sima</strong></span> <span class='ocrx_word' id='word_1_341' title='bbox 1235 310 1479 351; x_wconf 87' lang='lat' dir='ltr'><strong>comminatio,</strong></span> <span class='ocrx_word' id='word_1_342' title='bbox 1505 312 1543 344; x_wconf 92' lang='lat' dir='ltr'><strong>in</strong></span> <span class='ocrx_word' id='word_1_343' title='bbox 1560 324 1627 356; x_wconf 90' lang='lat' dir='ltr'><strong>qua</strong></span> <span class='ocrx_word' id='word_1_344' title='bbox 1644 311 1738 345; x_wconf 89' lang='lat' dir='ltr'><strong>Deus</strong></span> <span class='ocrx_word' id='word_1_345' title='bbox 1757 312 1889 356; x_wconf 87' lang='lat' dir='ltr'><strong>inquit:</strong></span> 
     </span>
     <span class='ocr_line' id='line_1_57' title="bbox 1178 367 2107 413; baseline 0.003 -13"><span class='ocrx_word' id='word_1_346' title='bbox 1178 367 1271 411; x_wconf 86' lang='lat' dir='ltr'><strong>Quia</strong></span> <span class='ocrx_word' id='word_1_347' title='bbox 1297 368 1477 401; x_wconf 90' lang='lat' dir='ltr'><strong>scientiam</strong></span> <span class='ocrx_word' id='word_1_348' title='bbox 1504 370 1679 413; x_wconf 86' lang='lat' dir='ltr'><strong>repulisti,</strong></span> <span class='ocrx_word' id='word_1_349' title='bbox 1706 370 1872 413; x_wconf 88' lang='lat' dir='ltr'><strong>repellam</strong></span> <span class='ocrx_word' id='word_1_350' title='bbox 1896 376 1946 410; x_wconf 90' lang='lat' dir='ltr'><strong>te,</strong></span> <span class='ocrx_word' id='word_1_351' title='bbox 1973 381 2017 402; x_wconf 89' lang='lat' dir='ltr'><strong>ne</strong></span> <span class='ocrx_word' id='word_1_352' title='bbox 2041 368 2107 403; x_wconf 84' lang='lat' dir='ltr'><strong>Sa-</strong></span> 
     </span>
     <span class='ocr_line' id='line_1_58' title="bbox 1228 418 1668 463; baseline 0.005 -12"><span class='ocrx_word' id='word_1_353' title='bbox 1228 418 1383 451; x_wconf 87' lang='lat' dir='ltr'><strong>cerdotio</strong></span> <span class='ocrx_word' id='word_1_354' title='bbox 1400 431 1477 452; x_wconf 91' lang='lat' dir='ltr'><strong>meo</strong></span> <span class='ocrx_word' id='word_1_355' title='bbox 1503 420 1668 463; x_wconf 81' lang='lat' dir='ltr'><strong>fungaris,</strong></span> 
     </span>
    </p>
   </div>
   <div class='ocr_carea' id='block_1_6' title="bbox 1125 476 2104 621">
    <p class='ocr_par' dir='ltr' id='par_1_13' title="bbox 1125 476 2104 621">
     <span class='ocr_line' id='line_1_59' title="bbox 1126 476 2104 521; baseline 0.002 -12"><span class='ocrx_word' id='word_1_356' title='bbox 1126 476 1217 510; x_wconf 78' lang='lat' dir='ltr'><strong>Volo</strong></span> <span class='ocrx_word' id='word_1_357' title='bbox 1234 483 1350 510; x_wconf 83' lang='lat' dir='ltr'><strong>autem</strong></span> <span class='ocrx_word' id='word_1_358' title='bbox 1367 478 1410 510; x_wconf 88' lang='lat' dir='ltr'><strong>ad</strong></span> <span class='ocrx_word' id='word_1_359' title='bbox 1431 490 1545 511; x_wconf 90' lang='lat' dir='ltr'><strong>veram</strong></span> <span class='ocrx_word' id='word_1_360' title='bbox 1564 478 1798 520; x_wconf 85' lang='lat' dir='ltr'><strong>cognitionem</strong></span> <span class='ocrx_word' id='word_1_361' title='bbox 1817 477 1960 521; x_wconf 85' lang='lat' dir='ltr'><strong>adiungi</strong></span> <span class='ocrx_word' id='word_1_362' title='bbox 1986 489 2104 511; x_wconf 87' lang='lat' dir='ltr'><strong>curam</strong></span> 
     </span>
     <span class='ocr_line' id='line_1_60' title="bbox 1125 527 2104 573; baseline 0.002 -13"><span class='ocrx_word' id='word_1_363' title='bbox 1125 534 1157 561; x_wconf 92' lang='lat' dir='ltr'><strong>et</strong></span> <span class='ocrx_word' id='word_1_364' title='bbox 1174 527 1331 561; x_wconf 89' lang='lat' dir='ltr'><strong>studium</strong></span> <span class='ocrx_word' id='word_1_365' title='bbox 1349 535 1439 561; x_wconf 90' lang='lat' dir='ltr'><strong>recte</strong></span> <span class='ocrx_word' id='word_1_366' title='bbox 1455 528 1645 573; x_wconf 86' lang='lat' dir='ltr'><strong>loquendi,</strong></span> <span class='ocrx_word' id='word_1_367' title='bbox 1670 534 1707 560; x_wconf 93' lang='lat' dir='ltr'><strong>ut</strong></span> <span class='ocrx_word' id='word_1_368' title='bbox 1731 540 1847 561; x_wconf 85' lang='lat' dir='ltr'><strong>rerum</strong></span> <span class='ocrx_word' id='word_1_369' title='bbox 1864 529 2031 572; x_wconf 77' lang='lat' dir='ltr'><strong>expositio</strong></span> <span class='ocrx_word' id='word_1_370' title='bbox 2048 529 2104 562; x_wconf 90' lang='lat' dir='ltr'><strong>lu-</strong></span> 
     </span>
     <span class='ocr_line' id='line_1_61' title="bbox 1125 575 1826 621; baseline 0.003 -10"><span class='ocrx_word' id='word_1_371' title='bbox 1125 590 1206 611; x_wconf 88' lang='lat' dir='ltr'><strong>men</strong></span> <span class='ocrx_word' id='word_1_372' title='bbox 1226 575 1351 612; x_wconf 85' lang='lat' dir='ltr'><strong>habeat</strong></span> <span class='ocrx_word' id='word_1_373' title='bbox 1373 585 1405 612; x_wconf 91' lang='lat' dir='ltr'><strong>et</strong></span> <span class='ocrx_word' id='word_1_374' title='bbox 1425 586 1516 612; x_wconf 89' lang='lat' dir='ltr'><strong>recte</strong></span> <span class='ocrx_word' id='word_1_375' title='bbox 1532 578 1681 620; x_wconf 82' lang='lat' dir='ltr'><strong>intelligi</strong></span> <span class='ocrx_word' id='word_1_376' title='bbox 1706 578 1826 621; x_wconf 88' lang='lat' dir='ltr'><strong>possit.</strong></span> 
     </span>
    </p>
   </div>
   <div class='ocr_carea' id='block_1_7' title="bbox 1119 646 2103 982">
    <p class='ocr_par' dir='ltr' id='par_1_14' title="bbox 1119 646 2103 982">
     <span class='ocr_line' id='line_1_62' title="bbox 1227 646 2102 691; baseline 0 -11"><span class='ocrx_word' id='word_1_377' title='bbox 1227 646 1324 689; x_wconf 88' lang='lat' dir='ltr'><strong>Quid</strong></span> <span class='ocrx_word' id='word_1_378' title='bbox 1347 647 1475 680; x_wconf 80' lang='lat' dir='ltr'><strong>refert?</strong></span> <span class='ocrx_word' id='word_1_379' title='bbox 1501 646 1660 691; x_wconf 90' lang='lat' dir='ltr'><strong>inquies,</strong></span> <span class='ocrx_word' id='word_1_380' title='bbox 1687 657 1756 689; x_wconf 92' lang='lat' dir='ltr'><strong>quo</strong></span> <span class='ocrx_word' id='word_1_381' title='bbox 1781 657 1905 688; x_wconf 87' lang='lat' dir='ltr'><strong>genere</strong></span> <span class='ocrx_word' id='word_1_382' title='bbox 1934 647 2102 680; x_wconf 89' lang='lat' dir='ltr'><strong>sermonis</strong></span> 
     </span>
     <span class='ocr_line' id='line_1_63' title="bbox 1123 693 2103 741; baseline -0.001 -11"><span class='ocrx_word' id='word_1_383' title='bbox 1123 703 1283 737; x_wconf 88' lang='lat' dir='ltr'><strong>utamur,</strong></span> <span class='ocrx_word' id='word_1_384' title='bbox 1322 704 1434 741; x_wconf 84' lang='lat' dir='ltr'><strong>potest</strong></span> <span class='ocrx_word' id='word_1_385' title='bbox 1459 698 1580 730; x_wconf 89' lang='lat' dir='ltr'><strong>eadem</strong></span> <span class='ocrx_word' id='word_1_386' title='bbox 1602 696 1774 729; x_wconf 89' lang='lat' dir='ltr'><strong>sententia</strong></span> <span class='ocrx_word' id='word_1_387' title='bbox 1801 702 1834 729; x_wconf 90' lang='lat' dir='ltr'><strong>et</strong></span> <span class='ocrx_word' id='word_1_388' title='bbox 1856 695 1948 728; x_wconf 88' lang='lat' dir='ltr'><strong>bona</strong></span> <span class='ocrx_word' id='word_1_389' title='bbox 1973 693 2103 739; x_wconf 88' lang='lat' dir='ltr'><strong>phrasi,</strong></span> 
     </span>
     <span class='ocr_line' id='line_1_64' title="bbox 1123 745 2102 786; baseline -0.001 -6"><span class='ocrx_word' id='word_1_390' title='bbox 1123 754 1157 781; x_wconf 92' lang='lat' dir='ltr'><strong>et</strong></span> <span class='ocrx_word' id='word_1_391' title='bbox 1183 747 1397 781; x_wconf 89' lang='lat' dir='ltr'><strong>soloecismis</strong></span> <span class='ocrx_word' id='word_1_392' title='bbox 1428 746 1564 786; x_wconf 86' lang='lat' dir='ltr'><strong>efferri,</strong></span> <span class='ocrx_word' id='word_1_393' title='bbox 1603 752 1637 778; x_wconf 91' lang='lat' dir='ltr'><strong>et</strong></span> <span class='ocrx_word' id='word_1_394' title='bbox 1660 752 1783 779; x_wconf 92' lang='lat' dir='ltr'><strong>notum</strong></span> <span class='ocrx_word' id='word_1_395' title='bbox 1806 753 1856 779; x_wconf 93' lang='lat' dir='ltr'><strong>est</strong></span> <span class='ocrx_word' id='word_1_396' title='bbox 1880 745 1969 778; x_wconf 90' lang='lat' dir='ltr'><strong>illud</strong></span> <span class='ocrx_word' id='word_1_397' title='bbox 1994 752 2102 786; x_wconf 72' lang='lat' dir='ltr'><strong>vetus,</strong></span> 
     </span>
     <span class='ocr_line' id='line_1_65' title="bbox 1121 793 2102 840; baseline -0.001 -9"><span class='ocrx_word' id='word_1_398' title='bbox 1121 795 1334 832; x_wconf 86' lang='lat' dir='ltr'><strong>Anacharsis</strong></span> <span class='ocrx_word' id='word_1_399' title='bbox 1357 797 1540 830; x_wconf 88' lang='lat' dir='ltr'><strong>soloecizat</strong></span> <span class='ocrx_word' id='word_1_400' title='bbox 1564 793 1734 836; x_wconf 84' lang='lat' dir='ltr'><strong>Athenis,</strong></span> <span class='ocrx_word' id='word_1_401' title='bbox 1761 795 1871 830; x_wconf 91' lang='lat' dir='ltr'><strong>Solon</strong></span> <span class='ocrx_word' id='word_1_402' title='bbox 1894 796 1931 828; x_wconf 92' lang='lat' dir='ltr'><strong>in</strong></span> <span class='ocrx_word' id='word_1_403' title='bbox 1949 793 2102 840; x_wconf 81' lang='lat' dir='ltr'><strong>Scythia.</strong></span> 
     </span>
     <span class='ocr_line' id='line_1_66' title="bbox 1121 847 2102 889; baseline -0.002 -8"><span class='ocrx_word' id='word_1_404' title='bbox 1121 847 1201 881; x_wconf 86' lang='lat' dir='ltr'><strong>Seio</strong></span> <span class='ocrx_word' id='word_1_405' title='bbox 1220 855 1252 881; x_wconf 89' lang='lat' dir='ltr'><strong>et</strong></span> <span class='ocrx_word' id='word_1_406' title='bbox 1269 849 1371 881; x_wconf 91' lang='lat' dir='ltr'><strong>doleo</strong></span> <span class='ocrx_word' id='word_1_407' title='bbox 1395 847 1524 880; x_wconf 89' lang='lat' dir='ltr'><strong>multos</strong></span> <span class='ocrx_word' id='word_1_408' title='bbox 1544 847 1718 889; x_wconf 83' lang='lat' dir='ltr'><strong>ignaviam</strong></span> <span class='ocrx_word' id='word_1_409' title='bbox 1741 858 1837 879; x_wconf 90' lang='lat' dir='ltr'><strong>suam</strong></span> <span class='ocrx_word' id='word_1_410' title='bbox 1863 857 2041 887; x_wconf 84' lang='lat' dir='ltr'><strong>excusare,</strong></span> <span class='ocrx_word' id='word_1_411' title='bbox 2069 853 2102 880; x_wconf 87' lang='lat' dir='ltr'><strong>et</strong></span> 
     </span>
     <span class='ocr_line' id='line_1_67' title="bbox 1120 896 2101 941; baseline -0.002 -10"><span class='ocrx_word' id='word_1_412' title='bbox 1120 898 1326 931; x_wconf 90' lang='lat' dir='ltr'><strong>confirmare</strong></span> <span class='ocrx_word' id='word_1_413' title='bbox 1349 896 1413 931; x_wconf 89' lang='lat' dir='ltr'><strong>hac</strong></span> <span class='ocrx_word' id='word_1_414' title='bbox 1435 898 1616 931; x_wconf 86' lang='lat' dir='ltr'><strong>barbarica</strong></span> <span class='ocrx_word' id='word_1_415' title='bbox 1640 897 1883 941; x_wconf 86' lang='lat' dir='ltr'><strong>persuasione,</strong></span> <span class='ocrx_word' id='word_1_416' title='bbox 1910 897 2003 941; x_wconf 89' lang='lat' dir='ltr'><strong>quod</strong></span> <span class='ocrx_word' id='word_1_417' title='bbox 2027 908 2101 930; x_wconf 87' lang='lat' dir='ltr'><strong>non</strong></span> 
     </span>
     <span class='ocr_line' id='line_1_68' title="bbox 1119 948 1761 982; baseline -0.005 0"><span class='ocrx_word' id='word_1_418' title='bbox 1119 955 1301 982; x_wconf 89' lang='lat' dir='ltr'><strong>mutentur</strong></span> <span class='ocrx_word' id='word_1_419' title='bbox 1324 948 1516 981; x_wconf 89' lang='lat' dir='ltr'><strong>sententiae</strong></span> <span class='ocrx_word' id='word_1_420' title='bbox 1539 948 1761 980; x_wconf 88' lang='lat' dir='ltr'><strong>soloecismis.</strong></span> 
     </span>
    </p>
   </div>
   <div class='ocr_carea' id='block_1_8' title="bbox 1102 1012 2101 2705">
    <p class='ocr_par' dir='ltr' id='par_1_15' title="bbox 1102 1012 2101 2705">
     <span class='ocr_line' id='line_1_69' title="bbox 1220 1012 2101 1057; baseline 0 -10"><span class='ocrx_word' id='word_1_421' title='bbox 1220 1012 1296 1057; x_wconf 87' lang='lat' dir='ltr'><strong>Ego</strong></span> <span class='ocrx_word' id='word_1_422' title='bbox 1317 1026 1399 1047; x_wconf 86' lang='lat' dir='ltr'><strong>vero</strong></span> <span class='ocrx_word' id='word_1_423' title='bbox 1419 1026 1499 1047; x_wconf 90' lang='lat' dir='ltr'><strong>cum</strong></span> <span class='ocrx_word' id='word_1_424' title='bbox 1523 1015 1565 1046; x_wconf 93' lang='lat' dir='ltr'><strong>de</strong></span> <span class='ocrx_word' id='word_1_425' title='bbox 1594 1026 1675 1046; x_wconf 90' lang='lat' dir='ltr'><strong>cura</strong></span> <span class='ocrx_word' id='word_1_426' title='bbox 1700 1020 1792 1046; x_wconf 89' lang='lat' dir='ltr'><strong>recte</strong></span> <span class='ocrx_word' id='word_1_427' title='bbox 1816 1013 1984 1057; x_wconf 91' lang='lat' dir='ltr'><strong>loquendi</strong></span> <span class='ocrx_word' id='word_1_428' title='bbox 2009 1014 2101 1054; x_wconf 89' lang='lat' dir='ltr'><strong>dico,</strong></span> 
     </span>
     <span class='ocr_line' id='line_1_70' title="bbox 1118 1064 2100 1108; baseline -0.001 -11"><span class='ocrx_word' id='word_1_429' title='bbox 1118 1077 1191 1098; x_wconf 92' lang='lat' dir='ltr'><strong>non</strong></span> <span class='ocrx_word' id='word_1_430' title='bbox 1207 1071 1342 1098; x_wconf 88' lang='lat' dir='ltr'><strong>tantum</strong></span> <span class='ocrx_word' id='word_1_431' title='bbox 1361 1064 1608 1108; x_wconf 80' lang='lat' dir='ltr'><strong>proprietatem</strong></span> <span class='ocrx_word' id='word_1_432' title='bbox 1627 1076 1763 1101; x_wconf 80' lang='lat' dir='ltr'><strong>vocum,</strong></span> <span class='ocrx_word' id='word_1_433' title='bbox 1793 1070 1824 1096; x_wconf 88' lang='lat' dir='ltr'><strong>et</strong></span> <span class='ocrx_word' id='word_1_434' title='bbox 1839 1064 2100 1106; x_wconf 84' lang='lat' dir='ltr'><strong>grammaticam</strong></span> 
     </span>
     <span class='ocr_line' id='line_1_71' title="bbox 1117 1114 2101 1158; baseline -0.001 -10"><span class='ocrx_word' id='word_1_435' title='bbox 1117 1116 1306 1148; x_wconf 89' lang='lat' dir='ltr'><strong>verborum</strong></span> <span class='ocrx_word' id='word_1_436' title='bbox 1333 1115 1630 1148; x_wconf 78' lang='lat' dir='ltr'><strong>constructionem</strong></span> <span class='ocrx_word' id='word_1_437' title='bbox 1654 1114 1813 1157; x_wconf 86' lang='lat' dir='ltr'><strong>postulo,</strong></span> <span class='ocrx_word' id='word_1_438' title='bbox 1842 1125 2041 1158; x_wconf 82' lang='lat' dir='ltr'><strong>quanquam</strong></span> <span class='ocrx_word' id='word_1_439' title='bbox 2068 1121 2101 1147; x_wconf 90' lang='lat' dir='ltr'><strong>et</strong></span> 
     </span>
     <span class='ocr_line' id='line_1_72' title="bbox 1117 1163 2100 1208; baseline -0.001 -10"><span class='ocrx_word' id='word_1_440' title='bbox 1117 1163 1202 1198; x_wconf 88' lang='lat' dir='ltr'><strong>haec</strong></span> <span class='ocrx_word' id='word_1_441' title='bbox 1231 1177 1356 1208; x_wconf 88' lang='lat' dir='ltr'><strong>magna</strong></span> <span class='ocrx_word' id='word_1_442' title='bbox 1385 1171 1485 1205; x_wconf 87' lang='lat' dir='ltr'><strong>sunt,</strong></span> <span class='ocrx_word' id='word_1_443' title='bbox 1519 1165 1576 1197; x_wconf 89' lang='lat' dir='ltr'><strong>sed</strong></span> <span class='ocrx_word' id='word_1_444' title='bbox 1609 1164 1794 1196; x_wconf 89' lang='lat' dir='ltr'><strong>consilium</strong></span> <span class='ocrx_word' id='word_1_445' title='bbox 1819 1163 1855 1196; x_wconf 89' lang='lat' dir='ltr'><strong>in</strong></span> <span class='ocrx_word' id='word_1_446' title='bbox 1875 1164 2044 1206; x_wconf 83' lang='lat' dir='ltr'><strong>eligendis</strong></span> <span class='ocrx_word' id='word_1_447' title='bbox 2067 1170 2100 1197; x_wconf 87' lang='lat' dir='ltr'><strong>et</strong></span> 
     </span>
     <span class='ocr_line' id='line_1_73' title="bbox 1117 1214 2100 1257; baseline -0.002 -9"><span class='ocrx_word' id='word_1_448' title='bbox 1117 1216 1371 1249; x_wconf 87' lang='lat' dir='ltr'><strong>distribuendis</strong></span> <span class='ocrx_word' id='word_1_449' title='bbox 1397 1215 1573 1254; x_wconf 88' lang='lat' dir='ltr'><strong>materiis,</strong></span> <span class='ocrx_word' id='word_1_450' title='bbox 1606 1221 1639 1247; x_wconf 88' lang='lat' dir='ltr'><strong>et</strong></span> <span class='ocrx_word' id='word_1_451' title='bbox 1666 1215 1702 1246; x_wconf 87' lang='lat' dir='ltr'><strong>in</strong></span> <span class='ocrx_word' id='word_1_452' title='bbox 1728 1215 1835 1247; x_wconf 88' lang='lat' dir='ltr'><strong>totius</strong></span> <span class='ocrx_word' id='word_1_453' title='bbox 1859 1214 2100 1257; x_wconf 85' lang='lat' dir='ltr'><strong>explicationis</strong></span> 
     </span>
     <span class='ocr_line' id='line_1_74' title="bbox 1116 1264 2099 1307; baseline -0.002 -9"><span class='ocrx_word' id='word_1_454' title='bbox 1116 1266 1273 1298; x_wconf 86' lang='lat' dir='ltr'><strong>aedificio</strong></span> <span class='ocrx_word' id='word_1_455' title='bbox 1306 1277 1366 1298; x_wconf 91' lang='lat' dir='ltr'><strong>seu</strong></span> <span class='ocrx_word' id='word_1_456' title='bbox 1390 1266 1485 1303; x_wconf 85' lang='lat' dir='ltr'><strong>idea,</strong></span> <span class='ocrx_word' id='word_1_457' title='bbox 1521 1265 1558 1296; x_wconf 91' lang='lat' dir='ltr'><strong>in</strong></span> <span class='ocrx_word' id='word_1_458' title='bbox 1592 1266 1704 1297; x_wconf 88' lang='lat' dir='ltr'><strong>sorma</strong></span> <span class='ocrx_word' id='word_1_459' title='bbox 1732 1265 1887 1307; x_wconf 81' lang='lat' dir='ltr'><strong>integrae</strong></span> <span class='ocrx_word' id='word_1_460' title='bbox 1918 1264 2099 1304; x_wconf 84' lang='lat' dir='ltr'><strong>orationis,</strong></span> 
     </span>
     <span class='ocr_line' id='line_1_75' title="bbox 1116 1314 2098 1358; baseline 0 -12"><span class='ocrx_word' id='word_1_461' title='bbox 1116 1323 1149 1348; x_wconf 85' lang='lat' dir='ltr'><strong>et</strong></span> <span class='ocrx_word' id='word_1_462' title='bbox 1172 1315 1518 1357; x_wconf 88' lang='lat' dir='ltr'><strong>circumspectionem</strong></span> <span class='ocrx_word' id='word_1_463' title='bbox 1552 1314 1590 1346; x_wconf 86' lang='lat' dir='ltr'><strong>in</strong></span> <span class='ocrx_word' id='word_1_464' title='bbox 1614 1314 1765 1347; x_wconf 77' lang='lat' dir='ltr'><strong>vitandis</strong></span> <span class='ocrx_word' id='word_1_465' title='bbox 1792 1314 1974 1358; x_wconf 78' lang='lat' dir='ltr'><strong>Syrtibus,</strong></span> <span class='ocrx_word' id='word_1_466' title='bbox 2009 1327 2098 1358; x_wconf 89' lang='lat' dir='ltr'><strong>quae</strong></span> 
     </span>
     <span class='ocr_line' id='line_1_76' title="bbox 1115 1363 2097 1408; baseline 0.001 -13"><span class='ocrx_word' id='word_1_467' title='bbox 1115 1364 1286 1396; x_wconf 86' lang='lat' dir='ltr'><strong>discentes</strong></span> <span class='ocrx_word' id='word_1_468' title='bbox 1308 1363 1540 1407; x_wconf 90' lang='lat' dir='ltr'><strong>impediturae</strong></span> <span class='ocrx_word' id='word_1_469' title='bbox 1562 1375 1646 1396; x_wconf 89' lang='lat' dir='ltr'><strong>esse.</strong></span> <span class='ocrx_word' id='word_1_470' title='bbox 1707 1363 1807 1396; x_wconf 90' lang='lat' dir='ltr'><strong>Hanc</strong></span> <span class='ocrx_word' id='word_1_471' title='bbox 1834 1375 1951 1396; x_wconf 90' lang='lat' dir='ltr'><strong>curam</strong></span> <span class='ocrx_word' id='word_1_472' title='bbox 1974 1365 2034 1408; x_wconf 89' lang='lat' dir='ltr'><strong>qui</strong></span> <span class='ocrx_word' id='word_1_473' title='bbox 2060 1365 2097 1396; x_wconf 92' lang='lat' dir='ltr'><strong>in</strong></span> 
     </span>
     <span class='ocr_line' id='line_1_77' title="bbox 1115 1412 2096 1452; baseline 0.001 -7"><span class='ocrx_word' id='word_1_474' title='bbox 1115 1414 1273 1446; x_wconf 87' lang='lat' dir='ltr'><strong>docendo</strong></span> <span class='ocrx_word' id='word_1_475' title='bbox 1289 1425 1361 1446; x_wconf 93' lang='lat' dir='ltr'><strong>non</strong></span> <span class='ocrx_word' id='word_1_476' title='bbox 1379 1412 1558 1452; x_wconf 87' lang='lat' dir='ltr'><strong>adhibent,</strong></span> <span class='ocrx_word' id='word_1_477' title='bbox 1584 1414 1643 1446; x_wconf 90' lang='lat' dir='ltr'><strong>sed</strong></span> <span class='ocrx_word' id='word_1_478' title='bbox 1661 1420 1791 1446; x_wconf 90' lang='lat' dir='ltr'><strong>temere</strong></span> <span class='ocrx_word' id='word_1_479' title='bbox 1805 1413 1880 1446; x_wconf 92' lang='lat' dir='ltr'><strong>sine</strong></span> <span class='ocrx_word' id='word_1_480' title='bbox 1898 1414 2096 1447; x_wconf 84' lang='lat' dir='ltr'><strong>distinctio-</strong></span> 
     </span>
     <span class='ocr_line' id='line_1_78' title="bbox 1115 1463 2096 1507; baseline 0.005 -14"><span class='ocrx_word' id='word_1_481' title='bbox 1115 1474 1174 1501; x_wconf 84' lang='lat' dir='ltr'><strong>ne,</strong></span> <span class='ocrx_word' id='word_1_482' title='bbox 1202 1463 1278 1494; x_wconf 90' lang='lat' dir='ltr'><strong>sine</strong></span> <span class='ocrx_word' id='word_1_483' title='bbox 1300 1463 1425 1494; x_wconf 89' lang='lat' dir='ltr'><strong>ordine</strong></span> <span class='ocrx_word' id='word_1_484' title='bbox 1453 1464 1639 1495; x_wconf 79' lang='lat' dir='ltr'><strong>effundunt</strong></span> <span class='ocrx_word' id='word_1_485' title='bbox 1667 1464 1839 1507; x_wconf 89' lang='lat' dir='ltr'><strong>quidquid</strong></span> <span class='ocrx_word' id='word_1_486' title='bbox 1864 1475 1899 1496; x_wconf 89' lang='lat' dir='ltr'><strong>se</strong></span> <span class='ocrx_word' id='word_1_487' title='bbox 1917 1464 2035 1502; x_wconf 79' lang='lat' dir='ltr'><strong>offert,</strong></span> <span class='ocrx_word' id='word_1_488' title='bbox 2063 1472 2096 1498; x_wconf 89' lang='lat' dir='ltr'><strong>et</strong></span> 
     </span>
     <span class='ocr_line' id='line_1_79' title="bbox 1115 1510 2097 1551; baseline 0.006 -9"><span class='ocrx_word' id='word_1_489' title='bbox 1115 1512 1260 1544; x_wconf 89' lang='lat' dir='ltr'><strong>miscent</strong></span> <span class='ocrx_word' id='word_1_490' title='bbox 1278 1512 1387 1544; x_wconf 90' lang='lat' dir='ltr'><strong>multa</strong></span> <span class='ocrx_word' id='word_1_491' title='bbox 1405 1512 1550 1551; x_wconf 85' lang='lat' dir='ltr'><strong>soloeca,</strong></span> <span class='ocrx_word' id='word_1_492' title='bbox 1577 1510 1704 1544; x_wconf 75' lang='lat' dir='ltr'><strong>lior-,nn</strong></span> <span class='ocrx_word' id='word_1_493' title='bbox 1723 1513 1835 1545; x_wconf 90' lang='lat' dir='ltr'><strong>oratio</strong></span> <span class='ocrx_word' id='word_1_494' title='bbox 1852 1525 1924 1545; x_wconf 90' lang='lat' dir='ltr'><strong>non</strong></span> <span class='ocrx_word' id='word_1_495' title='bbox 1943 1515 2097 1548; x_wconf 82' lang='lat' dir='ltr'><strong>ostendit</strong></span> 
     </span>
     <span class='ocr_line' id='line_1_80' title="bbox 1115 1561 2095 1606; baseline 0.004 -13"><span class='ocrx_word' id='word_1_496' title='bbox 1115 1572 1190 1601; x_wconf 88' lang='lat' dir='ltr'><strong>res,</strong></span> <span class='ocrx_word' id='word_1_497' title='bbox 1218 1562 1277 1594; x_wconf 89' lang='lat' dir='ltr'><strong>sed</strong></span> <span class='ocrx_word' id='word_1_498' title='bbox 1294 1561 1476 1602; x_wconf 89' lang='lat' dir='ltr'><strong>obscurat,</strong></span> <span class='ocrx_word' id='word_1_499' title='bbox 1502 1561 1621 1594; x_wconf 84' lang='lat' dir='ltr'><strong>obruit</strong></span> <span class='ocrx_word' id='word_1_500' title='bbox 1639 1568 1671 1594; x_wconf 91' lang='lat' dir='ltr'><strong>et</strong></span> <span class='ocrx_word' id='word_1_501' title='bbox 1687 1563 1891 1606; x_wconf 87' lang='lat' dir='ltr'><strong>corrumpit.</strong></span> <span class='ocrx_word' id='word_1_502' title='bbox 1945 1562 2095 1597; x_wconf 87' lang='lat' dir='ltr'><strong>Prodeat</strong></span> 
     </span>
     <span class='ocr_line' id='line_1_81' title="bbox 1113 1611 2095 1657; baseline 0.004 -14"><span class='ocrx_word' id='word_1_503' title='bbox 1113 1611 1255 1655; x_wconf 86' lang='lat' dir='ltr'><strong>aliquis,</strong></span> <span class='ocrx_word' id='word_1_504' title='bbox 1290 1612 1450 1655; x_wconf 83' lang='lat' dir='ltr'><strong>quamvis</strong></span> <span class='ocrx_word' id='word_1_505' title='bbox 1479 1613 1591 1644; x_wconf 86' lang='lat' dir='ltr'><strong>audax</strong></span> <span class='ocrx_word' id='word_1_506' title='bbox 1622 1618 1654 1644; x_wconf 91' lang='lat' dir='ltr'><strong>et</strong></span> <span class='ocrx_word' id='word_1_507' title='bbox 1682 1612 1885 1655; x_wconf 89' lang='lat' dir='ltr'><strong>impudens,</strong></span> <span class='ocrx_word' id='word_1_508' title='bbox 1920 1613 1980 1657; x_wconf 90' lang='lat' dir='ltr'><strong>qui</strong></span> <span class='ocrx_word' id='word_1_509' title='bbox 2003 1615 2095 1648; x_wconf 82' lang='lat' dir='ltr'><strong>ausit</strong></span> 
     </span>
     <span class='ocr_line' id='line_1_82' title="bbox 1113 1661 2094 1704; baseline 0.004 -12"><span class='ocrx_word' id='word_1_510' title='bbox 1113 1661 1239 1701; x_wconf 89' lang='lat' dir='ltr'><strong>dicere,</strong></span> <span class='ocrx_word' id='word_1_511' title='bbox 1266 1673 1301 1694; x_wconf 87' lang='lat' dir='ltr'><strong>se</strong></span> <span class='ocrx_word' id='word_1_512' title='bbox 1321 1662 1515 1704; x_wconf 80' lang='lat' dir='ltr'><strong>intelligere</strong></span> <span class='ocrx_word' id='word_1_513' title='bbox 1532 1661 1626 1694; x_wconf 83' lang='lat' dir='ltr'><strong>Scoti</strong></span> <span class='ocrx_word' id='word_1_514' title='bbox 1647 1669 1677 1694; x_wconf 89' lang='lat' dir='ltr'><strong>et</strong></span> <span class='ocrx_word' id='word_1_515' title='bbox 1694 1662 1862 1694; x_wconf 84' lang='lat' dir='ltr'><strong>similium</strong></span> <span class='ocrx_word' id='word_1_516' title='bbox 1880 1674 2094 1700; x_wconf 81' lang='lat' dir='ltr'><strong>sermonum,</strong></span> 
     </span>
     <span class='ocr_line' id='line_1_83' title="bbox 1112 1710 2094 1756; baseline 0.004 -13"><span class='ocrx_word' id='word_1_517' title='bbox 1112 1710 1245 1744; x_wconf 89' lang='lat' dir='ltr'><strong>Deinde</strong></span> <span class='ocrx_word' id='word_1_518' title='bbox 1264 1713 1612 1756; x_wconf 84' lang='lat' dir='ltr'><strong>praeterquamquod</strong></span> <span class='ocrx_word' id='word_1_519' title='bbox 1634 1724 1686 1744; x_wconf 87' lang='lat' dir='ltr'><strong>res</strong></span> <span class='ocrx_word' id='word_1_520' title='bbox 1702 1725 1772 1744; x_wconf 93' lang='lat' dir='ltr'><strong>non</strong></span> <span class='ocrx_word' id='word_1_521' title='bbox 1790 1713 2034 1755; x_wconf 81' lang='lat' dir='ltr'><strong>intelliguntur</strong></span> <span class='ocrx_word' id='word_1_522' title='bbox 2050 1716 2094 1747; x_wconf 86' lang='lat' dir='ltr'><strong>ab</strong></span> 
     </span>
     <span class='ocr_line' id='line_1_84' title="bbox 1110 1762 2094 1805; baseline 0.003 -11"><span class='ocrx_word' id='word_1_523' title='bbox 1110 1762 1344 1800; x_wconf 82' lang='lat' dir='ltr'><strong>auditoribus,</strong></span> <span class='ocrx_word' id='word_1_524' title='bbox 1370 1763 1405 1794; x_wconf 92' lang='lat' dir='ltr'><strong>in</strong></span> <span class='ocrx_word' id='word_1_525' title='bbox 1426 1763 1487 1794; x_wconf 91' lang='lat' dir='ltr'><strong>illo</strong></span> <span class='ocrx_word' id='word_1_526' title='bbox 1504 1769 1641 1795; x_wconf 87' lang='lat' dir='ltr'><strong>oratore</strong></span> <span class='ocrx_word' id='word_1_527' title='bbox 1659 1763 1767 1795; x_wconf 88' lang='lat' dir='ltr'><strong>multa</strong></span> <span class='ocrx_word' id='word_1_528' title='bbox 1786 1763 1874 1796; x_wconf 86' lang='lat' dir='ltr'><strong>vicia</strong></span> <span class='ocrx_word' id='word_1_529' title='bbox 1890 1771 2094 1805; x_wconf 88' lang='lat' dir='ltr'><strong>nascuntur,</strong></span> 
     </span>
     <span class='ocr_line' id='line_1_85' title="bbox 1111 1813 2100 1855; baseline 0.003 -11"><span class='ocrx_word' id='word_1_530' title='bbox 1111 1813 1322 1855; x_wconf 82' lang='lat' dir='ltr'><strong>negligentia</strong></span> <span class='ocrx_word' id='word_1_531' title='bbox 1341 1813 1378 1844; x_wconf 92' lang='lat' dir='ltr'><strong>in</strong></span> <span class='ocrx_word' id='word_1_532' title='bbox 1398 1825 1513 1845; x_wconf 88' lang='lat' dir='ltr'><strong>rerum</strong></span> <span class='ocrx_word' id='word_1_533' title='bbox 1533 1813 1826 1853; x_wconf 79' lang='lat' dir='ltr'><strong>consideratione,</strong></span> <span class='ocrx_word' id='word_1_534' title='bbox 1853 1814 2009 1852; x_wconf 87' lang='lat' dir='ltr'><strong>audacia,</strong></span> <span class='ocrx_word' id='word_1_535' title='bbox 2037 1815 2100 1847; x_wconf 77' lang='lat' dir='ltr'><strong>su-.</strong></span> 
     </span>
     <span class='ocr_line' id='line_1_86' title="bbox 1111 1861 2092 1908; baseline 0.002 -13"><span class='ocrx_word' id='word_1_536' title='bbox 1111 1862 1237 1900; x_wconf 87' lang='lat' dir='ltr'><strong>tilitas,</strong></span> <span class='ocrx_word' id='word_1_537' title='bbox 1271 1863 1509 1906; x_wconf 85' lang='lat' dir='ltr'><strong>impudentia:</strong></span> <span class='ocrx_word' id='word_1_538' title='bbox 1537 1863 1672 1905; x_wconf 77' lang='lat' dir='ltr'><strong>fingunt</strong></span> <span class='ocrx_word' id='word_1_539' title='bbox 1697 1875 1752 1896; x_wconf 90' lang='lat' dir='ltr'><strong>res</strong></span> <span class='ocrx_word' id='word_1_540' title='bbox 1777 1876 1864 1908; x_wconf 86' lang='lat' dir='ltr'><strong>quae</strong></span> <span class='ocrx_word' id='word_1_541' title='bbox 1890 1861 1980 1896; x_wconf 88' lang='lat' dir='ltr'><strong>nihil</strong></span> <span class='ocrx_word' id='word_1_542' title='bbox 1998 1872 2092 1903; x_wconf 79' lang='lat' dir='ltr'><strong>sunt,</strong></span> 
     </span>
     <span class='ocr_line' id='line_1_87' title="bbox 1110 1913 2091 1955; baseline 0.003 -11"><span class='ocrx_word' id='word_1_543' title='bbox 1110 1920 1145 1946; x_wconf 91' lang='lat' dir='ltr'><strong>ut</strong></span> <span class='ocrx_word' id='word_1_544' title='bbox 1174 1913 1270 1955; x_wconf 78' lang='lat' dir='ltr'><strong>fingit</strong></span> <span class='ocrx_word' id='word_1_545' title='bbox 1296 1913 1421 1946; x_wconf 84' lang='lat' dir='ltr'><strong>Scotus</strong></span> <span class='ocrx_word' id='word_1_546' title='bbox 1447 1913 1657 1945; x_wconf 86' lang='lat' dir='ltr'><strong>universalia</strong></span> <span class='ocrx_word' id='word_1_547' title='bbox 1680 1914 1804 1952; x_wconf 85' lang='lat' dir='ltr'><strong>realia,</strong></span> <span class='ocrx_word' id='word_1_548' title='bbox 1839 1922 1898 1948; x_wconf 86' lang='lat' dir='ltr'><strong>aut</strong></span> <span class='ocrx_word' id='word_1_549' title='bbox 1922 1922 1961 1949; x_wconf 86' lang='lat' dir='ltr'><strong>ut</strong></span> <span class='ocrx_word' id='word_1_550' title='bbox 1982 1914 2091 1948; x_wconf 87' lang='lat' dir='ltr'><strong>Stoici</strong></span> 
     </span>
     <span class='ocr_line' id='line_1_88' title="bbox 1109 1962 2090 2006; baseline 0.003 -12"><span class='ocrx_word' id='word_1_551' title='bbox 1109 1963 1264 1996; x_wconf 82' lang='lat' dir='ltr'><strong>adfectus</strong></span> <span class='ocrx_word' id='word_1_552' title='bbox 1282 1963 1419 2005; x_wconf 84' lang='lat' dir='ltr'><strong>fingunt</strong></span> <span class='ocrx_word' id='word_1_553' title='bbox 1436 1975 1508 1995; x_wconf 90' lang='lat' dir='ltr'><strong>esse</strong></span> <span class='ocrx_word' id='word_1_554' title='bbox 1527 1963 1732 2006; x_wconf 86' lang='lat' dir='ltr'><strong>opiniones,</strong></span> <span class='ocrx_word' id='word_1_555' title='bbox 1758 1962 1928 1997; x_wconf 87' lang='lat' dir='ltr'><strong>Monachi</strong></span> <span class='ocrx_word' id='word_1_556' title='bbox 1944 1972 1977 1998; x_wconf 91' lang='lat' dir='ltr'><strong>et</strong></span> <span class='ocrx_word' id='word_1_557' title='bbox 1994 1977 2090 1997; x_wconf 91' lang='lat' dir='ltr'><strong>com—</strong></span> 
     </span>
     <span class='ocr_line' id='line_1_89' title="bbox 1109 2013 2090 2053; baseline 0.003 -8"><span class='ocrx_word' id='word_1_558' title='bbox 1109 2013 1215 2045; x_wconf 91' lang='lat' dir='ltr'><strong>menti</strong></span> <span class='ocrx_word' id='word_1_559' title='bbox 1247 2019 1346 2053; x_wconf 89' lang='lat' dir='ltr'><strong>sunt,</strong></span> <span class='ocrx_word' id='word_1_560' title='bbox 1380 2020 1413 2046; x_wconf 87' lang='lat' dir='ltr'><strong>et</strong></span> <span class='ocrx_word' id='word_1_561' title='bbox 1439 2013 1623 2046; x_wconf 86' lang='lat' dir='ltr'><strong>stabiliunt</strong></span> <span class='ocrx_word' id='word_1_562' title='bbox 1652 2013 1766 2053; x_wconf 88' lang='lat' dir='ltr'><strong>idola,</strong></span> <span class='ocrx_word' id='word_1_563' title='bbox 1800 2026 1880 2047; x_wconf 89' lang='lat' dir='ltr'><strong>cum</strong></span> <span class='ocrx_word' id='word_1_564' title='bbox 1912 2015 2090 2049; x_wconf 88' lang='lat' dir='ltr'><strong>somniant</strong></span> 
     </span>
     <span class='ocr_line' id='line_1_90' title="bbox 1108 2063 2088 2108; baseline 0.004 -14"><span class='ocrx_word' id='word_1_565' title='bbox 1108 2063 1299 2096; x_wconf 87' lang='lat' dir='ltr'><strong>accidentia</strong></span> <span class='ocrx_word' id='word_1_566' title='bbox 1325 2064 1400 2096; x_wconf 91' lang='lat' dir='ltr'><strong>sine</strong></span> <span class='ocrx_word' id='word_1_567' title='bbox 1424 2063 1598 2103; x_wconf 87' lang='lat' dir='ltr'><strong>subiecto,</strong></span> <span class='ocrx_word' id='word_1_568' title='bbox 1620 2075 1660 2095; x_wconf 85' lang='lat' dir='ltr'><strong>ex</strong></span> <span class='ocrx_word' id='word_1_569' title='bbox 1677 2075 1746 2108; x_wconf 88' lang='lat' dir='ltr'><strong>quo</strong></span> <span class='ocrx_word' id='word_1_570' title='bbox 1775 2064 2005 2098; x_wconf 84' lang='lat' dir='ltr'><strong>deliramento</strong></span> <span class='ocrx_word' id='word_1_571' title='bbox 2021 2066 2088 2098; x_wconf 88' lang='lat' dir='ltr'><strong>alia</strong></span> 
     </span>
     <span class='ocr_line' id='line_1_91' title="bbox 1108 2112 2087 2159; baseline 0.002 -13"><span class='ocrx_word' id='word_1_572' title='bbox 1108 2112 1292 2147; x_wconf 87' lang='lat' dir='ltr'><strong>horribilia</strong></span> <span class='ocrx_word' id='word_1_573' title='bbox 1318 2113 1499 2146; x_wconf 85' lang='lat' dir='ltr'><strong>mendacia</strong></span> <span class='ocrx_word' id='word_1_574' title='bbox 1526 2114 1635 2146; x_wconf 90' lang='lat' dir='ltr'><strong>multa</strong></span> <span class='ocrx_word' id='word_1_575' title='bbox 1660 2120 1774 2146; x_wconf 86' lang='lat' dir='ltr'><strong>secuta</strong></span> <span class='ocrx_word' id='word_1_576' title='bbox 1798 2121 1899 2153; x_wconf 90' lang='lat' dir='ltr'><strong>sunt,</strong></span> <span class='ocrx_word' id='word_1_577' title='bbox 1936 2127 2087 2159; x_wconf 88' lang='lat' dir='ltr'><strong>quorum</strong></span> 
     </span>
     <span class='ocr_line' id='line_1_92' title="bbox 1107 2162 2089 2208; baseline 0.002 -12"><span class='ocrx_word' id='word_1_578' title='bbox 1107 2164 1240 2196; x_wconf 90' lang='lat' dir='ltr'><strong>semina</strong></span> <span class='ocrx_word' id='word_1_579' title='bbox 1265 2171 1356 2197; x_wconf 87' lang='lat' dir='ltr'><strong>certe</strong></span> <span class='ocrx_word' id='word_1_580' title='bbox 1381 2165 1524 2196; x_wconf 84' lang='lat' dir='ltr'><strong>suerunt</strong></span> <span class='ocrx_word' id='word_1_581' title='bbox 1548 2164 1715 2196; x_wconf 79' lang='lat' dir='ltr'><strong>vocabula</strong></span> <span class='ocrx_word' id='word_1_582' title='bbox 1733 2174 1822 2196; x_wconf 89' lang='lat' dir='ltr'><strong>nova</strong></span> <span class='ocrx_word' id='word_1_583' title='bbox 1841 2162 1931 2197; x_wconf 87' lang='lat' dir='ltr'><strong>nihil</strong></span> <span class='ocrx_word' id='word_1_584' title='bbox 1954 2165 2089 2208; x_wconf 84' lang='lat' dir='ltr'><strong>signifi-</strong></span> 
     </span>
     <span class='ocr_line' id='line_1_93' title="bbox 1106 2214 2086 2259; baseline 0.002 -13"><span class='ocrx_word' id='word_1_585' title='bbox 1106 2215 1232 2247; x_wconf 88' lang='lat' dir='ltr'><strong>cantia.</strong></span> <span class='ocrx_word' id='word_1_586' title='bbox 1284 2214 1421 2248; x_wconf 86' lang='lat' dir='ltr'><strong>Deinde</strong></span> <span class='ocrx_word' id='word_1_587' title='bbox 1447 2220 1575 2258; x_wconf 85' lang='lat' dir='ltr'><strong>quanta</strong></span> <span class='ocrx_word' id='word_1_588' title='bbox 1598 2220 1647 2246; x_wconf 88' lang='lat' dir='ltr'><strong>est</strong></span> <span class='ocrx_word' id='word_1_589' title='bbox 1670 2226 1785 2246; x_wconf 87' lang='lat' dir='ltr'><strong>rerum</strong></span> <span class='ocrx_word' id='word_1_590' title='bbox 1810 2215 1968 2248; x_wconf 85' lang='lat' dir='ltr'><strong>confusio</strong></span> <span class='ocrx_word' id='word_1_591' title='bbox 1993 2217 2086 2259; x_wconf 87' lang='lat' dir='ltr'><strong>apud</strong></span> 
     </span>
     <span class='ocr_line' id='line_1_94' title="bbox 1106 2263 2086 2309; baseline 0.001 -11"><span class='ocrx_word' id='word_1_592' title='bbox 1106 2264 1283 2308; x_wconf 86' lang='lat' dir='ltr'><strong>Papistas,</strong></span> <span class='ocrx_word' id='word_1_593' title='bbox 1309 2277 1387 2297; x_wconf 91' lang='lat' dir='ltr'><strong>cum</strong></span> <span class='ocrx_word' id='word_1_594' title='bbox 1415 2277 1486 2296; x_wconf 88' lang='lat' dir='ltr'><strong>non</strong></span> <span class='ocrx_word' id='word_1_595' title='bbox 1511 2264 1714 2297; x_wconf 87' lang='lat' dir='ltr'><strong>discernunt</strong></span> <span class='ocrx_word' id='word_1_596' title='bbox 1740 2264 1848 2307; x_wconf 80' lang='lat' dir='ltr'><strong>legem</strong></span> <span class='ocrx_word' id='word_1_597' title='bbox 1872 2272 1905 2298; x_wconf 91' lang='lat' dir='ltr'><strong>et</strong></span> <span class='ocrx_word' id='word_1_598' title='bbox 1923 2263 2086 2309; x_wconf 73' lang='lat' dir='ltr'><strong>Evange-</strong></span> 
     </span>
     <span class='ocr_line' id='line_1_95' title="bbox 1107 2315 2085 2360; baseline 0.002 -13"><span class='ocrx_word' id='word_1_599' title='bbox 1107 2316 1211 2354; x_wconf 91' lang='lat' dir='ltr'><strong>lium,</strong></span> <span class='ocrx_word' id='word_1_600' title='bbox 1238 2316 1331 2359; x_wconf 91' lang='lat' dir='ltr'><strong>apud</strong></span> <span class='ocrx_word' id='word_1_601' title='bbox 1351 2315 1573 2353; x_wconf 65' lang='lat' dir='ltr'><strong>Anfinomos,</strong></span> <span class='ocrx_word' id='word_1_602' title='bbox 1602 2326 1680 2346; x_wconf 89' lang='lat' dir='ltr'><strong>cum</strong></span> <span class='ocrx_word' id='word_1_603' title='bbox 1700 2326 1771 2347; x_wconf 91' lang='lat' dir='ltr'><strong>non</strong></span> <span class='ocrx_word' id='word_1_604' title='bbox 1787 2315 1989 2349; x_wconf 87' lang='lat' dir='ltr'><strong>discernunt</strong></span> <span class='ocrx_word' id='word_1_605' title='bbox 2006 2329 2085 2360; x_wconf 90' lang='lat' dir='ltr'><strong>pec-</strong></span> 
     </span>
     <span class='ocr_line' id='line_1_96' title="bbox 1106 2364 2085 2408; baseline 0.001 -10"><span class='ocrx_word' id='word_1_606' title='bbox 1106 2373 1177 2399; x_wconf 64' lang='lat' dir='ltr'><strong>cata</strong></span> <span class='ocrx_word' id='word_1_607' title='bbox 1197 2373 1317 2399; x_wconf 90' lang='lat' dir='ltr'><strong>contra</strong></span> <span class='ocrx_word' id='word_1_608' title='bbox 1334 2364 1580 2398; x_wconf 83' lang='lat' dir='ltr'><strong>conscientiam</strong></span> <span class='ocrx_word' id='word_1_609' title='bbox 1598 2365 1641 2397; x_wconf 88' lang='lat' dir='ltr'><strong>ab</strong></span> <span class='ocrx_word' id='word_1_610' title='bbox 1656 2364 1724 2397; x_wconf 90' lang='lat' dir='ltr'><strong>alio</strong></span> <span class='ocrx_word' id='word_1_611' title='bbox 1741 2376 1876 2407; x_wconf 80' lang='lat' dir='ltr'><strong>genere.</strong></span> <span class='ocrx_word' id='word_1_612' title='bbox 1905 2365 1954 2400; x_wconf 88' lang='lat' dir='ltr'><strong>lta</strong></span> <span class='ocrx_word' id='word_1_613' title='bbox 1973 2367 2085 2408; x_wconf 69' lang='lat' dir='ltr'><strong>negli-</strong></span> 
     </span>
     <span class='ocr_line' id='line_1_97' title="bbox 1104 2415 2084 2460; baseline 0.001 -12"><span class='ocrx_word' id='word_1_614' title='bbox 1104 2423 1224 2459; x_wconf 79' lang='lat' dir='ltr'><strong>genter</strong></span> <span class='ocrx_word' id='word_1_615' title='bbox 1248 2417 1447 2460; x_wconf 77' lang='lat' dir='ltr'><strong>loqiwntes,</strong></span> <span class='ocrx_word' id='word_1_616' title='bbox 1486 2426 1602 2447; x_wconf 83' lang='lat' dir='ltr'><strong>rerum</strong></span> <span class='ocrx_word' id='word_1_617' title='bbox 1633 2415 1946 2448; x_wconf 66' lang='lat' dir='ltr'><strong>carisiaci-:utonem</strong></span> <span class='ocrx_word' id='word_1_618' title='bbox 1981 2417 2084 2450; x_wconf 82' lang='lat' dir='ltr'><strong>etiam</strong></span> 
     </span>
     <span class='ocr_line' id='line_1_98' title="bbox 1104 2466 2084 2510; baseline 0 -11"><span class='ocrx_word' id='word_1_619' title='bbox 1104 2467 1293 2505; x_wconf 84' lang='lat' dir='ltr'><strong>abiiciunt,</strong></span> <span class='ocrx_word' id='word_1_620' title='bbox 1322 2473 1353 2499; x_wconf 86' lang='lat' dir='ltr'><strong>et</strong></span> <span class='ocrx_word' id='word_1_621' title='bbox 1379 2466 1463 2498; x_wconf 82' lang='lat' dir='ltr'><strong>liunt</strong></span> <span class='ocrx_word' id='word_1_622' title='bbox 1487 2472 1641 2497; x_wconf 81' lang='lat' dir='ltr'><strong>oratores</strong></span> <span class='ocrx_word' id='word_1_623' title='bbox 1660 2466 1776 2497; x_wconf 82' lang='lat' dir='ltr'><strong>futiles</strong></span> <span class='ocrx_word' id='word_1_624' title='bbox 1803 2474 1833 2498; x_wconf 86' lang='lat' dir='ltr'><strong>et</strong></span> <span class='ocrx_word' id='word_1_625' title='bbox 1856 2467 2084 2510; x_wconf 71' lang='lat' dir='ltr'><strong>impudentes.</strong></span> 
     </span>
     <span class='ocr_line' id='line_1_99' title="bbox 1105 2517 2082 2562; baseline 0 -13"><span class='ocrx_word' id='word_1_626' title='bbox 1105 2518 1164 2562; x_wconf 92' lang='lat' dir='ltr'><strong>qui</strong></span> <span class='ocrx_word' id='word_1_627' title='bbox 1192 2524 1273 2550; x_wconf 86' lang='lat' dir='ltr'><strong>tunc</strong></span> <span class='ocrx_word' id='word_1_628' title='bbox 1298 2517 1376 2560; x_wconf 86' lang='lat' dir='ltr'><strong>plus</strong></span> <span class='ocrx_word' id='word_1_629' title='bbox 1403 2521 1545 2555; x_wconf 76' lang='lat' dir='ltr'><strong>nocent,</strong></span> <span class='ocrx_word' id='word_1_630' title='bbox 1571 2527 1648 2548; x_wconf 90' lang='lat' dir='ltr'><strong>cum</strong></span> <span class='ocrx_word' id='word_1_631' title='bbox 1674 2523 1838 2558; x_wconf 81' lang='lat' dir='ltr'><strong>appetunt</strong></span> <span class='ocrx_word' id='word_1_632' title='bbox 1866 2517 2082 2561; x_wconf 82' lang='lat' dir='ltr'><strong>eloquentiae</strong></span> 
     </span>
     <span class='ocr_line' id='line_1_100' title="bbox 1103 2565 2082 2610; baseline -0.002 -10"><span class='ocrx_word' id='word_1_633' title='bbox 1103 2568 1254 2606; x_wconf 82' lang='lat' dir='ltr'><strong>laudem,</strong></span> <span class='ocrx_word' id='word_1_634' title='bbox 1280 2572 1484 2598; x_wconf 83' lang='lat' dir='ltr'><strong>scurrantnr</strong></span> <span class='ocrx_word' id='word_1_635' title='bbox 1503 2565 1538 2597; x_wconf 92' lang='lat' dir='ltr'><strong>in</strong></span> <span class='ocrx_word' id='word_1_636' title='bbox 1553 2566 1793 2604; x_wconf 78' lang='lat' dir='ltr'><strong>concionibus,</strong></span> <span class='ocrx_word' id='word_1_637' title='bbox 1819 2574 1848 2599; x_wconf 78' lang='lat' dir='ltr'><strong>et</strong></span> <span class='ocrx_word' id='word_1_638' title='bbox 1869 2568 1991 2600; x_wconf 86' lang='lat' dir='ltr'><strong>ludunt</strong></span> <span class='ocrx_word' id='word_1_639' title='bbox 2017 2566 2082 2610; x_wconf 67' lang='lat' dir='ltr'><strong>hy-</strong></span> 
     </span>
     <span class='ocr_line' id='line_1_101' title="bbox 1102 2616 2080 2662; baseline -0.001 -13"><span class='ocrx_word' id='word_1_640' title='bbox 1102 2618 1275 2661; x_wconf 82' lang='lat' dir='ltr'><strong>perbolis,</strong></span> <span class='ocrx_word' id='word_1_641' title='bbox 1306 2616 1448 2656; x_wconf 89' lang='lat' dir='ltr'><strong>ironiis,</strong></span> <span class='ocrx_word' id='word_1_642' title='bbox 1473 2622 1505 2648; x_wconf 87' lang='lat' dir='ltr'><strong>et</strong></span> <span class='ocrx_word' id='word_1_643' title='bbox 1528 2616 1604 2650; x_wconf 90' lang='lat' dir='ltr'><strong>aliis</strong></span> <span class='ocrx_word' id='word_1_644' title='bbox 1622 2616 1759 2660; x_wconf 77' lang='lat' dir='ltr'><strong>figuris,</strong></span> <span class='ocrx_word' id='word_1_645' title='bbox 1786 2617 1913 2662; x_wconf 90' lang='lat' dir='ltr'><strong>quibus</strong></span> <span class='ocrx_word' id='word_1_646' title='bbox 1932 2617 2080 2650; x_wconf 80' lang='lat' dir='ltr'><strong>delecta-</strong></span> 
     </span>
     <span class='ocr_line' id='line_1_102' title="bbox 1102 2666 1538 2705; baseline -0.005 -3"><span class='ocrx_word' id='word_1_647' title='bbox 1102 2675 1163 2702; x_wconf 85' lang='lat' dir='ltr'><strong>tur</strong></span> <span class='ocrx_word' id='word_1_648' title='bbox 1180 2668 1317 2701; x_wconf 84' lang='lat' dir='ltr'><strong>indocta</strong></span> <span class='ocrx_word' id='word_1_649' title='bbox 1335 2666 1538 2705; x_wconf 83' lang='lat' dir='ltr'><strong>multitudo.</strong></span> 
     </span>
    </p>
   </div>
  </div>
 </body>
</html>
