2324 2955
158 126 231 161 603

163 223 229 255 qua
248 210 405 242 mandant,
463 202 545 235 Ideo
562 198 718 233 difficilia
735 208 830 231 nunc
847 203 928 229 sunt
947 197 1146 229 certamina.
1171 203 1175 248 Ι

164 263 231 293 Sed
261 259 334 303 piae
355 261 488 288 mentes
514 252 583 284 sint
606 249 756 289 dociles,
803 254 836 280 et
861 247 977 290 agnita
1002 247 1146 280 veritate
1172 271 1175 287 ,

165 323 234 344 non
251 309 377 341 saciant
396 304 462 338 sibi
481 315 570 335 nova
588 301 746 337 vulnera,
767 310 887 331 verum
905 299 1148 341 obtemperent

162 361 254 395 Deo.
283 365 314 391 et
340 356 378 388 in
401 366 481 387 vera
507 352 637 386 laetitia
662 357 695 384 et
717 348 933 394 gratitudine
957 360 1036 381 eum
1059 349 1148 381 cele-

163 396 282 448 brent,
315 407 404 440 sicut
428 404 597 449 scriptum
622 408 688 435 est:
726 400 764 435 Si
782 411 854 434 non
880 399 1047 440 credetis,
1074 411 1148 433 non

164 461 259 494 eritis
276 457 400 491 securi.

268 516 322 551 15.
351 514 439 549 Cum
457 513 559 548 toties
576 512 787 545 vociferetur
805 508 1066 544 Stenkeseldius
1082 505 1148 542 ho-

165 572 276 604 mines
292 566 467 606 converti,
494 563 650 604 renasci,
678 561 918 595 consolatione
935 559 1040 603 erigi,
1066 570 1151 593 san-

168 620 310 655 ctificari
331 618 403 652 Deo
428 622 550 659 agente
572 615 609 647 in
636 614 803 647 cordibus
830 612 905 645 sine
926 611 1059 652 medio,
1086 622 1151 643 nec

167 669 405 704 ministerium
437 665 622 709 Evangelii
653 676 712 697 seu
747 662 994 706 cogitationem
1030 660 1151 705 scripti

167 722 266 755 verbi
285 719 439 754 medium
460 728 551 757 esse,
578 727 640 760 per
655 715 749 760 quod
767 720 845 757 agat
863 712 976 754 Deus,
1003 711 1150 746 miratus

167 785 264 809 sum,
292 782 354 804 cur
379 768 504 802 sentiat
529 766 693 800 traditam
717 776 789 798 esse
815 771 993 797 externam
1018 774 1152 802 vocem,

167 832 196 855 et
229 821 335 856 tantis
359 818 570 853 testimoniis
593 817 817 856 institutum,
850 814 1096 848 confirmatum
1120 819 1153 846 et

928 108 1410 146 DISPUTATIONES

167 874 372 907 mandatum
397 881 470 903 esse
486 867 723 901 ministerium
740 864 936 909 Evangelii.
988 863 1056 898 Hic
1073 865 1153 897 bre-

169 925 309 957 vissime
334 920 544 965 respondet,
589 919 667 951 ideo
700 924 882 950 externum
917 915 1153 949 ministerium
1181 937 1183 953 ,

169 975 371 1009 institutum
388 982 479 1011 esse,
506 977 544 1004 ut
561 967 668 1002 homo
688 968 839 1001 exterior
858 964 984 1000 habeat
1003 976 1153 1009 occupa·
1181 958 1183 970 ¹

169 1027 301 1059 tionem
328 1023 502 1067 aliquam,
535 1032 603 1066 qua
626 1026 661 1054 et
682 1016 766 1052 haec
796 1029 873 1062 pars
897 1017 975 1050 Deo
1012 1016 1157 1054 serviat,

172 1079 259 1109 sicut
284 1072 496 1107 abstinentia
524 1083 541 1103 a
567 1070 670 1103 suilla
695 1081 797 1102 carne
820 1068 886 1101 fuit
903 1074 1040 1100 tantum
1054 1078 1158 1099 occu-

173 1127 269 1171 patio
293 1123 474 1159 exterioris
498 1119 664 1155 hominis.
718 1118 818 1152 Hanc
844 1118 989 1161 impiam
1008 1123 1040 1150 et
1059 1117 1158 1148 fana-

175 1179 278 1211 ticam
302 1173 587 1217 imaginationem
605 1182 744 1204 necesse
762 1176 812 1203 est
830 1168 941 1202 taxari
961 1174 994 1201 et
1012 1168 1160 1200 damna-
1185 1166 1187 1172 ’

174 1231 222 1261 ri.
258 1227 339 1272 quia
367 1232 398 1259 et
422 1224 549 1257 multas
573 1222 676 1255 falsas
700 1221 887 1265 opiniones
919 1218 1093 1257 continet,
1128 1223 1161 1249 et

175 1279 315 1323 penitus
331 1276 447 1310 abolet
466 1286 547 1307 vera
565 1271 726 1305 exercitia
744 1271 822 1304 fidei
841 1277 874 1303 et
893 1268 1136 1302 invocationis.

283 1335 339 1368 16.
382 1333 485 1366 Prius
520 1338 636 1364 autem
673 1328 974 1362 adseverationem
1002 1334 1161 1360 nostram

176 1385 371 1432 perspicuis
389 1382 600 1417 testimoniis
619 1380 881 1413 confirmemus.
925 1378 1165 1412 Adfirmamus

179 1441 294 1473 Deum
313 1433 472 1474 trahere,
499 1438 724 1471 convertere,
751 1440 978 1472 regenerare,
1004 1428 1164 1462 consola—

178 1491 228 1523 ri.
256 1486 469 1521 sanctificare
495 1481 656 1517 homines
684 1492 746 1525 per
770 1480 925 1513 medium
943 1479 987 1512 ab
1005 1479 1079 1522 ipso
1095 1485 1167 1511 tra-

178 1541 311 1578 ditum,
336 1536 467 1570 scilicet
487 1545 549 1577 per
568 1531 754 1574 Evangelii
772 1542 904 1570 vocem,
933 1530 1089 1562 auditam
1106 1540 1165 1561 seu

181 1592 302 1624 lectam
321 1595 353 1620 et
370 1586 565 1628 cogitatam.
605 1581 651 1616 Et
668 1589 810 1626 propter
827 1579 916 1613 hanc
934 1587 1065 1613 tantam
1085 1591 1167 1612 cau-

181 1654 252 1675 sam
279 1638 478 1672 institutum
508 1641 557 1668 est
581 1632 818 1666 ministerium
836 1629 1042 1674 Evangelii,
1069 1636 1108 1663 ut
1125 1629 1168 1662 sit

184 1690 358 1727 medium,
388 1699 457 1733 quo
482 1686 582 1719 Deus
605 1684 649 1717 sit
673 1683 710 1717 in
730 1682 833 1715 nobis
851 1681 983 1715 efficax.
1034 1678 1080 1714 Et
1107 1692 1170 1724 per

181 1739 367 1784 Evangelii
398 1736 635 1781 cognitionem
670 1734 769 1767 Deus
803 1732 975 1766 convertit
1007 1728 1170 1764 homines

183 1801 213 1825 et
233 1804 304 1825 non
322 1790 432 1823 aliter.

292 1849 350 1883 17.
378 1844 598 1881 Testimonia
618 1841 701 1877 haec
720 1843 789 1876 sint
814 1842 850 1874 in
870 1849 1071 1886 conspectu.

288 1911 393 1946 Rom.
407 1911 456 1943 1.:
484 1905 718 1949 Evangelium
736 1911 785 1938 est
805 1905 960 1948 potentia
970 1904 1040 1938 Dei
1059 1903 1102 1936 ad
1120 1914 1173 1936 sa-

189 1967 296 1998 lutem
322 1960 419 1994 omni
445 1958 612 1992 credenti.
667 1955 714 1989 Et
735 1955 834 2000 loqui
857 1954 1006 1988 Paulum
1043 1955 1085 1987 de
1117 1965 1176 1986 ex-

189 2024 285 2048 terna
314 2024 398 2045 voce
424 2009 648 2042 manifestum
674 2013 724 2040 est
747 2018 786 2038 ex
811 2017 884 2049 cap.
913 2006 969 2041 10.
992 2006 1033 2039 ad
1052 2004 1174 2039 Rom:

190 2064 380 2108 Quomodo
399 2061 563 2101 credent,
591 2058 660 2091 nisi
677 2056 879 2091 audierint?
907 2056 1097 2100 Quomodo
1114 2067 1177 2088 au-

198 2117 291 2149 dient
313 2114 389 2148 sine
405 2109 653 2156 praedicante?

293 2172 399 2207 Rom.
420 2169 494 2204 15.:
530 2167 578 2203 Ut
603 2179 665 2212 per
687 2166 890 2211 patientiam
918 2173 949 2198 et
965 2165 1178 2199 consolatio-

195 2238 274 2257 nem
297 2227 549 2266 scripturarum
573 2230 671 2263 spem
692 2215 894 2251 habeamus,
947 2215 1033 2249 Vult
1048 2215 1180 2249 Paulus

194 2274 318 2308 deduci
346 2273 450 2305 corda
477 2271 517 2304 ad
543 2268 634 2303 banc
660 2280 780 2301 vocem
806 2267 842 2300 in
870 2266 1052 2311 scripturis
1069 2267 1181 2300 tradi-

195 2335 278 2359 tam.
328 2322 429 2356 Hanc
457 2321 532 2354 vult
559 2321 625 2353 fide
650 2318 784 2363 accipi,
819 2325 853 2351 et
877 2317 924 2351 ita
951 2329 1015 2350 nos
1041 2318 1182 2362 acquie-

197 2387 290 2410 scere
306 2373 540 2407 adsentientes
560 2369 643 2404 huic
668 2369 762 2409 voci,
791 2380 830 2401 ac
849 2368 876 2401 si
893 2368 1095 2402 audiremus
1115 2381 1182 2401 no-

199 2439 276 2460 xam
303 2426 345 2457 de
369 2423 464 2456 coelo
489 2434 608 2455 vocem
633 2421 725 2454 inter
741 2432 831 2453 nova
851 2426 883 2453 et
900 2419 1052 2452 illustria
1074 2420 1182 2452 mira-

199 2478 288 2511 cula.
341 2473 435 2507 Haec
463 2472 623 2506 exercitia
650 2471 728 2504 fidei
747 2478 779 2504 et
801 2470 1038 2504 invocationis
1056 2470 1103 2514 pii
1126 2470 1183 2503 in-

199 2528 374 2569 telligunt.

304 2588 339 2621 2.
357 2579 519 2618 Corinth.
538 2581 589 2614 3.;
618 2578 851 2623 Evangelium
875 2587 924 2614 est
948 2578 1185 2613 ministerium

202 2638 367 2683 spiritus,
395 2635 428 2667 id
445 2640 513 2673 est,
541 2643 601 2676 per
618 2631 713 2675 quod
741 2638 790 2664 est
815 2631 934 2664 efficax
952 2629 1058 2664 Deus.
1113 2629 1186 2663 lam

205 2693 231 2723 si
266 2694 353 2722 esset
387 2690 525 2719 tantum
554 2681 735 2726 occupatio
764 2681 897 2715 externi
933 2679 1106 2722 hominis,
1149 2687 1187 2715 ut

2104 112 2177 146 604

1199 195 1458 232 Stenckfeldius
1474 195 1608 240 inquit,
1635 208 1707 229 non
1733 202 1819 229 esset
1845 195 2080 231 ministerium
2103 197 2175 242 spi-

1199 256 1297 282 ntus.

1301 300 1336 332 2.
1355 293 1516 330 Corinth.
1533 294 1584 330 5.:
1613 295 1689 333 ,Pro
1705 295 1846 331 Christo
1871 297 2044 340 legatione
2058 298 2176 341 fungi-

1200 362 1280 383 mur
1302 357 1468 393 tanquam
1486 345 1560 380 Deo
1586 345 1798 382 adhortante
1819 359 1879 381 seu
1895 348 2098 381 consolante
2119 359 2178 392 per

1201 413 1275 434 nos.
1328 399 1428 433 Sicut
1450 404 1482 431 et
1509 399 1541 432 1.
1567 396 1730 434 Corinth.
1753 398 1785 432 3.
1808 399 1954 433 dicitur:
1989 398 2082 433 θεοῦ
2105 396 2180 446 γὰρ

1205 448 1313 496 ἐσμὲν
1339 446 1522 496 σύνεργοι.

1302 503 1336 536 2.
1353 497 1517 535 Corinth.
1539 500 1611 534 10.:
1648 497 1757 532 Arma
1781 499 1927 534 militiae
1952 507 2091 534 nostrae
2109 512 2182 533 non

1202 560 1283 587 sunt
1305 551 1479 591 carnalia,
1506 551 1565 584 sed
1590 550 1744 595 potentia
1766 548 1844 584 Deo
1867 551 1909 584 ad
1935 551 2182 585 destruendam

1204 616 1343 638 omnem
1360 602 1602 643 altitudinem,
1629 613 1718 647 quae
1734 601 1908 635 attollitur
1923 608 2045 635 contra
2063 601 2184 644 cogni-

1204 657 1335 690 tionem
1354 653 1437 693 Dei,
1464 660 1497 687 et
1512 654 1555 686 ad
1573 653 1797 696 captivandas
1822 663 1944 686 omnes
1959 652 2187 696 cogitationes

1204 709 1247 741 ad
1265 704 1501 739 obedientiam
1520 701 1664 737 Christi.

1307 753 1430 789 lohan.
1458 753 1531 790 17.:
1577 754 1762 788 Sanctifica
1786 765 1845 788 eos
1869 754 1905 788 in
1940 755 2086 788 veritate
2117 760 2188 794 tua,

1204 820 1317 842 sermo
1337 814 1418 840 tuus
1436 813 1487 839 est
1505 805 1642 841 veritas.

1307 857 1435 891 Psalm.
1459 856 1559 891 118.:
1589 855 1684 890 Haec
1701 862 1751 890 est
1770 856 1962 890 consolatio
1982 868 2056 889 mea
2074 855 2112 888 in
2129 855 2190 888 ad-

1206 910 1363 944 flictione
1386 919 1481 948 mea,
1508 907 1687 952 eloquium
1712 914 1812 940 tuum
1833 907 1986 941 vivificat
2001 919 2066 942 me.

1311 959 1440 992 Psalm.
1461 957 1563 992 129.:
1588 956 1794 1002 Expectavit
1810 957 2018 996 Dominum,
2034 963 2191 1002 expecta-

1182 1018 1184 1049 ἶ
1209 1012 1257 1044 vit
1277 1010 1393 1043 anima
1413 1021 1508 1050 mea,
1539 1009 1624 1042 etin
1643 1009 1749 1042 verbo
1773 1009 1847 1042 eius
1867 1009 2015 1053 speravi.

1315 1060 1370 1093 18.
1407 1060 1476 1093 Sed
1493 1060 1681 1103 respondet
1696 1059 1973 1093 Stenckfeldius:
2003 1058 2190 1093 Sanctifica

1211 1111 1341 1150 verbo,
1375 1110 1508 1143 scilicet
1534 1109 1609 1152 ipso
1637 1110 1709 1142 filio
1734 1108 1812 1143 Dei.
1870 1109 1992 1154 Neque
2020 1121 2085 1142 nos
2116 1109 2190 1141 sola

1212 1159 1364 1194 humana
1392 1159 1603 1203 cogitatione
1626 1159 1747 1204 scripti
1764 1159 1862 1193 verbi
1881 1160 2032 1193 dicimus
2049 1159 2125 1192 fieri
2142 1158 2196 1190 vi-

1212 1211 1446 1244 vificationem
1472 1217 1505 1244 et
1529 1210 1858 1252 sanctificationem,
1884 1212 1943 1243 sed
1970 1210 2196 1243 adfirmamus

1213 1263 1326 1296 filium
1344 1261 1411 1295 Dei
1434 1257 1545 1309 λόγον
1571 1261 1744 1294 efficacem
1770 1273 1843 1295 esse
1869 1261 2079 1304 cogitatione
2097 1259 2196 1293 verbi

1188 1324 1191 1355 ζ
1215 1313 1355 1357 scripti,
1385 1320 1418 1346 et
1442 1312 1606 1355 colligere
1631 1318 1808 1344 aeternam
1834 1309 2026 1345 Ecclesiam
2051 1318 2196 1345 externo

1214 1363 1432 1403 ministerio,
1468 1369 1500 1395 et
1524 1362 1707 1395 ostendere
1733 1363 1957 1396 credentibus
1981 1362 2199 1395 voluntatem

1217 1413 1347 1447 aeterni
1366 1412 1493 1457 patris,
1520 1420 1553 1446 et
1571 1424 1632 1457 per
1642 1412 1816 1456 Spiritum
1834 1419 1991 1446 sanctum
2009 1413 2198 1446 accendere

1220 1466 1256 1498 in
1284 1465 1333 1497 eis
1363 1463 1531 1497 laetitiam
1555 1471 1587 1497 et
1611 1464 1894 1505 invocationem,
1918 1470 1950 1497 et
1972 1463 2059 1495 alios
2084 1469 2201 1495 motus

1218 1521 1449 1556 congruentes
1477 1526 1556 1546 cum
1583 1513 1669 1546 Deo.
1723 1513 1842 1556 Quare
1872 1514 1914 1547 ad
1936 1511 2029 1557 Eph.
2051 1512 2201 1546 dicitur:

1219 1565 1311 1598 mitti
1330 1577 1346 1597 a
1366 1564 1439 1597 filio
1456 1565 1626 1604 doctores,
1644 1571 1681 1597 ut
1697 1564 1900 1597 aedificetur
1916 1575 2042 1607 corpus
2056 1560 2200 1597 Christi.

1220 1615 1264 1649 Et
1292 1616 1413 1648 eodem
1439 1615 1545 1647 modo
1569 1615 1612 1647 de
1637 1615 1710 1647 filio
1729 1621 1763 1648 et
1782 1622 1924 1648 externo
1944 1614 2140 1647 ministerio
2155 1613 2203 1646 si-

1221 1666 1295 1699 mul
1318 1665 1549 1699 concionatur
1566 1664 1754 1703 Salomon,
1783 1665 1948 1709 inquiens
1971 1666 2013 1697 de
2038 1664 2128 1696 filio:
2157 1662 2204 1697 Et

1221 1717 1270 1750 fui
1290 1728 1368 1750 cum
1391 1728 1430 1749 eo
1451 1717 1594 1755 artifex,
1622 1723 1654 1749 et
1671 1715 1817 1748 deliciae
1835 1715 2061 1760 quotidianae
2078 1715 2203 1747 ludens

1224 1779 1340 1801 coram
1369 1779 1409 1800 eo
1439 1767 1536 1800 omni
1561 1773 1737 1810 tempore,
1773 1767 1898 1799 ludens
1925 1767 1961 1798 in
1987 1766 2071 1799 orbe
2094 1772 2205 1798 terrae

1223 1830 1323 1857 suae,
1351 1825 1384 1852 et
1407 1817 1656 1851 delectationes
1685 1829 1779 1850 meae
1803 1829 1882 1850 cum
1905 1817 1987 1850 filiis
2007 1814 2205 1849 hominum.

1224 1869 1334 1902 Ludit
1350 1868 1386 1901 in
1402 1869 1486 1901 orbe
1504 1875 1626 1909 terrae,
1649 1869 1837 1901 ostendens
1854 1868 2050 1901 mirandam
2068 1867 2207 1910 sapien-

1225 1920 1308 1953 tiam
1327 1919 1396 1952 Dei
1422 1919 1458 1951 in
1485 1919 1610 1952 ordine
1635 1919 1842 1962 creationis,
1878 1919 1960 1952 item
1986 1919 2022 1951 in
2046 1919 2208 1951 miranda

1227 1971 1483 2014 gubernatione
1518 1977 1548 2003 et
1586 1970 1857 2003 liberationibus
1892 1968 2086 2009 Ecclesiae,
2128 1980 2207 2002 cum

1229 2021 1362 2065 profert
1383 2033 1501 2054 vocem
1521 2020 1765 2065 promissionis
1782 2033 1821 2053 ex
1840 2021 1920 2053 sinu
1938 2020 2071 2054 aeterni
2090 2019 2210 2063 patris,

1229 2080 1263 2106 et
1287 2072 1394 2105 tradit
1421 2084 1495 2104 eam
1522 2072 1645 2115 primis
1672 2072 1894 2116 parentibus,
1924 2078 1957 2104 et
1983 2068 2130 2104 retrahit
2151 2081 2210 2102 eos

1231 2136 1269 2156 ex
1297 2129 1429 2162 morte,
1465 2134 1545 2156 cum
1571 2131 1685 2157 servat
1710 2120 1901 2156 Ecclesiam
1927 2123 1963 2155 in
1992 2121 2145 2159 diluvio,
2173 2119 2209 2152 in

1232 2173 1320 2206 mari
1338 2174 1445 2206 rubro
1465 2181 1528 2208 etc.
1582 2172 1684 2206 Hanc
1702 2175 1847 2206 eandem
1872 2173 2076 2217 sapientiam
2094 2171 2210 2215 inquit

1231 2224 1401 2258 Salomon
1425 2225 1574 2257 clamare
1596 2225 1631 2257 in
1657 2224 1766 2269 portis
1792 2232 1823 2258 et
1846 2223 1980 2268 plateis.
2033 2222 2084 2256 Ita
2103 2221 2212 2264 signi-

1231 2276 1309 2309 ficat
1333 2274 1405 2315 regi
1436 2273 1625 2309 Ecclesiam
1655 2287 1672 2309 a
1699 2275 1772 2308 filio
1796 2275 1864 2308 Dei
1886 2285 1949 2318 per
1974 2272 2211 2306 ministerium

1233 2325 1479 2369 Evangelium.

1339 2376 1395 2411 19.
1438 2375 1610 2421 Expresse
1651 2384 1766 2411 autem
1808 2375 1893 2409 dicit
1932 2373 2214 2408 Stenckefeldius

1236 2439 1312 2473 pag.
1333 2428 1433 2461 111.:
1463 2427 1568 2461 Fides
1585 2428 1773 2461 iustificans
1796 2438 1869 2458 non
1896 2432 1946 2459 est
1971 2438 2010 2458 ex
2028 2425 2215 2465 concione,

1236 2481 1293 2512 sed
1320 2491 1359 2512 ex
1383 2478 1476 2519 Deo;
1507 2479 1634 2512 deinde
1661 2478 1742 2510 citat
1767 2476 1899 2510 dictum
1925 2476 2070 2522 Cyrilli,
2096 2477 2214 2509 Deum

1238 2532 1320 2564 dare
1345 2542 1416 2563 sese
1440 2543 1513 2563 non
1538 2542 1598 2574 per
1613 2528 1786 2566 medium,
1815 2529 1875 2561 ubi
1892 2527 2048 2573 Cyrillus
2064 2526 2216 2560 excludit

1238 2581 1352 2614 inedia
1374 2594 1445 2614 non
1463 2581 1624 2614 ordinata
1642 2591 1658 2611 a
1676 2579 1767 2614 Deo,
1821 2578 1888 2613 Sed
1909 2578 2086 2612 vultDeus
2102 2577 2215 2611 audiri

1239 2639 1271 2664 et
1289 2632 1432 2672 cogitari
1450 2632 1594 2664 verbum
1614 2630 1793 2674 scriptum,
1823 2637 1853 2663 et
1872 2631 1907 2663 in
1927 2627 1991 2663 hac
2010 2628 2217 2672 cogitatione

1240 2683 1295 2716 dat
1320 2694 1391 2716 sese
1418 2681 1592 2721 credenti,
1628 2681 1715 2715 sicut
1740 2682 1776 2714 in
1803 2681 1894 2715 veris
1919 2679 2217 2714 consolationibus
