<?xml version="1.0" encoding="UTF-8"?>
<!DOCTYPE html PUBLIC "-//W3C//DTD XHTML 1.0 Transitional//EN"
    "http://www.w3.org/TR/xhtml1/DTD/xhtml1-transitional.dtd">
<html xmlns="http://www.w3.org/1999/xhtml" xml:lang="en" lang="en">
 <head>
  <title>
</title>
<meta http-equiv="Content-Type" content="text/html;charset=utf-8" />
  <meta name='ocr-system' content='tesseract 3.04.00' />
  <meta name='ocr-capabilities' content='ocr_page ocr_carea ocr_par ocr_line ocrx_word'/>
</head>
<body>
  <div class='ocr_page' id='page_1' title='image "./operaquaesupersu12melauoft/operaquaesupersu12melauoft_0175.png"; bbox 0 0 2324 2955; ppageno 0'>
   <div class='ocr_carea' id='block_1_1' title="bbox 73 131 146 165">
    <p class='ocr_par' dir='ltr' id='par_1_1' title="bbox 73 131 146 165">
     <span class='ocr_line' id='line_1_1' title="bbox 73 131 146 165; baseline 0 -1"><span class='ocrx_word' id='word_1_1' title='bbox 73 131 146 165; x_wconf 81' lang='lat'>333</span> 
     </span>
    </p>
   </div>
   <div class='ocr_carea' id='block_1_2' title="bbox 71 208 1060 711">
    <p class='ocr_par' dir='ltr' id='par_1_2' title="bbox 71 208 1060 711">
     <span class='ocr_line' id='line_1_2' title="bbox 74 208 1059 252; baseline -0.006 -5"><span class='ocrx_word' id='word_1_2' title='bbox 74 215 158 248; x_wconf 84' lang='lat' dir='ltr'>alias</span> <span class='ocrx_word' id='word_1_3' title='bbox 174 213 427 252; x_wconf 82' lang='lat' dir='ltr'>misericordia,</span> <span class='ocrx_word' id='word_1_4' title='bbox 448 213 534 246; x_wconf 90' lang='lat' dir='ltr'>alias</span> <span class='ocrx_word' id='word_1_5' title='bbox 549 209 717 246; x_wconf 73' lang='grc' dir='ltr'><em>ἐπιείκεια</em></span> <span class='ocrx_word' id='word_1_6' title='bbox 734 212 949 245; x_wconf 86' lang='lat' dir='ltr'>nominatur.</span> <span class='ocrx_word' id='word_1_7' title='bbox 978 208 1059 242; x_wconf 71' lang='lat' dir='ltr'>Non</span> 
     </span>
     <span class='ocr_line' id='line_1_3' title="bbox 73 259 1056 297; baseline -0.006 0"><span class='ocrx_word' id='word_1_8' title='bbox 73 264 174 297; x_wconf 87' lang='lat' dir='ltr'>debet</span> <span class='ocrx_word' id='word_1_9' title='bbox 192 262 303 297; x_wconf 86' lang='lat' dir='ltr'>lulius</span> <span class='ocrx_word' id='word_1_10' title='bbox 319 263 370 297; x_wconf 85' lang='lat' dir='ltr'>M.</span> <span class='ocrx_word' id='word_1_11' title='bbox 390 263 560 297; x_wconf 87' lang='lat' dir='ltr'>Marcello</span> <span class='ocrx_word' id='word_1_12' title='bbox 584 260 674 297; x_wconf 90' lang='lat' dir='ltr'>hosti</span> <span class='ocrx_word' id='word_1_13' title='bbox 697 263 866 296; x_wconf 86' lang='lat' dir='ltr'>acerrimo</span> <span class='ocrx_word' id='word_1_14' title='bbox 884 259 1056 294; x_wconf 90' lang='lat' dir='ltr'>reductio-</span> 
     </span>
     <span class='ocr_line' id='line_1_4' title="bbox 73 312 1060 359; baseline -0.005 -12"><span class='ocrx_word' id='word_1_15' title='bbox 73 326 154 347; x_wconf 88' lang='lat' dir='ltr'>nem</span> <span class='ocrx_word' id='word_1_16' title='bbox 185 314 221 347; x_wconf 90' lang='lat' dir='ltr'>in</span> <span class='ocrx_word' id='word_1_17' title='bbox 254 315 426 359; x_wconf 80' lang='lat' dir='ltr'>patriam,</span> <span class='ocrx_word' id='word_1_18' title='bbox 457 314 517 347; x_wconf 89' lang='lat' dir='ltr'>sed</span> <span class='ocrx_word' id='word_1_19' title='bbox 538 312 692 357; x_wconf 86' lang='lat' dir='ltr'>Reipub.</span> <span class='ocrx_word' id='word_1_20' title='bbox 724 314 828 346; x_wconf 87' lang='lat' dir='ltr'>debet</span> <span class='ocrx_word' id='word_1_21' title='bbox 853 322 1060 346; x_wconf 88' lang='lat' dir='ltr'>conservare</span> 
     </span>
     <span class='ocr_line' id='line_1_5' title="bbox 71 360 1059 407; baseline -0.005 -9"><span class='ocrx_word' id='word_1_22' title='bbox 71 365 203 398; x_wconf 88' lang='lat' dir='ltr'>multos</span> <span class='ocrx_word' id='word_1_23' title='bbox 226 363 393 398; x_wconf 80' lang='lat' dir='ltr'>honestos</span> <span class='ocrx_word' id='word_1_24' title='bbox 416 364 518 399; x_wconf 84' lang='lat' dir='ltr'>cives.</span> <span class='ocrx_word' id='word_1_25' title='bbox 574 364 744 407; x_wconf 85' lang='lat' dir='ltr'>Intelligit</span> <span class='ocrx_word' id='word_1_26' title='bbox 767 370 882 397; x_wconf 85' lang='lat' dir='ltr'>autern</span> <span class='ocrx_word' id='word_1_27' title='bbox 905 360 1059 394; x_wconf 84' lang='lat' dir='ltr'>humana</span> 
     </span>
     <span class='ocr_line' id='line_1_6' title="bbox 72 411 1058 457; baseline -0.004 -8"><span class='ocrx_word' id='word_1_28' title='bbox 72 416 162 449; x_wconf 86' lang='lat' dir='ltr'>ratio</span> <span class='ocrx_word' id='word_1_29' title='bbox 187 413 248 448; x_wconf 90' lang='lat' dir='ltr'>has</span> <span class='ocrx_word' id='word_1_30' title='bbox 271 415 379 457; x_wconf 80' lang='lat' dir='ltr'>leges,</span> <span class='ocrx_word' id='word_1_31' title='bbox 406 415 568 447; x_wconf 80' lang='lat' dir='ltr'>ordinem</span> <span class='ocrx_word' id='word_1_32' title='bbox 592 415 753 447; x_wconf 84' lang='lat' dir='ltr'>divinum</span> <span class='ocrx_word' id='word_1_33' title='bbox 778 426 868 454; x_wconf 73' lang='lat' dir='ltr'>esse,</span> <span class='ocrx_word' id='word_1_34' title='bbox 896 419 928 446; x_wconf 89' lang='lat' dir='ltr'>et</span> <span class='ocrx_word' id='word_1_35' title='bbox 944 411 1058 445; x_wconf 82' lang='lat' dir='ltr'>Deum</span> 
     </span>
     <span class='ocr_line' id='line_1_7' title="bbox 73 463 1058 509; baseline -0.004 -11"><span class='ocrx_word' id='word_1_36' title='bbox 73 464 126 499; x_wconf 89' lang='lat' dir='ltr'>bis</span> <span class='ocrx_word' id='word_1_37' title='bbox 142 465 264 499; x_wconf 78' lang='lat' dir='ltr'>officiis</span> <span class='ocrx_word' id='word_1_38' title='bbox 278 466 347 499; x_wconf 88' lang='lat' dir='ltr'>coli</span> <span class='ocrx_word' id='word_1_39' title='bbox 363 466 463 505; x_wconf 85' lang='lat' dir='ltr'>velle,</span> <span class='ocrx_word' id='word_1_40' title='bbox 489 466 568 498; x_wconf 89' lang='lat' dir='ltr'>ideo</span> <span class='ocrx_word' id='word_1_41' title='bbox 585 466 674 508; x_wconf 86' lang='lat' dir='ltr'>leges</span> <span class='ocrx_word' id='word_1_42' title='bbox 690 466 783 509; x_wconf 84' lang='lat' dir='ltr'>ipsas</span> <span class='ocrx_word' id='word_1_43' title='bbox 797 463 942 497; x_wconf 89' lang='lat' dir='ltr'>honesta</span> <span class='ocrx_word' id='word_1_44' title='bbox 959 473 1058 507; x_wconf 84' lang='lat' dir='ltr'>prae-</span> 
     </span>
     <span class='ocr_line' id='line_1_8' title="bbox 72 513 1059 560; baseline -0.005 -10"><span class='ocrx_word' id='word_1_45' title='bbox 72 516 258 560; x_wconf 89' lang='lat' dir='ltr'>cipientes,</span> <span class='ocrx_word' id='word_1_46' title='bbox 285 516 406 559; x_wconf 79' lang='lat' dir='ltr'>figuris</span> <span class='ocrx_word' id='word_1_47' title='bbox 430 517 646 560; x_wconf 88' lang='lat' dir='ltr'>picturarum</span> <span class='ocrx_word' id='word_1_48' title='bbox 671 522 731 549; x_wconf 89' lang='lat' dir='ltr'>aut</span> <span class='ocrx_word' id='word_1_49' title='bbox 756 522 948 550; x_wconf 87' lang='lat' dir='ltr'>statuarum</span> <span class='ocrx_word' id='word_1_50' title='bbox 968 513 1059 546; x_wconf 87' lang='lat' dir='ltr'>anti-</span> 
     </span>
     <span class='ocr_line' id='line_1_9' title="bbox 71 563 1060 612; baseline -0.005 -12"><span class='ocrx_word' id='word_1_51' title='bbox 71 567 188 612; x_wconf 87' lang='lat' dir='ltr'>quitas</span> <span class='ocrx_word' id='word_1_52' title='bbox 213 568 387 605; x_wconf 83' lang='lat' dir='ltr'>ostendit,</span> <span class='ocrx_word' id='word_1_53' title='bbox 422 575 461 601; x_wconf 88' lang='lat' dir='ltr'>ut</span> <span class='ocrx_word' id='word_1_54' title='bbox 484 568 636 600; x_wconf 87' lang='lat' dir='ltr'>solemus</span> <span class='ocrx_word' id='word_1_55' title='bbox 662 578 726 609; x_wconf 90' lang='lat' dir='ltr'>pro</span> <span class='ocrx_word' id='word_1_56' title='bbox 751 573 900 612; x_wconf 71' lang='lat' dir='ltr'>tyranno</span> <span class='ocrx_word' id='word_1_57' title='bbox 926 563 1060 597; x_wconf 91' lang='lat' dir='ltr'>Draco-</span> 
     </span>
     <span class='ocr_line' id='line_1_10' title="bbox 72 614 1059 661; baseline -0.005 -11"><span class='ocrx_word' id='word_1_58' title='bbox 72 629 153 650; x_wconf 90' lang='lat' dir='ltr'>nem</span> <span class='ocrx_word' id='word_1_59' title='bbox 177 617 338 661; x_wconf 83' lang='lat' dir='ltr'>pingere,</span> <span class='ocrx_word' id='word_1_60' title='bbox 370 618 429 650; x_wconf 82' lang='lat' dir='ltr'>sed</span> <span class='ocrx_word' id='word_1_61' title='bbox 454 623 586 650; x_wconf 89' lang='lat' dir='ltr'>remota</span> <span class='ocrx_word' id='word_1_62' title='bbox 611 617 799 650; x_wconf 87' lang='lat' dir='ltr'>numinum</span> <span class='ocrx_word' id='word_1_63' title='bbox 823 614 1059 660; x_wconf 87' lang='lat' dir='ltr'>adpellatione</span> 
     </span>
     <span class='ocr_line' id='line_1_11' title="bbox 72 668 508 711; baseline -0.002 -10"><span class='ocrx_word' id='word_1_64' title='bbox 72 668 275 711; x_wconf 83' lang='lat' dir='ltr'>allegoriam</span> <span class='ocrx_word' id='word_1_65' title='bbox 296 679 508 701; x_wconf 80' lang='lat' dir='ltr'>enarremus.</span> 
     </span>
    </p>
   </div>
   <div class='ocr_carea' id='block_1_3' title="bbox 70 730 1059 1222">
    <p class='ocr_par' dir='ltr' id='par_1_3' title="bbox 70 730 1059 1222">
     <span class='ocr_line' id='line_1_12' title="bbox 175 730 1058 776; baseline -0.006 -10"><span class='ocrx_word' id='word_1_66' title='bbox 175 732 281 776; x_wconf 85' lang='lat' dir='ltr'>Quod</span> <span class='ocrx_word' id='word_1_67' title='bbox 308 732 400 766; x_wconf 89' lang='lat' dir='ltr'>Iovis</span> <span class='ocrx_word' id='word_1_68' title='bbox 425 733 516 766; x_wconf 84' lang='lat' dir='ltr'>filiae</span> <span class='ocrx_word' id='word_1_69' title='bbox 540 734 707 767; x_wconf 88' lang='lat' dir='ltr'>dicuntur</span> <span class='ocrx_word' id='word_1_70' title='bbox 721 731 901 771; x_wconf 78' lang='lat' dir='ltr'>Charites,</span> <span class='ocrx_word' id='word_1_71' title='bbox 925 730 1058 774; x_wconf 84' lang='lat' dir='ltr'>signifi-</span> 
     </span>
     <span class='ocr_line' id='line_1_13' title="bbox 71 780 1058 826; baseline -0.006 -8"><span class='ocrx_word' id='word_1_72' title='bbox 71 790 186 818; x_wconf 85' lang='lat' dir='ltr'>catum</span> <span class='ocrx_word' id='word_1_73' title='bbox 212 791 281 823; x_wconf 89' lang='lat' dir='ltr'>est,</span> <span class='ocrx_word' id='word_1_74' title='bbox 308 783 416 826; x_wconf 73' lang='lat' dir='ltr'>Leges</span> <span class='ocrx_word' id='word_1_75' title='bbox 441 785 484 816; x_wconf 91' lang='lat' dir='ltr'>de</span> <span class='ocrx_word' id='word_1_76' title='bbox 510 784 645 817; x_wconf 88' lang='lat' dir='ltr'>iusticia</span> <span class='ocrx_word' id='word_1_77' title='bbox 672 792 705 818; x_wconf 85' lang='lat' dir='ltr'>et</span> <span class='ocrx_word' id='word_1_78' title='bbox 722 782 948 817; x_wconf 84' lang='lat' dir='ltr'>beneficentia</span> <span class='ocrx_word' id='word_1_79' title='bbox 965 780 1058 813; x_wconf 88' lang='lat' dir='ltr'>divi-</span> 
     </span>
     <span class='ocr_line' id='line_1_14' title="bbox 72 831 1057 881; baseline -0.004 -14"><span class='ocrx_word' id='word_1_80' title='bbox 72 845 134 868; x_wconf 85' lang='lat' dir='ltr'>nas</span> <span class='ocrx_word' id='word_1_81' title='bbox 160 846 243 868; x_wconf 87' lang='lat' dir='ltr'>esse.</span> <span class='ocrx_word' id='word_1_82' title='bbox 303 833 420 868; x_wconf 86' lang='lat' dir='ltr'>Mater</span> <span class='ocrx_word' id='word_1_83' title='bbox 444 833 651 881; x_wconf 83' lang='lat' dir='ltr'>Eurynome</span> <span class='ocrx_word' id='word_1_84' title='bbox 676 841 748 878; x_wconf 82' lang='lat' dir='ltr'>est,</span> <span class='ocrx_word' id='word_1_85' title='bbox 783 834 865 879; x_wconf 87' lang='lat' dir='ltr'>quia</span> <span class='ocrx_word' id='word_1_86' title='bbox 890 831 1057 866; x_wconf 81' lang='lat' dir='ltr'>beneficia</span> 
     </span>
     <span class='ocr_line' id='line_1_15' title="bbox 71 883 1058 931; baseline -0.004 -13"><span class='ocrx_word' id='word_1_87' title='bbox 71 886 115 918; x_wconf 90' lang='lat' dir='ltr'>ad</span> <span class='ocrx_word' id='word_1_88' title='bbox 137 885 267 919; x_wconf 91' lang='lat' dir='ltr'>multos</span> <span class='ocrx_word' id='word_1_89' title='bbox 290 885 521 929; x_wconf 88' lang='lat' dir='ltr'>perveniunt,</span> <span class='ocrx_word' id='word_1_90' title='bbox 557 893 589 919; x_wconf 91' lang='lat' dir='ltr'>et</span> <span class='ocrx_word' id='word_1_91' title='bbox 613 886 754 931; x_wconf 86' lang='lat' dir='ltr'>quidem</span> <span class='ocrx_word' id='word_1_92' title='bbox 780 892 886 918; x_wconf 83' lang='lat' dir='ltr'>totam</span> <span class='ocrx_word' id='word_1_93' title='bbox 913 883 1058 916; x_wconf 87' lang='lat' dir='ltr'>societa-</span> 
     </span>
     <span class='ocr_line' id='line_1_16' title="bbox 71 933 1058 969; baseline -0.003 -1"><span class='ocrx_word' id='word_1_94' title='bbox 71 942 140 969; x_wconf 85' lang='lat' dir='ltr'>tem</span> <span class='ocrx_word' id='word_1_95' title='bbox 166 933 355 969; x_wconf 79' lang='lat' dir='ltr'>humanam</span> <span class='ocrx_word' id='word_1_96' title='bbox 380 943 599 969; x_wconf 89' lang='lat' dir='ltr'>conservant.</span> <span class='ocrx_word' id='word_1_97' title='bbox 652 935 819 969; x_wconf 88' lang='lat' dir='ltr'>Parentes</span> <span class='ocrx_word' id='word_1_98' title='bbox 839 935 938 967; x_wconf 88' lang='lat' dir='ltr'>alunt</span> <span class='ocrx_word' id='word_1_99' title='bbox 954 933 1058 966; x_wconf 85' lang='lat' dir='ltr'>sobo-</span> 
     </span>
     <span class='ocr_line' id='line_1_17' title="bbox 70 985 1058 1027; baseline -0.003 -8"><span class='ocrx_word' id='word_1_100' title='bbox 70 986 158 1027; x_wconf 86' lang='lat' dir='ltr'>lem,</span> <span class='ocrx_word' id='word_1_101' title='bbox 192 986 285 1019; x_wconf 86' lang='lat' dir='ltr'>cives</span> <span class='ocrx_word' id='word_1_102' title='bbox 315 987 577 1020; x_wconf 82' lang='lat' dir='ltr'>communicant</span> <span class='ocrx_word' id='word_1_103' title='bbox 603 997 657 1019; x_wconf 89' lang='lat' dir='ltr'>res</span> <span class='ocrx_word' id='word_1_104' title='bbox 680 985 891 1019; x_wconf 85' lang='lat' dir='ltr'>necessarias</span> <span class='ocrx_word' id='word_1_105' title='bbox 916 990 1058 1017; x_wconf 85' lang='lat' dir='ltr'>contra-</span> 
     </span>
     <span class='ocr_line' id='line_1_18' title="bbox 71 1033 1058 1079; baseline -0.004 -10"><span class='ocrx_word' id='word_1_106' title='bbox 71 1037 198 1076; x_wconf 86' lang='lat' dir='ltr'>ctibus,</span> <span class='ocrx_word' id='word_1_107' title='bbox 222 1043 254 1070; x_wconf 92' lang='lat' dir='ltr'>et</span> <span class='ocrx_word' id='word_1_108' title='bbox 270 1036 378 1069; x_wconf 87' lang='lat' dir='ltr'>multa</span> <span class='ocrx_word' id='word_1_109' title='bbox 396 1043 571 1079; x_wconf 81' lang='lat' dir='ltr'>praestant</span> <span class='ocrx_word' id='word_1_110' title='bbox 586 1036 698 1070; x_wconf 81' lang='lat' dir='ltr'>officia</span> <span class='ocrx_word' id='word_1_111' title='bbox 715 1048 786 1069; x_wconf 88' lang='lat' dir='ltr'>non</span> <span class='ocrx_word' id='word_1_112' title='bbox 805 1035 933 1070; x_wconf 87' lang='lat' dir='ltr'>debita.</span> <span class='ocrx_word' id='word_1_113' title='bbox 984 1033 1058 1067; x_wconf 83' lang='lat' dir='ltr'>Atii</span> 
     </span>
     <span class='ocr_line' id='line_1_19' title="bbox 71 1084 1059 1131; baseline -0.003 -11"><span class='ocrx_word' id='word_1_114' title='bbox 71 1093 205 1131; x_wconf 89' lang='lat' dir='ltr'>patrem</span> <span class='ocrx_word' id='word_1_115' title='bbox 245 1086 477 1120; x_wconf 87' lang='lat' dir='ltr'>nominarunt</span> <span class='ocrx_word' id='word_1_116' title='bbox 505 1087 624 1121; x_wconf 90' lang='lat' dir='ltr'>Solem</span> <span class='ocrx_word' id='word_1_117' title='bbox 665 1094 698 1121; x_wconf 91' lang='lat' dir='ltr'>et</span> <span class='ocrx_word' id='word_1_118' title='bbox 734 1094 882 1121; x_wconf 89' lang='lat' dir='ltr'>matrem</span> <span class='ocrx_word' id='word_1_119' title='bbox 914 1084 1059 1128; x_wconf 73' lang='lat' dir='ltr'>Aegle-n,</span> 
     </span>
     <span class='ocr_line' id='line_1_20' title="bbox 71 1136 1059 1182; baseline -0.004 -10"><span class='ocrx_word' id='word_1_120' title='bbox 71 1138 167 1182; x_wconf 90' lang='lat' dir='ltr'>quod</span> <span class='ocrx_word' id='word_1_121' title='bbox 196 1136 303 1171; x_wconf 87' lang='lat' dir='ltr'>vitam</span> <span class='ocrx_word' id='word_1_122' title='bbox 334 1137 475 1171; x_wconf 86' lang='lat' dir='ltr'>foveant</span> <span class='ocrx_word' id='word_1_123' title='bbox 500 1144 533 1172; x_wconf 83' lang='lat' dir='ltr'>et</span> <span class='ocrx_word' id='word_1_124' title='bbox 557 1145 685 1171; x_wconf 89' lang='lat' dir='ltr'>ornent</span> <span class='ocrx_word' id='word_1_125' title='bbox 707 1137 844 1171; x_wconf 87' lang='lat' dir='ltr'>iusticia</span> <span class='ocrx_word' id='word_1_126' title='bbox 871 1143 904 1170; x_wconf 88' lang='lat' dir='ltr'>et</span> <span class='ocrx_word' id='word_1_127' title='bbox 927 1136 1059 1169; x_wconf 85' lang='lat' dir='ltr'>benefi-</span> 
     </span>
     <span class='ocr_line' id='line_1_21' title="bbox 73 1188 198 1222; baseline -0.008 -1"><span class='ocrx_word' id='word_1_128' title='bbox 73 1188 198 1222; x_wconf 89' lang='lat' dir='ltr'>centia.</span> 
     </span>
    </p>
   </div>
   <div class='ocr_carea' id='block_1_4' title="bbox 71 1251 1060 2155">
    <p class='ocr_par' dir='ltr' id='par_1_4' title="bbox 71 1251 1060 2155">
     <span class='ocr_line' id='line_1_22' title="bbox 173 1251 1059 1295; baseline -0.003 -8"><span class='ocrx_word' id='word_1_129' title='bbox 173 1253 325 1287; x_wconf 86' lang='lat' dir='ltr'>Nomina</span> <span class='ocrx_word' id='word_1_130' title='bbox 342 1266 424 1287; x_wconf 88' lang='lat' dir='ltr'>vero</span> <span class='ocrx_word' id='word_1_131' title='bbox 440 1253 566 1288; x_wconf 89' lang='lat' dir='ltr'>usitata</span> <span class='ocrx_word' id='word_1_132' title='bbox 577 1252 762 1288; x_wconf 90' lang='lat' dir='ltr'>Charitum</span> <span class='ocrx_word' id='word_1_133' title='bbox 775 1251 859 1285; x_wconf 84' lang='lat' dir='ltr'>baec</span> <span class='ocrx_word' id='word_1_134' title='bbox 871 1258 951 1285; x_wconf 89' lang='lat' dir='ltr'>sunt</span> <span class='ocrx_word' id='word_1_135' title='bbox 966 1252 1059 1295; x_wconf 88' lang='lat' dir='ltr'>apud</span> 
     </span>
     <span class='ocr_line' id='line_1_23' title="bbox 72 1301 1060 1345; baseline -0.005 -7"><span class='ocrx_word' id='word_1_136' title='bbox 72 1304 268 1338; x_wconf 86' lang='lat' dir='ltr'>Hesiodum</span> <span class='ocrx_word' id='word_1_137' title='bbox 292 1311 325 1338; x_wconf 88' lang='lat' dir='ltr'>et</span> <span class='ocrx_word' id='word_1_138' title='bbox 347 1304 563 1341; x_wconf 87' lang='lat' dir='ltr'>Pindarum,</span> <span class='ocrx_word' id='word_1_139' title='bbox 598 1302 742 1345; x_wconf 79' lang='lat' dir='ltr'>Aglaia‚</span> <span class='ocrx_word' id='word_1_140' title='bbox 769 1301 1006 1345; x_wconf 81' lang='lat' dir='ltr'>Euphrosyne</span> <span class='ocrx_word' id='word_1_141' title='bbox 1028 1308 1060 1334; x_wconf 90' lang='lat' dir='ltr'>et</span> 
     </span>
     <span class='ocr_line' id='line_1_24' title="bbox 73 1350 1060 1397; baseline -0.005 -10"><span class='ocrx_word' id='word_1_142' title='bbox 73 1352 213 1388; x_wconf 82' lang='lat' dir='ltr'>Thalia.</span> <span class='ocrx_word' id='word_1_143' title='bbox 261 1353 350 1386; x_wconf 85' lang='lat' dir='ltr'>Tres</span> <span class='ocrx_word' id='word_1_144' title='bbox 366 1353 460 1385; x_wconf 88' lang='lat' dir='ltr'>enim</span> <span class='ocrx_word' id='word_1_145' title='bbox 477 1364 495 1386; x_wconf 90' lang='lat' dir='ltr'>a</span> <span class='ocrx_word' id='word_1_146' title='bbox 510 1352 688 1397; x_wconf 87' lang='lat' dir='ltr'>plerisque</span> <span class='ocrx_word' id='word_1_147' title='bbox 704 1358 947 1385; x_wconf 76' lang='lat' dir='ltr'>numerantur.</span> <span class='ocrx_word' id='word_1_148' title='bbox 992 1350 1060 1382; x_wconf 85' lang='lat' dir='ltr'>La-</span> 
     </span>
     <span class='ocr_line' id='line_1_25' title="bbox 73 1401 1060 1446; baseline -0.005 -9"><span class='ocrx_word' id='word_1_149' title='bbox 73 1403 291 1438; x_wconf 85' lang='lat' dir='ltr'>cedaemonii</span> <span class='ocrx_word' id='word_1_150' title='bbox 323 1404 409 1436; x_wconf 88' lang='lat' dir='ltr'>duas</span> <span class='ocrx_word' id='word_1_151' title='bbox 438 1409 576 1436; x_wconf 89' lang='lat' dir='ltr'>tantum</span> <span class='ocrx_word' id='word_1_152' title='bbox 609 1403 819 1446; x_wconf 77' lang='lat' dir='ltr'>pinxerunt,</span> <span class='ocrx_word' id='word_1_153' title='bbox 855 1401 936 1445; x_wconf 89' lang='lat' dir='ltr'>quia</span> <span class='ocrx_word' id='word_1_154' title='bbox 962 1413 1060 1433; x_wconf 92' lang='lat' dir='ltr'>com-</span> 
     </span>
     <span class='ocr_line' id='line_1_26' title="bbox 72 1451 1059 1498; baseline -0.005 -11"><span class='ocrx_word' id='word_1_155' title='bbox 72 1454 314 1498; x_wconf 89' lang='lat' dir='ltr'>pensationem</span> <span class='ocrx_word' id='word_1_156' title='bbox 346 1452 470 1484; x_wconf 90' lang='lat' dir='ltr'>mercis</span> <span class='ocrx_word' id='word_1_157' title='bbox 500 1459 533 1484; x_wconf 89' lang='lat' dir='ltr'>et</span> <span class='ocrx_word' id='word_1_158' title='bbox 565 1453 690 1494; x_wconf 90' lang='lat' dir='ltr'>precii,</span> <span class='ocrx_word' id='word_1_159' title='bbox 725 1452 799 1484; x_wconf 89' lang='lat' dir='ltr'>dati</span> <span class='ocrx_word' id='word_1_160' title='bbox 833 1451 993 1483; x_wconf 87' lang='lat' dir='ltr'>beneficii</span> <span class='ocrx_word' id='word_1_161' title='bbox 1027 1457 1059 1482; x_wconf 87' lang='lat' dir='ltr'>et</span> 
     </span>
     <span class='ocr_line' id='line_1_27' title="bbox 71 1499 1059 1545; baseline -0.008 -7"><span class='ocrx_word' id='word_1_162' title='bbox 71 1504 229 1538; x_wconf 84' lang='lat' dir='ltr'>redditae</span> <span class='ocrx_word' id='word_1_163' title='bbox 248 1501 395 1545; x_wconf 84' lang='lat' dir='ltr'>gratiae,</span> <span class='ocrx_word' id='word_1_164' title='bbox 422 1501 619 1544; x_wconf 83' lang='lat' dir='ltr'>significare</span> <span class='ocrx_word' id='word_1_165' title='bbox 638 1501 838 1534; x_wconf 86' lang='lat' dir='ltr'>voluerunt.</span> <span class='ocrx_word' id='word_1_166' title='bbox 893 1499 961 1532; x_wconf 87' lang='lat' dir='ltr'>Sed</span> <span class='ocrx_word' id='word_1_167' title='bbox 979 1510 1059 1531; x_wconf 91' lang='lat' dir='ltr'>cum</span> 
     </span>
     <span class='ocr_line' id='line_1_28' title="bbox 71 1550 1059 1594; baseline -0.009 -5"><span class='ocrx_word' id='word_1_168' title='bbox 71 1561 141 1589; x_wconf 80' lang='lat' dir='ltr'>tres</span> <span class='ocrx_word' id='word_1_169' title='bbox 161 1553 403 1592; x_wconf 82' lang='lat' dir='ltr'>nominantur,</span> <span class='ocrx_word' id='word_1_170' title='bbox 429 1551 667 1594; x_wconf 70' lang='lat' dir='ltr'>compensatio</span> <span class='ocrx_word' id='word_1_171' title='bbox 686 1552 778 1584; x_wconf 82' lang='lat' dir='ltr'>iuter</span> <span class='ocrx_word' id='word_1_172' title='bbox 795 1551 896 1591; x_wconf 90' lang='lat' dir='ltr'>duos,</span> <span class='ocrx_word' id='word_1_173' title='bbox 925 1556 956 1582; x_wconf 89' lang='lat' dir='ltr'>et</span> <span class='ocrx_word' id='word_1_174' title='bbox 974 1550 1059 1581; x_wconf 86' lang='lat' dir='ltr'>ube-</span> 
     </span>
     <span class='ocr_line' id='line_1_29' title="bbox 72 1599 1060 1645; baseline -0.008 -7"><span class='ocrx_word' id='word_1_175' title='bbox 72 1605 146 1638; x_wconf 88' lang='lat' dir='ltr'>rior</span> <span class='ocrx_word' id='word_1_176' title='bbox 169 1604 205 1636; x_wconf 89' lang='lat' dir='ltr'>in</span> <span class='ocrx_word' id='word_1_177' title='bbox 230 1603 400 1636; x_wconf 74' lang='lat' dir='ltr'>referente</span> <span class='ocrx_word' id='word_1_178' title='bbox 424 1602 569 1645; x_wconf 85' lang='lat' dir='ltr'>gratiam</span> <span class='ocrx_word' id='word_1_179' title='bbox 595 1601 820 1644; x_wconf 86' lang='lat' dir='ltr'>significatur.</span> <span class='ocrx_word' id='word_1_180' title='bbox 877 1599 917 1632; x_wconf 92' lang='lat' dir='ltr'>ln</span> <span class='ocrx_word' id='word_1_181' title='bbox 943 1599 1060 1631; x_wconf 88' lang='lat' dir='ltr'>nomi-</span> 
     </span>
     <span class='ocr_line' id='line_1_30' title="bbox 72 1649 1060 1693; baseline -0.007 -4"><span class='ocrx_word' id='word_1_182' title='bbox 72 1655 177 1689; x_wconf 90' lang='lat' dir='ltr'>nibus</span> <span class='ocrx_word' id='word_1_183' title='bbox 203 1653 334 1687; x_wconf 89' lang='lat' dir='ltr'>multae</span> <span class='ocrx_word' id='word_1_184' title='bbox 350 1660 433 1687; x_wconf 87' lang='lat' dir='ltr'>sunt</span> <span class='ocrx_word' id='word_1_185' title='bbox 450 1652 815 1685; x_wconf 85' lang='lat' dir='ltr'>commonefactiones.</span> <span class='ocrx_word' id='word_1_186' title='bbox 870 1649 994 1693; x_wconf 84' lang='lat' dir='ltr'>Aglaia</span> <span class='ocrx_word' id='word_1_187' title='bbox 1011 1656 1060 1683; x_wconf 89' lang='lat' dir='ltr'>est</span> 
     </span>
     <span class='ocr_line' id='line_1_31' title="bbox 72 1701 1059 1751; baseline -0.006 -12"><span class='ocrx_word' id='word_1_188' title='bbox 72 1703 314 1751; x_wconf 75' lang='lat' dir='ltr'>pulchritudo,</span> <span class='ocrx_word' id='word_1_189' title='bbox 366 1702 524 1736; x_wconf 90' lang='lat' dir='ltr'>Primum</span> <span class='ocrx_word' id='word_1_190' title='bbox 542 1703 636 1735; x_wconf 85' lang='lat' dir='ltr'>enim</span> <span class='ocrx_word' id='word_1_191' title='bbox 655 1702 794 1747; x_wconf 88' lang='lat' dir='ltr'>pulcra,</span> <span class='ocrx_word' id='word_1_192' title='bbox 825 1702 941 1743; x_wconf 88' lang='lat' dir='ltr'>idest,</span> <span class='ocrx_word' id='word_1_193' title='bbox 970 1701 1059 1734; x_wconf 85' lang='lat' dir='ltr'>iusta</span> 
     </span>
     <span class='ocr_line' id='line_1_32' title="bbox 73 1752 1059 1796; baseline -0.005 -7"><span class='ocrx_word' id='word_1_194' title='bbox 73 1756 205 1796; x_wconf 78' lang='lat' dir='ltr'>officia,</span> <span class='ocrx_word' id='word_1_195' title='bbox 240 1761 273 1787; x_wconf 89' lang='lat' dir='ltr'>et</span> <span class='ocrx_word' id='word_1_196' title='bbox 304 1754 415 1787; x_wconf 87' lang='lat' dir='ltr'>iustae</span> <span class='ocrx_word' id='word_1_197' title='bbox 446 1753 650 1786; x_wconf 72' lang='lat' dir='ltr'>societatum</span> <span class='ocrx_word' id='word_1_198' title='bbox 677 1764 799 1786; x_wconf 89' lang='lat' dir='ltr'>causae</span> <span class='ocrx_word' id='word_1_199' title='bbox 822 1764 894 1785; x_wconf 87' lang='lat' dir='ltr'>esse</span> <span class='ocrx_word' id='word_1_200' title='bbox 917 1752 1059 1785; x_wconf 89' lang='lat' dir='ltr'>debent.</span> 
     </span>
     <span class='ocr_line' id='line_1_33' title="bbox 73 1803 1058 1847; baseline -0.005 -7"><span class='ocrx_word' id='word_1_201' title='bbox 73 1804 289 1840; x_wconf 81' lang='lat' dir='ltr'>Prohibetur</span> <span class='ocrx_word' id='word_1_202' title='bbox 317 1816 398 1847; x_wconf 88' lang='lat' dir='ltr'>ergo</span> <span class='ocrx_word' id='word_1_203' title='bbox 429 1804 598 1837; x_wconf 87' lang='lat' dir='ltr'>scelerum</span> <span class='ocrx_word' id='word_1_204' title='bbox 631 1804 796 1844; x_wconf 88' lang='lat' dir='ltr'>societas,</span> <span class='ocrx_word' id='word_1_205' title='bbox 828 1810 867 1837; x_wconf 85' lang='lat' dir='ltr'>ut</span> <span class='ocrx_word' id='word_1_206' title='bbox 890 1803 1058 1846; x_wconf 85' lang='lat' dir='ltr'>scriptum</span> 
     </span>
     <span class='ocr_line' id='line_1_34' title="bbox 73 1852 1059 1891; baseline -0.006 0"><span class='ocrx_word' id='word_1_207' title='bbox 73 1864 138 1891; x_wconf 87' lang='lat' dir='ltr'>est:</span> <span class='ocrx_word' id='word_1_208' title='bbox 166 1856 246 1890; x_wconf 88' lang='lat' dir='ltr'>Non</span> <span class='ocrx_word' id='word_1_209' title='bbox 264 1855 310 1889; x_wconf 90' lang='lat' dir='ltr'>sis</span> <span class='ocrx_word' id='word_1_210' title='bbox 323 1855 438 1889; x_wconf 90' lang='lat' dir='ltr'>socius</span> <span class='ocrx_word' id='word_1_211' title='bbox 453 1854 648 1887; x_wconf 87' lang='lat' dir='ltr'>alienorum</span> <span class='ocrx_word' id='word_1_212' title='bbox 665 1855 845 1888; x_wconf 88' lang='lat' dir='ltr'>scelerum.</span> <span class='ocrx_word' id='word_1_213' title='bbox 897 1852 944 1886; x_wconf 89' lang='lat' dir='ltr'>Et</span> <span class='ocrx_word' id='word_1_214' title='bbox 960 1853 1059 1886; x_wconf 85' lang='lat' dir='ltr'>simi-</span> 
     </span>
     <span class='ocr_line' id='line_1_35' title="bbox 74 1904 1058 1950; baseline -0.005 -9"><span class='ocrx_word' id='word_1_215' title='bbox 74 1910 123 1942; x_wconf 89' lang='lat' dir='ltr'>les</span> <span class='ocrx_word' id='word_1_216' title='bbox 143 1908 180 1940; x_wconf 96' lang='lat' dir='ltr'>in</span> <span class='ocrx_word' id='word_1_217' title='bbox 204 1907 338 1950; x_wconf 89' lang='lat' dir='ltr'>legibus</span> <span class='ocrx_word' id='word_1_218' title='bbox 363 1904 620 1950; x_wconf 87' lang='lat' dir='ltr'>prohibitiones</span> <span class='ocrx_word' id='word_1_219' title='bbox 638 1905 769 1938; x_wconf 87' lang='lat' dir='ltr'>multae</span> <span class='ocrx_word' id='word_1_220' title='bbox 784 1911 885 1945; x_wconf 86' lang='lat' dir='ltr'>sunt,</span> <span class='ocrx_word' id='word_1_221' title='bbox 913 1904 1058 1937; x_wconf 86' lang='lat' dir='ltr'>societa-</span> 
     </span>
     <span class='ocr_line' id='line_1_36' title="bbox 74 1955 1059 2002; baseline -0.003 -10"><span class='ocrx_word' id='word_1_222' title='bbox 74 1966 125 1992; x_wconf 89' lang='lat' dir='ltr'>tes</span> <span class='ocrx_word' id='word_1_223' title='bbox 156 1965 189 1992; x_wconf 88' lang='lat' dir='ltr'>et</span> <span class='ocrx_word' id='word_1_224' title='bbox 219 1964 315 2002; x_wconf 89' lang='lat' dir='ltr'>pacta</span> <span class='ocrx_word' id='word_1_225' title='bbox 351 1969 423 1989; x_wconf 92' lang='lat' dir='ltr'>non</span> <span class='ocrx_word' id='word_1_226' title='bbox 454 1957 582 1988; x_wconf 86' lang='lat' dir='ltr'>debere</span> <span class='ocrx_word' id='word_1_227' title='bbox 615 1967 687 1988; x_wconf 88' lang='lat' dir='ltr'>esse</span> <span class='ocrx_word' id='word_1_228' title='bbox 714 1956 882 1989; x_wconf 85' lang='lat' dir='ltr'>scelerum</span> <span class='ocrx_word' id='word_1_229' title='bbox 908 1955 1059 1989; x_wconf 86' lang='lat' dir='ltr'>vincula.</span> 
     </span>
     <span class='ocr_line' id='line_1_37' title="bbox 76 2004 1059 2052; baseline -0.002 -10"><span class='ocrx_word' id='word_1_230' title='bbox 76 2008 159 2043; x_wconf 82' lang='lat' dir='ltr'>Ideo</span> <span class='ocrx_word' id='word_1_231' title='bbox 176 2008 327 2042; x_wconf 88' lang='lat' dir='ltr'>Pericles</span> <span class='ocrx_word' id='word_1_232' title='bbox 344 2008 448 2041; x_wconf 84' lang='lat' dir='ltr'>dixit:</span> <span class='ocrx_word' id='word_1_233' title='bbox 484 2004 609 2052; x_wconf 61' lang='lat' dir='ltr'>fovi</span> <span class='ocrx_word' id='word_1_234' title='bbox 632 2005 766 2050; x_wconf 79' lang='grc' dir='ltr'>βωμοῦ</span> <span class='ocrx_word' id='word_1_235' title='bbox 790 2004 896 2052; x_wconf 77' lang='grc' dir='ltr'><em>([ίλος</em></span> <span class='ocrx_word' id='word_1_236' title='bbox 919 2004 1059 2049; x_wconf 73' lang='grc' dir='ltr'><em>ἔσομαι.</em></span> 
     </span>
     <span class='ocr_line' id='line_1_38' title="bbox 74 2056 1058 2102; baseline -0.004 -9"><span class='ocrx_word' id='word_1_237' title='bbox 74 2058 120 2093; x_wconf 88' lang='lat' dir='ltr'>Et</span> <span class='ocrx_word' id='word_1_238' title='bbox 144 2059 179 2092; x_wconf 92' lang='lat' dir='ltr'>in</span> <span class='ocrx_word' id='word_1_239' title='bbox 200 2058 312 2091; x_wconf 86' lang='lat' dir='ltr'>Mimo</span> <span class='ocrx_word' id='word_1_240' title='bbox 335 2058 467 2091; x_wconf 91' lang='lat' dir='ltr'>dictum</span> <span class='ocrx_word' id='word_1_241' title='bbox 492 2064 556 2090; x_wconf 89' lang='lat' dir='ltr'>est:</span> <span class='ocrx_word' id='word_1_242' title='bbox 594 2056 652 2090; x_wconf 76' lang='lat' dir='ltr'>Bis</span> <span class='ocrx_word' id='word_1_243' title='bbox 677 2064 791 2101; x_wconf 89' lang='lat' dir='ltr'>peccat</span> <span class='ocrx_word' id='word_1_244' title='bbox 814 2057 874 2102; x_wconf 86' lang='lat' dir='ltr'>qui</span> <span class='ocrx_word' id='word_1_245' title='bbox 903 2056 1058 2102; x_wconf 83' lang='lat' dir='ltr'>peccanti</span> 
     </span>
     <span class='ocr_line' id='line_1_39' title="bbox 75 2109 554 2155; baseline -0.002 -12"><span class='ocrx_word' id='word_1_246' title='bbox 75 2110 284 2155; x_wconf 81' lang='lat' dir='ltr'>obsequium</span> <span class='ocrx_word' id='word_1_247' title='bbox 303 2109 554 2142; x_wconf 82' lang='lat' dir='ltr'>accommodat.</span> 
     </span>
    </p>
   </div>
   <div class='ocr_carea' id='block_1_5' title="bbox 75 2171 1061 2726">
    <p class='ocr_par' dir='ltr' id='par_1_5' title="bbox 75 2171 1061 2726">
     <span class='ocr_line' id='line_1_40' title="bbox 176 2171 1060 2220; baseline -0.001 -12"><span class='ocrx_word' id='word_1_248' title='bbox 176 2175 318 2218; x_wconf 82' lang='lat' dir='ltr'>Collega</span> <span class='ocrx_word' id='word_1_249' title='bbox 351 2175 494 2217; x_wconf 76' lang='lat' dir='ltr'>triginta</span> <span class='ocrx_word' id='word_1_250' title='bbox 525 2181 756 2220; x_wconf 83' lang='lat' dir='ltr'>tyrannorum</span> <span class='ocrx_word' id='word_1_251' title='bbox 791 2171 940 2208; x_wconf 80' lang='lat' dir='ltr'>Athenis</span> <span class='ocrx_word' id='word_1_252' title='bbox 964 2172 1060 2207; x_wconf 78' lang='lat' dir='ltr'>&#39;t&#39;he-</span> 
     </span>
     <span class='ocr_line' id='line_1_41' title="bbox 75 2225 1058 2270; baseline -0.003 -9"><span class='ocrx_word' id='word_1_253' title='bbox 75 2238 235 2261; x_wconf 81' lang='lat' dir='ltr'>ramenes</span> <span class='ocrx_word' id='word_1_254' title='bbox 263 2226 349 2265; x_wconf 85' lang='lat' dir='ltr'>fuit,</span> <span class='ocrx_word' id='word_1_255' title='bbox 382 2233 414 2259; x_wconf 89' lang='lat' dir='ltr'>et</span> <span class='ocrx_word' id='word_1_256' title='bbox 446 2226 588 2270; x_wconf 84' lang='lat' dir='ltr'>quidem</span> <span class='ocrx_word' id='word_1_257' title='bbox 614 2232 715 2258; x_wconf 87' lang='lat' dir='ltr'>autor</span> <span class='ocrx_word' id='word_1_258' title='bbox 739 2225 812 2258; x_wconf 88' lang='lat' dir='ltr'>eius</span> <span class='ocrx_word' id='word_1_259' title='bbox 836 2232 963 2265; x_wconf 85' lang='lat' dir='ltr'>status,</span> <span class='ocrx_word' id='word_1_260' title='bbox 999 2226 1058 2270; x_wconf 87' lang='lat' dir='ltr'>qui</span> 
     </span>
     <span class='ocr_line' id='line_1_42' title="bbox 76 2275 1060 2321; baseline -0.003 -10"><span class='ocrx_word' id='word_1_261' title='bbox 76 2278 179 2312; x_wconf 89' lang='lat' dir='ltr'>initio</span> <span class='ocrx_word' id='word_1_262' title='bbox 205 2277 314 2321; x_wconf 83' lang='lat' dir='ltr'>patria</span> <span class='ocrx_word' id='word_1_263' title='bbox 340 2277 553 2309; x_wconf 83' lang='lat' dir='ltr'>necessarius</span> <span class='ocrx_word' id='word_1_264' title='bbox 576 2276 655 2309; x_wconf 86' lang='lat' dir='ltr'>fuit.</span> <span class='ocrx_word' id='word_1_265' title='bbox 712 2275 780 2309; x_wconf 84' lang='lat' dir='ltr'>Sed</span> <span class='ocrx_word' id='word_1_266' title='bbox 806 2289 883 2309; x_wconf 88' lang='lat' dir='ltr'>cum</span> <span class='ocrx_word' id='word_1_267' title='bbox 910 2277 1060 2320; x_wconf 73' lang='lat' dir='ltr'>collegae</span> 
     </span>
     <span class='ocr_line' id='line_1_43' title="bbox 77 2326 1059 2370; baseline -0.001 -9"><span class='ocrx_word' id='word_1_268' title='bbox 77 2327 232 2362; x_wconf 85' lang='lat' dir='ltr'>honestis</span> <span class='ocrx_word' id='word_1_269' title='bbox 253 2328 389 2361; x_wconf 88' lang='lat' dir='ltr'>civibus</span> <span class='ocrx_word' id='word_1_270' title='bbox 412 2328 518 2360; x_wconf 89' lang='lat' dir='ltr'>vitam</span> <span class='ocrx_word' id='word_1_271' title='bbox 544 2334 577 2360; x_wconf 88' lang='lat' dir='ltr'>et</span> <span class='ocrx_word' id='word_1_272' title='bbox 601 2326 781 2360; x_wconf 78' lang='lat' dir='ltr'>facultates</span> <span class='ocrx_word' id='word_1_273' title='bbox 805 2327 999 2370; x_wconf 72' lang='lat' dir='ltr'>eripi-rent,</span> <span class='ocrx_word' id='word_1_274' title='bbox 1027 2334 1059 2361; x_wconf 85' lang='lat' dir='ltr'>et</span> 
     </span>
     <span class='ocr_line' id='line_1_44' title="bbox 77 2378 1059 2421; baseline -0.002 -9"><span class='ocrx_word' id='word_1_275' title='bbox 77 2379 166 2412; x_wconf 74' lang='lat' dir='ltr'>filias</span> <span class='ocrx_word' id='word_1_276' title='bbox 191 2378 359 2421; x_wconf 82' lang='lat' dir='ltr'>virgines,</span> <span class='ocrx_word' id='word_1_277' title='bbox 395 2378 431 2410; x_wconf 92' lang='lat' dir='ltr'>in</span> <span class='ocrx_word' id='word_1_278' title='bbox 454 2378 552 2412; x_wconf 86' lang='lat' dir='ltr'>atriis</span> <span class='ocrx_word' id='word_1_279' title='bbox 576 2389 699 2410; x_wconf 90' lang='lat' dir='ltr'>cruore</span> <span class='ocrx_word' id='word_1_280' title='bbox 725 2384 860 2420; x_wconf 88' lang='lat' dir='ltr'>patrum</span> <span class='ocrx_word' id='word_1_281' title='bbox 885 2379 1059 2410; x_wconf 66' lang='lat' dir='ltr'>[uadenti-</span> 
     </span>
     <span class='ocr_line' id='line_1_45' title="bbox 76 2427 1061 2472; baseline -0.002 -9"><span class='ocrx_word' id='word_1_282' title='bbox 76 2431 163 2470; x_wconf 85' lang='lat' dir='ltr'>bus,</span> <span class='ocrx_word' id='word_1_283' title='bbox 189 2428 314 2462; x_wconf 86' lang='lat' dir='ltr'>saltare</span> <span class='ocrx_word' id='word_1_284' title='bbox 335 2429 448 2462; x_wconf 90' lang='lat' dir='ltr'>nudas</span> <span class='ocrx_word' id='word_1_285' title='bbox 466 2434 647 2472; x_wconf 83' lang='lat' dir='ltr'>cogerent,</span> <span class='ocrx_word' id='word_1_286' title='bbox 674 2427 848 2460; x_wconf 85' lang='lat' dir='ltr'>adversari</span> <span class='ocrx_word' id='word_1_287' title='bbox 868 2428 917 2461; x_wconf 86' lang='lat' dir='ltr'>eis</span> <span class='ocrx_word' id='word_1_288' title='bbox 935 2429 1061 2472; x_wconf 85' lang='lat' dir='ltr'>coepit,</span> 
     </span>
     <span class='ocr_line' id='line_1_46' title="bbox 77 2478 1059 2524; baseline -0.002 -11"><span class='ocrx_word' id='word_1_289' title='bbox 77 2487 112 2515; x_wconf 88' lang='lat' dir='ltr'>et</span> <span class='ocrx_word' id='word_1_290' title='bbox 131 2479 223 2513; x_wconf 89' lang='lat' dir='ltr'>mori</span> <span class='ocrx_word' id='word_1_291' title='bbox 248 2478 389 2520; x_wconf 89' lang='lat' dir='ltr'>maluit,</span> <span class='ocrx_word' id='word_1_292' title='bbox 414 2491 519 2524; x_wconf 85' lang='lat' dir='ltr'>quam</span> <span class='ocrx_word' id='word_1_293' title='bbox 548 2479 713 2512; x_wconf 88' lang='lat' dir='ltr'>iniustam</span> <span class='ocrx_word' id='word_1_294' title='bbox 738 2478 979 2512; x_wconf 82' lang='lat' dir='ltr'>crudelitatem</span> <span class='ocrx_word' id='word_1_295' title='bbox 997 2480 1059 2511; x_wconf 87' lang='lat' dir='ltr'>ad-</span> 
     </span>
     <span class='ocr_line' id='line_1_47' title="bbox 78 2528 1061 2570; baseline -0.001 -7"><span class='ocrx_word' id='word_1_296' title='bbox 78 2531 210 2564; x_wconf 88' lang='lat' dir='ltr'>iuvare.</span> <span class='ocrx_word' id='word_1_297' title='bbox 282 2528 451 2564; x_wconf 80' lang='lat' dir='ltr'>Fecerant</span> <span class='ocrx_word' id='word_1_298' title='bbox 481 2531 658 2563; x_wconf 89' lang='lat' dir='ltr'>decretum</span> <span class='ocrx_word' id='word_1_299' title='bbox 691 2528 981 2570; x_wconf 85' lang='lat' dir='ltr'>Lacedaemonii,</span> <span class='ocrx_word' id='word_1_300' title='bbox 1017 2542 1061 2562; x_wconf 90' lang='lat' dir='ltr'>ne</span> 
     </span>
     <span class='ocr_line' id='line_1_48' title="bbox 78 2577 1059 2626; baseline 0.002 -14"><span class='ocrx_word' id='word_1_301' title='bbox 78 2581 157 2626; x_wconf 82' lang='lat' dir='ltr'>quis</span> <span class='ocrx_word' id='word_1_302' title='bbox 176 2577 453 2613; x_wconf 75' lang='lat' dir='ltr'>Atheniensibus</span> <span class='ocrx_word' id='word_1_303' title='bbox 476 2581 636 2613; x_wconf 81' lang='lat' dir='ltr'>exulibus</span> <span class='ocrx_word' id='word_1_304' title='bbox 664 2577 854 2622; x_wconf 87' lang='lat' dir='ltr'>hospitium</span> <span class='ocrx_word' id='word_1_305' title='bbox 880 2581 1059 2622; x_wconf 84' lang='lat' dir='ltr'>praeberet</span> 
     </span>
     <span class='ocr_line' id='line_1_49' title="bbox 78 2628 1060 2675; baseline -0.002 -11"><span class='ocrx_word' id='word_1_306' title='bbox 78 2631 280 2673; x_wconf 70' lang='lat' dir='ltr'>gerentibus</span> <span class='ocrx_word' id='word_1_307' title='bbox 297 2642 390 2663; x_wconf 80' lang='lat' dir='ltr'>arina</span> <span class='ocrx_word' id='word_1_308' title='bbox 409 2631 450 2663; x_wconf 91' lang='lat' dir='ltr'>ad</span> <span class='ocrx_word' id='word_1_309' title='bbox 472 2631 745 2675; x_wconf 78' lang='lat' dir='ltr'>recuperandam</span> <span class='ocrx_word' id='word_1_310' title='bbox 763 2629 922 2673; x_wconf 85' lang='lat' dir='ltr'>patriam.</span> <span class='ocrx_word' id='word_1_311' title='bbox 962 2628 1060 2663; x_wconf 76' lang='lat' dir='ltr'>&#39;l&#39;lw-</span> 
     </span>
     <span class='ocr_line' id='line_1_50' title="bbox 79 2680 1061 2726; baseline 0.001 -12"><span class='ocrx_word' id='word_1_312' title='bbox 79 2681 162 2715; x_wconf 90' lang='lat' dir='ltr'>bani</span> <span class='ocrx_word' id='word_1_313' title='bbox 200 2692 402 2726; x_wconf 82' lang='lat' dir='ltr'>quanquam</span> <span class='ocrx_word' id='word_1_314' title='bbox 434 2680 793 2714; x_wconf 82' lang='lat' dir='ltr'>Lacedaemoniorum</span> <span class='ocrx_word' id='word_1_315' title='bbox 831 2680 916 2713; x_wconf 85' lang='lat' dir='ltr'>socii</span> <span class='ocrx_word' id='word_1_316' title='bbox 952 2688 1061 2723; x_wconf 86' lang='lat' dir='ltr'>erant,</span> 
     </span>
    </p>
   </div>
   <div class='ocr_carea' id='block_1_6' title="bbox 463 120 1689 162">
    <p class='ocr_par' dir='ltr' id='par_1_6' title="bbox 463 120 1689 162">
     <span class='ocr_line' id='line_1_51' title="bbox 463 120 1689 162; baseline -0.003 0"><span class='ocrx_word' id='word_1_317' title='bbox 463 124 620 162; x_wconf 88' lang='lat' dir='ltr'><strong>DECL.</strong></span> <span class='ocrx_word' id='word_1_318' title='bbox 655 124 726 161; x_wconf 87' lang='lat' dir='ltr'>DE</span> <span class='ocrx_word' id='word_1_319' title='bbox 763 123 1080 161; x_wconf 68' lang='lat' dir='ltr'><strong>CHARlTUM</strong></span> <span class='ocrx_word' id='word_1_320' title='bbox 1115 120 1689 158; x_wconf 64' lang='lat' dir='ltr'><strong>APPELLATIOMBUS.</strong></span> 
     </span>
    </p>
   </div>
   <div class='ocr_carea' id='block_1_7' title="bbox 2026 122 2101 157">
    <p class='ocr_par' dir='ltr' id='par_1_7' title="bbox 2026 122 2101 157">
     <span class='ocr_line' id='line_1_52' title="bbox 2026 122 2101 157; baseline 0.013 -1"><span class='ocrx_word' id='word_1_321' title='bbox 2026 122 2101 157; x_wconf 78' lang='lat'>354</span> 
     </span>
    </p>
   </div>
   <div class='ocr_carea' id='block_1_8' title="bbox 1110 207 2101 2717">
    <p class='ocr_par' dir='ltr' id='par_1_8' title="bbox 1110 207 2101 1050">
     <span class='ocr_line' id='line_1_53' title="bbox 1112 207 2100 248; baseline -0.002 -8"><span class='ocrx_word' id='word_1_322' title='bbox 1112 208 1327 241; x_wconf 89' lang='lat' dir='ltr'>contrarium</span> <span class='ocrx_word' id='word_1_323' title='bbox 1361 209 1536 242; x_wconf 89' lang='lat' dir='ltr'>decretum</span> <span class='ocrx_word' id='word_1_324' title='bbox 1570 209 1745 248; x_wconf 84' lang='lat' dir='ltr'>fecerunt,</span> <span class='ocrx_word' id='word_1_325' title='bbox 1780 208 1877 240; x_wconf 91' lang='lat' dir='ltr'>nulla</span> <span class='ocrx_word' id='word_1_326' title='bbox 1909 214 1946 240; x_wconf 91' lang='lat' dir='ltr'>ut</span> <span class='ocrx_word' id='word_1_327' title='bbox 1974 207 2100 238; x_wconf 86' lang='lat' dir='ltr'>domus</span> 
     </span>
     <span class='ocr_line' id='line_1_54' title="bbox 1111 256 2097 301; baseline -0.002 -11"><span class='ocrx_word' id='word_1_328' title='bbox 1111 259 1160 291; x_wconf 88' lang='lat' dir='ltr'>eis</span> <span class='ocrx_word' id='word_1_329' title='bbox 1191 259 1305 291; x_wconf 84' lang='lat' dir='ltr'>clausa</span> <span class='ocrx_word' id='word_1_330' title='bbox 1336 265 1434 294; x_wconf 82' lang='lat' dir='ltr'>esset.</span> <span class='ocrx_word' id='word_1_331' title='bbox 1491 258 1634 301; x_wconf 66' lang='lat' dir='ltr'>Collega</span> <span class='ocrx_word' id='word_1_332' title='bbox 1667 266 1699 291; x_wconf 89' lang='lat' dir='ltr'>et</span> <span class='ocrx_word' id='word_1_333' title='bbox 1729 259 1843 292; x_wconf 78' lang='lat' dir='ltr'>affinis</span> <span class='ocrx_word' id='word_1_334' title='bbox 1872 265 1945 291; x_wconf 87' lang='lat' dir='ltr'>erat</span> <span class='ocrx_word' id='word_1_335' title='bbox 1969 256 2097 289; x_wconf 89' lang='lat' dir='ltr'>Licinii</span> 
     </span>
     <span class='ocr_line' id='line_1_55' title="bbox 1111 307 2101 351; baseline -0.003 -9"><span class='ocrx_word' id='word_1_336' title='bbox 1111 307 1382 348; x_wconf 85' lang='lat' dir='ltr'>Constantinus,</span> <span class='ocrx_word' id='word_1_337' title='bbox 1425 310 1483 340; x_wconf 92' lang='lat' dir='ltr'>sed</span> <span class='ocrx_word' id='word_1_338' title='bbox 1522 310 1646 351; x_wconf 79' lang='lat' dir='ltr'>ingens</span> <span class='ocrx_word' id='word_1_339' title='bbox 1680 309 1810 341; x_wconf 83' lang='lat' dir='ltr'>bellum</span> <span class='ocrx_word' id='word_1_340' title='bbox 1844 307 2101 342; x_wconf 87' lang='lat' dir='ltr'>Constantinus</span> 
     </span>
     <span class='ocr_line' id='line_1_56' title="bbox 1111 358 2100 402; baseline -0.003 -10"><span class='ocrx_word' id='word_1_341' title='bbox 1111 360 1277 392; x_wconf 83' lang='lat' dir='ltr'>adversus</span> <span class='ocrx_word' id='word_1_342' title='bbox 1294 359 1459 402; x_wconf 76' lang='lat' dir='ltr'>collegam</span> <span class='ocrx_word' id='word_1_343' title='bbox 1486 360 1655 402; x_wconf 81' lang='lat' dir='ltr'>suscepit,</span> <span class='ocrx_word' id='word_1_344' title='bbox 1683 366 1719 392; x_wconf 89' lang='lat' dir='ltr'>ut</span> <span class='ocrx_word' id='word_1_345' title='bbox 1742 358 1914 392; x_wconf 78' lang='lat' dir='ltr'>Ecclesias</span> <span class='ocrx_word' id='word_1_346' title='bbox 1939 365 1971 392; x_wconf 89' lang='lat' dir='ltr'>et</span> <span class='ocrx_word' id='word_1_347' title='bbox 1995 358 2100 391; x_wconf 88' lang='lat' dir='ltr'>nobi-</span> 
     </span>
     <span class='ocr_line' id='line_1_57' title="bbox 1112 409 2098 446; baseline -0.001 -5"><span class='ocrx_word' id='word_1_348' title='bbox 1112 409 1263 442; x_wconf 86' lang='lat' dir='ltr'>lissimos</span> <span class='ocrx_word' id='word_1_349' title='bbox 1284 409 1376 441; x_wconf 80' lang='lat' dir='ltr'>cives</span> <span class='ocrx_word' id='word_1_350' title='bbox 1400 417 1520 442; x_wconf 85' lang='lat' dir='ltr'>contra</span> <span class='ocrx_word' id='word_1_351' title='bbox 1542 411 1705 443; x_wconf 88' lang='lat' dir='ltr'>iniustam</span> <span class='ocrx_word' id='word_1_352' title='bbox 1732 410 1912 442; x_wconf 80' lang='lat' dir='ltr'>saevitiam</span> <span class='ocrx_word' id='word_1_353' title='bbox 1931 416 2098 446; x_wconf 87' lang='lat' dir='ltr'>tueretur,</span> 
     </span>
     <span class='ocr_line' id='line_1_58' title="bbox 1112 458 2098 505; baseline -0.003 -12"><span class='ocrx_word' id='word_1_354' title='bbox 1112 472 1182 505; x_wconf 92' lang='lat' dir='ltr'>quo</span> <span class='ocrx_word' id='word_1_355' title='bbox 1205 460 1242 491; x_wconf 90' lang='lat' dir='ltr'>in</span> <span class='ocrx_word' id='word_1_356' title='bbox 1262 459 1355 492; x_wconf 86' lang='lat' dir='ltr'>bello</span> <span class='ocrx_word' id='word_1_357' title='bbox 1374 459 1603 493; x_wconf 78' lang='lat' dir='ltr'>Marcellinus</span> <span class='ocrx_word' id='word_1_358' title='bbox 1623 467 1742 493; x_wconf 88' lang='lat' dir='ltr'>narrat</span> <span class='ocrx_word' id='word_1_359' title='bbox 1762 460 1900 492; x_wconf 78' lang='lat' dir='ltr'>auxiliis</span> <span class='ocrx_word' id='word_1_360' title='bbox 1919 458 2098 492; x_wconf 79' lang='lat' dir='ltr'>Francicis</span> 
     </span>
     <span class='ocr_line' id='line_1_59' title="bbox 1112 508 2097 554; baseline -0.004 -11"><span class='ocrx_word' id='word_1_361' title='bbox 1112 510 1297 554; x_wconf 89' lang='lat' dir='ltr'>praecipue</span> <span class='ocrx_word' id='word_1_362' title='bbox 1313 508 1584 544; x_wconf 89' lang='lat' dir='ltr'>Constantinum</span> <span class='ocrx_word' id='word_1_363' title='bbox 1613 511 1773 543; x_wconf 86' lang='lat' dir='ltr'>adiutum</span> <span class='ocrx_word' id='word_1_364' title='bbox 1797 521 1880 543; x_wconf 85' lang='lat' dir='ltr'>esse.</span> <span class='ocrx_word' id='word_1_365' title='bbox 1934 508 2097 553; x_wconf 83' lang='lat' dir='ltr'>Denique</span> 
     </span>
     <span class='ocr_line' id='line_1_60' title="bbox 1112 560 2097 603; baseline -0.003 -10"><span class='ocrx_word' id='word_1_366' title='bbox 1112 568 1194 594; x_wconf 83' lang='lat' dir='ltr'>nota</span> <span class='ocrx_word' id='word_1_367' title='bbox 1225 561 1343 603; x_wconf 83' lang='lat' dir='ltr'>regula</span> <span class='ocrx_word' id='word_1_368' title='bbox 1374 568 1442 599; x_wconf 86' lang='lat' dir='ltr'>est,</span> <span class='ocrx_word' id='word_1_369' title='bbox 1478 560 1746 594; x_wconf 86' lang='lat' dir='ltr'>coniunctiones</span> <span class='ocrx_word' id='word_1_370' title='bbox 1776 566 1807 592; x_wconf 89' lang='lat' dir='ltr'>et</span> <span class='ocrx_word' id='word_1_371' title='bbox 1841 560 2010 592; x_wconf 81' lang='lat' dir='ltr'>amicitias</span> <span class='ocrx_word' id='word_1_372' title='bbox 2037 560 2097 590; x_wconf 83' lang='lat' dir='ltr'>de—</span> 
     </span>
     <span class='ocr_line' id='line_1_61' title="bbox 1111 606 2095 652; baseline -0.004 -8"><span class='ocrx_word' id='word_1_373' title='bbox 1111 613 1193 644; x_wconf 85' lang='lat' dir='ltr'>bere</span> <span class='ocrx_word' id='word_1_374' title='bbox 1217 623 1335 644; x_wconf 86' lang='lat' dir='ltr'>causas</span> <span class='ocrx_word' id='word_1_375' title='bbox 1355 609 1517 644; x_wconf 88' lang='lat' dir='ltr'>honestas</span> <span class='ocrx_word' id='word_1_376' title='bbox 1535 609 1673 644; x_wconf 86' lang='lat' dir='ltr'>babere.</span> <span class='ocrx_word' id='word_1_377' title='bbox 1727 610 1830 643; x_wconf 80' lang='lat' dir='ltr'>Absit</span> <span class='ocrx_word' id='word_1_378' title='bbox 1843 616 1958 642; x_wconf 84' lang='lat' dir='ltr'>autem</span> <span class='ocrx_word' id='word_1_379' title='bbox 1975 606 2095 652; x_wconf 84' lang='lat' dir='ltr'>sophi-</span> 
     </span>
     <span class='ocr_line' id='line_1_62' title="bbox 1111 659 2097 702; baseline -0.006 -7"><span class='ocrx_word' id='word_1_380' title='bbox 1111 662 1212 702; x_wconf 82' lang='lat' dir='ltr'>stica,</span> <span class='ocrx_word' id='word_1_381' title='bbox 1240 674 1303 694; x_wconf 88' lang='lat' dir='ltr'>uec</span> <span class='ocrx_word' id='word_1_382' title='bbox 1327 669 1386 695; x_wconf 88' lang='lat' dir='ltr'>aut</span> <span class='ocrx_word' id='word_1_383' title='bbox 1411 663 1448 694; x_wconf 90' lang='lat' dir='ltr'>in</span> <span class='ocrx_word' id='word_1_384' title='bbox 1474 662 1696 702; x_wconf 76' lang='lat' dir='ltr'>foederibus,</span> <span class='ocrx_word' id='word_1_385' title='bbox 1724 667 1783 693; x_wconf 90' lang='lat' dir='ltr'>aut</span> <span class='ocrx_word' id='word_1_386' title='bbox 1807 660 1842 692; x_wconf 82' lang='lat' dir='ltr'>In</span> <span class='ocrx_word' id='word_1_387' title='bbox 1860 659 2097 691; x_wconf 85' lang='lat' dir='ltr'>distractioni-</span> 
     </span>
     <span class='ocr_line' id='line_1_63' title="bbox 1112 710 2095 756; baseline -0.006 -11"><span class='ocrx_word' id='word_1_388' title='bbox 1112 714 1176 746; x_wconf 87' lang='lat' dir='ltr'>bus</span> <span class='ocrx_word' id='word_1_389' title='bbox 1206 713 1312 745; x_wconf 86' lang='lat' dir='ltr'>salsae</span> <span class='ocrx_word' id='word_1_390' title='bbox 1339 724 1459 745; x_wconf 89' lang='lat' dir='ltr'>causae</span> <span class='ocrx_word' id='word_1_391' title='bbox 1487 718 1749 756; x_wconf 82' lang='lat' dir='ltr'>praetexantur,</span> <span class='ocrx_word' id='word_1_392' title='bbox 1783 717 1821 743; x_wconf 91' lang='lat' dir='ltr'>ut</span> <span class='ocrx_word' id='word_1_393' title='bbox 1846 716 1925 742; x_wconf 88' lang='lat' dir='ltr'>sunt</span> <span class='ocrx_word' id='word_1_394' title='bbox 1951 710 2095 741; x_wconf 84' lang='lat' dir='ltr'>usitatae</span> 
     </span>
     <span class='ocr_line' id='line_1_64' title="bbox 1112 757 2097 806; baseline -0.004 -11"><span class='ocrx_word' id='word_1_395' title='bbox 1112 763 1260 796; x_wconf 72' lang='lat' dir='ltr'>ironiae:</span> <span class='ocrx_word' id='word_1_396' title='bbox 1319 775 1358 795; x_wconf 85' lang='lat' dir='ltr'>ac</span> <span class='ocrx_word' id='word_1_397' title='bbox 1388 764 1589 806; x_wconf 81' lang='lat' dir='ltr'>plectuntur</span> <span class='ocrx_word' id='word_1_398' title='bbox 1621 760 1781 794; x_wconf 78' lang='lat' dir='ltr'>homines</span> <span class='ocrx_word' id='word_1_399' title='bbox 1814 759 1857 793; x_wconf 80' lang='grc' dir='ltr'>οὐ</span> <span class='ocrx_word' id='word_1_400' title='bbox 1888 757 1949 793; x_wconf 65' lang='lat' dir='ltr'>d&#39;td</span> <span class='ocrx_word' id='word_1_401' title='bbox 1985 757 2097 792; x_wconf 55' lang='lat' dir='ltr'>nodo&lt;</span> 
     </span>
     <span class='ocr_line' id='line_1_65' title="bbox 1112 810 2096 859; baseline -0.005 -12"><span class='ocrx_word' id='word_1_402' title='bbox 1112 810 1314 858; x_wconf 49' lang='grc' dir='ltr'>ἁμάρτημα</span> <span class='ocrx_word' id='word_1_403' title='bbox 1347 813 1384 846; x_wconf 69' lang='grc' dir='ltr'>ἓν</span> <span class='ocrx_word' id='word_1_404' title='bbox 1411 811 1559 859; x_wconf 66' lang='grc' dir='ltr'>χορείᾳ,</span> <span class='ocrx_word' id='word_1_405' title='bbox 1610 813 1702 857; x_wconf 82' lang='lat' dir='ltr'>quod</span> <span class='ocrx_word' id='word_1_406' title='bbox 1737 819 1853 844; x_wconf 84' lang='lat' dir='ltr'>tamen</span> <span class='ocrx_word' id='word_1_407' title='bbox 1885 810 2096 843; x_wconf 89' lang='lat' dir='ltr'>ostenditur.</span> 
     </span>
     <span class='ocr_line' id='line_1_66' title="bbox 1113 860 2097 906; baseline -0.006 -10"><span class='ocrx_word' id='word_1_408' title='bbox 1113 864 1196 896; x_wconf 91' lang='lat' dir='ltr'>ldeo</span> <span class='ocrx_word' id='word_1_409' title='bbox 1222 870 1336 896; x_wconf 84' lang='lat' dir='ltr'>autem</span> <span class='ocrx_word' id='word_1_410' title='bbox 1360 865 1474 896; x_wconf 88' lang='lat' dir='ltr'>nudae</span> <span class='ocrx_word' id='word_1_411' title='bbox 1498 864 1607 906; x_wconf 86' lang='lat' dir='ltr'>pictae</span> <span class='ocrx_word' id='word_1_412' title='bbox 1626 869 1708 896; x_wconf 90' lang='lat' dir='ltr'>sunt</span> <span class='ocrx_word' id='word_1_413' title='bbox 1725 860 1903 898; x_wconf 75' lang='lat' dir='ltr'>Charites,</span> <span class='ocrx_word' id='word_1_414' title='bbox 1932 868 1969 894; x_wconf 89' lang='lat' dir='ltr'>ut</span> <span class='ocrx_word' id='word_1_415' title='bbox 1988 861 2097 892; x_wconf 84' lang='lat' dir='ltr'>simu-</span> 
     </span>
     <span class='ocr_line' id='line_1_67' title="bbox 1110 912 2094 951; baseline -0.007 -4"><span class='ocrx_word' id='word_1_416' title='bbox 1110 915 1194 948; x_wconf 87' lang='lat' dir='ltr'>latio</span> <span class='ocrx_word' id='word_1_417' title='bbox 1217 913 1333 946; x_wconf 87' lang='lat' dir='ltr'>omnis</span> <span class='ocrx_word' id='word_1_418' title='bbox 1357 914 1447 947; x_wconf 89' lang='lat' dir='ltr'>absit</span> <span class='ocrx_word' id='word_1_419' title='bbox 1470 914 1561 948; x_wconf 88' lang='lat' dir='ltr'>inter</span> <span class='ocrx_word' id='word_1_420' title='bbox 1584 913 1715 945; x_wconf 84' lang='lat' dir='ltr'>amicos</span> <span class='ocrx_word' id='word_1_421' title='bbox 1739 920 1772 946; x_wconf 89' lang='lat' dir='ltr'>et</span> <span class='ocrx_word' id='word_1_422' title='bbox 1794 912 1922 951; x_wconf 89' lang='lat' dir='ltr'>socios,</span> <span class='ocrx_word' id='word_1_423' title='bbox 1957 918 1988 944; x_wconf 91' lang='lat' dir='ltr'>et</span> <span class='ocrx_word' id='word_1_424' title='bbox 2013 922 2094 941; x_wconf 68' lang='lat' dir='ltr'>vero</span> 
     </span>
     <span class='ocr_line' id='line_1_68' title="bbox 1110 962 2097 1004; baseline -0.007 -6"><span class='ocrx_word' id='word_1_425' title='bbox 1110 965 1263 998; x_wconf 89' lang='lat' dir='ltr'>candore</span> <span class='ocrx_word' id='word_1_426' title='bbox 1291 964 1514 1004; x_wconf 86' lang='lat' dir='ltr'>animorum,</span> <span class='ocrx_word' id='word_1_427' title='bbox 1549 963 1713 996; x_wconf 79' lang='lat' dir='ltr'>beneficia</span> <span class='ocrx_word' id='word_1_428' title='bbox 1739 970 1770 996; x_wconf 91' lang='lat' dir='ltr'>et</span> <span class='ocrx_word' id='word_1_429' title='bbox 1795 962 1906 995; x_wconf 79' lang='lat' dir='ltr'>officia</span> <span class='ocrx_word' id='word_1_430' title='bbox 1932 967 2097 1004; x_wconf 82' lang='lat' dir='ltr'>petantur</span> 
     </span>
     <span class='ocr_line' id='line_1_69' title="bbox 1110 1015 1371 1050; baseline -0.015 0"><span class='ocrx_word' id='word_1_431' title='bbox 1110 1023 1143 1050; x_wconf 88' lang='lat' dir='ltr'>et</span> <span class='ocrx_word' id='word_1_432' title='bbox 1158 1015 1371 1049; x_wconf 81' lang='lat' dir='ltr'>tribuantur.</span> 
     </span>
    </p>

    <p class='ocr_par' dir='ltr' id='par_1_9' title="bbox 1111 1060 2098 1308">
     <span class='ocr_line' id='line_1_70' title="bbox 1212 1060 2097 1101; baseline -0.008 -3"><span class='ocrx_word' id='word_1_433' title='bbox 1212 1065 1368 1098; x_wconf 81' lang='lat' dir='ltr'>Pertinet</span> <span class='ocrx_word' id='word_1_434' title='bbox 1383 1064 1424 1097; x_wconf 89' lang='lat' dir='ltr'>ad</span> <span class='ocrx_word' id='word_1_435' title='bbox 1444 1075 1562 1096; x_wconf 91' lang='lat' dir='ltr'>causas</span> <span class='ocrx_word' id='word_1_436' title='bbox 1578 1061 1739 1096; x_wconf 83' lang='lat' dir='ltr'>honestas</span> <span class='ocrx_word' id='word_1_437' title='bbox 1756 1070 1786 1096; x_wconf 90' lang='lat' dir='ltr'>et</span> <span class='ocrx_word' id='word_1_438' title='bbox 1804 1060 1905 1101; x_wconf 83' lang='lat' dir='ltr'>haec,</span> <span class='ocrx_word' id='word_1_439' title='bbox 1932 1074 1975 1093; x_wconf 93' lang='lat' dir='ltr'>ne</span> <span class='ocrx_word' id='word_1_440' title='bbox 1991 1062 2097 1092; x_wconf 81' lang='lat' dir='ltr'>bene-</span> 
     </span>
     <span class='ocr_line' id='line_1_71' title="bbox 1111 1112 2096 1156; baseline -0.009 -6"><span class='ocrx_word' id='word_1_441' title='bbox 1111 1116 1247 1150; x_wconf 80' lang='lat' dir='ltr'>ficentia</span> <span class='ocrx_word' id='word_1_442' title='bbox 1271 1116 1314 1149; x_wconf 91' lang='lat' dir='ltr'>sit</span> <span class='ocrx_word' id='word_1_443' title='bbox 1338 1115 1538 1148; x_wconf 85' lang='lat' dir='ltr'>inordinata</span> <span class='ocrx_word' id='word_1_444' title='bbox 1564 1126 1680 1147; x_wconf 86' lang='lat' dir='ltr'>rerum</span> <span class='ocrx_word' id='word_1_445' title='bbox 1700 1114 1881 1156; x_wconf 83' lang='lat' dir='ltr'>dissipatio</span> <span class='ocrx_word' id='word_1_446' title='bbox 1900 1119 1958 1145; x_wconf 86' lang='lat' dir='ltr'>aut</span> <span class='ocrx_word' id='word_1_447' title='bbox 1977 1112 2096 1154; x_wconf 76' lang='lat' dir='ltr'>prosu-</span> 
     </span>
     <span class='ocr_line' id='line_1_72' title="bbox 1111 1161 2096 1207; baseline -0.009 -7"><span class='ocrx_word' id='word_1_448' title='bbox 1111 1169 1178 1207; x_wconf 87' lang='lat' dir='ltr'>sio,</span> <span class='ocrx_word' id='word_1_449' title='bbox 1211 1173 1250 1200; x_wconf 87' lang='lat' dir='ltr'>ut</span> <span class='ocrx_word' id='word_1_450' title='bbox 1276 1177 1403 1199; x_wconf 87' lang='lat' dir='ltr'>coenae</span> <span class='ocrx_word' id='word_1_451' title='bbox 1427 1162 1576 1198; x_wconf 85' lang='lat' dir='ltr'>Antonii</span> <span class='ocrx_word' id='word_1_452' title='bbox 1600 1172 1633 1198; x_wconf 87' lang='lat' dir='ltr'>et</span> <span class='ocrx_word' id='word_1_453' title='bbox 1656 1164 1873 1207; x_wconf 84' lang='lat' dir='ltr'>Cleopatrae.</span> <span class='ocrx_word' id='word_1_454' title='bbox 1933 1161 2096 1204; x_wconf 78' lang='lat' dir='ltr'>Denique</span> 
     </span>
     <span class='ocr_line' id='line_1_73' title="bbox 1112 1212 2098 1260; baseline -0.009 -9"><span class='ocrx_word' id='word_1_455' title='bbox 1112 1219 1178 1251; x_wconf 89' lang='lat' dir='ltr'>late</span> <span class='ocrx_word' id='word_1_456' title='bbox 1194 1215 1278 1250; x_wconf 87' lang='lat' dir='ltr'>haec</span> <span class='ocrx_word' id='word_1_457' title='bbox 1297 1216 1455 1249; x_wconf 88' lang='lat' dir='ltr'>doctrina</span> <span class='ocrx_word' id='word_1_458' title='bbox 1476 1222 1587 1260; x_wconf 87' lang='lat' dir='ltr'>patet,</span> <span class='ocrx_word' id='word_1_459' title='bbox 1613 1222 1651 1248; x_wconf 89' lang='lat' dir='ltr'>ut</span> <span class='ocrx_word' id='word_1_460' title='bbox 1670 1215 1770 1247; x_wconf 84' lang='lat' dir='ltr'>facile</span> <span class='ocrx_word' id='word_1_461' title='bbox 1789 1226 1828 1246; x_wconf 78' lang='lat' dir='ltr'>ex</span> <span class='ocrx_word' id='word_1_462' title='bbox 1848 1212 2037 1258; x_wconf 81' lang='lat' dir='ltr'>praeceptis</span> <span class='ocrx_word' id='word_1_463' title='bbox 2055 1214 2098 1242; x_wconf 84' lang='lat' dir='ltr'>de</span> 
     </span>
     <span class='ocr_line' id='line_1_74' title="bbox 1112 1266 1837 1308; baseline -0.008 -6"><span class='ocrx_word' id='word_1_464' title='bbox 1112 1268 1246 1302; x_wconf 86' lang='lat' dir='ltr'>iusticia</span> <span class='ocrx_word' id='word_1_465' title='bbox 1263 1273 1295 1300; x_wconf 91' lang='lat' dir='ltr'>et</span> <span class='ocrx_word' id='word_1_466' title='bbox 1314 1266 1523 1300; x_wconf 84' lang='lat' dir='ltr'>liberalitate</span> <span class='ocrx_word' id='word_1_467' title='bbox 1544 1266 1692 1306; x_wconf 75' lang='lat' dir='ltr'>intelligi</span> <span class='ocrx_word' id='word_1_468' title='bbox 1714 1271 1837 1308; x_wconf 87' lang='lat' dir='ltr'>potest.</span> 
     </span>
    </p>

    <p class='ocr_par' dir='ltr' id='par_1_10' title="bbox 1110 1313 2100 2618">
     <span class='ocr_line' id='line_1_75' title="bbox 1213 1313 2095 1358; baseline -0.008 -8"><span class='ocrx_word' id='word_1_469' title='bbox 1213 1317 1317 1358; x_wconf 73' lang='lat' dir='ltr'>Regii</span> <span class='ocrx_word' id='word_1_470' title='bbox 1342 1317 1449 1357; x_wconf 78' lang='lat' dir='ltr'>igitur</span> <span class='ocrx_word' id='word_1_471' title='bbox 1465 1327 1584 1348; x_wconf 88' lang='lat' dir='ltr'>causas</span> <span class='ocrx_word' id='word_1_472' title='bbox 1599 1315 1890 1348; x_wconf 86' lang='lat' dir='ltr'>coniunctionum</span> <span class='ocrx_word' id='word_1_473' title='bbox 1906 1314 2018 1357; x_wconf 83' lang='lat' dir='ltr'>prima</span> <span class='ocrx_word' id='word_1_474' title='bbox 2042 1313 2095 1343; x_wconf 88' lang='lat' dir='ltr'>in-</span> 
     </span>
     <span class='ocr_line' id='line_1_76' title="bbox 1112 1362 2094 1409; baseline -0.007 -9"><span class='ocrx_word' id='word_1_475' title='bbox 1112 1375 1163 1401; x_wconf 89' lang='lat' dir='ltr'>ter</span> <span class='ocrx_word' id='word_1_476' title='bbox 1179 1365 1336 1400; x_wconf 88' lang='lat' dir='ltr'>Charites</span> <span class='ocrx_word' id='word_1_477' title='bbox 1355 1365 1488 1407; x_wconf 79' lang='lat' dir='ltr'>Aglaia.</span> <span class='ocrx_word' id='word_1_478' title='bbox 1543 1366 1702 1397; x_wconf 81' lang='lat' dir='ltr'>Secunda</span> <span class='ocrx_word' id='word_1_479' title='bbox 1715 1362 1950 1409; x_wconf 67' lang='lat' dir='ltr'>Euphrosyne</span> <span class='ocrx_word' id='word_1_480' title='bbox 1967 1363 2094 1394; x_wconf 70' lang='lat' dir='ltr'>volun-</span> 
     </span>
     <span class='ocr_line' id='line_1_77' title="bbox 1111 1413 2097 1458; baseline -0.006 -8"><span class='ocrx_word' id='word_1_481' title='bbox 1111 1418 1192 1451; x_wconf 87' lang='lat' dir='ltr'>tatis</span> <span class='ocrx_word' id='word_1_482' title='bbox 1214 1417 1250 1448; x_wconf 88' lang='lat' dir='ltr'>in</span> <span class='ocrx_word' id='word_1_483' title='bbox 1273 1417 1378 1448; x_wconf 87' lang='lat' dir='ltr'>dante</span> <span class='ocrx_word' id='word_1_484' title='bbox 1402 1422 1435 1448; x_wconf 88' lang='lat' dir='ltr'>et</span> <span class='ocrx_word' id='word_1_485' title='bbox 1456 1415 1648 1458; x_wconf 83' lang='lat' dir='ltr'>accipiente</span> <span class='ocrx_word' id='word_1_486' title='bbox 1664 1414 1913 1456; x_wconf 77' lang='lat' dir='ltr'>ingenuitatem</span> <span class='ocrx_word' id='word_1_487' title='bbox 1932 1413 2097 1457; x_wconf 86' lang='lat' dir='ltr'>postulat,</span> 
     </span>
     <span class='ocr_line' id='line_1_78' title="bbox 1110 1461 2095 1505; baseline -0.004 -6"><span class='ocrx_word' id='word_1_488' title='bbox 1110 1473 1149 1499; x_wconf 90' lang='lat' dir='ltr'>ut</span> <span class='ocrx_word' id='word_1_489' title='bbox 1178 1466 1324 1498; x_wconf 87' lang='lat' dir='ltr'>dicitur:</span> <span class='ocrx_word' id='word_1_490' title='bbox 1359 1464 1518 1496; x_wconf 83' lang='lat' dir='ltr'>Hilarem</span> <span class='ocrx_word' id='word_1_491' title='bbox 1549 1466 1707 1496; x_wconf 87' lang='lat' dir='ltr'>datorem</span> <span class='ocrx_word' id='word_1_492' title='bbox 1742 1465 1857 1505; x_wconf 79' lang='lat' dir='ltr'>diligit</span> <span class='ocrx_word' id='word_1_493' title='bbox 1880 1463 1988 1496; x_wconf 88' lang='lat' dir='ltr'>Dens.</span> <span class='ocrx_word' id='word_1_494' title='bbox 2048 1461 2095 1495; x_wconf 83' lang='lat' dir='ltr'>Et</span> 
     </span>
     <span class='ocr_line' id='line_1_79' title="bbox 1110 1511 2097 1557; baseline -0.004 -9"><span class='ocrx_word' id='word_1_495' title='bbox 1110 1523 1242 1549; x_wconf 88' lang='lat' dir='ltr'>veteres</span> <span class='ocrx_word' id='word_1_496' title='bbox 1264 1513 1392 1546; x_wconf 86' lang='lat' dir='ltr'>Graeci</span> <span class='ocrx_word' id='word_1_497' title='bbox 1414 1514 1595 1546; x_wconf 87' lang='lat' dir='ltr'>dixerunt:</span> <span class='ocrx_word' id='word_1_498' title='bbox 1629 1511 1808 1557; x_wconf 59' lang='grc' dir='ltr'>Χαρίτων</span> <span class='ocrx_word' id='word_1_499' title='bbox 1838 1512 1881 1546; x_wconf 67' lang='grc' dir='ltr'>δέ</span> <span class='ocrx_word' id='word_1_500' title='bbox 1912 1526 1946 1546; x_wconf 56' lang='grc' dir='ltr'>τό</span> <span class='ocrx_word' id='word_1_501' title='bbox 1973 1511 2097 1556; x_wconf 65' lang='grc' dir='ltr'><em>θυμὸς</em></span> 
     </span>
     <span class='ocr_line' id='line_1_80' title="bbox 1110 1563 2099 1610; baseline -0.005 -11"><span class='ocrx_word' id='word_1_502' title='bbox 1110 1565 1268 1610; x_wconf 67' lang='grc' dir='ltr'>ἄριστος.</span> <span class='ocrx_word' id='word_1_503' title='bbox 1321 1563 1452 1597; x_wconf 87' lang='lat' dir='ltr'>Seneca</span> <span class='ocrx_word' id='word_1_504' title='bbox 1469 1564 1606 1603; x_wconf 84' lang='lat' dir='ltr'>scribit,</span> <span class='ocrx_word' id='word_1_505' title='bbox 1639 1563 1783 1595; x_wconf 74' lang='lat' dir='ltr'>Fabium</span> <span class='ocrx_word' id='word_1_506' title='bbox 1801 1564 1975 1608; x_wconf 82' lang='lat' dir='ltr'>quendam</span> <span class='ocrx_word' id='word_1_507' title='bbox 1993 1564 2099 1595; x_wconf 81' lang='lat' dir='ltr'>bene-</span> 
     </span>
     <span class='ocr_line' id='line_1_81' title="bbox 1111 1612 2098 1656; baseline -0.005 -7"><span class='ocrx_word' id='word_1_508' title='bbox 1111 1617 1228 1650; x_wconf 82' lang='lat' dir='ltr'>ficium</span> <span class='ocrx_word' id='word_1_509' title='bbox 1253 1615 1296 1647; x_wconf 86' lang='lat' dir='ltr'>ab</span> <span class='ocrx_word' id='word_1_510' title='bbox 1320 1612 1465 1646; x_wconf 90' lang='lat' dir='ltr'>homine</span> <span class='ocrx_word' id='word_1_511' title='bbox 1488 1616 1577 1646; x_wconf 88' lang='lat' dir='ltr'>duro</span> <span class='ocrx_word' id='word_1_512' title='bbox 1596 1625 1714 1656; x_wconf 82' lang='lat' dir='ltr'>aspere</span> <span class='ocrx_word' id='word_1_513' title='bbox 1731 1615 1868 1652; x_wconf 82' lang='lat' dir='ltr'>datum,</span> <span class='ocrx_word' id='word_1_514' title='bbox 1896 1614 2098 1645; x_wconf 79' lang='lat' dir='ltr'>nominasse</span> 
     </span>
     <span class='ocr_line' id='line_1_82' title="bbox 1112 1664 2098 1712; baseline -0.004 -13"><span class='ocrx_word' id='word_1_515' title='bbox 1112 1678 1236 1712; x_wconf 88' lang='lat' dir='ltr'>panem</span> <span class='ocrx_word' id='word_1_516' title='bbox 1254 1665 1470 1709; x_wconf 86' lang='lat' dir='ltr'>lapidosum,</span> <span class='ocrx_word' id='word_1_517' title='bbox 1496 1676 1599 1709; x_wconf 89' lang='lat' dir='ltr'>quem</span> <span class='ocrx_word' id='word_1_518' title='bbox 1618 1664 1784 1697; x_wconf 89' lang='lat' dir='ltr'>esurienti</span> <span class='ocrx_word' id='word_1_519' title='bbox 1804 1665 1958 1708; x_wconf 89' lang='lat' dir='ltr'>accipere</span> <span class='ocrx_word' id='word_1_520' title='bbox 1975 1664 2017 1696; x_wconf 91' lang='lat' dir='ltr'>sit</span> <span class='ocrx_word' id='word_1_521' title='bbox 2036 1675 2098 1695; x_wconf 85' lang='lat' dir='ltr'>ne-</span> 
     </span>
     <span class='ocr_line' id='line_1_83' title="bbox 1111 1714 2097 1758; baseline -0.006 -7"><span class='ocrx_word' id='word_1_522' title='bbox 1111 1717 1317 1755; x_wconf 86' lang='lat' dir='ltr'>cessarium,</span> <span class='ocrx_word' id='word_1_523' title='bbox 1345 1715 1517 1748; x_wconf 90' lang='lat' dir='ltr'>vescendo</span> <span class='ocrx_word' id='word_1_524' title='bbox 1542 1721 1658 1748; x_wconf 90' lang='lat' dir='ltr'>tamen</span> <span class='ocrx_word' id='word_1_525' title='bbox 1684 1715 1877 1748; x_wconf 82' lang='lat' dir='ltr'>insuavem.</span> <span class='ocrx_word' id='word_1_526' title='bbox 1929 1714 2040 1758; x_wconf 81' lang='lat' dir='ltr'>Saepe</span> <span class='ocrx_word' id='word_1_527' title='bbox 2064 1721 2097 1745; x_wconf 79' lang='lat' dir='ltr'>et</span> 
     </span>
     <span class='ocr_line' id='line_1_84' title="bbox 1111 1764 2098 1809; baseline -0.006 -8"><span class='ocrx_word' id='word_1_528' title='bbox 1111 1780 1208 1801; x_wconf 86' lang='lat' dir='ltr'>mora</span> <span class='ocrx_word' id='word_1_529' title='bbox 1239 1767 1425 1800; x_wconf 84' lang='lat' dir='ltr'>utilitatem</span> <span class='ocrx_word' id='word_1_530' title='bbox 1458 1765 1669 1809; x_wconf 88' lang='lat' dir='ltr'>corrumpit,</span> <span class='ocrx_word' id='word_1_531' title='bbox 1707 1772 1746 1798; x_wconf 90' lang='lat' dir='ltr'>ut</span> <span class='ocrx_word' id='word_1_532' title='bbox 1778 1766 1921 1798; x_wconf 85' lang='lat' dir='ltr'>dicitur:</span> <span class='ocrx_word' id='word_1_533' title='bbox 1963 1764 2098 1801; x_wconf 81' lang='lat' dir='ltr'>Gratia,</span> 
     </span>
     <span class='ocr_line' id='line_1_85' title="bbox 1111 1814 2097 1864; baseline -0.006 -12"><span class='ocrx_word' id='word_1_534' title='bbox 1111 1830 1199 1864; x_wconf 86' lang='lat' dir='ltr'>quae</span> <span class='ocrx_word' id='word_1_535' title='bbox 1221 1818 1319 1851; x_wconf 87' lang='lat' dir='ltr'>tarda</span> <span class='ocrx_word' id='word_1_536' title='bbox 1336 1823 1403 1856; x_wconf 86' lang='lat' dir='ltr'>est,</span> <span class='ocrx_word' id='word_1_537' title='bbox 1430 1816 1564 1859; x_wconf 77' lang='lat' dir='ltr'>ingrata</span> <span class='ocrx_word' id='word_1_538' title='bbox 1583 1823 1644 1850; x_wconf 89' lang='lat' dir='ltr'>est.</span> <span class='ocrx_word' id='word_1_539' title='bbox 1697 1814 1743 1849; x_wconf 86' lang='lat' dir='ltr'>Et</span> <span class='ocrx_word' id='word_1_540' title='bbox 1757 1816 1818 1860; x_wconf 83' lang='lat' dir='ltr'>qui</span> <span class='ocrx_word' id='word_1_541' title='bbox 1835 1816 1984 1860; x_wconf 80' lang='lat' dir='ltr'>superbe</span> <span class='ocrx_word' id='word_1_542' title='bbox 2000 1816 2097 1849; x_wconf 59' lang='lat' dir='ltr'>dant,</span> 
     </span>
     <span class='ocr_line' id='line_1_86' title="bbox 1112 1865 2098 1911; baseline -0.006 -9"><span class='ocrx_word' id='word_1_543' title='bbox 1112 1870 1215 1910; x_wconf 80' lang='lat' dir='ltr'>longa</span> <span class='ocrx_word' id='word_1_544' title='bbox 1245 1867 1483 1911; x_wconf 86' lang='lat' dir='ltr'>expectatione</span> <span class='ocrx_word' id='word_1_545' title='bbox 1511 1867 1687 1907; x_wconf 86' lang='lat' dir='ltr'>cruciant,</span> <span class='ocrx_word' id='word_1_546' title='bbox 1719 1873 1755 1899; x_wconf 90' lang='lat' dir='ltr'>ut</span> <span class='ocrx_word' id='word_1_547' title='bbox 1789 1867 1826 1899; x_wconf 90' lang='lat' dir='ltr'>iu</span> <span class='ocrx_word' id='word_1_548' title='bbox 1854 1867 1944 1899; x_wconf 87' lang='lat' dir='ltr'>aulis</span> <span class='ocrx_word' id='word_1_549' title='bbox 1966 1865 2098 1899; x_wconf 80' lang='lat' dir='ltr'>Seneca</span> 
     </span>
     <span class='ocr_line' id='line_1_87' title="bbox 1112 1916 2097 1960; baseline -0.007 -7"><span class='ocrx_word' id='word_1_550' title='bbox 1112 1920 1185 1953; x_wconf 80' lang='lat' dir='ltr'>fieri</span> <span class='ocrx_word' id='word_1_551' title='bbox 1203 1918 1307 1957; x_wconf 88' lang='lat' dir='ltr'>dicit,</span> <span class='ocrx_word' id='word_1_552' title='bbox 1334 1917 1395 1950; x_wconf 92' lang='lat' dir='ltr'>ubi</span> <span class='ocrx_word' id='word_1_553' title='bbox 1412 1917 1477 1954; x_wconf 88' lang='lat' dir='ltr'>ait,</span> <span class='ocrx_word' id='word_1_554' title='bbox 1504 1917 1652 1949; x_wconf 87' lang='lat' dir='ltr'>iniurias</span> <span class='ocrx_word' id='word_1_555' title='bbox 1668 1917 1874 1960; x_wconf 84' lang='lat' dir='ltr'>praecipites</span> <span class='ocrx_word' id='word_1_556' title='bbox 1891 1928 1974 1953; x_wconf 88' lang='lat' dir='ltr'>esse,</span> <span class='ocrx_word' id='word_1_557' title='bbox 2003 1916 2097 1947; x_wconf 83' lang='lat' dir='ltr'>lenta</span> 
     </span>
     <span class='ocr_line' id='line_1_88' title="bbox 1111 1966 2096 2005; baseline -0.008 -2"><span class='ocrx_word' id='word_1_558' title='bbox 1111 1969 1288 2003; x_wconf 80' lang='lat' dir='ltr'>beneficia.</span> <span class='ocrx_word' id='word_1_559' title='bbox 1343 1967 1413 2000; x_wconf 90' lang='lat' dir='ltr'>Nec</span> <span class='ocrx_word' id='word_1_560' title='bbox 1438 1974 1575 2000; x_wconf 89' lang='lat' dir='ltr'>tantum</span> <span class='ocrx_word' id='word_1_561' title='bbox 1601 1967 1636 1999; x_wconf 90' lang='lat' dir='ltr'>in</span> <span class='ocrx_word' id='word_1_562' title='bbox 1665 1968 1771 2000; x_wconf 90' lang='lat' dir='ltr'>dante</span> <span class='ocrx_word' id='word_1_563' title='bbox 1794 1967 1906 2000; x_wconf 64' lang='lat' dir='ltr'>virtus</span> <span class='ocrx_word' id='word_1_564' title='bbox 1924 1974 1994 2005; x_wconf 85' lang='lat' dir='ltr'>est,</span> <span class='ocrx_word' id='word_1_565' title='bbox 2022 1966 2096 1998; x_wconf 79' lang='lat' dir='ltr'>sine</span> 
     </span>
     <span class='ocr_line' id='line_1_89' title="bbox 1111 2017 2097 2065; baseline -0.006 -12"><span class='ocrx_word' id='word_1_566' title='bbox 1111 2019 1293 2065; x_wconf 86' lang='lat' dir='ltr'>superbia,</span> <span class='ocrx_word' id='word_1_567' title='bbox 1328 2019 1402 2050; x_wconf 87' lang='lat' dir='ltr'>sine</span> <span class='ocrx_word' id='word_1_568' title='bbox 1425 2017 1654 2057; x_wconf 85' lang='lat' dir='ltr'>contumelia,</span> <span class='ocrx_word' id='word_1_569' title='bbox 1681 2017 1757 2049; x_wconf 85' lang='lat' dir='ltr'>sine</span> <span class='ocrx_word' id='word_1_570' title='bbox 1781 2017 1976 2060; x_wconf 88' lang='lat' dir='ltr'>captatione</span> <span class='ocrx_word' id='word_1_571' title='bbox 2000 2017 2097 2052; x_wconf 75' lang='lat' dir='ltr'>dare,</span> 
     </span>
     <span class='ocr_line' id='line_1_90' title="bbox 1111 2066 2096 2110; baseline -0.008 -6"><span class='ocrx_word' id='word_1_572' title='bbox 1111 2073 1168 2105; x_wconf 88' lang='lat' dir='ltr'>sed</span> <span class='ocrx_word' id='word_1_573' title='bbox 1196 2070 1341 2103; x_wconf 88' lang='lat' dir='ltr'>comiter</span> <span class='ocrx_word' id='word_1_574' title='bbox 1363 2075 1395 2101; x_wconf 86' lang='lat' dir='ltr'>et</span> <span class='ocrx_word' id='word_1_575' title='bbox 1421 2068 1644 2110; x_wconf 77' lang='lat' dir='ltr'>tempestive,</span> <span class='ocrx_word' id='word_1_576' title='bbox 1670 2073 1709 2100; x_wconf 88' lang='lat' dir='ltr'>ut</span> <span class='ocrx_word' id='word_1_577' title='bbox 1731 2067 1880 2109; x_wconf 82' lang='lat' dir='ltr'>intelligi</span> <span class='ocrx_word' id='word_1_578' title='bbox 1897 2066 2004 2110; x_wconf 89' lang='lat' dir='ltr'>possit</span> <span class='ocrx_word' id='word_1_579' title='bbox 2019 2077 2096 2097; x_wconf 92' lang='lat' dir='ltr'>mo-</span> 
     </span>
     <span class='ocr_line' id='line_1_91' title="bbox 1111 2115 2100 2160; baseline -0.007 -5"><span class='ocrx_word' id='word_1_580' title='bbox 1111 2121 1185 2155; x_wconf 87' lang='lat' dir='ltr'>veri</span> <span class='ocrx_word' id='word_1_581' title='bbox 1221 2132 1299 2153; x_wconf 88' lang='lat' dir='ltr'>cum</span> <span class='ocrx_word' id='word_1_582' title='bbox 1339 2117 1549 2160; x_wconf 84' lang='lat' dir='ltr'>cogitatione</span> <span class='ocrx_word' id='word_1_583' title='bbox 1578 2115 1814 2150; x_wconf 87' lang='lat' dir='ltr'>humanarum</span> <span class='ocrx_word' id='word_1_584' title='bbox 1847 2116 2100 2154; x_wconf 77' lang='lat' dir='ltr'>calamitatum,</span> 
     </span>
     <span class='ocr_line' id='line_1_92' title="bbox 1111 2166 2097 2206; baseline -0.007 -1"><span class='ocrx_word' id='word_1_585' title='bbox 1111 2170 1351 2206; x_wconf 81' lang='lat' dir='ltr'>misericordia</span> <span class='ocrx_word' id='word_1_586' title='bbox 1376 2175 1409 2202; x_wconf 90' lang='lat' dir='ltr'>et</span> <span class='ocrx_word' id='word_1_587' title='bbox 1432 2168 1565 2201; x_wconf 90' lang='lat' dir='ltr'>sincera</span> <span class='ocrx_word' id='word_1_588' title='bbox 1590 2167 1846 2201; x_wconf 77' lang='lat' dir='ltr'>benevolentia.</span> <span class='ocrx_word' id='word_1_589' title='bbox 1900 2166 1969 2200; x_wconf 87' lang='lat' dir='ltr'>Sed</span> <span class='ocrx_word' id='word_1_590' title='bbox 1993 2166 2097 2199; x_wconf 86' lang='lat' dir='ltr'>etiam</span> 
     </span>
     <span class='ocr_line' id='line_1_93' title="bbox 1111 2214 2098 2265; baseline -0.008 -9"><span class='ocrx_word' id='word_1_591' title='bbox 1111 2224 1155 2256; x_wconf 87' lang='lat' dir='ltr'>ab</span> <span class='ocrx_word' id='word_1_592' title='bbox 1179 2221 1371 2265; x_wconf 87' lang='lat' dir='ltr'>accipiente</span> <span class='ocrx_word' id='word_1_593' title='bbox 1396 2218 1512 2252; x_wconf 87' lang='lat' dir='ltr'>absint</span> <span class='ocrx_word' id='word_1_594' title='bbox 1534 2218 1683 2251; x_wconf 85' lang='lat' dir='ltr'>avaricia</span> <span class='ocrx_word' id='word_1_595' title='bbox 1709 2225 1742 2250; x_wconf 80' lang='lat' dir='ltr'>et</span> <span class='ocrx_word' id='word_1_596' title='bbox 1768 2216 1936 2255; x_wconf 89' lang='lat' dir='ltr'>insidiae,</span> <span class='ocrx_word' id='word_1_597' title='bbox 1971 2214 2098 2250; x_wconf 83' lang='lat' dir='ltr'>habeat</span> 
     </span>
     <span class='ocr_line' id='line_1_94' title="bbox 1112 2267 2097 2313; baseline -0.008 -6"><span class='ocrx_word' id='word_1_598' title='bbox 1112 2272 1276 2307; x_wconf 89' lang='lat' dir='ltr'>honestas</span> <span class='ocrx_word' id='word_1_599' title='bbox 1299 2281 1418 2304; x_wconf 90' lang='lat' dir='ltr'>causas</span> <span class='ocrx_word' id='word_1_600' title='bbox 1443 2268 1583 2313; x_wconf 90' lang='lat' dir='ltr'>petitio,</span> <span class='ocrx_word' id='word_1_601' title='bbox 1612 2280 1672 2301; x_wconf 86' lang='lat' dir='ltr'>nec</span> <span class='ocrx_word' id='word_1_602' title='bbox 1691 2268 1734 2301; x_wconf 91' lang='lat' dir='ltr'>sit</span> <span class='ocrx_word' id='word_1_603' title='bbox 1753 2267 1877 2300; x_wconf 87' lang='lat' dir='ltr'>similis</span> <span class='ocrx_word' id='word_1_604' title='bbox 1892 2267 2097 2301; x_wconf 84' lang='lat' dir='ltr'>stellionum</span> 
     </span>
     <span class='ocr_line' id='line_1_95' title="bbox 1112 2318 2098 2368; baseline -0.007 -11"><span class='ocrx_word' id='word_1_605' title='bbox 1112 2322 1326 2368; x_wconf 85' lang='lat' dir='ltr'>imposturis.</span> <span class='ocrx_word' id='word_1_606' title='bbox 1379 2319 1486 2354; x_wconf 79' lang='lat' dir='ltr'>Recte</span> <span class='ocrx_word' id='word_1_607' title='bbox 1514 2318 1698 2358; x_wconf 77' lang='lat' dir='ltr'>Tiberius,</span> <span class='ocrx_word' id='word_1_608' title='bbox 1723 2318 1956 2351; x_wconf 85' lang='lat' dir='ltr'>astutissimus</span> <span class='ocrx_word' id='word_1_609' title='bbox 1983 2329 2098 2354; x_wconf 74' lang='lat' dir='ltr'>senex.</span> 
     </span>
     <span class='ocr_line' id='line_1_96' title="bbox 1111 2367 2098 2414; baseline -0.009 -5"><span class='ocrx_word' id='word_1_610' title='bbox 1111 2387 1190 2409; x_wconf 91' lang='lat' dir='ltr'>cum</span> <span class='ocrx_word' id='word_1_611' title='bbox 1217 2372 1318 2406; x_wconf 88' lang='lat' dir='ltr'>multi</span> <span class='ocrx_word' id='word_1_612' title='bbox 1344 2376 1500 2414; x_wconf 87' lang='lat' dir='ltr'>peterent</span> <span class='ocrx_word' id='word_1_613' title='bbox 1523 2369 1567 2401; x_wconf 90' lang='lat' dir='ltr'>ab</span> <span class='ocrx_word' id='word_1_614' title='bbox 1592 2369 1667 2412; x_wconf 89' lang='lat' dir='ltr'>ipso</span> <span class='ocrx_word' id='word_1_615' title='bbox 1692 2375 1729 2402; x_wconf 91' lang='lat' dir='ltr'>ut</span> <span class='ocrx_word' id='word_1_616' title='bbox 1756 2368 1906 2402; x_wconf 86' lang='lat' dir='ltr'>solveret</span> <span class='ocrx_word' id='word_1_617' title='bbox 1931 2379 1988 2401; x_wconf 87' lang='lat' dir='ltr'>aes</span> <span class='ocrx_word' id='word_1_618' title='bbox 2011 2367 2098 2400; x_wconf 78' lang='lat' dir='ltr'>alle-</span> 
     </span>
     <span class='ocr_line' id='line_1_97' title="bbox 1111 2419 2096 2468; baseline -0.008 -9"><span class='ocrx_word' id='word_1_619' title='bbox 1111 2437 1217 2465; x_wconf 90' lang='lat' dir='ltr'>nnm,</span> <span class='ocrx_word' id='word_1_620' title='bbox 1251 2422 1345 2468; x_wconf 87' lang='lat' dir='ltr'>quod</span> <span class='ocrx_word' id='word_1_621' title='bbox 1378 2421 1442 2465; x_wconf 80' lang='lat' dir='ltr'>ipsi</span> <span class='ocrx_word' id='word_1_622' title='bbox 1471 2420 1664 2458; x_wconf 85' lang='lat' dir='ltr'>debebant,</span> <span class='ocrx_word' id='word_1_623' title='bbox 1697 2419 1797 2452; x_wconf 90' lang='lat' dir='ltr'>iussit</span> <span class='ocrx_word' id='word_1_624' title='bbox 1830 2419 1951 2452; x_wconf 81' lang='lat' dir='ltr'>cosin</span> <span class='ocrx_word' id='word_1_625' title='bbox 1974 2426 2096 2452; x_wconf 88' lang='lat' dir='ltr'>senatu</span> 
     </span>
     <span class='ocr_line' id='line_1_98' title="bbox 1111 2469 2096 2511; baseline -0.009 -1"><span class='ocrx_word' id='word_1_626' title='bbox 1111 2486 1230 2509; x_wconf 88' lang='lat' dir='ltr'>causas</span> <span class='ocrx_word' id='word_1_627' title='bbox 1252 2474 1388 2511; x_wconf 84' lang='lat' dir='ltr'>dicere,</span> <span class='ocrx_word' id='word_1_628' title='bbox 1412 2482 1474 2503; x_wconf 87' lang='lat' dir='ltr'>cur</span> <span class='ocrx_word' id='word_1_629' title='bbox 1497 2476 1634 2503; x_wconf 88' lang='lat' dir='ltr'>tantum</span> <span class='ocrx_word' id='word_1_630' title='bbox 1659 2469 1748 2502; x_wconf 88' lang='lat' dir='ltr'>aeris</span> <span class='ocrx_word' id='word_1_631' title='bbox 1771 2469 1878 2502; x_wconf 90' lang='lat' dir='ltr'>alieni</span> <span class='ocrx_word' id='word_1_632' title='bbox 1901 2469 2096 2502; x_wconf 82' lang='lat' dir='ltr'>contraxis-</span> 
     </span>
     <span class='ocr_line' id='line_1_99' title="bbox 1110 2517 2094 2561; baseline -0.008 -3"><span class='ocrx_word' id='word_1_633' title='bbox 1110 2533 1198 2561; x_wconf 84' lang='lat' dir='ltr'>sent.</span> <span class='ocrx_word' id='word_1_634' title='bbox 1250 2524 1325 2557; x_wconf 86' lang='lat' dir='ltr'>llac</span> <span class='ocrx_word' id='word_1_635' title='bbox 1342 2521 1449 2554; x_wconf 54' lang='lat' dir='ltr'>veluti</span> <span class='ocrx_word' id='word_1_636' title='bbox 1470 2531 1615 2553; x_wconf 89' lang='lat' dir='ltr'>censura</span> <span class='ocrx_word' id='word_1_637' title='bbox 1632 2520 1804 2553; x_wconf 87' lang='lat' dir='ltr'>deterruit</span> <span class='ocrx_word' id='word_1_638' title='bbox 1819 2520 1927 2561; x_wconf 92' lang='lat' dir='ltr'>alios,</span> <span class='ocrx_word' id='word_1_639' title='bbox 1950 2531 1994 2552; x_wconf 82' lang='lat' dir='ltr'>ne</span> <span class='ocrx_word' id='word_1_640' title='bbox 2010 2517 2094 2552; x_wconf 72' lang='lat' dir='ltr'>baec</span> 
     </span>
     <span class='ocr_line' id='line_1_100' title="bbox 1110 2569 1885 2618; baseline -0.014 -5"><span class='ocrx_word' id='word_1_641' title='bbox 1110 2570 1406 2618; x_wconf 48' lang='grc' dir='ltr'>πλεοινεκιὴμαία</span> <span class='ocrx_word' id='word_1_642' title='bbox 1426 2572 1470 2604; x_wconf 90' lang='lat' dir='ltr'>ab</span> <span class='ocrx_word' id='word_1_643' title='bbox 1488 2569 1701 2614; x_wconf 83' lang='lat' dir='ltr'>Imperatore</span> <span class='ocrx_word' id='word_1_644' title='bbox 1718 2577 1885 2614; x_wconf 83' lang='lat' dir='ltr'>peterent.</span> 
     </span>
    </p>

    <p class='ocr_par' dir='ltr' id='par_1_11' title="bbox 1111 2619 2095 2717">
     <span class='ocr_line' id='line_1_101' title="bbox 1212 2619 2095 2667; baseline -0.009 -10"><span class='ocrx_word' id='word_1_645' title='bbox 1212 2625 1307 2667; x_wconf 76' lang='lat' dir='ltr'>Quid</span> <span class='ocrx_word' id='word_1_646' title='bbox 1334 2622 1493 2655; x_wconf 87' lang='lat' dir='ltr'>usitatius</span> <span class='ocrx_word' id='word_1_647' title='bbox 1516 2628 1565 2655; x_wconf 89' lang='lat' dir='ltr'>est</span> <span class='ocrx_word' id='word_1_648' title='bbox 1583 2621 1778 2665; x_wconf 81' lang='lat' dir='ltr'>perfidiosis</span> <span class='ocrx_word' id='word_1_649' title='bbox 1796 2621 1936 2659; x_wconf 80' lang='lat' dir='ltr'>amicis,</span> <span class='ocrx_word' id='word_1_650' title='bbox 1965 2619 2023 2662; x_wconf 82' lang='lat' dir='ltr'>qui</span> <span class='ocrx_word' id='word_1_651' title='bbox 2045 2619 2095 2650; x_wconf 65' lang='grc' dir='ltr'>Γει-</span> 
     </span>
     <span class='ocr_line' id='line_1_102' title="bbox 1111 2669 2095 2717; baseline -0.013 -6"><span class='ocrx_word' id='word_1_652' title='bbox 1111 2677 1331 2711; x_wconf 80' lang='lat' dir='ltr'>miliaritates</span> <span class='ocrx_word' id='word_1_653' title='bbox 1353 2672 1556 2717; x_wconf 89' lang='lat' dir='ltr'>aliquorum</span> <span class='ocrx_word' id='word_1_654' title='bbox 1582 2672 1776 2716; x_wconf 86' lang='lat' dir='ltr'>adpetunt,</span> <span class='ocrx_word' id='word_1_655' title='bbox 1811 2671 1865 2704; x_wconf 87' lang='lat' dir='ltr'>vel</span> <span class='ocrx_word' id='word_1_656' title='bbox 1882 2677 1919 2703; x_wconf 89' lang='lat' dir='ltr'>ut</span> <span class='ocrx_word' id='word_1_657' title='bbox 1945 2669 2095 2701; x_wconf 68' lang='lat' dir='ltr'>abutan-</span> 
     </span>
    </p>
   </div>
  </div>
 </body>
</html>
