2324 2955
91 110 170 150 525

91 193 349 231 confundetur.
379 191 526 226 Fiducia
543 191 804 226 misericordiae
822 204 941 237 pacem
957 189 1081 229 adfert,

89 245 221 280 noticia
237 244 314 278 sine
334 244 460 277 fiducia
480 243 758 284 misericordiae,
784 255 942 287 pavores.

191 294 227 331 9.
263 292 404 328 Etcum
429 299 549 338 aperte
571 299 718 327 testetur
734 293 884 335 Paulus,
919 305 954 327 se
975 292 1018 326 de
1041 303 1079 324 ea

87 347 156 380 fide
181 345 298 391 loqui,
338 355 407 389 qua
429 344 601 389 accipitur
624 345 833 389 promissio,
867 355 1004 378 necesse
1029 349 1080 376 est

87 396 252 432 fiduciam
267 394 430 437 intelligi,

192 446 250 479 10.
283 444 416 489 Impios
435 457 534 479 error
552 453 601 480 est
617 446 760 487 docere,
788 447 883 491 quod
904 445 950 480 sit
972 443 1079 479 dubi-

88 497 254 535 tandum,
295 507 341 529 an
367 496 476 530 simus
498 497 536 530 in
556 497 685 540 gratia,
728 503 763 530 et
792 494 877 531 haec
902 495 1076 530 dubitatio

84 547 230 592 proprie
249 553 430 591 peccatum
448 553 518 586 est,
539 548 634 592 quod
650 559 713 591 per
728 547 838 590 legem
864 547 1078 587 accenditur,

85 605 126 632 ut
142 597 270 633 Roma.
289 597 322 634 7.
339 597 488 639 dicitur,
514 604 548 632 et
571 598 717 642 impedit
744 610 783 632 ac
806 598 1000 643 corrumpit
1020 596 1077 630 in-

85 648 318 683 vocationem.

191 700 250 733 11.
290 698 384 732 Vera
415 705 467 733 est
499 698 608 742 igitur
636 699 850 744 propositio:
898 698 982 733 Sola
1007 698 1075 731 fide

85 749 326 784 iustificamur.
390 747 537 784 Constat
571 750 666 783 enim
697 751 735 783 in
761 750 891 784 nostris
909 747 1075 782 Ecclesiis

83 798 152 834 hoc
171 799 373 843 significari:
399 798 553 844 Propter
571 801 685 835 solum
702 799 884 835 Christum
905 797 1075 833 habemus

83 850 327 884 remissionem
349 857 590 895 peccatorum,
617 858 649 885 et
675 864 796 886 sumus
816 851 917 891 iusti,
952 851 989 884 id
1012 856 1075 891 est,

82 901 217 946 accepti
243 900 319 936 Deo
354 902 398 934 ad
433 901 542 936 vitam
575 909 772 944 aeternam,
823 915 896 936 non
931 907 1075 946 propter

83 951 290 996 dignitatem
315 959 517 986 nostrarum
542 952 734 992 virtutum,
778 953 913 986 etiamsi
941 953 1072 986 donato

84 1001 222 1047 Spiritu
238 1008 370 1043 sancto,
395 1003 526 1036 multae
544 1002 691 1036 virtutes
706 1015 784 1036 cum
804 1003 872 1036 fide
889 1003 1056 1039 existunt.

184 1053 245 1087 12.
275 1050 352 1086 Etsi
368 1052 405 1085 in
420 1053 551 1086 renatis
568 1053 705 1087 incoata
722 1060 772 1088 est
789 1065 881 1087 nova
902 1053 1073 1087 obedien-

81 1101 148 1143 tia,
171 1109 291 1137 tamen
306 1102 373 1146 legi
395 1115 469 1136 non
491 1103 710 1137 satisfaciunt
730 1111 764 1137 et
787 1102 903 1138 adhuc
921 1104 1074 1138 circum-

80 1154 201 1188 ferunt
217 1153 255 1186 in
272 1165 375 1186 carne
391 1153 429 1185 in
447 1151 512 1187 hac
527 1153 599 1188 vita
615 1154 879 1188 immundiciem
898 1154 1075 1198 multipli-

82 1215 156 1237 cem
168 1228 178 1243 ,
205 1210 420 1248 pugnantem
435 1216 514 1237 cum
531 1205 606 1248 lege
622 1203 708 1245 Dei,
734 1216 822 1250 quae
838 1205 950 1248 gignit
969 1205 1073 1238 etiam

81 1255 192 1288 multa
209 1254 359 1289 actualia
377 1260 517 1298 peccata
529 1255 673 1298 proprie
689 1254 738 1288 sic
756 1255 858 1290 dicta.

188 1305 246 1338 18.
287 1302 361 1337 Nec
387 1310 568 1348 peccatum
592 1305 631 1337 in
653 1305 784 1338 renatis
810 1306 1072 1338 extenuandum

83 1360 152 1395 est,
187 1366 253 1387 nec
275 1353 386 1397 gratia
406 1354 639 1391 obscuranda.
681 1354 786 1398 Quod
811 1363 929 1389 autem
951 1366 1073 1389 omnes

81 1403 244 1438 homines
260 1411 450 1438 extenuant
465 1412 644 1448 peccatum
656 1430 665 1445 ‚
693 1417 733 1439 eo
751 1406 809 1445 fit,
835 1405 919 1451 quia
936 1405 1073 1448 magni-

81 1454 243 1488 tudinem
265 1454 396 1498 peccati
423 1460 457 1487 et
479 1454 550 1487 irae
566 1454 634 1488 Dei
655 1467 729 1488 non
753 1456 836 1489 satis
859 1456 1074 1498 intelligunt,

80 1504 154 1538 imo
170 1502 263 1538 hanc
281 1504 391 1548 ipsam
408 1503 592 1547 caliginem
610 1511 645 1539 et
659 1505 881 1539 securitatem
899 1506 1073 1539 fateamur

82 1566 154 1588 ωδε
168 1566 241 1588 non
258 1554 334 1587 leve
350 1561 541 1598 peccatum.

185 1604 244 1639 14.
292 1602 496 1648 Agnoscant
531 1604 638 1648 igitur
671 1604 784 1638 renati
819 1615 855 1637 se
891 1615 965 1637 nou
999 1615 1072 1637 esse

81 1657 212 1694 iustos,
236 1655 273 1688 id
288 1662 349 1696 est,
375 1662 534 1699 acceptos
551 1656 595 1688 ad
611 1655 719 1688 vitam
734 1661 912 1689 aeternam
930 1661 1073 1697 propter

82 1705 324 1749 impletionem
355 1705 457 1748 legis,
495 1707 556 1739 sed
589 1716 624 1738 se
653 1706 790 1750 placere
821 1703 897 1738 Deo
927 1710 1073 1748 propter

82 1755 215 1790 Filium
234 1755 319 1796 fide,
346 1761 378 1787 et
394 1762 510 1798 postea
527 1756 663 1798 placere
679 1754 938 1796 obedientiam,
966 1761 999 1788 et
1015 1766 1073 1788 re-

83 1805 176 1840 mitti
193 1805 229 1839 id
244 1805 337 1851 quod
354 1805 460 1839 deest,
508 1804 604 1838 Haec
620 1805 780 1839 doctrina
795 1812 977 1852 exaggerat
991 1817 1073 1850 pec-

84 1863 201 1891 catum
220 1863 253 1890 et
269 1855 429 1900 gratiam.

187 1904 245 1941 15.
278 1906 419 1940 Infinita
437 1903 602 1939 distantia
624 1913 674 1940 est
697 1905 789 1940 inter
811 1906 928 1950 lapsus
950 1913 1072 1940 contra

83 1957 353 1998 conscientiam,
379 1963 414 1990 et
430 1962 568 2000 peccata
585 1968 672 2001 quae
686 1955 802 1991 adhuc
825 1964 971 1991 manent
991 1969 1072 1991 cum

81 2008 168 2049 fide,
200 2019 282 2042 nam
298 2007 383 2041 fides
401 2018 474 2040 non
490 2013 609 2040 manet
624 2007 661 2040 in
680 2005 752 2049 his,
779 2007 841 2054 qui
858 2015 970 2043 ruunt
986 2020 1072 2042 con-

83 2066 136 2093 tra
153 2059 417 2094 conscientiam.

185 2110 243 2145 16.
277 2108 376 2142 Heva
395 2115 515 2142 contra
542 2107 792 2143 conscientiam
815 2109 1072 2154 obtemperavit

79 2159 252 2201 Diabolo,
295 2159 412 2194 Maria
442 2159 621 2202 negligens
652 2159 781 2205 filium,
823 2172 896 2194 non
929 2160 1071 2195 admisit

80 2211 248 2246 delictum
264 2217 385 2244 contra
401 2210 664 2244 conscientiam.

184 2261 244 2297 17.
285 2260 382 2295 Haec
415 2268 467 2295 est
496 2260 643 2305 simplex
670 2266 703 2294 et
723 2267 889 2306 perpetua
911 2260 1071 2294 doctrina

79 2308 258 2346 Ecclesiae
273 2310 360 2353 Dei,
388 2311 471 2345 inde
490 2323 601 2357 usque
618 2311 662 2345 ab
676 2308 809 2353 Adam,
835 2312 924 2346 sicut
939 2310 1071 2345 Paulus

80 2362 236 2407 prImum
256 2363 388 2396 dictum
406 2363 450 2396 de
466 2362 534 2395 fide
551 2363 653 2402 citat,
686 2368 725 2396 ut
751 2363 912 2397 ostendat
933 2374 968 2396 se
991 2374 1071 2407 per-

79 2420 222 2458 petuam
232 2410 408 2447 Ecclesiae
423 2413 622 2447 doctrinam
639 2413 683 2446 de
701 2412 836 2447 iusticia
855 2424 1069 2458 proponere:

79 2461 240 2497 Credidit
265 2460 445 2498 Abraham
471 2462 567 2506 Deo,
600 2470 633 2498 et
659 2463 870 2509 imputatum
893 2471 944 2498 est
968 2464 999 2497 ei
1025 2464 1069 2497 ad

81 2513 267 2550 iusticiam.

184 2565 241 2600 18.
285 2562 393 2606 Quod
418 2561 582 2598 monachi
614 2564 890 2609 interpretantur
917 2563 1067 2598 Paulum

80 2615 123 2648 de
149 2613 216 2648 fide
239 2616 405 2653 formata,
431 2626 503 2648 non
525 2613 592 2649 hoc
616 2616 761 2658 volunt,
793 2616 860 2649 fide
887 2615 1066 2650 iustificari

79 2661 277 2708 hominem,
301 2666 360 2700 sed
387 2665 512 2700 volunt
534 2663 714 2701 hominem
740 2667 867 2702 mereri
889 2666 1066 2702 remissio—

727 104 991 142 PH1L1PP1
1024 100 1475 143 MELANTHONIS.

2050 111 2124 147 526

1134 201 1231 231 nem,
1265 198 1299 225 et
1322 191 1454 226 iustum
1479 203 1551 226 esse
1575 200 1719 237 propter
1740 192 1882 239 propria
1909 206 2032 239 opera,
2064 208 2126 230 seu

1133 240 1375 284 impletionem
1399 242 1494 285 legis.
1545 241 1592 277 Et
1611 245 1740 277 deinde
1757 252 1925 289 assuunt,
1953 246 2122 280 dubitan-

1133 291 1216 324 dum
1234 304 1326 334 esse,
1352 305 1396 326 an
1413 293 1458 326 sis
1476 294 1512 326 in
1530 295 1653 337 gratia.
1705 294 1834 330 Delent
1849 296 1958 340 igitur
1976 309 2016 330 ex
2039 309 2122 341 pro·

1131 342 1221 375 fesso
1239 343 1435 377 doctrinam
1453 345 1495 377 de
1511 345 1589 380 fide.

1235 392 1293 429 19.
1324 392 1372 427 Et
1389 394 1560 438 affingunt
1575 396 1704 430 multos
1721 396 1808 430 alios
1824 409 1978 440 errores,
2005 395 2122 431 homi-

1131 454 1211 475 nem
1227 455 1328 487 posse
1345 445 1413 488 legi
1427 446 1633 485 satisfacere,
1661 454 1694 480 et
1713 448 2032 492 concupiscentiam
2049 461 2121 482 non

1130 505 1202 528 esse
1219 495 1352 528 malum
1371 506 1530 539 pugnans
1546 509 1625 530 cum
1641 497 1716 540 lege
1734 497 1809 532 Dei.

1231 546 1292 580 20.
1325 544 1402 579 Etsi
1427 558 1564 590 semper
1588 554 1637 580 est
1660 546 1818 581 Ecclesia
1834 547 1901 582 Dei
1924 556 2016 583 recte
2039 561 2119 583 sen-

1128 594 1236 635 tiens,
1265 602 1381 630 tamen
1399 593 1455 630 hic
1472 605 1590 631 coetus
1607 598 1692 631 alias
1708 598 1820 631 maior
1848 606 1916 639 est,
1942 599 2027 633 alias
2051 600 2120 632 mi-

1128 658 1208 688 nor,
1235 646 1322 681 alias
1339 648 1459 691 magis,
1486 649 1572 682 alias
1588 648 1706 682 minus
1720 660 1844 692 puram
1862 647 1969 683 habet
1987 650 2119 683 doctri-

1129 709 1223 732 nam.
1257 696 1437 732 Extruunt
1454 699 1547 732 enim
1564 705 1598 732 et
1614 698 1734 733 Sancti
1754 700 1899 743 stipulas
1914 711 2018 744 supra
2036 701 2119 733 fun-

1128 748 1352 788 damentum,
1378 757 1418 784 ut
1438 750 1469 784 1.
1487 747 1651 785 Corinth.
1669 750 1704 785 3.
1723 750 1862 784 dicitur.

1230 800 1290 834 21.
1332 799 1405 833 Nec
1431 811 1569 834 necesse
1593 807 1645 835 est
1666 798 1844 834 Ecclesiae
1866 801 2024 835 membra
2047 811 2119 833 esse

1126 848 1296 882 maiorem
1311 857 1445 894 partem
1460 849 1732 895 Episcoporum,
1758 852 1969 892 Doctorum,
1994 851 2119 886 Sacer-

1127 901 1250 933 dotum
1283 907 1315 934 et
1346 899 1629 943 Monachorum,
1678 902 1749 935 imo
1780 903 1977 948 plerunque
2003 902 2119 935 maior

1126 961 1207 995 pars
1224 950 1329 985 etiarn
1346 963 1486 993 eorum,
1513 953 1573 997 qui
1599 959 1681 986 sunt
1707 953 1744 985 in
1771 953 2043 997 gubernatione,
2068 960 2117 985 est

1126 1002 1271 1041 reiecta,
1296 1008 1335 1035 ut
1353 1002 1499 1035 dicitur:
1526 1001 1716 1048 Reliquiae
1733 1004 1848 1037 salvae
1864 1004 1963 1037 fient.

1228 1052 1292 1087 22.
1324 1051 1371 1085 Et
1394 1064 1597 1097 quanquam
1627 1053 1726 1086 electi
1755 1054 1860 1087 etiam
1882 1051 2015 1087 habent
2037 1064 2118 1096 pec-

1126 1108 1201 1136 cata
1216 1102 1455 1146 ignorantiae,
1479 1109 1598 1136 tamen
1614 1100 1788 1137 Ecclesiae
1806 1105 1962 1137 membra
1983 1115 2119 1147 nequa-

1127 1165 1232 1198 quam
1250 1160 1348 1194 sunt,
1374 1153 1435 1198 qui
1450 1153 1670 1187 manifestam
1687 1154 1888 1188 idolatriam
1912 1154 2119 1193 defendunt,

1127 1210 1159 1237 et
1181 1205 1258 1247 pios
1282 1211 1427 1248 propter
1448 1204 1703 1248 professionem
1723 1217 1824 1238 verae
1848 1205 2029 1238 doctrinae
2062 1205 2118 1236 in-

1126 1254 1322 1293 terficiunt,
1349 1254 1439 1288 sicut
1455 1251 1619 1288 Christus
1638 1255 1681 1287 de
1697 1255 1767 1288 illis
1784 1255 1904 1300 impiis
1919 1263 1952 1290 et
1969 1254 2118 1300 parrici-

1127 1305 1181 1337 dis
1198 1304 1264 1337 ait:
1301 1303 1373 1337 Vos
1391 1316 1430 1337 ex
1446 1311 1545 1348 patre
1563 1304 1714 1338 Diabolo
1732 1306 1824 1339 estis.

1228 1354 1290 1389 23.
1329 1354 1403 1388 Nec
1435 1355 1576 1397 alligata
1609 1361 1660 1388 est
1681 1353 1838 1389 Ecclesia
1863 1356 1907 1389 ad
1931 1355 2054 1389 titulos
2078 1366 2117 1388 ac

1125 1405 1380 1451 successionem
1397 1405 1614 1438 ordinariam
1624 1403 1897 1450 Episcoporum,
1925 1413 1963 1440 ut
1979 1414 2118 1445 vocant,

1125 1456 1185 1488 sed
1211 1456 1254 1488 ad
1278 1454 1511 1499 Evangelium
1529 1454 1616 1496 Dei,
1649 1462 1683 1489 et
1709 1464 1758 1490 est
1780 1457 1962 1490 dissimilis
1983 1456 2118 1501 politiis

1125 1505 1264 1540 mundi.

1127 1619 1264 1666 (LIII.)
1308 1622 1418 1656 Alia
1454 1619 1745 1666 disputatio:
1788 1622 1835 1657 de
1860 1625 2050 1667 Ecclesia,
2083 1630 2118 1658 et

1197 1671 1381 1706 antithesi
1406 1683 1517 1706 verae
1538 1672 1730 1707 doctrinae
1751 1678 1789 1707 et
1811 1673 2043 1721 Pontificiae.

1125 1746 1290 1786 Ecclesia
1305 1752 1457 1786 visibilis
1473 1760 1524 1788 est
1542 1760 1662 1788 coetus
1687 1762 1908 1798 sanctorum,
1935 1758 1991 1791 cui
2016 1760 2120 1793 multi

1124 1799 1330 1848 hypocritae
1345 1804 1494 1838 admixti
1515 1812 1616 1847 sunt,
1642 1806 1685 1839 de
1711 1818 1793 1840 vera
1818 1807 1979 1842 doctrina
2002 1816 2120 1843 tamen

1125 1854 1406 1896 consentientes,
1440 1852 1576 1889 habens
1600 1863 1760 1890 externas
1784 1864 1904 1899 notem,
1930 1860 2120 1903 professio—

1124 1916 1206 1937 nem
1223 1916 1330 1948 purae
1347 1905 1529 1940 doctrinae
1538 1904 1737 1951 Evangelii,
1755 1915 1789 1942 et
1804 1908 1998 1952 legitimum
2016 1922 2120 1944 usum

1124 1954 1449 1991 Sacramentorum.

1228 2007 1263 2040 2.
1299 2005 1446 2040 Sanctos
1464 2019 1551 2040 voco
1570 2006 1606 2039 in
1626 2005 1691 2041 hac
1706 2008 1778 2042 vita
1798 2010 1979 2044 credentes
1995 2008 2117 2045 Evan-

1125 2055 1215 2100 gelio
1231 2062 1265 2090 et
1281 2063 1422 2091 renatos
1445 2069 1506 2101 per
1521 2056 1695 2102 Spiritum
1712 2065 1891 2100 sanctum,
1916 2072 1998 2094 vere
2015 2062 2118 2096 invo-

1125 2114 1242 2140 cantes
1259 2107 1377 2141 Deum
1401 2108 1529 2142 fiducia
1552 2109 1775 2151 mediatoris,
1814 2117 1848 2145 et
1871 2108 2039 2146 habentes
2063 2113 2119 2145 in-

1125 2164 1260 2192 coatam
1277 2158 1528 2195 obedientiam.

1228 2209 1263 2243 3.
1298 2207 1455 2243 Ecclesia
1472 2209 1612 2253 alligata
1629 2216 1680 2244 est
1696 2211 1739 2244 ad
1749 2209 1997 2256 Emngelium,
2023 2213 2119 2247 iuxta

1124 2271 1244 2293 vocem
1262 2261 1394 2294 aeterni
1411 2260 1520 2304 patris
1543 2261 1587 2294 de
1603 2261 1716 2296 Filio:
1753 2260 1859 2295 IIunc
1876 2263 2014 2303 audite,
2043 2276 2117 2297 non

1124 2318 1174 2344 est
1192 2310 1331 2354 alligata
1348 2312 1392 2344 ad
1408 2309 1622 2355 Episcopus,
1656 2318 1717 2346 aut
1734 2312 1990 2347 successionem
2017 2315 2116 2348 ordi-

1124 2361 1260 2395 nariam
1275 2360 1545 2405 Episcoporum.

1226 2411 1265 2447 4.
1296 2411 1564 2457 CumEpiscopi
1582 2412 2029 2460 adversanturEvangelio,
2055 2428 2115 2449 co—

1122 2461 1240 2506 gimur
1269 2464 1436 2497 mandato
1466 2462 1589 2497 divino
1620 2475 1680 2497 eos
1707 2465 1908 2511 relinquere
1948 2473 2114 2512 tanquam

1123 2511 1365 2554 anathemata,
1413 2514 1508 2547 iuxta
1530 2514 1664 2547 dictum
1689 2513 1808 2549 Pauli:
1849 2515 1888 2551 Si
1915 2517 1994 2563 quis
2016 2517 2113 2551 aliud

1120 2562 1357 2607 Evangelium
1375 2564 1494 2604 docet,
1518 2562 1706 2600 anathema
1723 2566 1789 2607 sit,
1817 2566 1853 2600 id
1871 2574 1938 2608 est,
1965 2568 2115 2601 «lucatur

1120 2615 1346 2655 maledictus,
1372 2621 1405 2649 et
1422 2615 1543 2648 divino
1561 2615 1693 2650 iudicio
1717 2618 1877 2651 exclusus
1902 2630 1941 2651 ex
1957 2616 2112 2651 Ecclesia

1121 2677 1160 2700 ac
1185 2666 1362 2707 abiectus,
1387 2671 1422 2700 et
1445 2666 1653 2710 fugiendus,
1679 2679 1725 2701 ne
1748 2669 1948 2712 contagium
1973 2668 2108 2712 polluat
