2324 2955
180 121 250 157 791

283 205 347 240 De
369 203 516 237 Dario
544 200 692 232 tertio
720 207 829 243 rege
856 196 1066 231 Persico.

285 278 374 311 Cum
403 276 537 309 abesset
566 271 756 317 Cambyses
788 271 824 304 in
859 270 1039 316 Aegypto,
1074 269 1171 312 Magi
1197 283 1200 304 ι

186 331 320 373 aliquot
336 324 598 369 conspiratione
616 323 703 356 facta
722 334 871 365 regnum
898 334 916 354 a
935 321 1071 354 familia
1087 319 1172 366 Cyri

188 382 228 414 ad
256 389 328 411 sese
354 376 542 410 transferre
566 374 684 407 conati
710 379 810 413 sunt,
834 379 868 405 et
884 384 976 405 nnus
999 384 1039 405 ex
1060 370 1173 413 Magis

190 440 305 472 regem
333 439 368 460 se
400 425 609 459 nominavit.
671 423 738 457 Sed
768 435 804 455 re
836 424 996 466 prodita,
1033 421 1130 464 Magi
1156 433 1174 454 a
1200 446 1202 448 -

191 486 321 523 septem
347 476 573 520 Principibus
600 474 871 507 interficiuntur.
933 472 1056 506 Postea
1086 472 1176 505 deli-

192 529 329 564 heratio
362 527 560 560 instituitur
594 526 636 558 de
661 525 772 558 forma
802 523 1078 567 gubernationis.
1130 520 1178 556 Et

193 587 276 614 sunt
299 579 476 612 orationes
498 584 568 611 tres
590 577 682 619 apud
707 574 929 610 Herodotum
956 573 1178 607 dulcissimae

195 633 238 664 de
253 630 387 674 optimo
406 635 507 662 stam.

298 678 409 715 Otani
432 679 547 722 placet
569 688 644 709 non
667 675 776 709 creari
803 686 941 719 regem,
967 674 1028 708 sed
1049 673 1181 714 suadet,

198 740 238 767 ut
261 731 364 765 certis
388 729 523 773 legibus
546 727 728 771 Principes
751 733 784 760 et
807 726 965 760 civitates
989 725 1113 758 foedus
1128 724 1182 757 fa-

197 784 292 817 ciant
324 782 366 815 de
400 777 580 813 communi
611 777 834 821 defensione,
870 784 903 810 et
927 776 1059 819 singuli
1083 786 1182 808 suam

198 834 398 867 libertatem
431 837 535 874 atque
569 829 816 874 aequalitatem
859 826 1054 866 retineant,
1101 825 1183 870 quia

198 895 311 917 unum
334 892 470 915 armare
493 891 629 913 summa
654 879 811 924 potentia
832 888 1054 923 nequaquam
1071 882 1183 910 tutum

201 935 255 967 sit.
312 932 390 977 Ipsa
407 931 501 964 enim
518 930 724 972 magnitudo
743 929 920 974 potentiae
939 928 1042 961 etiam
1065 928 1101 959 in
1122 927 1185 959 bo-

201 986 257 1017 nis
280 990 433 1017 mentem
457 981 666 1014 deteriorem
692 980 808 1013 efficit.
863 978 1024 1022 Cumque
1047 976 1184 1020 cupidi-

202 1044 254 1068 tas
284 1034 428 1068 incitata
462 1037 531 1070 est,
575 1031 656 1076 quia
687 1031 833 1063 facultas
865 1035 916 1061 est
945 1026 1187 1070 delinquendi,

203 1085 327 1119 crescit
342 1082 506 1120 audacia,
530 1088 564 1113 et
581 1081 653 1112 ruit
671 1080 707 1110 in
725 1078 843 1111 omnia
868 1077 1009 1110 scelera.
1062 1073 1115 1108 Ac
1133 1081 1188 1119 ty—

204 1145 334 1169 rannos
352 1131 470 1177 inquit
491 1129 657 1163 delectari
673 1128 848 1161 malorum
872 1124 1129 1164 familiaritate,
1156 1130 1189 1157 et

205 1184 409 1223 calumniis,
435 1180 607 1225 optimum
624 1190 695 1212 esse
715 1179 841 1212 ducere
856 1188 995 1210 movere
1018 1176 1109 1217 leges
1128 1185 1189 1218 pa-

205 1238 310 1275 triae,
343 1234 377 1266 vi
401 1243 522 1276 rapere
539 1231 689 1264 aliorum
715 1229 900 1272 coniuges,
928 1226 1122 1261 interficere
1141 1224 1190 1257 ci-

204 1298 264 1320 ves
281 1286 355 1319 sine
374 1282 517 1317 iudicio.

310 1342 413 1377 [lanc
431 1339 639 1374 sententiam
659 1338 787 1372 refutat
804 1336 1035 1382 Megabyzus,
1062 1335 1192 1375 dicens,

207 1395 303 1437 vulgi
342 1391 565 1438 tyrannidem
597 1389 715 1422 minus
744 1389 965 1422 tolerabilem
991 1398 1063 1420 esse
1088 1385 1193 1418 unius

209 1445 416 1483 tummide,
445 1441 528 1487 quia
547 1440 673 1483 vulgus
689 1440 733 1473 sit
749 1439 824 1473 sine
840 1438 1032 1483 sapientia,
1061 1448 1100 1469 ac
1115 1442 1194 1468 ruat

209 1487 246 1530 ih
268 1495 407 1538 negotia
424 1492 625 1531 incitatum,
652 1497 691 1524 ut
708 1491 828 1535 rapida
850 1489 1009 1522 flumina.
1062 1486 1195 1521 Suadet

210 1548 318 1591 igitur
353 1542 517 1578 constitui
554 1553 745 1585 paucorum
782 1541 999 1585 optimorum
1036 1537 1195 1570 virorum

210 1596 446 1643 principatum
458 1618 467 1632 ‚
495 1599 527 1626 et
544 1592 641 1625 addit
658 1591 867 1625 tutissimam
884 1590 1074 1623 rationem:
1100 1586 1196 1621 Con-

212 1655 415 1682 sentaneum
440 1650 508 1684 est,
544 1643 757 1687 optimorum
778 1642 936 1674 virorum
958 1639 1090 1683 optima
1112 1649 1197 1671 con-

213 1699 290 1733 silia
312 1707 393 1730 esse.

315 1753 416 1787 Darii
440 1750 543 1785 tertia
571 1747 742 1783 sententia
772 1747 856 1785 fuit,
892 1757 979 1790 quae
1012 1743 1120 1777 suasit
1143 1754 1197 1775 re-

214 1818 291 1851 gem
319 1803 446 1842 creari,
474 1800 556 1846 quia
575 1800 679 1833 etiam
701 1799 793 1832 inter
811 1807 939 1840 paucos
963 1806 1036 1827 non
1058 1794 1102 1827 sit
1119 1793 1199 1826 diu-
1223 1804 1227 1807 ’

215 1866 320 1892 turna
348 1852 549 1887 concordia.
599 1848 647 1883 Et
670 1849 707 1882 in
724 1848 859 1891 magnis
882 1845 1038 1889 imperiis
1062 1842 1128 1876 hoc
1143 1855 1200 1876 ac-

216 1908 347 1945 cidere,
382 1910 421 1937 ut
449 1908 591 1946 propter
615 1900 807 1933 discordias
826 1897 1031 1940 Principum
1058 1895 1198 1928 tandem

215 1967 352 1991 necesse
380 1954 441 1993 sit,
476 1953 519 1985 ad
545 1963 657 1984 unum
679 1961 853 1983 summam
877 1946 1068 1991 potentiam
1087 1952 1201 1978 trans—

216 2009 319 2041 ferre.
389 2002 534 2037 Rectius
575 2001 678 2034 etiam
716 2011 808 2040 esse,
846 1997 976 2042 patrias
1007 1997 1097 2039 leges
1128 2007 1228 2028 ιιοι]1

219 2058 359 2092 abolere
373 2082 382 2095 ,
409 2066 496 2099 quae
517 2052 651 2095 regium
670 2057 797 2084 statum
814 2047 1088 2082 constituissent.

320 2112 422 2146 Hanc
444 2109 544 2145 Darii
565 2108 772 2155 sententiam
796 2118 875 2140 cum
902 2104 1027 2139 caeteri
1052 2110 1203 2149 quatuor

221 2164 491 2209 approbassent,
534 2160 712 2193 decretum
747 2165 815 2198 est,
857 2163 895 2190 ut
927 2168 986 2189 rex
1019 2161 1204 2194 crearetur,

219 2214 267 2249 Et
294 2226 336 2247 ne
368 2211 558 2246 certamina
586 2210 782 2248 orirentur,
817 2208 876 2241 sed
904 2214 943 2240 ut
973 2205 1096 2238 electio
1125 2205 1204 2238 Deo

222 2264 403 2298 commissa
421 2263 618 2300 videretur,
642 2259 827 2299 convenit,
853 2265 892 2291 ut
906 2268 1008 2290 mane
1025 2255 1206 2299 Principes

222 2315 259 2349 in
279 2314 446 2347 suburbio
464 2312 562 2357 equis
579 2312 772 2345 insidentes
789 2308 1032 2347 convenirent,
1060 2313 1093 2340 et
1109 2307 1207 2339 cuius

223 2376 333 2410 equus
358 2364 491 2407 primus
515 2360 696 2396 hinnitum
721 2361 859 2401 ederet,
886 2359 1020 2392 oriente
1044 2356 1145 2397 Sole,
1179 2356 1207 2389 is
1232 2368 1233 2375 ¹

222 2428 283 2449 rex
307 2421 405 2446 esset.
466 2412 594 2447 Darius
619 2419 735 2446 autem
763 2423 842 2444 cum
867 2411 1013 2443 domum
1037 2407 1208 2448 rediisset,
1232 2413 1234 2427 ⁴

222 2464 307 2499 hacc
344 2465 479 2496 decreta
513 2470 631 2496 narrat
668 2474 813 2495 suorum
849 2471 1022 2505 equorum
1056 2457 1235 2504 curatori,

224 2514 359 2550 Oebari
372 2541 380 2555 ,
408 2519 438 2545 et
458 2513 667 2556 interrogat,
696 2525 740 2545 an
757 2518 830 2545 arte
848 2523 922 2544 rem
941 2510 1062 2543 iuvare
1079 2508 1210 2553 possit?

225 2565 290 2600 Ille
314 2576 397 2597 vero
425 2562 557 2607 inquit,
589 2574 624 2595 se
655 2562 842 2596 consilium
867 2562 1096 2594 inventurum
1126 2571 1210 2593 esse.

226 2616 279 2651 Ae
299 2621 405 2648 noctu
424 2614 460 2645 in
478 2624 517 2645 eo
535 2612 612 2645 loco
626 2638 634 2652 ‚
662 2613 697 2644 in
716 2624 785 2656 quo
803 2611 985 2656 Principes
1009 2622 1111 2644 mane
1127 2621 1211 2643 con-
1235 2621 1237 2634 1

421 112 630 153 SCRIPTA
659 111 736 148 PH.
763 108 879 145 MEL.
907 105 973 145 AD
1000 107 1130 144 IIIST.
1157 105 1301 144 PROF.
1330 103 1396 140 ET
1421 103 1618 142 PHILOS.
1645 103 1967 143 SPECTANTIA.

226 2665 368 2700 venturi
393 2669 510 2702 erant,
545 2674 672 2708 equum
701 2660 801 2696 Darii
827 2664 868 2696 ad
898 2673 1022 2707 equam
1047 2660 1210 2695 admittit.

2131 106 2206 143 792

1223 191 1331 227 Mane
1357 189 1466 233 igitur
1481 190 1655 226 desiderio
1679 203 1787 238 equae
1804 192 1939 237 primus
1955 191 2067 227 edidit
2083 189 2207 226 hinni-

1224 250 1298 277 tum
1323 239 1426 275 Darii
1452 252 1574 286 equuS.
1633 241 1702 277 Sed
1739 249 1855 276 tamen
1888 243 2031 277 accessit
2063 244 2210 277 coeleste

1225 293 1381 336 signum,
1409 291 1528 335 fulgur
1542 298 1576 326 et
1589 293 1746 327 tonitrua
1761 305 1884 327 sereno
1901 293 2017 334 coelo,
2044 294 2139 338 quod
2155 294 2211 328 iu-

1226 344 1364 378 dicatur
1384 353 1456 375 esse
1475 342 1641 377 faustum.
1692 342 1905 378 Desilientes
1928 343 2037 387 igitur
2057 355 2097 377 ex
2114 344 2212 389 equis

1227 405 1348 428 omnes
1374 391 1557 437 Principes
1579 392 1721 427 Persico
1747 407 1844 428 more
1873 393 2023 428 Darium
2051 395 2213 435 adorant,

1201 463 1203 468 ν
1230 456 1345 488 regem
1362 443 1536 486 salutant,
1563 450 1596 478 et
1613 444 1645 477 ei
1661 444 1772 478 fausta
1790 451 1988 489 precantur.

1331 493 1507 537 Regnavit
1525 501 1640 528 autern
1658 507 1769 528 annos
1785 495 1929 538 triginta
1945 506 2016 536 sex,
2042 501 2082 529 ut
2100 492 2214 528 Grae—

1231 546 1262 579 ci
1286 551 1486 579 numerant.
1547 544 1653 579 Initio
1684 545 1782 589 regni
1807 544 2050 590 Babylonem,
2083 556 2172 589 quae
2195 556 2216 577 a

1231 596 1347 631 Persis
1372 595 1561 637 defecerat,
1588 602 1666 641 post
1689 596 1830 640 longam
1853 595 2075 629 obsidionem
2095 594 2218 627 vicesi-

1232 659 1290 681 mo
1314 657 1434 679 mense
1456 646 1606 691 recepit,
1640 646 1768 680 astutia
1792 646 1944 692 Zopyri,
1971 645 2131 691 quicum
2151 644 2219 678 sibi

1234 708 1335 731 nares
1353 704 1386 731 et
1403 708 1505 730 aures
1522 696 1749 742 praecidisset
1765 697 1856 742 ipse,
1884 696 2104 743 Babylonem
2123 695 2220 729 venit

1235 754 1379 782 cruenta
1400 747 1507 788 facie,
1533 748 1718 788 simulans,
1744 759 1777 780 se
1802 759 1821 780 a
1844 758 1924 790 rege
1949 744 2014 780 hac
2037 752 2221 780 contume-

1237 799 1284 832 lia
1302 798 1463 831 affectum
1481 808 1564 840 esse,
1590 799 1684 842 quod
1702 796 1863 831 hortator
1877 798 1999 831 fuisset
2016 797 2221 842 relinquen-

1237 851 1301 883 dae
1318 848 1533 890 obsidionis,
1559 846 1784 883 vehementer
1802 859 1968 882 accusans
1990 847 2122 892 regiam
2148 858 2222 880 sae-

1237 900 1374 933 viciam.
1434 897 1531 932 Haec
1562 900 1742 932 credentes
1772 898 1983 944 Babylonii,
2017 897 2224 943 praeficiunt

1239 962 1319 984 eum
1343 948 1528 990 exercitui,
1560 950 1620 994 qui
1641 951 1796 994 primum
1818 956 1857 983 ut
1880 949 1912 982 ei
1935 949 2112 993 plus-fidei
2128 954 2226 988 esset,

1240 1000 1375 1032 levibus
1392 998 1533 1040 praeliis
1548 1000 1633 1031 vicit
1650 1000 1790 1037 Persas,
1817 1000 1999 1042 aliquanto
2017 1005 2095 1042 post
2109 1005 2225 1032 autem

1239 1048 1364 1081 urbem
1386 1046 1495 1080 Dario
1518 1047 1674 1081 tradidit.
1728 1046 1779 1081 Ita
1805 1049 1959 1081 secundo
1986 1060 2004 1081 a
2022 1048 2138 1081 Persis
2155 1047 2225 1080 Ba-

1243 1097 1353 1143 bylon
1371 1102 1468 1140 capta
1487 1102 1548 1132 est.

1344 1145 1461 1179 Tanto
1479 1153 1593 1180 autem
1612 1145 1649 1178 in
1663 1143 1798 1179 honore
1817 1152 1935 1190 postea
1954 1146 2116 1192 Zopyrus
2133 1147 2227 1190 apud

1242 1196 1392 1232 Darium
1415 1208 1552 1240 semper
1576 1196 1663 1237 fuit,
1694 1203 1734 1230 ut
1759 1209 1837 1230 cum
1856 1195 1985 1230 Darius
2002 1208 2146 1241 pomum
2164 1207 2228 1240 pu-

1244 1249 1364 1282 nicum
1386 1247 1424 1280 in
1447 1259 1556 1280 manu
1579 1254 1731 1290 teneret,
1768 1247 1914 1288 dixerit,
1947 1259 1982 1280 se
2009 1259 2082 1280 non
2107 1253 2228 1291 optare

1245 1298 1414 1332 maiorem
1436 1295 1641 1331 thesaurum
1666 1297 1799 1337 ullum,
1829 1310 1933 1342 quam
1958 1304 1997 1331 ut
2020 1304 2070 1331 tot
2086 1295 2230 1331 haberet

1246 1349 1423 1394 Zopyros,
1451 1355 1538 1392 quot
1552 1359 1658 1391 grana
1674 1348 1744 1381 sint
1767 1348 1862 1381 illius
1881 1348 1993 1392 pomi,
2021 1348 2231 1391 significans,

1248 1400 1390 1442 regibus
1420 1397 1513 1432 nihil
1545 1399 1667 1432 utilius
1690 1410 1763 1432 esse
1787 1399 1951 1432 fidelibus
1974 1399 2107 1432 amicis.
2159 1396 2231 1432 Re-

1249 1457 1345 1494 cepta
1366 1449 1548 1495 Babylone
1573 1448 1703 1483 Darius
1725 1450 1906 1494 aliquanto
1929 1456 2008 1494 post
2029 1449 2140 1482 movit
2156 1448 2231 1481 bel-

1248 1501 1321 1534 lum
1338 1497 1551 1545 Scythicum.
1597 1499 1644 1534 Ut
1661 1500 1753 1532 enim
1770 1499 1882 1545 Cyrus
1900 1511 1918 1533 a
1937 1511 1998 1533 suo
2018 1511 2125 1543 regno
2151 1499 2232 1533 bar—

1249 1551 1384 1584 baricas
1408 1557 1545 1592 gentes,
1572 1562 1661 1595 quae
1684 1562 1723 1583 ex
1741 1549 1869 1583 Arctoa
1895 1550 2038 1593 regione
2054 1551 2091 1582 in
2110 1549 2231 1584 Asiam

1250 1601 1549 1641 infundebantur,
1580 1612 1696 1633 arcere
1720 1607 1866 1634 conatus
1889 1607 1957 1641 est,
1983 1600 2030 1634 ita
2055 1606 2088 1633 et
2104 1598 2234 1633 Darius

1250 1652 1384 1685 infusas
1408 1650 1477 1683 iam
1500 1651 1536 1683 in
1556 1649 1675 1684 Asiam
1701 1651 1825 1683 eiicere
1850 1658 1882 1683 et
1899 1651 2038 1693 longius
2057 1661 2236 1682 removere

1251 1699 1403 1734 volebat.
1457 1700 1627 1732 Nominat
1651 1708 1763 1733 autem
1781 1699 1984 1734 Herodotus
2004 1700 2138 1733 vicinas
2152 1710 2236 1742 gen—

1252 1757 1302 1784 tes
1312 1747 1484 1781 Thraciae
1501 1749 1543 1781 ad
1560 1745 1783 1792 Bosphorum
1802 1748 1923 1789 Getas,
1950 1749 2179 1791 Cimmerios,
2205 1757 2238 1783 et

1252 1800 1401 1834 ulterius
1433 1798 1677 1837 Sauromatas,
1721 1810 1809 1843 quae
1846 1798 1991 1831 nomina
2017 1799 2236 1833 observanda

1254 1857 1355 1890 sunt,
1380 1849 1462 1894 quia
1484 1850 1527 1882 ab
1551 1847 1606 1882 his
1623 1848 1824 1883 Cimmeriis
1842 1857 1979 1884 nostros
1998 1848 2160 1883 Cimbros
2180 1862 2237 1883 or-

1254 1908 1306 1934 tos
1321 1911 1413 1940 esse,
1440 1907 1472 1933 et
1490 1913 1507 1933 a
1528 1899 1629 1933 Getis
1647 1898 1792 1941 Gottos,
1819 1912 1892 1932 non
1907 1900 2055 1933 dubium
2073 1907 2133 1934 est.
2187 1899 2239 1934 Ac

1227 1983 1228 1998 ἢ
1255 1950 1360 1985 hodie
1384 1949 1506 1984 Gottia
1531 1951 1738 1983 nominatur
1761 1950 1878 1994 regio,
1907 1950 2021 1984 vicina
2042 1949 2241 1992 Colchicae,

1255 2009 1288 2036 et
1313 2009 1394 2035 sunt
1417 2002 1454 2034 in
1481 2001 1632 2034 Taurica
1660 2000 1780 2042 Gotti,
1808 2001 1964 2044 linguam
1990 2001 2238 2035 Germanicam

1256 2053 1461 2086 retinentes.
1505 2050 1557 2085 Ac
1575 2059 1659 2085 tunc
1677 2052 1819 2097 quidem
1837 2050 1945 2085 Dario
1962 2050 2072 2085 Getae
2091 2064 2163 2085 sese
2179 2053 2238 2085 de-

1257 2104 1444 2143 diderunt,
1470 2104 1529 2136 sed
1549 2099 1695 2148 Scythas
1712 2114 1785 2136 non
1809 2102 1910 2141 vicit,
1938 2114 1976 2135 ac
1993 2102 2091 2136 factis
2108 2103 2237 2147 aliquot

1257 2154 1398 2199 praeliis
1422 2153 1528 2187 rediit
1556 2153 1593 2186 in
1629 2152 1776 2189 Ioniam.
1837 2152 1961 2186 Postea
1991 2153 2071 2197 quia
2103 2152 2239 2185 Persica

1230 2233 1232 2235 ,
1257 2202 1463 2238 monarchia
1481 2202 1727 2238 Macedoniam
1753 2203 1964 2247 attingebat,
1991 2202 2098 2235 vicini
2116 2209 2239 2246 poten-

1258 2256 1364 2290 tiores
1380 2252 1471 2288 hanc
1488 2255 1591 2288 etiam
1609 2266 1670 2287 suo
1686 2254 1834 2299 imperio
1851 2254 1999 2287 adiicere
2013 2253 2242 2294 conabantur,

1258 2305 1461 2351 praesertim
1478 2317 1556 2338 cum
1574 2305 1625 2338 ibi
1644 2311 1677 2339 et
1693 2316 1802 2338 venae
1827 2303 2019 2337 metallicae
2041 2304 2241 2337 uberrimae

1260 2357 1343 2390 sint.
1395 2356 1497 2389 Missi
1516 2363 1598 2389 sunt
1620 2367 1700 2398 ergo
1718 2355 1820 2398 legati
1838 2353 1965 2387 Persici
1990 2354 2030 2386 ad
2050 2353 2241 2400 Amyntam

1260 2418 1374 2450 regem
1400 2406 1692 2447 Macedonicum,
1727 2406 1787 2450 qui
1810 2404 2005 2449 petierunt,
2046 2413 2084 2439 ut
2115 2411 2241 2438 terram

1261 2465 1294 2492 et
1320 2469 1446 2501 aquam
1472 2458 1624 2491 traderet
1646 2454 1765 2490 Dario.
1817 2452 1989 2500 Amyntas
2006 2462 2162 2489 metuens
2179 2467 2241 2499 po-

1261 2509 1406 2542 tentiam
1430 2507 1623 2548 Persicam,
1660 2505 1795 2550 placide
1818 2506 2026 2549 respondet,
2060 2513 2093 2540 et
2119 2505 2243 2539 Persas

1263 2559 1299 2592 in
1324 2558 1527 2592 convivium
1553 2562 1663 2590 vocat.
1721 2554 1789 2588 Hic
1812 2554 1962 2590 Barbari
1987 2557 2136 2600 superbe
2153 2556 2242 2601 peti-

1263 2615 1391 2642 verunt
1424 2609 1529 2642 etiam
1553 2606 1689 2640 nobiles
1721 2606 1887 2640 mulieres
1912 2607 2057 2648 adduci,
2094 2614 2127 2641 et
2151 2607 2242 2640 inter

1263 2660 1429 2694 convivas
1452 2656 1635 2699 collocari,
1661 2656 1721 2701 qui
1748 2657 1837 2691 ebrii
1858 2657 1928 2692 iam
1953 2663 1986 2691 et
2003 2657 2097 2692 basia
2115 2657 2241 2692 dabant
