2324 2955
96 100 169 135 405

197 182 313 219 XXII.
353 182 447 217 Haec
471 181 653 228 promissio
678 188 711 216 et
735 194 801 215 vox
818 180 1001 227 Evangelii
1024 194 1078 216 sa-

95 236 232 282 pienter
255 234 484 267 discernenda
509 239 558 267 est
580 245 599 266 a
616 234 708 276 lege,
737 239 769 266 et
786 244 922 278 semper
938 234 975 266 in
992 245 1077 266 con—

95 292 216 330 spectu
248 285 292 318 sit
322 284 479 318 omnium
505 283 694 316 discrimen
718 284 802 325 legis
826 290 858 317 et
882 282 1076 326 Evangelii.

94 334 173 370 Etsi
198 335 292 368 enirn
316 345 398 367 suae
422 334 592 377 quaedam
611 341 692 368 sunt
711 334 958 378 promissiones
975 334 1076 367 addi-

96 393 149 418 tae
171 385 257 428 legi,
284 390 399 417 tamen
421 383 488 416 alia
513 390 562 417 est
586 384 771 428 promissio
787 382 971 427 Evangelii
993 396 1075 428 pro-

95 437 192 479 pria,
224 444 292 478 qua
322 439 464 478 propter
485 434 595 467 filium
619 435 685 468 Dei
708 434 812 477 gratis
837 446 910 466 non
933 441 1075 479 propter

96 486 204 527 legem
222 490 282 516 aut
299 484 422 517 merita
439 491 557 518 nostra
574 485 677 518 datur
694 484 764 518 vita
782 490 934 519 aeterna.

195 532 331 569 XXIII.
372 532 435 568 Est
468 535 574 577 igitur
600 533 831 578 Evangelium
862 533 1073 578 praedicatio

94 583 348 628 poenitentiae,
389 591 422 617 et
457 584 716 628 promissionis,
758 585 795 616 in
834 597 901 629 qua
933 590 1074 628 propter

94 634 206 667 filium
216 632 301 675 Dei,
323 632 496 679 gratis,
523 646 595 667 non
612 641 755 678 propter
772 635 844 668 ulla
863 642 981 668 nostra
999 645 1073 666 me-

94 685 162 718 rita
181 685 359 718 donantur
373 684 595 718 credentibus
608 685 645 718 in
664 685 774 718 filium
787 711 796 726 ‚
820 685 976 718 remissio
993 695 1072 727 pec-

95 741 274 775 catorum,
309 734 495 778 imputatio
527 735 702 776 iusticiae,
742 734 895 778 Spiritus
924 741 1072 774 sanctus,

94 796 158 828 per
177 795 279 829 quem
295 783 388 818 filius
403 783 470 818 Dei
487 797 566 818 vere
583 795 633 819 est
649 786 766 818 efficax
784 786 818 817 in
839 784 1072 823 credentibus,

94 842 129 868 et
144 832 339 868 haereditas
354 841 513 869 aeternae
530 836 686 869 iusticiae
701 842 734 869 et
748 836 849 870 vitae.

195 883 328 919 XXIV.
368 884 447 918 Una
478 893 528 919 est
549 886 604 919 lex
630 885 771 919 moralis
795 891 953 926 aeterna,
985 896 1073 929 quae

94 941 145 968 est
173 940 313 968 aeterna
342 935 509 979 sapientia
543 942 575 969 et
604 936 767 968 voluntas
789 935 826 966 in
851 934 945 975 Deo,
975 934 1074 967 cuius

95 995 176 1018 suae
191 984 381 1028 sapientiae
397 986 513 1018 radios
530 984 623 1018 Deus
641 985 678 1017 in
695 992 870 1019 creaturas
885 985 1074 1018 rationales

94 1034 303 1075 transfudit,
329 1041 362 1068 et
386 1047 491 1079 quam
516 1035 721 1079 sapientiam
738 1035 836 1068 Deus
853 1035 1019 1079 expressit
1035 1035 1073 1067 in

94 1083 287 1127 Decalogo,
321 1091 353 1118 et
377 1085 451 1118 eius
477 1086 771 1118 declarationibus
795 1097 895 1129 saepe
918 1085 1076 1129 repetitis

94 1135 133 1167 in
158 1134 294 1178 scriptis
316 1132 529 1179 propheticis
553 1142 586 1169 et
610 1135 822 1180 apostolicis.
874 1133 939 1169 Est
959 1142 1075 1168 autem

94 1184 267 1217 iudicium
283 1182 349 1218 Dei
373 1186 539 1219 adversus
561 1193 739 1229 peccatum
756 1185 921 1219 omnibus
940 1192 1077 1228 tempo-

95 1234 212 1275 ribus,
242 1241 275 1269 et
302 1247 369 1268 vox
398 1234 519 1268 divina
542 1236 747 1276 testificans,
780 1236 841 1280 qui
865 1236 979 1268 cultus
1001 1234 1076 1269 Deo

95 1285 265 1328 placeant.
319 1284 490 1318 Forenses
515 1286 605 1326 leges
627 1284 746 1329 Moysi
771 1292 803 1317 et
821 1286 1079 1324 ceremoniales,

97 1333 245 1367 traditae
272 1334 417 1367 suerunt
447 1334 491 1366 ad
522 1340 655 1367 certum
679 1340 836 1377 tempus,
871 1334 960 1367 sicut
983 1333 1078 1367 Deus

97 1382 267 1426 singulari
285 1384 453 1416 beneficio
470 1384 581 1416 voluit
599 1384 756 1427 politiam
775 1383 967 1416 Mosaicam
985 1390 1077 1416 certo

97 1439 254 1475 tempore
284 1433 401 1464 sedem
428 1443 500 1465 esse
522 1443 605 1465 suae
630 1433 810 1465 doctrinae
834 1440 868 1466 et
890 1431 1078 1470 Ecclesiae,

97 1488 138 1516 ut
167 1486 254 1514 esset
275 1487 366 1514 certa
390 1481 507 1518 natio,
543 1481 581 1513 in
605 1492 672 1525 qua
698 1488 855 1514 extarent
876 1481 1078 1514 testimonia

97 1532 141 1564 de
159 1530 449 1575 patefactionibus
465 1530 607 1568 divinis,
630 1536 663 1563 et
678 1531 741 1563 ubi
757 1536 967 1571 nasceretur,
994 1542 1079 1563 con-

96 1581 307 1625 spiceretur,
333 1580 516 1614 audiretur
528 1580 720 1625 promissus
732 1579 943 1621 Redemtor,
969 1586 1003 1613 et
1016 1580 1079 1613 ubi

97 1637 254 1665 extarent
269 1631 468 1664 testimonia
482 1631 654 1674 passionis
669 1637 702 1664 et
716 1630 980 1664 resurrectionis
995 1630 1078 1665 eins.

97 1680 188 1715 Nam
203 1687 346 1725 propter
361 1678 426 1714 hos
443 1681 528 1714 fines
544 1681 666 1724 politia
681 1681 742 1713 illa
760 1681 946 1714 constituta
963 1680 1040 1714 suit.

200 1730 315 1767 XXV.
355 1729 489 1765 Unicus
511 1738 563 1764 est
580 1731 672 1764 filius
686 1731 770 1770 Dei,
797 1732 1002 1775 deprecator
1016 1742 1078 1775 pro

99 1781 204 1816 nobis
223 1787 257 1814 et
276 1781 469 1822 mediator,
502 1781 678 1814 redemtor
698 1778 846 1814 humani
870 1781 1022 1823 generis,
1046 1787 1080 1814 et

99 1832 268 1870 salvator,
302 1843 406 1876 quem
434 1837 563 1864 norant
585 1837 698 1873 patres
721 1831 813 1864 edita
836 1831 1080 1875 promissione,

101 1889 135 1916 et
154 1882 217 1927 qui
233 1881 334 1915 affuit
350 1881 507 1925 patribus
525 1887 558 1914 et
573 1878 745 1914 Ecclesiae
761 1882 927 1914 omnibus
945 1888 1079 1924 tempo-

101 1933 218 1973 ribus,
253 1931 342 1965 sicut
365 1932 437 1975 ipse
463 1931 598 1976 inquit,
630 1929 821 1967 lohan.5.2
856 1930 960 1965 Pater
982 1942 1080 1964 meus

102 1993 213 2027 usque
244 1982 349 2015 modo
377 1987 558 2025 operatur,
592 1987 625 2014 et
646 1992 708 2024 ego
730 1993 875 2025 operor,
910 1993 998 2025 quae
1020 1981 1080 2013 ille

103 2032 206 2073 facit,
232 2038 265 2065 et
286 2032 378 2065 filius
403 2032 563 2065 similiter
584 2031 677 2067 facit.
727 2031 844 2065 Huius
865 2032 930 2064 filii
954 2031 1081 2064 fiducia

104 2093 225 2115 omnes
247 2088 385 2124 agentes
408 2081 678 2125 poenitentiam,
703 2089 736 2115 et
753 2094 832 2115 vere
849 2082 1026 2115 credentes
1044 2082 1081 2113 in

104 2143 185 2166 eum
201 2132 245 2165 ab
261 2132 362 2165 initio
378 2129 553 2165 Ecclesiae
566 2142 675 2175 usque
689 2132 732 2164 ad
747 2132 851 2166 finem
867 2139 1083 2176 acceperunt,

106 2182 283 2226 accipiunt
313 2189 346 2215 et
376 2181 547 2225 accipient
578 2181 817 2215 remissionem
848 2189 1083 2227 peccatorum,

106 2230 374 2276 imputationem
392 2232 561 2275 iusticiae,
588 2231 758 2274 Spiritum
774 2240 944 2274 sanctum,
972 2239 1085 2266 aeter-

109 2293 191 2315 nam
229 2282 403 2315 iusticiam
445 2288 479 2315 et
512 2283 637 2322 vitam,
684 2294 756 2315 non
789 2290 931 2327 propter
964 2284 1084 2326 legem.

109 2330 193 2365 Ideo
211 2330 386 2365 Iohannes
401 2332 532 2377 inquit,
558 2329 679 2365 Iohan.
700 2333 730 2365 1.
753 2334 879 2377 capite:
904 2332 957 2367 De
972 2334 1086 2378 pleni-

111 2381 235 2415 tudine
251 2382 322 2415 eius
339 2394 461 2415 omnes
476 2382 682 2426 accepimus,
732 2380 796 2416 Est
813 2384 918 2427 igitur
927 2384 1086 2417 omnium

111 2429 343 2474 Evangelium
360 2433 518 2465 omnium
535 2439 751 2476 temporum,
776 2434 987 2477 praedicatio
1007 2446 1089 2478 poe-

114 2482 300 2521 nitentiae,
327 2488 360 2516 et
374 2494 439 2515 vox
456 2483 738 2526 promissionum.

217 2530 350 2567 XXVI.
397 2531 567 2566 Beneficia
597 2545 752 2572 summa,
786 2544 874 2578 quae
906 2533 996 2566 filius
1025 2531 1091 2566 Dei

119 2582 248 2616 meruit
269 2589 302 2616 et
324 2582 383 2616 dat
403 2579 624 2624 hominibus,
653 2590 734 2618 sunt
756 2584 912 2616 remissio
936 2590 1092 2627 peccato-

120 2644 217 2673 rum,
249 2632 431 2678 imputatio
448 2633 623 2676 iusticiae,
651 2635 795 2669 donatio
806 2634 957 2679 Spiritus
973 2634 1094 2677 sancti,

853 95 1350 136 PROPOSITIONES.

2045 113 2117 150 406

1128 194 1190 226 per
1221 195 1324 228 quem
1354 191 1404 219 est
1430 186 1545 220 efficax
1572 187 1607 221 in
1634 191 1875 234 credentibus,
1910 201 1942 228 et
1968 196 2110 231 donatio

1128 239 1288 266 aeternae
1315 234 1472 269 iusticiae
1500 245 1532 271 et
1556 239 1656 276 vitae.
1717 241 1813 276 Haec
1833 244 1926 277 bona
1951 258 2109 291 compre-

1127 280 1251 316 hendit
1275 284 1424 326 Paulus,
1459 287 1639 331 inquiens,
1665 290 1791 326 Roma.
1808 293 1858 328 5.:
1896 294 2018 330 Gratia
2043 297 2108 331 Dei

1127 340 1159 366 et
1183 334 1316 366 donum
1340 348 1402 379 per
1417 337 1561 378 gratiam
1578 341 1683 374 unius
1701 339 1855 376 hominis
1873 343 1950 379 Iesu
1965 345 2109 385 Christi,

1126 383 1290 417 exuberat
1314 385 1349 417 in
1375 387 1514 421 multos.
1581 388 1705 424 Gratia
1728 393 1895 435 significat
1922 398 2107 438 gratuitam

1125 434 1365 467 remissionem
1381 444 1600 479 peccatorum
1617 448 1761 484 propter
1778 443 1887 476 filium
1900 471 1908 485 ‚
1936 454 1968 480 et
1984 459 2108 481 recon-

1125 483 1337 517 ciliationem
1370 488 1577 529 gratuitam,
1612 501 1671 522 seu
1706 491 1973 535 imputationem
2006 498 2107 531 iusti-

1124 533 1206 569 ciae.
1259 535 1402 568 Donum
1436 538 1605 580 significat
1635 546 1747 573 totum
1776 543 1951 587 reliquum
1976 547 2106 581 benefi-

1124 584 1235 622 cium,
1265 585 1396 620 scilicet
1418 589 1607 621 novitatem
1633 590 1806 624 incoatam
1825 591 1899 626 Deo
1925 596 2107 639 efficiente,

1123 641 1156 667 et
1180 638 1491 671 consummandam
1516 639 1552 671 in
1577 639 1647 673 vita
1672 647 1822 674 aeterna.
1884 643 1966 677 Ideo
1989 654 2107 688 postea

1123 684 1223 718 dicit:
1254 684 1376 719 Gratia
1397 695 1518 731 regnat
1542 701 1604 732 per
1623 690 1797 725 iusticiam
1814 692 1851 725 in
1871 694 1977 727 vitam
1996 702 2107 729 aeter-

1121 746 1202 768 nam
1220 747 1282 779 per
1299 735 1413 770 Iesum
1431 737 1625 776 Christum.

1224 801 1373 837 Xxwl.
1415 803 1520 838 Nulla
1543 806 1753 850 ambiguitas
1778 815 1827 843 est
1844 810 1880 843 in
1896 808 1960 844 hac
1978 823 2107 856 propo-

1123 851 1263 885 sitione:
1298 851 1446 897 Propter
1470 855 1580 888 filium
1597 855 1663 890 Dei
1681 855 1849 894 habemus
1866 862 2109 896 remissionem

1123 908 1364 945 peccatorum,
1398 904 1464 937 fide
1496 906 1622 947 gratis,
1658 919 1718 941 seu
1749 910 1821 943 sola
1853 912 1938 952 fide,
1973 913 2009 946 id
2043 920 2107 953 est,

1123 953 1251 985 fiducia
1282 952 1521 996 acquiescente
1554 956 1591 988 in
1623 959 1831 995 mediatore,
1891 961 1962 994 Nec
1995 969 2107 1006 potest

1124 1002 1261 1045 negari,
1289 1003 1365 1035 dari
1389 1004 1491 1036 nobis
1515 1006 1756 1040 remissionem
1780 1018 2000 1053 peccatorum
2025 1025 2109 1055 pro-

1124 1059 1201 1096 pter
1222 1053 1385 1085 meritum
1404 1051 1558 1096 Christi,
1585 1067 1663 1089 cum
1688 1058 1761 1101 ipse
1780 1060 1871 1094 dicat
1886 1060 2013 1096 Matth.
2030 1063 2107 1097 20.;

1125 1102 1237 1136 Filius
1267 1100 1422 1136 hominis
1445 1105 1542 1139 venit
1566 1107 1648 1139 dare
1671 1108 1823 1141 animam
1851 1122 1947 1143 suam
1974 1108 2108 1156 λύτρον

1126 1165 1189 1197 pro
1206 1153 1338 1186 multis.
1390 1152 1437 1187 Et
1458 1155 1475 1187 1
1498 1153 1620 1191 lohan.
1640 1159 1686 1191 1.:
1716 1157 1865 1202 Sanguis
1884 1160 1960 1193 Iesu
1976 1160 2109 1195 Christi

1127 1203 1288 1246 purificat
1320 1213 1385 1236 nos
1417 1205 1460 1237 ab
1486 1206 1583 1238 omni
1607 1215 1757 1250 peccato.
1816 1208 1863 1243 Et
1886 1209 2038 1245 Ilebrae.
2058 1212 2108 1245 9.:

1127 1253 1277 1295 Sanguis
1294 1250 1447 1295 Christi,
1482 1256 1542 1299 qui
1568 1268 1629 1300 per
1654 1258 1825 1302 Spiritum
1850 1268 2030 1294 aeternum
2055 1274 2109 1296 se-

1127 1303 1241 1345 ipsum
1269 1303 1398 1336 obtulit
1422 1304 1684 1339 immaculatum
1703 1307 1798 1349 Deo,
1837 1311 1997 1352 purificat
2022 1324 2109 1345 con-

1128 1352 1307 1384 scientiam
1331 1359 1493 1388 vestram.
1549 1354 1658 1399 quue
1683 1357 1921 1399 significarunt
1943 1362 2110 1395 sacrificia

1130 1400 1265 1434 Veteris
1282 1400 1510 1437 Testamenti.
1564 1403 1610 1438 Et
1625 1404 1744 1439 Esaias
1770 1408 1885 1453 inquit
1907 1411 2017 1454 capite
2033 1411 2107 1447 53.:

1127 1450 1241 1482 Ponet
1265 1451 1417 1483 animam
1443 1464 1540 1485 suam
1565 1451 1714 1488 hostiam
1732 1469 1795 1499 pro
1810 1467 1961 1501 peccato.
2014 1460 2110 1495 Haec

1129 1499 1220 1531 dicta
1237 1500 1423 1533 adfirmant
1437 1503 1539 1535 nobis
1557 1511 1699 1547 propter
1714 1507 1878 1540 meritum
1897 1507 2029 1544 Christi
2046 1513 2111 1545 do·-

1129 1548 1207 1581 nari
1236 1549 1475 1583 remissionem
1507 1559 1742 1595 peccatorum,
1777 1558 1871 1600 quod
1896 1559 2037 1602 quidem
2062 1569 2113 1596 est

1130 1598 1352 1643 aequivalens
1375 1601 1550 1642 precium,
1578 1604 1660 1648 quia
1687 1611 1737 1638 est
1759 1606 1822 1639 filii
1840 1609 2023 1650 meritum,
2049 1612 2111 1655 qui

1131 1655 1181 1681 est
1212 1650 1443 1683 essentialiter
1472 1652 1604 1691 iustus,
1640 1655 1728 1688 sicut
1749 1653 1805 1690 hic
1828 1657 1943 1702 inquit
1965 1660 2112 1703 epistola

1132 1699 1175 1731 ad
1185 1698 1383 1740 Hebraeos,
1412 1699 1483 1743 Qui
1501 1714 1572 1735 sese
1591 1715 1653 1746 per
1662 1704 1833 1748 Spiritum
1850 1715 2030 1742 aeternum
2048 1711 2113 1744 oh·-

1131 1749 1223 1782 tulit.
1284 1748 1353 1783 Hic
1374 1750 1466 1784 filius
1489 1753 1686 1796 ingreditur
1711 1755 1747 1788 in
1772 1756 1939 1791 Sanctum
1964 1759 2112 1794 Sancto-

1130 1811 1228 1840 rum,
1254 1799 1350 1833 videt
1372 1812 1538 1835 arcanum
1561 1805 1748 1838 consilium
1771 1809 1901 1841 aeterni
1927 1810 2053 1853 patris,
2079 1818 2113 1845 et

1131 1860 1203 1882 sese
1219 1850 1359 1883 subiicit
1375 1852 1477 1894 patri.

1232 1915 1397 1953 XXVIII.
1430 1917 1650 1953 Vocabulum
1666 1922 1747 1955 fidei
1765 1923 1934 1966 significat
1951 1927 2114 1962 fiduciam

1132 1966 1392 2000 misericordiae
1423 1970 1698 2012 acquiescentem
1727 1972 1764 2004 in
1794 1974 1866 2006 filio
1889 1975 1955 2009 Dei
1979 1979 2113 2011 media-

1132 2023 1225 2056 tore,
1251 2028 1353 2060 quem
1369 2019 1548 2053 constituit
1563 2027 1659 2063 pater
1674 2021 1954 2065 propiciatorem.
2005 2026 2113 2060 Com-

1133 2066 1296 2109 plectitur
1325 2073 1439 2100 autem
1462 2066 1546 2102 haec
1568 2070 1652 2103 fides
1674 2083 1795 2105 omnes
1819 2074 1984 2108 articulos
2007 2076 2113 2113 Svm-

1134 2116 1228 2155 boli,
1260 2123 1292 2149 et
1317 2117 1421 2152 refert
1442 2126 1593 2153 caeteros
1615 2122 1658 2154 ad
1684 2118 1764 2155 hos:
1798 2121 1911 2157 Credo
1935 2117 2113 2160 remissio-

1134 2179 1214 2199 nem
1245 2174 1484 2210 peccatorum,
1517 2169 1632 2203 Credo
1660 2171 1767 2204 vitam
1793 2180 1980 2208 aeternam.
2038 2177 2110 2210 Nec

1136 2217 1307 2260 significat
1324 2218 1408 2250 fides
1424 2225 1558 2253 tantum
1575 2221 1751 2261 noticiam,
1779 2224 1892 2266 qualis
1907 2233 1956 2259 est
1976 2226 2011 2258 in
2024 2226 2111 2260 Dia-

1135 2267 1238 2302 bolis.
1298 2266 1442 2302 Necesse
1471 2277 1520 2303 est
1542 2271 1635 2303 enim
1660 2271 1813 2304 discerni
1837 2271 1926 2308 hanc
1949 2278 2112 2321 proposi-

1137 2318 1285 2356 tionem,
1311 2316 1508 2352 Daemones
1529 2322 1675 2354 credunt
1701 2328 1733 2354 et
1751 2325 2042 2368 contremiscunt,
2068 2329 2113 2362 ab

1138 2369 1198 2401 illa
1214 2368 1293 2406 fule,
1321 2381 1408 2412 quae
1424 2382 1540 2413 pacem
1558 2371 1671 2411 efficit,
1698 2372 1785 2406 sicut
1802 2374 1930 2409 dicitur
1946 2375 2049 2412 Rom.
2062 2377 2112 2412 5.:

1139 2418 1317 2452 Iustilicati
1335 2420 1400 2452 fide
1417 2432 1532 2463 paceni
1551 2418 1730 2458 habemus.

1240 2484 1373 2520 XXIX.
1413 2484 1500 2519 Cum
1524 2485 1629 2520 homo
1654 2488 1690 2521 in
1714 2489 1804 2523 veris
1820 2492 2008 2535 pavoribus
2024 2495 2111 2527 acci-

1140 2535 1192 2579 pit
1218 2535 1283 2568 fide
1309 2543 1449 2578 propter
1474 2537 1584 2570 silium
1606 2536 1672 2571 Dei
1696 2541 1933 2576 remissionem
1959 2552 2113 2587 poccato-

1142 2597 1238 2623 rum,
1273 2585 1376 2618 simul
1399 2593 1489 2619 certo
1516 2585 1598 2621 haec
1622 2590 1725 2623 siunt:
1759 2590 1876 2625 llomo
1894 2594 2061 2627 liberatur
2077 2606 2115 2626 ex

1143 2642 1252 2670 morte
1273 2642 1411 2670 aeterna
1429 2648 1489 2721 peg
1502 2638 1614 2704 ⁶filium
1632 2639 1718 2680 Dei,
1740 2649 1773 2676 et
1789 2644 1891 2678 sentit
1908 2645 2114 2678 consolatio-

1438 2689 1459 2722 2
