2324 2955
108 121 182 159 805

106 220 124 240 a
143 213 258 250 patre,
285 208 521 253 quodcunque
543 206 665 248 vellet,
693 206 800 252 idque
819 214 951 251 patrem
969 204 1090 248 largiri
1114 203 1118 230 ἵ

104 264 297 301 oporteret,
331 257 424 291 filius
448 257 631 302 Aspasiam
657 258 792 301 petivit.
845 256 923 296 Etsi
949 256 1091 291 dolebat

103 319 179 341 eam
204 314 301 352 pater
323 320 342 342 a
366 320 401 342 se
424 308 573 349 abduci,
600 309 697 342 dedit
721 315 857 348 tamen,
886 320 950 342 nec
976 307 1088 340 multo

102 364 184 403 post
205 369 326 392 rursus
349 359 489 403 eripuit.
542 358 630 392 Inde
654 359 746 393 inter
768 366 902 404 patrem
926 357 1088 392 etlilium

102 416 179 443 orta
201 409 396 448 simultate,
431 410 525 443 filius
548 410 716 444 incitatus
742 417 774 444 et
795 411 936 443 adiutus
953 421 972 442 a
990 407 1088 442 Tiri-

101 460 209 499 hazo,
232 460 422 494 constituto
439 467 596 505 tempore
612 473 691 494 cum
710 461 852 495 armatis
868 459 1033 504 irrumpit
1050 459 1087 491 in

102 509 303 543 cubiculum
325 511 451 554 patris,
478 519 517 545 ut
544 524 621 544 eum
649 512 847 546 interficiat.
901 511 968 545 Sed
986 521 1087 554 prae-

101 559 258 594 monitus
273 567 372 605 pater
387 562 510 606 effugit
524 562 691 603 insidias,
719 569 751 595 et
774 563 825 596 ibi
849 562 1035 595 Tiribazus
1054 565 1087 593 et

101 610 228 645 caeteri
244 612 388 646 comites
405 613 530 646 armati
548 625 566 646 a
589 613 700 656 patris
722 614 932 647 satellitibus
951 611 1087 644 interfi-

100 661 263 702 ciuntur,
291 662 383 696 filius
406 661 536 696 Darius
559 665 713 707 capitur,
741 670 773 697 et
797 671 914 708 postea
936 674 973 696 re
990 661 1086 694 iudi-

99 718 175 745 cata
206 712 244 744 in
267 710 473 757 Principum
506 714 654 748 consilio
681 714 779 760 (quia
806 721 903 759 pater
926 714 1020 746 solus
1042 712 1085 744 de

98 761 171 795 filio
189 773 269 806 rege
287 769 439 798 statuere
454 763 591 811 noluit)
617 765 836 799 interficitur.
889 764 984 798 Haec
1000 773 1084 807 poe-

96 823 143 846 na
165 819 312 858 sequuta
337 821 389 849 est
419 815 569 849 incestas
592 816 771 851 libidines,
830 815 942 850 Duxit
967 820 1083 848 autem

96 868 196 907 pater
212 875 357 898 uxorem
374 865 482 899 filiam
500 865 675 901 Atossam.
717 865 763 900 Et
778 879 856 900 cum
873 867 942 899 iam
959 862 1083 899 Ochus

96 913 190 947 filius
221 925 370 958 regnum
401 923 599 961 appeteret,
641 918 784 950 fratrem
810 915 982 950 Arsamen
1009 915 1082 958 ipse

97 964 285 1000 interfecit.
334 967 448 1000 Alteri
464 968 564 1002 fratri
584 974 720 1001 tantum
737 967 883 1001 incussit
900 973 1084 1005 terrorem,

95 1021 136 1048 ut
158 1014 232 1058 ipse
251 1016 320 1049 sibi
343 1024 493 1051 mortem
517 1018 738 1049 consciverit.
791 1013 859 1047 Hie
881 1014 997 1047 aditus
1016 1014 1082 1046 fuit

95 1062 199 1096 Ocho
217 1066 260 1096 ad
286 1074 452 1106 regnum,
480 1065 540 1110 qui
557 1072 675 1109 postea
694 1076 773 1097 cum
799 1065 881 1097 filiis
899 1065 1020 1108 periit,
1050 1069 1080 1095 et

93 1111 179 1157 Cyri
197 1114 382 1157 posteritas
399 1126 543 1157 prorsus
560 1116 709 1149 extincta
727 1122 788 1149 est.
841 1114 889 1148 Et
905 1114 1082 1147 calamitas

95 1163 249 1198 filiorum
268 1163 489 1206 Mnemonis,
515 1166 647 1199 incesta
664 1166 919 1199 consuetudine
943 1163 1083 1209 polluti,

94 1214 268 1254 ostendit,
295 1222 434 1258 peccata
459 1216 496 1248 in
519 1217 652 1250 semine
680 1223 797 1260 postea
822 1216 859 1248 in
877 1217 997 1248 sobole
1016 1227 1082 1259 pu-

94 1264 176 1299 niri.
231 1264 357 1299 Gracci
385 1266 548 1301 tribuunt
573 1264 656 1300 huic
682 1266 865 1301 Artaxerxi
895 1265 1082 1301 Mnemoni

95 1325 207 1348 annos
226 1317 470 1360 quadraginta.

412 1404 502 1437 Res
536 1404 759 1438 Graecae.

194 1465 285 1502 Cum
310 1466 450 1503 Atticus
473 1471 643 1504 exercitus
673 1471 708 1503 in
735 1470 893 1505 Siciliam
918 1471 1080 1513 venisset,

92 1529 166 1551 non
191 1519 304 1553 multo
329 1526 407 1564 post
424 1518 629 1554 Alcibiades
655 1528 837 1554 revocatus
856 1528 905 1555 est
921 1520 1080 1554 Athenas

91 1569 135 1602 ad
151 1569 341 1611 iudicium,
367 1571 427 1615 qui
445 1578 603 1605 metuens
620 1572 781 1605 factionis
798 1572 994 1605 contrariae
1016 1585 1079 1616 po-

92 1619 255 1661 tentiam,
289 1632 362 1654 non
388 1622 493 1656 rediit
518 1622 555 1655 in
578 1622 745 1666 patriam,
772 1624 831 1655 sed
856 1620 1016 1656 hostibus
1045 1634 1079 1655 se

92 1669 273 1709 adiunxit,
301 1682 339 1704 ac
364 1670 526 1715 Spartam
552 1674 665 1714 venit,
698 1673 761 1706 ubi
785 1673 891 1707 trium
912 1673 1080 1707 consilin-

93 1731 171 1753 rum
195 1727 298 1754 autor
319 1721 403 1762 suit,
436 1723 617 1761 videlicet,
650 1730 689 1754 ut
706 1725 886 1755 mitterent
904 1720 1079 1755 Lacedae-

91 1771 204 1804 monii
227 1772 350 1804 ducem
377 1772 574 1815 Gylippum
600 1771 848 1816 Syracusanis,
882 1779 915 1805 et
944 1772 1078 1805 bellum

92 1821 129 1853 in
155 1820 272 1854 Attica
304 1820 559 1862 instaurarent,
594 1821 730 1855 munita
756 1822 908 1856 Det-elea
937 1823 1079 1866 oppido,

91 1870 154 1904 ubi
186 1871 335 1905 adsidue
377 1872 548 1906 exercitus
587 1880 675 1906 esset
714 1873 896 1917 oppositus
932 1871 1079 1909 Atticae.

92 1922 234 1955 Deinde
256 1929 294 1956 ut
322 1919 422 1955 Chiis
446 1929 479 1956 et
500 1922 638 1956 Lesbiis
666 1930 698 1957 et
722 1924 818 1962 aliis,
853 1924 915 1969 qui
943 1924 1078 1957 desece-

91 1979 171 2006 rant
187 1973 230 2006 ab
248 1971 526 2007 Atheniensibus
538 2002 546 2014 ‚
573 1986 673 2018 opem
690 1974 832 2008 ferrent.
878 1974 955 2018 lpse
972 1975 1077 2008 etiam

92 2023 260 2066 navigans
277 2024 313 2057 in
330 2023 485 2065 ioniam,
512 2025 668 2058 civitates
683 2026 793 2058 socias
804 2023 1076 2060 Atheniensium

92 2074 223 2117 co'e'git,
256 2082 295 2108 ut
326 2075 557 2118 adiungerent
583 2087 618 2109 se
650 2075 951 2111 Lacedaemoniis,
1013 2076 1078 2109 Ilis

91 2125 206 2158 causis
221 2126 323 2158 valde
339 2126 537 2160 diminutae
557 2133 640 2160 sunt
657 2127 748 2160 vires
762 2125 899 2161 Atticae
916 2128 1078 2169 civitatis,

92 2176 187 2209 unde
218 2182 251 2209 et
282 2188 429 2219 magnae
462 2178 657 2211 discordiae
689 2178 820 2212 civium
849 2179 945 2212 domi
981 2185 1078 2212 ortae

93 2233 187 2260 sunt»
248 2226 317 2260 Sed
344 2240 526 2273 nunquam
554 2228 722 2262 diuturna
753 2235 803 2263 est
831 2230 1077 2263 benevolentia

92 2289 171 2319 erga
204 2279 421 2322 transfugas,
465 2280 668 2323 praesertim
699 2292 777 2313 cum
804 2293 925 2314 eorum
955 2281 1079 2314 crescit

92 2328 260 2372 potentia.
311 2328 358 2364 Et
375 2330 543 2364 videbant
559 2329 723 2375 Spartani
740 2329 938 2376 Principes,
965 2332 1078 2366 maio-

92 2390 166 2413 rem
195 2389 268 2413 esse
298 2381 391 2424 apud
428 2381 584 2415 civitates
615 2382 838 2417 autoritatem
868 2381 1077 2424 Alcibiadis,

92 2440 198 2475 quam
218 2441 335 2468 suam,
361 2431 441 2464 ideo
464 2432 674 2466 invidebant
698 2433 751 2473 ei,
778 2440 810 2466 et
838 2445 917 2467 eum
942 2440 1078 2468 metue-

94 2481 191 2516 bant.
246 2480 366 2524 Quare
386 2480 524 2526 Ephori
547 2484 719 2518 miserunt
742 2484 860 2518 literas
886 2485 929 2517 ad
962 2486 1078 2526 duces,

94 2538 135 2565 ut
151 2532 387 2567 interficerent
403 2531 644 2573 Alcibiadem,
673 2536 767 2580 quod
786 2536 858 2579 ipse
878 2536 1077 2577 resciscens,

95 2582 253 2617 animum
268 2580 657 2627 TissaphernisPersici
683 2586 799 2628 ducis,
825 2586 887 2631 qui
902 2587 1075 2630 stipendia

93 2633 217 2676 dabat,
247 2646 266 2668 a
282 2633 569 2668 Lacedaemoniis
586 2636 764 2672 alienavit.
816 2636 966 2683 Cunque
986 2637 1076 2671 ami-

95 2694 214 2719 corum
234 2685 354 2720 literae
377 2696 475 2730 spem
492 2686 624 2722 reditus
644 2687 681 2721 in
696 2688 847 2734 patriam
865 2689 895 2723 ei
913 2690 1077 2731 facerent,
1100 2714 1102 2721 s

799 120 825 157 Ι.
866 116 1159 157 CHRONlCON
1186 114 1434 156 CARIONIS.

2062 120 2134 155 806

1141 204 1295 237 ostendit
1321 202 1574 248 Tissapherni‚
1609 205 1787 239 utiliorem
1811 205 1841 239 ei
1868 206 2010 239 classem
2035 203 2131 238 Atti-

1141 266 1216 288 cam
1242 256 1334 296 fore,
1371 262 1403 289 et
1426 256 1574 298 superba
1601 263 1634 289 et
1659 268 1762 290 avara
1786 257 1933 301 imperia
1953 257 2128 289 Lacedae-

1138 305 1342 339 moniorum
1379 306 1415 338 in
1451 306 1573 339 odium
1602 307 1808 342 adducebat.
1864 307 1914 340 Ac
1940 308 2124 352 aliquanto

1138 362 1215 400 post
1239 358 1283 389 ad
1314 357 1504 390 exercitum
1529 355 1707 397 Atticum,
1741 358 1802 402 qui
1834 358 1871 390 in
1904 357 2010 392 Samo
2041 365 2126 395 erat,

1139 407 1374 451 proficiscitur
1390 408 1463 451 ipse
1479 419 1639 452 quoque,
1667 408 1729 440 ubi
1753 406 1946 442 honorifice
1963 415 2125 453 exceptus

1139 464 1200 491 est.
1253 456 1341 491 Erat
1364 465 1481 490 autem
1498 456 1554 490 hic
1570 458 1740 491 exercitus
1758 456 1916 492 Athenas
1940 460 2125 503 navigatu-

1137 521 1217 549 rus,
1244 514 1283 541 ut
1305 514 1433 541 statum
1461 508 1829 551 Quadringentorum,
1857 510 1917 554 qui
1942 522 2061 542 recens
2087 511 2123 542 in

1138 558 1312 592 discordia
1356 559 1487 592 civium
1531 560 1741 592 constitutus
1778 567 1868 600 erat,
1917 562 2122 595 destrueret.

1136 608 1225 643 Eam
1245 611 1286 643 ad
1305 621 1378 642 rem
1396 610 1519 643 ducem
1539 620 1609 641 esse
1633 608 1852 642 Alcibiadem
1875 611 1998 645 voluit.
2053 612 2123 644 Sed

1137 659 1340 694 Alcibiades
1363 660 1552 704 imperium
1579 660 1735 703 accipere
1760 660 1894 698 noluit,
1923 661 2046 693 videns
2073 662 2123 693 ci-

1137 723 1194 744 ves
1219 724 1298 745 cum
1325 710 1461 744 civibus
1489 710 1719 743 dimicaturos
1744 721 1827 744 esse.
1883 710 1933 744 Ita
1951 718 2033 744 tunc
2049 722 2122 744 ser-

1137 763 1231 795 vavit
1256 761 1424 806 patriam,
1460 761 1542 806 quia
1571 761 1759 804 imperium
1787 768 1908 795 contra
1932 761 2019 796 400.
2047 774 2120 795 non

1136 813 1285 857 accepit,
1314 824 1352 845 ac
1370 812 1485 856 potius
1503 809 1677 845 hortando
1695 824 1733 845 ac
1752 814 1929 856 precando
1954 825 2024 847 una
2041 825 2120 846 cnm

1137 862 1363 908 Thrasybulo
1388 862 1550 905 perfecit,
1577 874 1621 895 ne
1646 863 1755 896 iratus
1775 864 1946 897 exercitus
1963 861 2120 897 Athenas

1136 915 1323 947 accederet.
1365 912 1489 946 Postea
1506 924 1626 945 rursus
1644 911 1795 946 Athenis
1815 916 2002 948 concordia
2020 916 2122 954 sacta,

1136 964 1277 1009 publico
1313 964 1452 996 decreto
1487 963 1688 996 Alcibiades
1722 972 1902 998 revocatus
1931 973 1989 998 est.
2051 964 2121 998 Sed

1136 1028 1209 1046 non
1226 1027 1305 1045 mox
1325 1014 1429 1047 rediit
1444 1011 1613 1046 Athenas.
1667 1013 1768 1047 Vidit
1783 1015 1875 1047 enim
1888 1042 1897 1055 ,
1924 1015 2121 1048 necessario

1135 1070 1218 1096 tunc
1242 1062 1500 1095 occurrendum
1529 1075 1600 1093 esse
1626 1063 1931 1104 Lacedaemoniis,
1967 1066 2027 1109 qui
2057 1066 2122 1097 ali-

1135 1121 1221 1159 quot
1245 1112 1387 1156 praeliis
1412 1112 1449 1144 in
1474 1112 1583 1152 mari,
1611 1124 1684 1144 non
1709 1114 1832 1156 procul
1848 1125 1866 1147 a
1883 1114 2009 1160 Cizyco
2026 1116 2120 1148 vice-

1135 1171 1215 1198 rant
1239 1164 1392 1197 Atticam
1422 1163 1580 1196 classem.
1640 1161 1687 1196 Et
1713 1163 1921 1206 Mindarus,
1956 1167 2025 1199 dux
2050 1165 2122 1200 La-

1135 1216 1294 1255 conicae,
1327 1213 1446 1247 classis
1471 1213 1521 1245 ibi
1548 1220 1620 1247 erat
1648 1226 1727 1247 cum
1756 1216 1932 1258 sexaginta
1956 1217 2122 1251 navibus.

1134 1264 1268 1299 Aderat
1290 1265 1339 1298 ibi
1363 1272 1395 1298 et
1421 1262 1689 1305 Pharnabazus,
1728 1266 1799 1298 dux
1827 1266 2006 1307 Persicus,
2041 1279 2121 1301 cum

1133 1317 1243 1361 copiis
1267 1315 1497 1360 pedestribus.
1557 1314 1622 1347 llis
1649 1316 1801 1349 occurrit
1831 1315 2053 1358 Alcibiades,
2089 1325 2121 1350 et

1133 1367 1321 1401 consilium
1338 1366 1474 1399 viribus
1489 1366 1635 1405 addens,
1660 1372 1757 1409 parte
1772 1367 1890 1400 classis
1905 1379 1988 1401 suae
2003 1369 2121 1402 occul-

1133 1426 1219 1459 tata,
1253 1429 1379 1460 magno
1405 1416 1537 1460 praelio
1565 1416 1648 1449 vicit
1675 1416 1883 1450 Mindarum
1909 1425 1942 1452 et
1958 1416 2120 1452 Pharna-

1132 1471 1274 1509 bazum,
1303 1468 1340 1500 in
1367 1480 1436 1513 quo
1461 1466 1650 1500 Mindarus
1668 1467 1870 1502 interfectus
1894 1476 1961 1510 est,
1989 1476 2020 1504 et
2039 1470 2122 1503 lite-

1131 1533 1189 1553 rae
1219 1519 1380 1562 Spartam
1416 1518 1541 1561 plenae
1572 1518 1826 1561 desperationis
1865 1519 1991 1552 missae
2027 1528 2121 1554 sunt.

1131 1571 1269 1605 Rursus
1294 1570 1401 1612 igitur
1422 1568 1606 1601 adiunctae
1629 1575 1711 1602 sunt
1736 1567 2016 1604 Atheniensibus
2035 1572 2122 1605 urbs

1130 1621 1301 1667 Cyzicena
1327 1626 1360 1653 et
1381 1619 1469 1652 aliae
1494 1620 1643 1657 multae,
1677 1626 1709 1652 et
1733 1620 1770 1652 in
1796 1620 1873 1653 aliis
1899 1621 1984 1654 locis
2010 1622 2122 1655 victae

1130 1679 1212 1706 sunt
1248 1669 1403 1703 hostium
1439 1681 1566 1710 naves,
1607 1676 1641 1702 et
1676 1669 1966 1703 Lacedaemoniis
1997 1683 2120 1705 rursus

1130 1726 1289 1763 ereptum
1315 1724 1366 1751 est
1388 1716 1577 1761 imperium
1600 1717 1719 1752 maris,
1771 1718 1895 1752 Postea
1921 1728 1954 1755 et
1978 1720 2121 1766 Byzan-

1130 1772 1219 1805 tium
1243 1768 1405 1809 accessit,
1439 1769 1535 1813 quod
1562 1768 1782 1813 aliquamdiu
1805 1767 2039 1805 Athenienses
2056 1773 2121 1805 ob-

1129 1822 1303 1855 sederant.
1358 1818 1415 1852 Ibi
1431 1830 1510 1852 cum
1525 1816 1718 1853 Clearchus
1743 1820 1813 1853 dux
1830 1819 2026 1856 Laconicus
2045 1830 2120 1856 tru—

1129 1873 1302 1911 culentus,
1327 1870 1545 1903 frumentum
1564 1870 1738 1904 divideret
1753 1872 1938 1912 militibus,
1959 1880 2118 1917 ereptum

1129 1923 1283 1959 civibus,
1317 1932 1470 1965 quorum
1494 1920 1648 1952 familiae
1666 1921 1755 1953 same
1776 1922 1955 1964 peribant,
1983 1922 2118 1957 Anaxi-

1129 1974 1203 2007 laus
1220 1971 1306 2005 civis
1329 1972 1371 2003 de
1396 1969 1530 2014 patriae
1548 1970 1728 2003 deditione
1753 1983 1831 2004 cum
1853 1970 2038 2006 Alcibiade
2057 1986 2117 2018 pa-

1129 2024 1289 2062 ciscitur,
1316 2021 1377 2066 qui
1402 2021 1546 2054 absente
1562 2018 1733 2053 Clean-cho
1758 2030 1921 2066 acceptus
1946 2024 2038 2057 intra
2054 2037 2115 2057 ur-

1128 2076 1227 2112 bem,
1253 2071 1434 2106 dimicavit
1458 2083 1536 2104 cum
1566 2072 1759 2115 praesidio,
1786 2079 1817 2105 et
1837 2074 1967 2108 milites
1985 2076 2115 2118 partim

1128 2124 1317 2165 interfecit,
1342 2122 1470 2167 partim
1487 2122 1610 2166 coepit.
1665 2122 1806 2156 Civium
1824 2136 1906 2157 vero
1922 2126 2043 2158 nullus
2060 2127 2117 2158 in-

1127 2177 1291 2211 terfectus
1307 2180 1375 2213 est,
1403 2173 1523 2206 nullus
1541 2184 1580 2206 ex
1595 2173 1707 2218 patria
1722 2174 1862 2218 pulsus,
1888 2176 1986 2209 nulla
2004 2176 2116 2210 facul-

1128 2234 1238 2262 tatum
1256 2225 1408 2269 direptio
1427 2224 1513 2257 sacta
1532 2233 1591 2258 est.

1229 2276 1424 2312 Anaxilaus
1440 2281 1557 2319 postea
1576 2274 1721 2318 Spartae
1738 2282 1882 2320 propter
1895 2277 2114 2311 deditionem

1126 2329 1226 2364 urbis
1258 2333 1455 2365 accusatus,
1499 2337 1578 2358 cum
1616 2322 1863 2361 honestissima
1892 2329 2115 2363 excusatione

1128 2387 1303 2419 uteretur,
1339 2377 1521 2411 absolutus
1547 2382 1613 2417 est,
1648 2388 1728 2409 cum
1755 2377 1906 2420 diceret,
1939 2380 2030 2413 bella
2056 2392 2114 2422 ge-

1127 2432 1236 2465 renda
1255 2441 1327 2463 esse
1346 2440 1425 2462 cum
1442 2425 1619 2468 hostibus,
1647 2439 1718 2460 non
1743 2440 1821 2461 rum
1842 2436 1966 2464 natura
1984 2443 2114 2464 rerum.

1127 2481 1176 2517 Et
1192 2482 1362 2515 iniustum
1380 2489 1452 2512 esse
1470 2478 1623 2511 tristiora
1643 2478 1755 2511 facere
1771 2479 1971 2514 defensores
1986 2483 2113 2514 adver-

1127 2545 1185 2567 sus
1211 2533 1322 2572 cives,
1353 2541 1457 2575 quam
1489 2529 1643 2563 facerent
1674 2526 1790 2563 hostes
1816 2532 1926 2575 captIs
1950 2532 2113 2565 urbibus.
2164 2547 2171 2551 -

1126 2583 1194 2617 Ilic
1209 2579 1400 2617 Clearchus
1418 2586 1535 2623 postea
1555 2591 1573 2613 a
1591 2578 1706 2613 Persis
1724 2580 1928 2615 interfectus
1947 2589 2008 2617 est.
2048 2580 2112 2613 llis

1128 2635 1233 2668 tantis
1250 2633 1355 2667 rebus
1372 2631 1492 2675 gestis,
1520 2631 1665 2664 liberata
1683 2632 1795 2674 patria
1814 2632 1850 2664 in
1874 2633 2034 2665 maximis
2051 2643 2111 2674 pe-

1127 2685 1246 2720 riculis
1270 2682 1471 2718 domesticis
1495 2688 1527 2716 et
1547 2681 1714 2721 externis,
1742 2689 1944 2726 recuperato
1963 2681 2109 2726 imperio
