2324 2955
88 131 163 169 205

187 214 309 250 Postea
328 217 484 262 deposita
499 220 708 253 verecundia
727 219 880 254 Romani
899 217 1066 264 Episcopi

86 277 160 299 non
176 266 288 299 solum
306 269 520 302 collocarunt
536 281 570 302 se
586 270 622 301 in
638 271 773 313 fastigio
786 270 959 303 Ecclesiae
970 297 979 311 ‚
1006 271 1065 303 sed

86 316 191 349 etiam
210 318 422 352 addiderunt
439 320 480 351 ad
498 331 533 352 se
549 321 723 363 pertinere
741 318 979 354 monarchiam
999 321 1065 353 im—

84 366 283 410 periorum,
310 376 489 402 creverant
511 370 605 402 enim
629 383 711 414 opes
736 378 769 404 ct
789 372 959 412 potentia,
987 383 1064 404 cum

85 417 196 450 nostri
222 417 451 461 Imperatores
475 421 715 454 attribuissent
738 420 920 454 Romanae
943 419 1065 453 Eccle-

84 466 154 499 siae
170 468 310 510 praedia
327 471 509 512 quaedam.
563 470 637 503 Ilae
651 471 858 503 donationes
875 472 976 504 initio
992 483 1064 503 me-

83 516 218 549 diocres
241 517 400 560 suerunt,
428 527 460 554 et
484 521 577 553 bono
602 521 748 553 consilio
771 521 878 553 sactae
902 528 998 561 sunt,
1025 527 1064 554 ut

82 573 240 610 sumptus
257 565 426 604 haberent
441 571 592 603 familiae
607 571 820 609 docentium,
845 572 1064 611 discentium,

82 616 250 659 iudicum,
275 620 465 654 scribarum
489 628 521 653 et
535 622 683 653 aliorum
699 621 956 662 ministrorum,
984 622 1063 666 qui-

79 666 146 700 bus
162 680 277 701 carere
295 671 501 713 gubernatio
520 683 592 704 non
612 677 734 715 potest.

181 726 295 760 Credo
315 728 416 760 etiam
434 728 614 772 Principes
632 737 755 763 natura
772 731 974 773 magnificos
989 742 1062 763 non

81 782 218 810 tantum
241 779 472 820 necessitatis,
499 782 559 813 sed
585 780 780 823 splendoris
798 793 935 825 quoque
954 781 1062 814 ratio-

79 838 160 859 nem
186 825 366 869 habuisse,
393 831 451 863 sed
476 831 646 874 paulatim
672 830 737 874 ipsi
759 830 962 872 Pontifices,
988 843 1060 864 non

80 878 237 911 contenti
260 880 430 922 praediis,
464 892 553 925 quae
577 881 666 914 iuste
691 881 936 924 possidebant,
963 888 997 915 et
1017 883 1061 914 ad

78 938 162 960 usus
183 930 396 963 necessarios
414 931 492 964 data
509 937 626 971 erant,
654 931 859 965 invaserunt
874 932 910 964 in
928 932 1061 965 vicinas

76 979 328 1022 possessiones,
369 981 496 1024 partim
531 981 672 1021 fraude,
714 982 841 1025 partim
878 982 1061 1015 manifesta

76 1028 262 1069 violentia,
288 1036 321 1063 et
336 1031 476 1064 accessit
493 1031 588 1064 aliud
608 1032 729 1066 scelus.

179 1086 286 1121 Initio
317 1089 458 1132 praedia
481 1101 553 1121 non
574 1088 779 1133 Episcopis,
813 1091 871 1123 sed
895 1089 1061 1124 Ecclesiis

76 1139 207 1171 donata
226 1144 324 1177 sunt,
352 1146 390 1173 ut
408 1151 502 1172 nunc
518 1140 648 1173 dantur
663 1140 815 1180 reditus,
842 1148 900 1174 aut
918 1142 1060 1184 praedia

76 1189 292 1230 Academfis,
325 1200 389 1222 nec
421 1190 607 1234 quisquam
636 1202 728 1224 unus
756 1197 813 1236 est¹
835 1192 960 1224 aerarii
985 1190 1059 1224 Do-

75 1251 203 1273 mmus.

177 1286 224 1322 Et
248 1296 346 1322 vetus
369 1290 584 1322 consuetudo
609 1290 677 1321 suit
702 1290 913 1323 distribuere
936 1289 1061 1323 Eccle-

77 1339 205 1371 siarum
231 1339 364 1370 reditus
388 1338 424 1369 in
448 1344 598 1381 quatuor
615 1344 745 1380 partes:
775 1339 886 1381 prima
905 1346 979 1372 erat
994 1341 1057 1372 do-

75 1389 227 1422 centium
249 1395 280 1420 et
298 1388 520 1420 discentium.
574 1387 735 1420 Secunda
753 1388 907 1421 iudicum
925 1396 958 1421 et
971 1390 1059 1421 alio-

75 1450 153 1471 rum
186 1437 449 1474 ministrorum,
484 1437 545 1478 qui
578 1437 855 1469 nominabantur
880 1436 1058 1471 διάκονοι.

75 1487 193 1520 'sertia
214 1497 418 1530 pauperum.
471 1484 605 1527 Quarta
621 1485 903 1518 aedificationum
920 1494 953 1520 et
970 1488 1058 1520 alio-

73 1548 151 1570 rum
168 1536 460 1581 quotidianorum
476 1542 690 1578 sumptuum.
744 1534 838 1568 llaec
854 1537 1056 1570 distributio

73 1585 217 1621 honesta
241 1586 326 1626 suit,
353 1592 386 1619 et
411 1592 521 1618 certos
545 1592 722 1629 questores
738 1582 881 1625 habuit,
906 1598 945 1620 ac
963 1587 1057 1620 scitis

73 1638 111 1670 in
141 1636 239 1670 omni
265 1636 540 1679 gubernatione,
574 1636 800 1680 quantumvis
825 1637 967 1678 exigua,
1004 1644 1056 1670 ta—

71 1699 154 1720 men
184 1687 377 1720 multorum
410 1684 597 1719 homiuum
622 1697 728 1730 opera
753 1693 787 1719 et
808 1687 929 1720 multis
953 1688 1056 1721 rebus

72 1749 160 1782 opus
178 1749 260 1770 esse.

174 1787 272 1821 Talis
289 1795 403 1821 autem
421 1800 499 1820 cum
515 1786 616 1819 initio
631 1787 750 1820 suisset
766 1794 930 1831 questura
946 1787 1055 1820 sacul-

70 1846 180 1873 tatum
213 1838 544 1877 ecclesiasticarum,
578 1838 718 1883 tyranni
746 1837 931 1870 Pontifices
958 1850 1054 1870 aera—

71 1890 123 1923 tia
148 1889 190 1922 ad
211 1900 281 1921 sese
299 1889 563 1922 transtulerunt.
616 1886 668 1921 Ea
685 1900 773 1932 quae
790 1888 1006 1920 discentibus
1023 1895 1055 1921 et

71 1951 160 1985 quae
184 1939 394 1983 pauperibus
422 1938 588 1972 attributa
608 1939 765 1978 fuerant,
792 1938 858 1981 ipsi
884 1938 1055 1971 interver-

71 1996 207 2030 terunt,
255 1990 416 2022 umbram
449 1989 603 2033 aliquam
634 1989 847 2022 iudiciorum
879 1989 1055 2032 potentiae

70 2051 172 2073 causa
188 2039 421 2074 retinuerunt.

173 2097 223 2131 Ita
247 2098 316 2130 iam
343 2109 438 2139 reges
454 2098 535 2131 sacti
550 2125 558 2137 ,
585 2097 752 2130 sruuntur
765 2097 890 2130 alienis
908 2097 1053 2130 faculta-

69 2150 181 2188 tibus,
216 2154 382 2192 tanquam
418 2148 590 2192 propriis,
625 2154 657 2181 et
685 2148 773 2182 sicut
793 2148 961 2191 scriptum
986 2155 1052 2181 est:

69 2198 284 2235 llelluantur
299 2199 342 2231 de
358 2199 566 2244 elemosynis
585 2198 744 2242 publicis.

170 2256 365 2291 Creverunt
396 2264 512 2290 autem
536 2269 614 2290 cum
641 2258 765 2300 opibus
787 2264 826 2291 ut
849 2257 940 2296 dixi,
971 2269 1050 2289 cum

68 2309 136 2342 alia
166 2308 268 2349 vitia,
309 2314 383 2341 tum
408 2319 491 2340 vero
518 2308 668 2340 maxime
690 2307 816 2342 iniusta
841 2308 1051 2340 dominandi

68 2359 261 2403 cupiditas,
294 2357 406 2391 nostri
426 2357 657 2401 Imperatores
681 2365 753 2391 arte
775 2359 929 2402 oppressi
957 2365 1051 2398 sunt,

68 2421 146 2442 cum
165 2409 255 2441 bella
273 2409 437 2441 adversus
455 2408 626 2441 Henricos
642 2408 814 2450 Quartum
831 2408 1050 2451 etQuintum

67 2470 208 2493 accensa
228 2465 327 2498 sunt,
350 2465 389 2492 ut
406 2459 471 2492 alia
489 2460 598 2492 multa
614 2459 783 2495 omittam.

169 2516 237 2550 Per
253 2528 325 2549 sese
343 2524 455 2550 autem
473 2518 563 2550 bella
582 2517 758 2550 doctrinas
775 2524 807 2550 et
825 2519 1047 2562 disciplinam

68 2568 202 2606 delent,
239 2574 269 2601 et
299 2579 377 2599 cum
410 2566 595 2601 Pontifices
630 2567 694 2610 ipsi
732 2568 819 2601 siunt
852 2570 1049 2611 bellatores,

68 2618 178 2651 multo
196 2618 302 2659 magis
320 2617 357 2650 fit
373 2618 466 2661 quod
486 2626 583 2652 vetus
598 2619 700 2662 poiita
718 2618 822 2651 dixit:

155 2678 312 2720 Spernitur
329 2686 426 2710 orator
445 2681 556 2719 bouus,
585 2681 720 2712 horridus
736 2683 821 2712 miles
837 2690 959 2720 amatur,

499 129 656 170 DECL.
699 133 772 170 DE
806 133 1180 170 PONTIFICUM
1214 134 1558 176 AMBITIONE
1592 150 1676 176 mc:

2024 146 2099 183 206

1222 220 1331 256 Multi
1354 224 1460 266 igitur
1481 226 1559 259 tetri
1576 238 1711 261 errores
1727 239 1798 261 non
1814 230 1927 262 solum
1945 231 1987 264 de
2003 243 2098 265 com-

1118 273 1282 305 menticia
1313 281 1479 316 potestate
1503 275 1732 319 Pontificum,
1766 280 1836 322 sed⁴
1851 281 1962 315 multo
1989 282 2099 325 magis

1119 324 1161 354 de
1178 322 1296 365 impiis
1311 323 1463 358 culthus
1480 327 1674 361 confirmati
1694 336 1789 363 sunt.

1220 381 1315 414 Haec
1343 382 1496 425 ingentia
1521 386 1612 418 mala
1637 388 1771 420 nullius
1794 389 1992 434 eloquentia
2017 389 2099 423 satis

1118 431 1301 475 deplorare
1334 440 1458 475 potest.
1523 434 1664 477 Quanta
1694 438 1884 471 libidinum
1915 440 2097 483 turpitudo

1118 489 1168 515 est
1190 482 1227 515 in
1248 483 1436 525 pontificiis
1455 485 1596 518 lustris?
1650 486 1830 527 Quantum
1851 490 1933 521 mali
1951 490 1988 521 in
2008 489 2098 523 Mis-

1117 532 1180 572 sis,
1206 532 1244 565 in
1269 533 1396 576 quibus
1420 536 1568 569 adorant
1583 534 1698 569 Deum
1715 548 1823 580 ¹suum
1842 538 2010 581 Maosim,
2037 550 2098 572 seu

1116 581 1267 616 Mazam.

1218 641 1282 674 llis
1303 643 1439 684 magnis
1462 643 1650 677 sceleribus
1666 644 1766 677 valde
1781 645 1914 679 irritari
1929 645 2017 679 iram
2031 646 2098 680 Dei

1116 704 1189 725 non
1207 692 1442 726 dubitandum
1459 701 1519 727 est.

1216 748 1292 783 Etsi
1318 757 1432 784 autem
1451 763 1546 784 nunc
1561 752 1603 784 de
1621 758 1715 785 tanta
1732 753 1964 796 amplitudine
1980 765 2099 786 rerum

1116 801 1251 844 prolixe
1276 801 1345 834 dici
1370 813 1443 833 non
1463 808 1593 844 potest,
1620 809 1737 835 tamen
1761 800 1844 836 haec
1862 804 2099 836 commonefa-

1115 851 1183 885 ctio
1204 851 1383 884 iuniorum
1403 863 1504 884 causa
1523 853 1667 895 repetita
1689 859 1755 893 est,
1782 860 1820 886 ut
1838 860 1871 886 et
1889 854 2039 896 cogitent
2055 855 2099 886 de

1116 901 1294 934 erroribus
1321 902 1526 944 pontificiis,
1563 909 1595 935 et
1630 903 1672 935 de
1702 903 1753 936 ira
1776 901 1859 943 Dei,
1894 911 1926 936 et
1950 909 2099 948 querant

1116 952 1293 996 quomodo
1326 952 1393 984 sibi
1427 952 1554 984 rectius
1587 953 1769 985 consulere
1800 954 1945 996 possint.
2017 953 2099 986 Non

1114 1002 1320 1034 certandum
1338 1008 1387 1033 est
1404 1001 1516 1041 vitiis,
1544 1009 1747 1045 contemptu
1762 1004 2015 1042 doctrinarum,
2042 1015 2100 1035 ar-

1115 1052 1292 1094 rogantia,
1319 1051 1490 1091 vanhate,
1518 1051 1603 1084 luxu
1629 1064 1706 1084 cum
1731 1053 1882 1085 factione
1907 1053 2100 1095 pontificia,

1114 1103 1172 1134 sed
1189 1102 1305 1134 studio
1320 1108 1409 1133 recta
1428 1101 1605 1142 discendi,
1632 1103 1770 1135 ardenti
1786 1102 2007 1136 invocatione
2022 1101 2100 1142 Dei,

1115 1152 1170 1196 pia
1189 1163 1327 1184 morum
1345 1151 1610 1193 gubernatione.

1214 1209 1310 1242 Ilaec
1333 1210 1402 1242 sint
1428 1210 1600 1252 praesidia
1618 1210 1784 1243 adversus
1802 1212 1891 1244 mala
1910 1210 2100 1255 pontificia.

1114 1257 1243 1300 Orate,
1270 1260 1386 1303 inquit
1403 1258 1598 1301 Dominus,
1625 1272 1669 1293 ne
1689 1261 1868 1294 venientes
1885 1273 2018 1305 poenae
2036 1271 2099 1293 vos

1114 1310 1327 1353 opprimant.

1215 1364 1262 1398 Ut
1278 1371 1393 1398 autem
1410 1372 1501 1398 recte
1516 1367 1678 1399 invocare
1687 1366 1800 1401 Deum
1818 1369 2007 1411 possimus,
2033 1370 2097 1402 do-

1113 1416 1224 1447 ctrina
1248 1416 1290 1447 de
1313 1416 1404 1447 veris
1428 1416 1580 1450 cultibus
1601 1419 1750 1450 tenenda
1767 1425 1835 1458 est,
1863 1425 1896 1451 et
1913 1419 2097 1451 conversio

1112 1465 1153 1496 ad
1180 1463 1293 1496 Deum
1319 1466 1508 1497 necossaria
1536 1472 1602 1502 est,
1632 1467 1719 1499 sicut
1745 1465 1835 1500 hanc
1862 1475 1894 1501 et
1918 1469 2097 1501 severissi-

1112 1525 1202 1545 mam
1228 1520 1260 1545 et
1283 1513 1520 1545 dulcissimam
1541 1515 1746 1546 concionem
1766 1517 1864 1548 Deus
1881 1529 1980 1560 saepe
1998 1530 2098 1561 repe-

1112 1563 1170 1595 tit:
1197 1561 1454 1595 Convertimini
1477 1564 1518 1595 ad
1538 1576 1611 1604 me,
1638 1571 1669 1597 et
1686 1575 1747 1606 ego
1765 1573 1948 1598 convertar
1964 1568 2006 1599 ad
2024 1579 2097 1600 vos.

1111 1610 1210 1644 Nihil
1230 1613 1378 1644 dubium
1401 1619 1449 1645 est
1475 1620 1615 1656 propter
1632 1614 1725 1647 idola
1743 1621 1775 1647 et
1794 1615 1958 1648 libidines
1978 1617 2099 1660 puniri

1111 1674 1217 1704 genus
1243 1660 1438 1695 humanum
1464 1660 1697 1696 horribilibus
1715 1666 1971 1698 mutationibus
1987 1666 2098 1709 impe-

1111 1713 1243 1745 riorum
1258 1740 1266 1753 ,
1294 1719 1326 1746 et
1350 1713 1436 1745 olim
1458 1713 1500 1746 de
1523 1712 1638 1747 Roma
1663 1714 1700 1746 in
1718 1714 1904 1760 Sibyllinis
1930 1716 2098 1749 carmini-

1111 1764 1174 1796 bus
1192 1763 1325 1796 dictum
1344 1770 1408 1796 est:

1236 1818 1324 1860 ῥώμη
1347 1820 1404 1857 μὲν
1427 1818 1508 1860 ῥύμη
1532 1818 1629 1850 ἴσεται
1653 1822 1700 1851 καὶ
1725 1822 1818 1861 δῆλος
1840 1821 1967 1862 ἄδηλος.

1109 1872 1176 1905 Sed
1209 1885 1305 1904 nunc
1335 1885 1474 1917 quoque
1503 1885 1604 1905 ruere
1634 1886 1708 1906 eam
1738 1875 1915 1913 videmus,
1951 1881 1982 1907 et
2009 1875 2096 1907 scri-

1111 1930 1208 1965 ptum
1232 1929 1281 1955 est
1309 1923 1350 1955 de
1372 1922 1496 1955 ultimo
1519 1923 1670 1963 iudicio,
1697 1923 2045 1968 Pseudoprophetam
2063 1932 2096 1959 et

1110 1973 1189 2015 Gog
1213 1980 1246 2006 et
1266 1972 1394 2015 Magog
1419 1973 1522 2004 simul
1547 1973 1652 2005 abiici
1678 1973 1714 2005 in
1731 1981 1890 2007 aeternos
1908 1975 2093 2008 cruciatus.

1109 2023 1176 2056 Ubi
1195 2023 1413 2066 pontificium
1431 2021 1948 2067 regnumPseudoproplietam,
1968 2023 2048 2066 Gog
2060 2031 2094 2058 et

1110 2073 1236 2116 Magog
1249 2072 1440 2105 Turcicum
1457 2084 1603 2115 regnum
1620 2073 1798 2106 nominari
1814 2075 1968 2117 adparet.
2022 2073 2091 2107 Sed

1107 2131 1187 2157 ante
1203 2124 1345 2156 ultimas
1363 2134 1504 2165 poenas,
1531 2122 1714 2166 utriusque
1731 2124 1827 2167 regni
1845 2124 2001 2168 potentia
2018 2135 2092 2158 sae-

1109 2175 1232 2207 viciam
1251 2174 1286 2206 in
1304 2171 1498 2205 Ecclesiam
1516 2174 1698 2206 exercebit.

1210 2233 1248 2266 ln
1280 2230 1335 2264 liis
1365 2231 1470 2264 tantis
1502 2231 1682 2276 periculiS‚
1717 2238 1754 2264 ut
1779 2230 1971 2266 Ecclesiam
2000 2233 2092 2267 inter

1106 2295 1170 2316 nos
1193 2284 1285 2316 filius
1304 2281 1369 2315 Dei
1386 2281 1562 2315 Dominus
1585 2288 1700 2314 noster
1721 2280 1814 2314 lesus
1832 2281 1993 2316 Christus
2016 2296 2090 2318 ser-

1106 2342 1160 2368 vet
1191 2341 1367 2378 petamus,
1403 2338 1435 2365 et
1464 2332 1613 2364 sciamus
1640 2331 1896 2365 invocationem
1924 2341 2091 2374 nostram,

1105 2398 1176 2417 non
1201 2386 1273 2418 sore
1297 2384 1452 2421 irritam,
1477 2382 1505 2413 si
1530 2393 1609 2414 vera
1627 2381 1826 2415 animorum
1845 2385 2027 2416 conversio
2045 2386 2089 2417 ad

1104 2434 1217 2468 Deum
1241 2435 1316 2474 sict,
1348 2440 1380 2466 et
1405 2433 1446 2464 ad
1472 2429 1561 2463 lianc
1587 2432 1777 2464 necessaria
1804 2440 1852 2465 cst
1878 2434 1913 2465 in
1940 2434 2089 2475 singulis

1104 2485 1286 2527 diligentia
1321 2483 1580 2524 cognoscendae
1605 2494 1704 2514 verae
1727 2483 1927 2523 doctrinae,
1968 2484 2089 2526 Quare

1103 2537 1216 2569 sontes
1246 2534 1425 2567 doctrinae
1449 2532 1602 2565 studiose
1627 2532 1768 2571 discite,
1802 2533 1888 2566 sicut
1915 2535 2082 2577 scriptum

1103 2594 1170 2620 est:
1196 2586 1251 2618 Sis
1267 2583 1433 2616 adsiduus
1450 2590 1479 2615 et
1498 2589 1649 2616 attentus
1666 2582 1701 2615 in
1719 2583 1883 2625 lectione,
1910 2584 2083 2623 doctrina,

1102 2645 1134 2671 ct
1150 2634 1398 2670 consolatione.
1452 2628 1544 2667 Dixi.
