2324 2955
175 109 247 143 907

182 201 237 233 ut,
264 204 340 225 cum
363 190 487 224 Franci
515 189 582 221 late
608 188 894 225 dominarentur,
922 198 1046 230 magna
1071 198 1149 231 pars

184 244 300 276 (ier-ni
297 242 391 273 »niae
410 246 442 272 et
459 237 565 270 Galli
561 250 597 270 ie
616 234 783 270 Ivrancia
801 239 892 271 dicta
915 244 974 270 est.

280 288 409 322 [aneti
432 287 597 321 ἢὶίεῑιιΙι
613 288 656 320 ad
677 288 796 320 Albim
818 289 1063 330 procedentes,
1090 288 1151 320 de-

185 344 309 374 derunt
330 350 438 371 novas
454 338 704 381 appellationes
723 338 858 371 Silesiis
876 345 907 371 et
927 338 1047 371 multis
1064 337 1151 370 vici-

185 393 254 429 nis,
288 390 348 421 etsi
378 400 439 430 ego
472 388 613 432 quidem
638 388 817 428 existimo,
860 387 1014 421 Ilenetos
1048 387 1150 421 etiam

185 447 262 472 ante
296 437 462 471 (lottliica
496 446 652 481 tempora
692 438 819 471 mixtos
853 439 958 471 fuisse
991 439 1152 481 gentibus

184 489 406 528 'l’eutonicis,
443 488 522 532 quia
545 487 641 521 Dion
670 500 824 531 expresse
859 489 996 529 scrIbit,
1032 488 1153 521 Albim

185 539 268 572 oriri
288 539 323 570 in
343 538 520 571 montibus
533 538 745 571 Vandalicis.

284 589 387 632 Apud
408 588 569 621 Tacitum
589 595 669 621 sunt
685 587 833 633 Elysii,
862 588 1023 621 videlicet
1037 587 1153 622 Silesii

185 646 243 672 aut
258 638 392 671 Lusatii
406 665 414 678 ,
442 645 571 671 mutata
591 650 674 671 voce
694 639 729 671 in
748 651 872 670 sonum
892 639 1153 681 elegantiorem.

185 739 313 781 pendio
330 738 485 770 contenti
501 738 619 771 simus,

284 785 417 832 Pugna
434 786 629 820 Ilarminii
641 787 727 820 facta
747 794 795 821 est
813 788 848 819 in
859 787 1057 821 Westvalia
1079 799 1152 820 non

185 838 306 880 procul
324 850 340 869 a
360 837 555 875 Padeboru,
584 838 674 870 inter
693 837 818 870 fluvios
830 837 992 882 Lippiam
1010 845 1041 870 et
1054 838 1155 870 Ami·
1177 849 1179 858 t

186 888 284 920 siam.
337 886 395 920 Sic
423 887 516 919 enim
539 886 682 920 Tacitus
712 899 868 931 expresse
892 888 1022 932 inquit:
1056 887 1155 929 Qua-

185 948 321 980 cunque
348 942 516 969 vastatum
542 933 633 969 baud
652 938 772 980 procul
789 937 1068 979 Teutoburgensi
1086 938 1155 970 sal-

186 994 244 1024 tu,
273 987 308 1018 in
328 999 396 1030 quo
412 986 580 1030 reliquiae
594 985 678 1019 Vari
694 987 868 1028 legionum
882 1013 890 1029 ,
916 1000 1042 1031 eaeque
1062 988 1153 1019 inse-
1177 981 1179 986 λ

187 1036 303 1079 pultae
330 1037 547 1068 dicebantur.
615 1035 667 1069 Ibi
692 1035 899 1069 Harminius
925 1038 995 1069 dux
1020 1035 1155 1070 Cheru-

187 1097 322 1118 scorum
338 1085 707 1127 etLongobardorum,
733 1085 936 1118 utVelleius
955 1093 1090 1124 narrat,
1118 1086 1154 1117 id
1179 1100 1181 1111 ν

188 1142 253 1174 est,
279 1133 402 1167 harum
420 1135 601 1177 regionum
621 1135 712 1168 inter
727 1136 847 1167 Albim
865 1142 896 1168 et
913 1136 1045 1179 sylvam
1064 1134 1155 1167 Har-

187 1185 312 1217 ciniam
325 1211 333 1225 ,
361 1197 447 1228 quae
466 1197 559 1218 nunc
574 1185 714 1228 proprie
732 1197 860 1218 nomen
884 1183 1014 1218 habent
1032 1183 1155 1217 Saxo-

189 1234 291 1274 niae,
319 1246 378 1267 seu
401 1235 552 1276 regionIS
570 1234 890 1278 Meideburgensis,
920 1234 1156 1267 Goslariensis

188 1292 217 1316 et
239 1283 523 1322 Brunsvicensis,
551 1285 680 1317 delevit
704 1292 773 1317 tres
789 1284 969 1318 Romanas
993 1285 1156 1327 legiones,

188 1332 346 1379 Quintil.
367 1331 496 1367 Varus
514 1334 579 1366 sibi
601 1334 664 1377 ipsi
683 1342 827 1367 mortem
851 1336 1028 1369 conscivit.
1081 1334 1156 1368 Ro-

186 1395 261 1415 mae
293 1383 371 1416 ideo
402 1390 498 1416 tanta
530 1384 763 1416 consternatio
789 1385 875 1425 suit,
918 1392 956 1418 ut
979 1385 1156 1426 Augustus

189 1445 287 1477 saepe
314 1434 534 1466 exclamaret:
573 1432 727 1475 Quintili
748 1435 852 1467 redde
876 1435 1048 1477 legiones,
1075 1435 1157 1478 quia

187 1484 388 1516 metuebant
408 1483 632 1516 Ilarminium
657 1490 748 1517 recta
772 1485 808 1516 in
829 1483 964 1517 Italiam
990 1485 1158 1517 transitu-
1181 1498 1182 1503 ¹

189 1545 266 1565 rum
285 1545 372 1572 esse,
398 1540 438 1565 ut
456 1534 539 1566 olim
557 1532 692 1566 Cimbri
710 1534 872 1568 fecerant.
928 1534 995 1567 Sed
1011 1541 1083 1567 arte
1102 1546 1159 1567 re-

189 1594 325 1626 pressus
341 1590 389 1615 est
408 1582 632 1623 llarminius‚
660 1584 742 1628 quia
768 1586 933 1617 adversus
952 1597 1030 1618 eum
1050 1585 1159 1617 vicini

190 1633 352 1665 conducti
368 1639 470 1674 sunt,
494 1634 537 1666 ab
554 1633 659 1666 altera
686 1641 782 1677 parte
799 1634 955 1675 Boiemi‚
982 1635 1026 1667 ab
1052 1635 1159 1667 altera

188 1683 304 1716 Suevi.

290 1731 355 1764 llis
381 1730 542 1765 hostibus
556 1732 698 1764 domitis
716 1732 822 1764 crevit
838 1732 1016 1765 Ilarminii
1035 1739 1158 1776 poten-

190 1783 249 1822 tia,
272 1794 349 1814 curn
367 1782 435 1814 iam
453 1788 585 1814 teneret
600 1780 660 1814 has
677 1782 833 1824 regiones
850 1783 1044 1823 continuas,
1071 1795 1158 1827 quae

190 1844 285 1864 nuuc
303 1831 533 1864 nominantur
554 1831 766 1871 NVestvaliffi
792 1830 969 1870 flaminia,
997 1832 1160 1872 Saxonia,

190 1879 370 1921 Marchia,
397 1880 537 1926 Mysnia
559 1888 591 1914 et
616 1879 806 1921 Bohemia‚
843 1894 1010 1926 quarum,
1038 1882 1066 1914 si
1089 1882 1159 1915 sint

191 1932 395 1963 coniunctae
411 1938 443 1964 et
459 1932 657 1972 concordes,
684 1943 847 1974 magnum
869 1933 977 1965 robur
995 1944 1066 1965 esse
1084 1944 1159 1964 ma-

192 1982 352 2014 nifestum
375 1987 434 2015 est.

292 2030 380 2063 Cum
415 2037 528 2064 autem
563 2042 674 2064 annos
708 2031 893 2064 duodecim
928 2039 1005 2075 post
1029 2032 1159 2065 deletas

194 2080 359 2121 Quintilii
385 2081 537 2123 legiones
559 2081 706 2125 patriam
729 2088 761 2114 et
787 2082 916 2114 vicinas
931 2082 1087 2124 regiones
1105 2082 1159 2114 vi-

194 2138 265 2162 ctor
281 2131 457 2173 tenuisset,
483 2137 513 2163 et
533 2143 602 2163 non
624 2132 736 2164 solum
753 2131 864 2164 virtus
883 2132 967 2172 eius,
992 2133 1050 2164 sed
1067 2138 1159 2165 aetas

194 2181 293 2212 etiam
319 2181 550 2214 formidabilis
576 2187 682 2221 esset,
709 2182 791 2214 dolo
810 2181 946 2214 Tiberii
970 2182 1159 2225 imperato-

195 2231 242 2262 ris
263 2231 398 2272 cognati
425 2231 532 2274 ipsius
558 2232 740 2271 conducti,
768 2232 863 2264 domi
880 2244 957 2264 eum
977 2232 1159 2265 interfece-

195 2286 285 2311 runt.
340 2279 383 2313 Et
404 2287 522 2313 narrat
547 2281 689 2314 Tacitus
712 2281 932 2314 intersectum
963 2293 1034 2314 esse
1064 2294 1157 2315 anno

195 2330 313 2361 aetatis
331 2341 408 2362 suae
425 2331 599 2364 tricesimo
616 2332 774 2375 septimo,
815 2331 896 2365 Fuit
915 2332 1022 2374 igitur
1038 2332 1158 2375 singu-

193 2379 276 2411 laris
300 2386 442 2412 naturae
467 2382 693 2424 praestantia,
722 2394 800 2414 cum
824 2382 960 2415 iuvenis
976 2394 1031 2415 res
1046 2389 1158 2416 tantas
1183 2391 1185 2400 ¹

194 2429 344 2471 gesserit.
398 2429 551 2463 Tantum
579 2432 673 2464 enim
702 2432 853 2466 triennio
880 2432 1057 2477 superavit
1073 2433 1158 2466 Ale-

193 2479 315 2511 xandri
332 2486 489 2514 aetatem.

286 2527 458 2562 Existimo
476 2529 662 2571 Yirgilium
689 2532 729 2564 ad
753 2529 846 2565 hunc
862 2531 1087 2566 Harminium
1106 2533 1158 2566 al-

190 2579 320 2618 ludere,
336 2591 412 2611 cum
430 2579 537 2611 alium
551 2582 723 2623 quendam
742 2579 807 2614 lioc
823 2583 965 2615 nomine
979 2583 1156 2620 describit.

189 2628 270 2662 Fuit
293 2629 384 2662 enim
401 2626 596 2663 Cheruscos
616 2628 820 2665 Ilarminius
836 2632 970 2668 Romae
987 2633 1103 2667 obses:

414 104 621 142 SCRIPTA
648 104 722 138 PII.
751 100 867 139 MEL.
894 101 959 136 AD
986 100 1113 139 HIST.
1139 99 1282 139 PROF.
1309 97 1375 135 ΕΤ
1402 98 1591 137 PIIILOS.
1618 100 1937 140 SPECTANTIA.

1176 659 1177 676 3
1204 638 1312 680 leges,

286 688 358 721 Hac
376 689 473 720 brevi
487 689 670 721 nominum
684 689 913 733 explicatione
926 689 962 721 in
978 688 1043 722 hoc
1059 701 1154 721 com-
1177 702 1178 708 ¹

2106 105 2180 140 908

1302 187 1413 218 Deiicit
1430 188 1619 219 Herminium
1631 214 1639 228 ‚
1667 191 1747 220 nudo
1773 193 1821 220 cui
1837 193 1943 221 vertice
1960 193 2042 222 fulva

1303 237 1448 268 Caesaries
1459 263 1467 277 ,
1495 241 1626 280 nudique
1640 241 1775 280 humeri,
1803 253 1856 271 uec
1871 244 1993 272 vulnera
2008 249 2129 273 terrent.

1302 288 1417 319 Tantus
1434 292 1464 318 in
1480 301 1560 319 arma
1585 298 1676 329 patet.

1201 335 1296 369 Haec
1324 337 1366 369 de
1384 334 1546 381 Augusti
1569 338 1786 381 temporibus
1810 347 1996 373 annotasse
2019 339 2102 373 satis
2123 340 2178 379 sit,

1202 389 1244 419 de
1272 398 1339 430 qua
1367 388 1559 430 cogitantes
1591 389 1822 431 praesentiam
1845 387 1924 422 Dei
1956 390 1993 421 in
2018 389 2177 433 imperiis

1202 448 1440 479 agnoscamus.
1493 436 1582 470 Cum
1606 445 1698 471 totus
1723 439 1818 471 orbis
1835 445 2006 472 terrarum
2025 440 2179 472 extincto

1203 487 1314 528 Iulio,
1349 487 1513 520 civilibus
1535 488 1635 520 bellis
1659 489 1814 528 arderet,
1846 486 1940 521 Deus
1965 487 2060 522 hunc
2083 490 2181 522 iuve-

1203 549 1304 576 nem,
1340 537 1401 581 qui
1426 549 1499 570 non
1523 545 1596 571 erat
1626 538 1831 581 praeliator,
1864 538 2073 571 mirabiliter
2097 539 2193 572 texit*

1204 594 1235 620 et
1253 587 1406 627 adiuvit,
1433 594 1465 620 et
1482 599 1543 631 per
1558 599 1636 620 eum
1655 588 1807 621 restituit
1823 589 1858 620 in
1886 588 2034 632 imperio
2052 600 2181 632 pacem,

1350 638 1496 677 iudicia,
1538 644 1572 671 et
1601 639 1866 680 gubernationis
1897 638 2077 677 ordinem,
2111 650 2180 682 quo

1204 688 1297 720 stetit
1325 687 1579 731 aliquantisper
1603 689 1646 720 ad
1672 695 1826 731 posteros
1851 686 1934 721 baec
1963 686 2182 723 monarchia.

1204 736 1266 770 Est
1284 737 1389 779 igitur
1408 738 1587 779 Augustus
1605 738 1695 772 inter
1711 739 1901 782 sapientes,
1928 739 2041 771 bonos
2063 745 2096 772 et
2110 737 2182 772 uti·

1203 787 1252 819 les
1269 788 1385 829 generi
1405 785 1560 820 humano
1580 789 1757 832 principes
1776 790 2027 828 numerandus,
2046 795 2079 822 et
2095 799 2180 821 con-

1204 837 1430 870 siderandum
1457 845 1523 878 est,
1567 850 1729 881 magnam
1755 839 1974 882 sequentium
1998 838 2182 871 dissimili-

1205 888 1362 919 tudinem
1380 899 1470 927 esse,
1497 894 1535 921 ut
1560 889 1653 922 dona
1671 888 1735 922 Dei
1761 889 2001 922 discernamus
2029 900 2047 921 a
2074 888 2182 932 pesti-

1204 937 1269 970 bus
1286 938 1421 980 geueris
1438 935 1598 973 humani.

1306 1037 1411 1068 Anno
1436 1037 1562 1069 mundi
1591 1044 1643 1070 ter
1671 1037 1876 1078 millesimo,
1916 1038 2180 1080 nongentesimo

1206 1085 1459 1129 septuagesimo
1485 1097 1593 1119 nono.

1307 1135 1414 1167 Anno
1432 1147 1449 1167 a
1469 1135 1610 1168 condita
1626 1134 1742 1169 Roma
1764 1135 2071 1179 septingentesimo
2086 1147 2182 1170 sexa-

1178 1212 1180 1217 ,
1205 1185 1335 1227 gesimo
1354 1185 1513 1228 septimo.

1307 1235 1414 1267 Anno
1442 1246 1461 1268 a
1490 1241 1572 1268 nato
1598 1230 1749 1268 Christo
1781 1247 1820 1267 ex
1852 1235 1988 1279 virgine
2015 1235 2182 1280 septimo-

1180 1308 1181 1312 η
1206 1284 1354 1318 decimo.

1306 1332 1479 1368 Tiberius
1514 1333 1711 1380 imperator·
1741 1335 1907 1368 successit
1931 1332 2117 1379 Auguslo‚
2150 1342 2183 1369 et

1208 1384 1323 1418 statim
1348 1385 1449 1418 initio
1471 1384 1621 1418 Senatus
1645 1385 1680 1416 in
1708 1385 1781 1417 cius
1799 1391 1875 1418 acta
1892 1385 2034 1418 iuravit.
2089 1385 2182 1419 Fue-

1208 1441 1260 1467 rat
1278 1442 1392 1468 autem
1410 1436 1594 1478 adoptatus
1608 1435 1650 1467 ab
1670 1435 1839 1477 Augusto,
1862 1447 1939 1467 cum
1960 1442 2046 1468 esset
2060 1434 2184 1469 Liviae

1208 1485 1300 1518 filius
1312 1511 1321 1525 ,
1348 1492 1380 1518 et
1397 1485 1619 1529 prudentiam
1636 1497 1674 1517 ac
1692 1485 2038 1528 circumspectionem
2056 1485 2130 1518 eius
2146 1486 2183 1518 in

1209 1535 1368 1577 regendis
1384 1535 1591 1568 exercitibus
1607 1534 1785 1577 Angustus
1805 1535 1997 1578 probasset.
2050 1534 2184 1569 Tenuit

1210 1585 1396 1628 imperium
1415 1597 1525 1617 annos
1543 1584 1668 1626 viginti
1686 1591 1765 1618 tres,
1814 1584 1933 1617 Mores
1951 1585 2076 1628 privati
2094 1597 2182 1629 qua·

1210 1635 1258 1666 les
1275 1635 1424 1675 fuerint,
1451 1634 1685 1676 significanter
1702 1634 1855 1667 ostendit
1872 1634 2059 1677 descriptio
2077 1634 2183 1667 Prae-

1210 1684 1378 1726 ceptoris‚
1417 1696 1495 1716 cum
1526 1683 1725 1716 nominavit
1757 1694 1836 1714 enm
1869 1683 1982 1716 lutum
2013 1684 2184 1726 sanguine

1210 1740 1434 1767 maceratum.
1487 1732 1569 1764 Fuit
1587 1732 1680 1764 enim
1697 1739 1820 1764 natura
1840 1732 2012 1773 insuavis,
2040 1733 2185 1774 ironica,

1211 1789 1243 1814 et
1260 1783 1443 1814 saeviciam
1461 1781 1715 1825 aliquantisper
1731 1781 1920 1822 occultans,
1936 1789 1968 1816 et
1984 1789 2099 1816 tamen
2119 1784 2184 1816 im-

1212 1844 1320 1876 pura,
1347 1844 1446 1864 saeva
1470 1843 1508 1864 ac
1528 1831 1659 1871 lupina.

1312 1882 1417 1915 Auno
1441 1881 1704 1926 quintodecimo
1730 1879 1866 1914 Tiberii
1892 1877 2067 1915 Christus
2089 1895 2183 1917 anno

1211 1931 1384 1964 tricesimo
1419 1931 1540 1965 aetatis
1573 1942 1655 1964 suae
1683 1931 1873 1973 baptisatus
1905 1938 1956 1965 est
1979 1944 1998 1965 a
2022 1931 2182 1967 Iohanne

1210 1981 1377 2024 Baptista.
1430 1981 1591 2025 Suntque
1615 1981 1766 2014 illustria
1791 1981 1991 2015 testimonia
2008 1983 2184 2027 baptismo

1211 2032 1349 2071 addita,
1384 2032 1420 2064 in
1450 2032 1579 2076 quibus
1611 2043 1646 2064 se
1675 2030 1770 2064 Deus
1799 2032 1981 2066 manifeste
2012 2034 2185 2076 patefecit,

1211 2094 1299 2126 quae
1317 2082 1497 2124 cogitanda
1515 2087 1596 2114 sunt
1612 2081 1769 2126 quotidie
1788 2081 1823 2114 in
1842 2082 2082 2123 invocatione,
2105 2096 2185 2117 cum

1212 2132 1443 2165 discernimus
1476 2137 1632 2164 nostram
1668 2132 1926 2165 invocationem
1961 2133 2005 2166 ab
2036 2131 2186 2174 ethnica,

1211 2188 1434 2225 agnoscentes
1458 2188 1638 2216 aeternum
1662 2188 1815 2226 patrem,
1854 2182 1966 2215 filium
1990 2182 2184 2216 Dominum

1211 2239 1370 2266 nostrum
1393 2232 1507 2266 lesum
1532 2229 1733 2272 Christum,
1761 2238 1794 2265 et
1820 2231 1991 2276 Spiritum
2015 2239 2186 2275 sanctum,

1201 2290 1245 2316 ·et
1270 2283 1459 2326 cogitantes
1488 2294 1550 2315 cur
1573 2283 1707 2317 miserit
1724 2288 1884 2315 aeternus
1905 2288 2001 2325 pater
2022 2282 2132 2315 filium
2151 2290 2185 2317 et

1212 2332 1384 2376 Spiritum
1410 2339 1578 2368 sanctum.
1631 2331 1699 2366 Hic
1720 2343 1840 2365 rursus
1865 2332 2080 2365 admonendi
2103 2340 2185 2367 sunt

1212 2383 1368 2416 iuniores
1399 2384 1441 2416 de
1474 2383 1713 2426 praedictione
1735 2381 1912 2421 Danielis,
1947 2382 2046 2415 cuius
2078 2384 2183 2416 verba

1211 2445 1290 2466 cum
1313 2435 1356 2467 de
1377 2434 1497 2467 multis
1520 2434 1655 2475 magnis
1678 2433 1781 2466 rebus
1805 2442 1869 2464 nos
1886 2432 2035 2466 doceant
2051 2439 2084 2467 et
2098 2445 2183 2465 con-

1211 2484 1367 2524 firment,
1402 2495 1500 2528 saepe
1533 2484 1716 2527 cogitanda
1746 2488 1839 2516 sunt.
1891 2480 2184 2526 Complectuntur

1212 2534 1306 2566 enim
1320 2532 1505 2577 Evangelii
1521 2544 1711 2570 summam,
1736 2539 1769 2565 et
1794 2532 1899 2565 simul
1920 2532 2080 2566 indicant
2094 2539 2185 2566 tem-

1210 2595 1293 2626 pus,
1328 2596 1397 2629 quo
1419 2584 1565 2618 Messias
1595 2590 1628 2616 et
1658 2582 1930 2616 concionaturus
1962 2589 1995 2616 et
2018 2593 2183 2626 passurus

1211 2641 1294 2676 erat,
1317 2641 1428 2669 stante
1445 2631 1558 2669 adhuc
1576 2632 1786 2679 lerosolyma
1798 2659 1807 2674 ‚
1832 2639 1866 2666 et
1884 2632 2072 2668 adfirmant
2088 2633 2184 2667 sutu-
