2324 2955
142 108 214 142 873
822 105 850 142 1.

242 190 398 224 Annibal
436 203 514 224 cum
549 191 691 233 sugiSset
724 190 766 223 ad
795 188 1030 229 Antiochum,
1080 202 1118 222 ac

139 241 267 275 deinde
293 243 335 274 ad
354 241 514 274 Prusiam
530 239 719 285 Bithyniae
748 252 883 283 regem,
919 253 1012 274 anno
1040 246 1118 284 post

139 292 243 324 finem
276 289 381 324 huius
408 291 492 324 belli
522 290 670 334 septimo
702 291 837 324 decimo
870 297 1028 324 mortuus
1058 297 1118 331 est,

138 348 278 385 sumpto
301 353 435 374 veneno
459 353 536 373 cum
556 340 698 373 Prusias
724 352 802 373 eum
819 340 992 374 Romanis
1019 340 1118 373 dedi-

138 398 238 425 turus
264 397 360 424 esset.
427 389 474 423 Et
499 391 664 423 scribitur
689 392 809 423 eodem
835 403 929 423 anno
960 398 1117 424 mortuos

139 453 211 474 esse
222 441 437 474 Annibalem
453 440 715 484 etScipionem,
745 442 804 485 qni
823 453 895 473 non
913 442 1026 474 solum
1042 442 1116 473 sor-

139 491 308 531 titudine‚
336 491 477 524 scientia
497 492 544 523 rei
564 491 724 524 militaris
745 498 776 523 et
793 492 980 525 foelicitate
1004 491 1115 524 excel-

138 542 224 581 luit,
254 542 313 574 sed
333 541 434 574 etiam
455 541 610 580 iusticia,
638 541 856 574 continentia
880 548 912 574 et
937 541 1116 580 modestia,

138 602 242 635 quam
260 592 411 625 ostendit
430 592 589 624 secedens
610 591 645 622 in
666 603 743 629 rus,
771 603 834 624 nec
851 603 996 624 movens
1007 590 1113 624 Rem-

138 642 313 684 publicam
331 641 509 674 lacessitus
525 640 724 674 tribuniciis
744 642 1059 674 criminationibus.

323 743 390 776 De
419 741 558 776 bellis
586 741 927 776 Macedonicis.

240 824 366 858 Paucis
389 826 569 858 mensibus
589 831 665 868 post
685 824 789 856 finem
814 823 1043 868 heltiQPunici
1063 835 1116 857 se-

138 875 262 916 cundi,
289 876 451 909 videlicet
469 887 562 908 anno
587 886 605 907 a
633 875 773 907 condita
796 874 884 906 urbe
907 874 1115 917 quingente-

139 926 227 958 simo
253 925 543 970 quinquagesimo
571 924 711 969 quinto,
750 929 883 955 motum
909 930 958 955 est
982 924 1114 956 bellum

137 977 304 1010 adversus
327 972 544 1021 Philippum
578 984 692 1015 regem
717 972 1007 1011 Macedonicum,
1054 985 1116 1016 pa-

139 1033 228 1058 trem
244 1021 382 1062 Persei,
419 1025 480 1069 qui
504 1024 606 1056 initio
631 1034 710 1055 cum
728 1020 828 1055 Arati
847 1021 1005 1066 Sicyonii
1032 1036 1115 1056 con-

139 1074 227 1107 siliis
257 1081 455 1118 regeretur,
504 1080 648 1106 naturae
680 1072 862 1105 saeviciam
896 1084 968 1104 non
998 1075 1114 1106 statim

138 1125 313 1164 ostendit,
340 1131 483 1168 eratque
507 1125 549 1156 de
574 1135 613 1155 eo
640 1134 763 1164 magna
782 1122 975 1155 industriae
992 1130 1025 1156 et
1043 1125 1114 1156 vir-

138 1175 222 1209 tutis
239 1175 373 1218 opinio,
423 1174 546 1207 Postea
567 1185 649 1205 vero
673 1180 705 1205 et
729 1171 940 1204 libidinibus
964 1173 1058 1206 varie
1081 1186 1115 1206 se

137 1224 283 1268 polluit,
317 1231 349 1258 et
372 1235 534 1267 magnam
558 1222 799 1256 crudelitatem
823 1222 985 1255 exercuit.
1046 1223 1114 1257 Sed

137 1274 305 1308 scelerum
331 1286 461 1318 poenas
486 1273 593 1307 dedit.
645 1272 756 1304 Vetus
779 1272 885 1314 igitur
909 1272 1115 1306 vaticinium

137 1324 305 1358 discernit
337 1323 543 1367 Philippum
578 1321 771 1355 Alexandri
812 1328 945 1364 patrem
977 1323 1020 1354 ab
1050 1322 1115 1357 hoc

137 1374 342 1419 posteriore.
412 1373 543 1406 Extant
571 1383 690 1404 versus
722 1371 813 1415 apud
842 1370 1050 1406 Pausaniam
1077 1376 1114 1407 in

136 1422 319 1464 Achaicis,
353 1423 452 1466 digni
469 1422 655 1455 memoria:

185 1475 221 1506 In
237 1476 395 1507 Macedum
410 1478 530 1516 populis
547 1476 705 1505 clarissima
722 1484 811 1512 regna
827 1476 971 1504 tenebunt

189 1526 309 1566 Argiva
324 1528 358 1556 de
374 1529 464 1566 stirpe
480 1528 593 1556 bonum
609 1526 827 1563 damnumque,
856 1524 990 1561 Philippi,

187 1577 305 1606 Horum
322 1578 373 1618 qui
389 1580 470 1616 prior
486 1583 528 1606 est
539 1599 546 1613 ‚
573 1582 672 1614 gentes
688 1576 833 1613 urbesque
849 1575 992 1611 domabit,

189 1626 248 1657 Sed
264 1630 369 1657 veteris
385 1630 469 1666 regni
487 1626 588 1666 perdet
606 1626 694 1654 decus
714 1635 802 1653 omne
817 1625 973 1653 secundus.

193 1678 226 1706 A
242 1680 365 1717 populis
381 1680 476 1707 victus
488 1700 495 1714 ‚
524 1687 597 1716 quos
613 1678 731 1704 mittent
746 1673 861 1713 Vesper
878 1682 903 1703 et
924 1673 1027 1703 Ortus.

141 1741 313 1775 Vicerunt
334 1741 428 1774 enim
450 1737 545 1772 hunc
570 1738 797 1782 posteriorem
820 1736 1025 1781 Philippum
1042 1737 1117 1772 Ro-

140 1792 255 1831 mani,
281 1791 392 1825 adiuti
408 1803 426 1823 a
445 1794 536 1823 socio
549 1800 628 1832 rege
646 1785 793 1825 Attalo,
821 1788 882 1831 qui
900 1789 1013 1822 tenuit
1031 1788 1117 1821 Per-

142 1853 281 1885 gamum
299 1848 331 1875 et
348 1841 526 1874 viciniam.

243 1890 391 1925 Occasio
421 1890 506 1923 belli
540 1887 623 1921 haec
649 1888 730 1920 suit:
771 1883 957 1931 Philippus
986 1888 1117 1921 bellum

142 1942 309 1976 intulerat
318 1939 614 1979 Atheniensibus,
641 1944 680 1970 ut
695 1948 791 1979 reges
809 1944 983 1971 conantur
1000 1939 1119 1982 oppri-

142 2004 238 2026 mere
262 1992 394 2025 vicinas
418 1991 540 2029 urbes,
577 1989 703 2033 opibus
727 1994 760 2020 et
785 1987 917 2020 artibus
944 1988 1120 2024 florentes.

142 2042 316 2076 Incitabat
338 2042 442 2076 etiam
469 2052 547 2074 eum
573 2034 772 2082 κακοζηλία
795 2037 923 2081 prioris
950 2036 1119 2082 Philippi.

144 2092 264 2135 Quare
288 2090 524 2126 Athenienses
552 2102 570 2122 a
595 2088 768 2122 Romanis
791 2088 961 2120 auxilium
987 2096 1120 2132 petunt,

143 2143 203 2188 qui
220 2154 298 2176 cum
316 2142 448 2186 alioqui
466 2139 672 2183 Philippum
696 2138 873 2177 odissent,
900 2145 1042 2182 propter
1064 2151 1120 2172 50—

144 2193 303 2227 cietatem
329 2204 432 2237 quam
454 2203 532 2224 cum
549 2188 727 2223 Annibale
750 2188 896 2229 fecerat,
932 2196 964 2222 et
989 2189 1121 2231 glorio-

144 2242 221 2277 sum
236 2249 323 2277 esset
338 2242 525 2275 defendere
536 2236 719 2277 Athenas,
745 2239 1020 2271 laudatissimam
1036 2240 1122 2272 civi-

145 2300 270 2334 tatem,
296 2305 315 2327 a
336 2304 403 2338 qua
421 2291 575 2326 Romani
593 2291 701 2332 leges,
729 2289 878 2322 sormam
898 2289 1123 2331 iudiciorum,

147 2350 180 2377 et
196 2344 305 2377 multa
323 2341 469 2377 honesta
486 2340 641 2385 exempla
660 2345 885 2383 acceperant,
910 2340 1042 2373 belluni
1061 2342 1123 2373 ad·-

146 2405 268 2428 versus
287 2391 493 2438 Philippum
517 2397 670 2425 movent.
722 2387 774 2423 Ac
801 2388 904 2423 initio
929 2391 1041 2424 socios
1061 2389 1124 2424 ha-

146 2446 301 2479 buerunt
319 2454 433 2487 regem
449 2440 608 2477 Attalum
628 2448 661 2474 et
677 2438 836 2475 Aetolos.

250 2493 333 2528 Fuit
347 2500 461 2527 autem
478 2493 648 2526 excellens
664 2491 787 2531 virtus,
814 2490 985 2524 foelicitas
1001 2499 1033 2525 et
1048 2503 1125 2525 mo-

149 2544 285 2579 doratio
295 2545 394 2578 ducis
413 2540 458 2576 T.
475 2540 630 2588 Quintil
643 2538 833 2575 Flann‘m'i
849 2540 1031 2579 Consulis,
1065 2543 1127 2587 qui

150 2594 357 2640 Philippum
376 2595 412 2627 in
431 2594 590 2627 saucibus
605 2592 724 2637 Epiri,
750 2599 784 2625 et
807 2591 935 2624 deinde
960 2592 996 2624 in
1013 2590 1127 2625 Thes-

152 2646 236 2680 salia
259 2646 354 2680 vicit.
408 2643 543 2677 Interea
565 2654 624 2676 rex
648 2641 789 2678 Attalus
814 2649 846 2676 et
862 2642 991 2676 Lucius
1012 2642 1129 2686 Quin-

198 2695 380 2730 ΜηΛΝ-Νι.
408 2697 513 2729 Orim.
539 2695 622 2728 Vox..
648 2694 727 2740 XII:

902 102 1193 140 CHROMCON
1221 103 1465 140 CARIONIS.

2082 110 2155 144 874

1174 190 1243 223 tius
1267 192 1373 224 frater
1388 190 1570 229 Consulis,
1599 191 1716 223 navali
1734 192 1865 235 praelio
1884 191 2041 238 Philippi
2069 196 2154 228 clas-

1174 252 1245 272 sem
1266 242 1441 280 xicerunt,
1469 247 1502 272 et
1519 239 1701 273 Euboeam
1717 251 1940 286 occuparunt.
1994 244 2058 277 Itis
2083 247 2153 278 cla-

1173 290 1276 323 dibus
1293 292 1421 323 sractus
1439 303 1554 333 pacem
1574 289 1760 334 Phiiippus
1787 304 1804 324 a
1821 292 1993 326 Romanis
2017 297 2153 338 petivit,

1172 352 1261 384 quae
1278 341 1307 373 ei
1328 338 1390 374 hac
1409 340 1612 373 conditione
1631 341 1708 373 data
1728 349 1795 382 est,
1823 350 1895 375 uta
1916 351 1984 376 tota
2004 344 2151 379 Graecia

1171 391 1378 431 abstineret,
1423 398 1454 423 et
1485 392 1653 433 penderet
1679 390 1851 424 RomanIs
1883 394 1979 427 mille
2011 395 2149 435 talenta,

1171 440 1206 472 id
1225 448 1292 478 est,
1320 447 1477 473 sexcenta
1498 441 1609 473 millia
1629 448 1889 475 coronatorum.

1270 506 1347 541 Etsi
1373 514 1486 539 autem
1514 505 1598 540 haec
1628 507 1773 540 victoria
1800 508 1965 541 Flaminii
1997 512 2146 553 gloriosa

1169 558 1254 598 suit,
1289 564 1405 590 tamen
1437 568 1584 602 sequens
1609 568 1685 599 erga
1714 557 1898 590 Graeciam
1922 561 2147 596 beneficentia

1169 608 1280 640 multo
1316 607 1503 649 gloriosior
1536 607 1619 646 snit,
1672 619 1749 640 cum
1785 615 1946 650 superato
1981 609 2146 656 Philippo

1171 656 1323 690 Graecae
1340 658 1495 690 civitates
1514 668 1547 688 se
1560 656 1731 689 Romanis
1747 658 1996 700 adiungerent,
2025 668 2055 693 et
2075 663 2145 704 ipse

1171 708 1424 740 discordiarum
1455 707 1698 740 intestinarum
1725 708 1855 740 arbiter
1887 709 2013 750 sactus,
2058 712 2146 743 diri-

1170 765 1278 791 meret
1297 758 1567 796 controversias,
1594 768 1653 789 sna
1677 758 1917 790 moderatione
1941 760 2016 792 sine
2040 761 2147 795 bello.

1171 807 1292 840 Postea
1309 808 1345 839 in
1364 805 1519 840 Isthmiis
1545 814 1577 839 et
1592 806 1731 839 Nemeis
1754 808 1854 841 iussit
1881 809 2057 843 decretum
2082 824 2144 854 po-

1169 857 1406 900 puliRomani
1423 859 1560 900 publice
1577 857 1820 900 pronunciari:
1853 856 1957 892 Velle
1970 860 2144 905 populum

1168 904 1381 940 Romanam
1410 911 1439 938 el
1465 905 1508 941 Τ.
1532 904 1785 950 Flaminium,
1822 913 1858 940 etl
1887 913 1961 941 {ola
1987 908 2145 944 Graecia

1170 955 1285 990 libera
1302 956 1368 994 sil,
1399 960 1427 988 et
1444 956 1522 988 suis
1539 955 1678 1000 legibus
1699 962 1833 990 ulatur.
1887 958 1992 993 Ilunc
2010 969 2145 994 tantuin

1169 1005 1339 1041 honorem
1355 1006 1470 1040 Roma
1487 1005 1654 1038 Graeciae
1671 1014 1814 1050 propter
1829 1009 2004 1042 doctrinas
2017 1037 2024 1050 ‚
2056 1012 2145 1053 leges

1169 1065 1200 1091 et
1218 1058 1392 1090 maiorum
1410 1057 1574 1089 virtutem
1594 1054 1737 1097 habuit,
1767 1064 1799 1090 et
1817 1059 1975 1100 praebuit
1992 1061 2146 1103 imperiis

1170 1108 1366 1151 exemplum
1396 1107 1646 1139 moderationis
1670 1107 1706 1138 in
1731 1107 1893 1148 victoria,
1935 1116 1966 1142 et
1999 1112 2146 1151 monuit,

1169 1158 1270 1191 aliter
1292 1157 1447 1190 mitiores
1471 1163 1502 1189 et
1527 1157 1615 1189 bene
1640 1157 1781 1190 meritas
1808 1166 1925 1200 gentes
1951 1163 2146 1194 tractandas

1169 1219 1259 1247 esse,
1295 1219 1400 1251 quam
1432 1207 1524 1246 illas,
1567 1217 1652 1251 quas
1684 1214 1827 1250 propter
1851 1210 2089 1243 crudelitatem
2115 1219 2147 1245 et

1168 1257 1405 1301 turpitudines
1422 1257 1574 1300 opprimi
1592 1263 1651 1289 aut
1670 1257 1777 1290 deleri
1800 1270 1934 1291 necesse
1960 1268 2019 1295 cst.
2073 1261 2147 1294 Γω-

1168 1308 1263 1340 mani
1294 1306 1453 1340 beneficii
1489 1308 1524 1338 in
1555 1304 1726 1350 Delphico
1757 1308 1886 1350 templo
1918 1321 2145 1344 monumenta

1169 1369 1335 1401 suspensa
1357 1364 1457 1396 sunt,
1501 1356 1612 1400 clypei
1637 1358 1809 1397 argentei,
1850 1365 1881 1391 et
1905 1360 2045 1403 clypeus
2070 1361 2143 1396 Titi

1169 1407 1356 1444 Flaminii,
1383 1418 1461 1438 cum
1478 1404 1540 1439 hac
1560 1406 1807 1450 inscriptione:

1272 1468 1462 1508 Tyndaridae
1478 1468 1598 1505 fratres,
1626 1478 1755 1507 quorum
1772 1470 1830 1498 fuit
1848 1471 1957 1510 inclyta
1977 1473 2078 1506 virtus,

1323 1518 1468 1548 Custodes
1484 1521 1558 1546 inter
1576 1529 1648 1557 quos
1667 1520 1756 1548 modo
1772 1519 1878 1558 Sparta
1895 1524 1976 1550 colit.

1272 1567 1367 1607 Leges
1379 1592 1386 1604 7
1414 1567 1550 1598 Libertas
1566 1575 1593 1597 et
1612 1568 1675 1597 Pax
1692 1578 1759 1598 sunt
1777 1573 1889 1609 optima
1907 1573 1994 1605 «lona,

1323 1619 1403 1647 Haec
1422 1620 1549 1648 Graecae
1566 1622 1646 1657 genti
1664 1619 1711 1648 dat
1730 1619 1816 1649 Titus
1834 1621 1997 1651 Aeneades.

1275 1679 1407 1713 blansit
1430 1681 1464 1712 in
1492 1680 1638 1713 Graecia
1664 1681 1766 1714 Titus
1793 1683 1988 1717 Flaminius
2013 1686 2150 1718 circiter

1171 1729 1475 1774 quinquennium,
1497 1731 1578 1775 qnia
1595 1737 1778 1775 postquam
1796 1731 1959 1778 Philippo
1987 1748 2050 1778 pax
2073 1737 2149 1768 data

1172 1787 1241 1820 est,
1274 1793 1351 1813 cum
1378 1781 1510 1813 bellum
1538 1781 1682 1813 biennio
1708 1782 1882 1821 durasset,
1914 1785 2039 1829 reliqui
2066 1786 2148 1817 anni

1173 1832 1372 1874 consumpti
1407 1838 1488 1863 sunt
1522 1831 1557 1862 in
1588 1831 1835 1865 constituendo
1859 1833 2025 1867 Graeciae
2050 1842 2150 1875 statu,

1173 1882 1383 1924 occupandis
1400 1882 1532 1925 aliquot
1553 1879 1726 1913 Thraciae
1749 1883 1914 1921 urbibus,
1943 1891 1973 1916 et
2001 1892 2149 1918 txranuu

1173 1930 1348 1963 Laconico
1379 1931 1513 1963 Nabide
1544 1931 1778 1973 reprimendo,
1847 1932 1968 1966 Postea
2001 1924 2151 1967 sionnam

1173 1981 1295 2021 rediit,
1322 1992 1508 2026 serumque
1523 1980 1679 2013 obsidem
1699 1979 1915 2015 Demetrium
1940 1984 2048 2016 filiuin
2067 1983 2153 2017 Phi-

1174 2031 1260 2074 lippi
1280 2031 1435 2071 adduxit,
1463 2042 1565 2075 quem
1584 2030 1859 2066 tamenScnatus
1875 2034 2055 2079 aliquanto
2074 2043 2151 2079 post

1173 2083 1216 2114 ad
1234 2088 1364 2124 patrem
1381 2081 1525 2114 remisit.

1276 2139 1357 2173 Fuit
1380 2152 1444 2183 pax
1469 2139 1642 2174 Romanis
1666 2147 1839 2184 oportuna
1870 2154 1947 2176 cum
1976 2141 2152 2187 Philippo,

1174 2189 1255 2234 quia
1288 2202 1369 2222 mox
1403 2197 1589 2235 sequutum
1622 2198 1671 2224 est
1702 2192 1832 2224 bellum
1867 2204 1945 2225 cuin
1975 2192 2152 2227 Antiocho

1173 2237 1337 2285 DIagno,
1365 2253 1434 2285 quo
1452 2248 1607 2284 tempore
1623 2241 1651 2273 si
1670 2242 1848 2274 coniuncti
1868 2243 1938 2275 (luo
1961 2255 2055 2286 reges
2067 2245 2152 2277 suis-

1175 2298 1269 2331 sent,
1303 2291 1414 2323 multo
1437 2291 1614 2323 difficilius
1638 2291 1769 2323 bellum
1793 2291 1965 2325 Romanis
1997 2294 2151 2328 futurum

1175 2348 1258 2375 erat.
1324 2341 1464 2373 Motum
1491 2348 1539 2373 est
1565 2341 1695 2373 bellum
1723 2353 1800 2373 cuin
1823 2341 1999 2377 Antiocho
2031 2344 2152 2378 Tertio

1175 2404 1269 2426 anno
1288 2398 1366 2434 post
1383 2392 1533 2424 reditum
1547 2390 1622 2424 Titi
1638 2390 1803 2424 Flaminii
1822 2404 1861 2425 ex
1873 2392 2039 2434 Graecia,
2062 2408 2153 2427 anno

1177 2444 1221 2476 ab
1250 2443 1338 2475 urbe
1371 2442 1511 2474 condita
1540 2441 1828 2485 [quingentesimo
1861 2445 2069 2487 sexagesimo
2104 2459 2155 2477 se-

1178 2493 1313 2532 cundo,
1348 2493 1487 2525 duravit
1510 2492 1716 2533 biennium,
1750 2501 1911 2537 superato
1937 2494 2113 2529 Antiocho
2137 2509 2153 2528 a

1179 2543 1345 2587 Scipione
1364 2541 1518 2576 Asiatico
1542 2542 1649 2576 sratre
1674 2540 1888 2586 Aplwicani,
1920 2548 2009 2589 apud
2036 2547 2156 2578 urlwui

1181 2593 1426 2636 Magnesiam',
1478 2605 1572 2626 anno
1622 2593 1900 2638 quingentesimo
1949 2597 2157 2637 sexagesimo

1182 2650 1317 2690 quarto.
1371 2641 1455 2677 Asia
1473 2644 1559 2678 citra
1574 2644 1734 2678 Taurum
1751 2652 1905 2679 montem
1926 2647 2084 2689 adempta
2112 2653 2160 2679 cst

1472 2693 1521 2730 56
