2324 2955
204 136 272 172 139
739 128 896 165 DECL.

299 220 515 256 Reverenter
532 216 749 259 agnoscimus
768 220 801 248 et
815 215 964 248 fatemur
981 212 1076 249 hunc
1092 228 1171 249 vere

200 271 313 306 Deum
339 278 370 304 et
393 275 579 302 creatorem
602 277 672 298 esse
694 265 782 298 coeli
806 272 837 299 et
860 272 970 298 terrae
999 273 1031 299 et
1057 264 1172 299 homi-

200 334 304 359 num,
332 320 390 364 qui
409 329 442 349 se
461 316 620 360 patefecit
639 316 740 347 misso
759 315 828 348 filio
848 327 910 348 suo
929 314 1083 348 Domino
1107 329 1171 348 no-

200 379 270 404 stro
295 369 371 402 Iesu
387 365 545 406 Christo,
572 373 605 399 et
620 367 696 398 data
714 377 796 398 voce
813 365 914 408 Legis
930 373 961 398 et
977 364 1172 409 Evangelii,

199 428 232 453 et
249 430 327 451 vere
351 429 431 451 eum
448 417 608 459 colligere
632 422 805 448 aeternam
823 414 1034 456 Ecclesiam,
1060 423 1093 449 et
1118 417 1172 448 iu-

198 470 395 502 dicaturum
419 478 489 499 esse
506 477 612 509 genus
630 463 836 498 humanum.
887 464 980 499 Huic
996 478 1076 498 vero
1095 467 1172 499 Deo

199 518 346 552 creatori
363 517 450 550 coeli
467 523 499 549 et
516 524 625 549 terrae
643 523 675 549 et
690 513 891 555 bominum,
918 527 987 548 una
1005 528 1082 548 cum
1100 516 1171 548 filio

198 580 260 602 suo
279 574 462 601 coaeterno
478 565 631 599 Domino
650 573 767 599 nostro
788 564 863 598 Iesu
874 563 1027 606 Christo,
1045 573 1076 599 et
1092 565 1174 610 Spi-

198 619 268 651 ritu
283 625 400 650 sancto
420 617 545 660 gratias
563 616 705 658 agimus,
727 615 821 659 quod
840 613 1005 649 hactenus
1021 617 1173 649 clemen-

197 675 250 702 ter
275 666 359 701 haec
373 667 551 700 doctrinae
576 666 687 699 studiat
703 672 739 699 ,et
763 665 969 707 gubernavit
987 672 1018 699 et
1035 677 1173 698 conser-

199 718 310 758 vavit,
339 724 371 750 et
398 717 602 750 ardentibus
626 716 714 748 votis
736 727 937 759 precamur,
971 722 1009 748 ut
1032 722 1174 760 propter

199 780 296 802 suam
315 768 459 810 gloriam
485 778 619 810 semper
642 766 731 798 inter
752 777 814 797 nos
830 765 896 797 sibi
914 771 1089 798 aeternam
1107 764 1174 799 Ec-

199 818 337 851 clesiam
362 817 517 859 colligat,
546 828 608 848 nec
630 816 720 848 sinat
744 815 897 857 extingui
918 816 1095 848 doctrinae
1119 816 1173 849 lu-

199 880 283 907 cem,
306 867 394 900 sicut
411 867 446 898 in
465 865 662 899 dulcissima
683 866 911 908 promissione
929 866 1060 910 inquit:
1087 866 1171 899 Pro-

198 925 274 961 pter
295 929 368 957 me,
395 923 536 960 propter
559 927 612 947 me
636 915 779 955 faciam,
801 922 927 948 utnon
943 913 1172 959 blasphemer.

198 966 232 1001 O
251 967 300 999 fili
314 965 380 1000 Dei
397 966 546 1000 Domine
567 964 642 998 Iesu
660 963 816 1005 Christe,
840 966 999 998 crucifixe
1022 978 1087 1009 pro
1110 979 1174 999 no-

197 1018 252 1051 bis
275 1024 308 1050 et
337 1016 556 1055 resuscitate,
589 1022 702 1048 custos
729 1013 922 1055 Ecclesiae,
956 1016 1016 1060 qui
1040 1016 1173 1050 dixisti:

197 1066 273 1110 Ego
291 1078 365 1099 sum
391 1067 490 1106 vitis,
515 1076 576 1098 vos
600 1065 778 1109 palmites,
813 1066 864 1098 fac
885 1072 925 1098 ut
946 1066 1054 1099 simus
1076 1078 1114 1099 ex
1142 1074 1174 1100 te

198 1117 377 1162 propagati
395 1116 552 1161 palmites
564 1142 573 1156 â€š
600 1115 765 1148 salutares
783 1115 885 1148 nobis
900 1121 932 1148 et
950 1116 1037 1149 aliis.

299 1166 393 1199 Haec
416 1173 600 1210 postquam
625 1165 771 1209 praefati
792 1177 929 1204 sumus,
957 1166 1117 1199 adiiciam
1136 1173 1174 1200 ut

198 1225 248 1252 est
265 1218 480 1250 consuetudo
498 1216 866 1249 commonefactionem
878 1215 998 1248 utilem
1011 1217 1053 1248 ad
1073 1223 1174 1249 tuen-

198 1269 279 1301 dam
295 1268 473 1300 doctrinae
490 1266 694 1309 puritatem,
720 1272 751 1297 et
767 1265 943 1298 Ecclesiae
965 1277 1094 1308 pacem,
1122 1267 1175 1299 vi-

199 1318 322 1350 delicet
338 1318 380 1349 de
395 1316 534 1349 iudiciis
550 1315 587 1347 in
606 1313 759 1347 Ecclesia
776 1315 989 1349 necessariis.

299 1365 380 1399 Non
399 1366 491 1398 enim
510 1365 691 1408 loquimur
706 1365 748 1395 de
765 1361 930 1402 Ecclesia,
957 1369 995 1395 ut
1010 1364 1052 1396 de
1071 1362 1174 1396 Idaea

197 1416 394 1456 Platonica,
420 1415 478 1448 sed
498 1421 633 1447 coetum
651 1413 824 1445 visibilem
842 1419 1087 1454 monstramus,
1114 1414 1174 1457 qui

198 1467 299 1501 certis
330 1465 436 1508 signis
466 1463 678 1496 discernitur
704 1463 747 1495 ab
773 1463 850 1494 aliis
881 1460 1104 1502 hominibus,
1137 1463 1174 1494 in

199 1529 268 1562 quo
292 1528 372 1549 cum
394 1515 430 1546 in
455 1511 520 1546 hac
545 1513 615 1545 vita
640 1512 826 1544 dissimiles
850 1511 919 1544 sint
949 1512 1057 1552 cives,
1088 1513 1174 1551 sani,

200 1566 351 1610 aegroti,
378 1563 526 1603 dociles,
561 1562 701 1601 viciosi,
737 1561 909 1594 sanabiles
938 1568 971 1594 et
996 1562 1175 1594 insanabi-

199 1618 260 1651 les.
320 1614 362 1648 In
395 1613 456 1648 tali
490 1619 589 1646 coetu
622 1611 931 1654 gubernatoribus,
976 1612 1115 1644 iudiciis
1144 1618 1175 1644 et

199 1666 321 1711 poenis
340 1675 426 1708 opus
446 1674 534 1703 esse,
561 1659 652 1694 nihil
670 1662 816 1694 dubium
835 1668 895 1701 est,
923 1668 955 1694 et
972 1673 1038 1694 vox
1055 1662 1174 1694 divina

199 1715 381 1750 constituit
412 1713 551 1746 iudicia.
613 1710 731 1754 Quare
756 1713 797 1744 de
830 1708 895 1743 lioc
921 1723 1030 1744 nervo
1063 1712 1176 1754 legiti-

198 1778 274 1800 mae
315 1762 591 1808 congregationis
633 1773 770 1795 necesse
813 1769 879 1802 est,
917 1768 1008 1794 recte
1044 1762 1176 1795 erudiri

201 1815 373 1849 homines.

301 1864 460 1898 Primum
478 1870 593 1896 autem
611 1861 757 1895 discerni
781 1867 917 1905 oportet
934 1861 1065 1895 iudices
1087 1861 1178 1905 poli-

201 1916 286 1950 ticos
302 1916 344 1948 ab
361 1914 579 1956 evangelicis.
610 1912 695 1945 Vult
710 1910 805 1945 Deus
821 1911 929 1954 legem
944 1923 1041 1944 suam
1057 1911 1178 1944 rectri-

202 1978 276 1999 cem
300 1976 371 1998 esse
397 1964 532 2008 generis
550 1961 713 2000 humani,
740 1962 815 1995 vult
831 1961 868 1993 in
887 1962 1008 2005 poenis
1025 1961 1178 2005 conspici

202 2015 399 2050 testimonia
422 2012 663 2057 providentiae
691 2018 723 2045 et
750 2011 901 2044 iustitiae
923 2023 1024 2051 suae,
1048 2012 1123 2045 vult
1147 2018 1179 2045 et

203 2066 398 2099 societatem
428 2063 611 2096 hominum
646 2062 858 2096 conservari.
913 2061 957 2095 Ut
990 2062 1096 2105 igitur
1126 2062 1179 2094 lex

202 2128 275 2148 non
294 2116 337 2148 sit
353 2114 467 2147 inanis
484 2113 635 2152 sonitus,
661 2112 760 2144 addit
777 2112 952 2145 custodem
971 2119 1004 2145 et
1020 2119 1180 2145 executo-

204 2177 295 2204 rem,
328 2165 474 2202 scilicet,
502 2162 741 2205 magistratum
764 2173 823 2194 seu
849 2161 1017 2202 iudicem,
1048 2161 1179 2205 Regem

206 2226 266 2248 seu
288 2213 506 2254 Praetorem,
539 2213 600 2257 qui
623 2210 729 2245 habet
758 2211 947 2254 legitimam
975 2219 1179 2255 potestatem

207 2263 357 2297 vocandi
373 2264 476 2303 cives,
497 2261 729 2306 cognoscendi
746 2261 1012 2302 controversias,
1038 2269 1071 2294 et
1088 2262 1181 2295 diiu-

207 2313 347 2347 dicandi
365 2313 458 2345 iuxta
474 2313 563 2354 leges
580 2313 728 2352 divinas,
753 2319 786 2344 et
802 2309 874 2352 has,
901 2323 988 2356 quae
1005 2312 1179 2355 probabili

208 2364 343 2397 ratione
362 2362 453 2404 regia
469 2363 651 2395 autoritate
669 2362 808 2395 additae
825 2368 924 2401 sunt,
952 2369 984 2395 et
1001 2362 1054 2394 vel
1072 2362 1180 2394 corri-

208 2414 311 2457 gendi
331 2410 500 2444 humanas
514 2411 602 2454 leges
619 2412 791 2454 probabili
815 2411 967 2452 ratione,
995 2412 1046 2444 vel
1064 2413 1180 2445 dubiis

209 2513 303 2546 dinis
329 2512 567 2550 autoritatem,
593 2509 697 2544 habet
721 2512 802 2544 item
823 2518 1025 2555 potestatem
1045 2513 1077 2544 vi
1105 2525 1181 2544 cor-

208 2562 320 2607 porali
343 2561 507 2603 cogendi,
534 2558 740 2593 cohercendi
757 2568 788 2594 et
808 2562 1036 2595 interficiendi
1055 2570 1180 2598 sontes.

209 2612 304 2646 Haec
329 2611 485 2645 definitio
507 2617 556 2643 est
580 2610 704 2644 iudicis
728 2611 861 2655 politici
884 2612 921 2645 in
947 2623 1089 2656 genere,
1122 2624 1181 2646 seu
1205 2607 1208 2646 l
1235 2620 1314 2646 tem.

210 2661 327 2706 Regis,
354 2673 415 2695 seu
429 2660 611 2694 Praetoris.

937 127 1011 164 DE
1046 128 1293 166 IUDICIIS
1326 128 1663 167 ECCLESIAE.

2124 134 2195 168 140

1325 214 1372 248 L't
1395 221 1511 247 autem
1534 213 1676 248 Titanes
1707 216 1803 249 coelo
1831 217 1963 250 bellum
1988 219 2195 259 intulerunt,

1225 266 1272 299 ita
1289 265 1389 298 multi
1405 264 1469 297 feri
1487 262 1645 297 homines
1658 273 1782 306 ruunt,
1807 279 1874 311 qua
1889 279 2007 300 caecae
2023 269 2195 312 cupidita-

1225 323 1274 349 tes
1292 315 1495 358 impellunt,
1523 320 1556 346 et
1579 314 1713 357 fingunt
1736 314 1826 349 nihil
1844 328 1913 350 esse
1928 316 2060 358 Deum,
2087 319 2196 361 legem

1226 378 1296 398 non
1316 376 1386 397 esse
1401 364 1606 407 sapientiam
1625 363 1690 397 Dei
1709 372 1741 398 et
1759 367 1919 399 ordinem
1936 368 2095 400 divinum
2108 393 2116 408 â€š
2142 369 2198 400 iu-

1226 417 1336 448 dicem
1367 427 1438 447 non
1471 414 1640 447 divinitus
1669 415 1825 448 additum
1855 428 1924 450 esse
1955 418 2106 460 legibus,
2138 418 2197 450 sed

1226 463 1309 498 baec
1325 465 1442 497 omnia
1459 464 1740 498 terriculamenta
1765 477 1836 498 esse
1858 467 2045 500 calliditate
2069 479 2198 511 paucoÎ‡

1226 528 1302 548 rum
1322 515 1526 557 excogitata,
1551 520 1590 546 ut
1612 514 1848 548 multitudinis
1871 518 2024 559 potentia
2042 515 2096 549 his
2113 528 2197 561 qua-

1226 566 1457 609 libuscunque
1472 564 1620 596 vinculis
1636 565 1856 608 reprimatur.
1894 566 1962 599 Sed
1979 574 2098 600 contra
2115 567 2200 600 tales

1227 615 1394 648 Titanum
1420 621 1451 647 et
1474 613 1665 658 Cyclopum
1692 616 1875 658 opiniones
1896 618 2123 649 monstranda
2151 623 2201 649 est

1227 666 1351 700 veritas
1378 666 1419 698 de
1444 663 1519 697 Deo
1544 671 1577 697 et
1593 666 1635 696 de
1662 665 1752 706 lege,
1776 677 1863 709 quae
1882 672 1931 699 est
1947 666 2115 709 sapientia
2135 665 2201 699 Dei

1227 723 1364 749 aeterna
1388 722 1420 748 et
1444 715 1607 752 immota,
1633 721 1665 747 et
1683 715 1900 748 defendenda
1925 723 1974 749 est
1997 716 2106 759 gloria
2123 714 2200 750 Dei.

1228 765 1447 809 Sumpsimns
1478 765 1584 807 igitur
1614 764 1851 797 definitionem
1886 766 2010 798 iudicis
2042 778 2082 798 ex
2111 765 2202 798 veris

1226 816 1400 856 fontibus,
1428 827 1514 859 quae
1532 814 1674 858 quidem
1691 814 1793 856 longa
1811 816 1968 848 oratione
1985 816 2152 849 illustrari
2170 821 2202 848 et

1228 866 1427 898 confirmari
1444 871 1571 908 posset,
1590 864 1648 896 sed
1666 872 1856 898 cernuntur
1870 866 1982 898 sontes
1999 867 2043 898 ab
2058 863 2123 903 his,
2141 865 2203 909 qui.

1228 928 1300 949 non
1317 923 1398 948 sunt
1419 913 1535 948 hostes
1551 913 1634 953 Dei,
1662 925 1725 946 nec
1742 915 2056 948 demonstrationes
2080 922 2112 948 et
2129 927 2203 948 ma-

1228 966 1353 999 nifesta
1378 964 1444 998 Dei
1475 964 1673 998 testimonia
1707 971 1946 1007 aspernantur.
1999 964 2062 998 Est
2088 972 2204 998 autem

1227 1027 1310 1049 suus
1339 1016 1436 1048 locus
1463 1014 1570 1047 iudici
1601 1014 1764 1056 politico,
1800 1021 1832 1047 et
1859 1015 2039 1058 proprium
2062 1025 2204 1054 munus,

1229 1077 1392 1108 magnum
1416 1065 1504 1098 illud
1521 1064 1662 1109 quidem
1688 1071 1720 1097 et
1743 1065 1904 1104 difficile,
1931 1071 1962 1097 et
1985 1065 2128 1108 plenum
2148 1065 2203 1096 in-

1228 1117 1384 1159 gentium
1400 1116 1647 1154 certaminum,
1677 1113 1713 1146 in
1730 1115 1858 1158 quibus
1876 1115 2000 1147 veritas
2019 1121 2051 1147 et
2066 1115 2205 1158 sapien-

1228 1167 1275 1200 tia
1294 1173 1414 1199 contra
1431 1165 1610 1198 mendacia
1628 1170 1659 1196 et
1676 1162 1913 1207 sophisticam,
1934 1164 2069 1198 iusticia
2084 1171 2205 1197 contra

1229 1216 1462 1254 iniusticiam,
1497 1215 1691 1259 sapienter,
1721 1214 1810 1247 iuste
1843 1222 1876 1248 et
1905 1214 2043 1249 fortiter
2074 1225 2206 1258 propu-

1229 1267 1365 1309 gnanda
1385 1272 1445 1300 est.

1330 1314 1542 1358 Quanquam
1564 1321 1679 1346 antem
1697 1315 1812 1357 aliqua
1837 1314 2031 1347 similitudo
2048 1320 2097 1347 est
2113 1313 2207 1346 iudi-

1229 1363 1276 1397 cis
1301 1364 1508 1406 evangelici,
1543 1369 1659 1396 tamen
1683 1363 1871 1396 discrimen
1899 1363 2049 1406 intelligi
2071 1374 2208 1396 necesse

1229 1420 1295 1451 est,
1323 1426 1391 1456 qua
1410 1413 1446 1444 in
1465 1425 1501 1445 re
1519 1423 1618 1456 saepe
1634 1413 1806 1445 falluntur
1824 1410 1998 1446 homines.

1329 1462 1474 1505 Semper
1492 1462 1585 1494 enim
1604 1463 1762 1499 fuerunt,
1791 1468 1871 1494 sunt
1889 1468 1920 1495 et
1943 1468 2045 1495 erunt
2061 1462 2208 1503 indocti,

1229 1518 1261 1544 et
1276 1512 1370 1549 mali,
1396 1512 1454 1556 qui
1474 1512 1509 1543 in
1525 1509 1679 1544 Ecclesia
1694 1518 1752 1545 aut
1769 1511 1944 1544 licentiam
1963 1512 2149 1552 infinitam,
2175 1519 2209 1546 et

1230 1559 1413 1606 á¼€Î½Î±ÏÏ‡á½·Î±Î½
1447 1572 1518 1594 esse
1553 1562 1693 1600 volunt,
1730 1568 1789 1594 aut
1819 1561 2043 1606 tyrannidem
2079 1562 2209 1595 consti-

1230 1619 1351 1649 tuunt,
1385 1623 1585 1655 quanquam
1610 1617 1642 1643 et
1675 1609 1853 1655 á¼€Î½Î±ÏÏ‡á½·Î±,
1887 1612 2046 1656 tyrannis
2071 1612 2208 1645 infinita

1231 1668 1296 1701 est,
1323 1661 1400 1694 ideo
1419 1661 1511 1694 enim
1531 1660 1659 1693 iudicia
1678 1661 1829 1698 abolent,
1855 1673 1898 1694 ne
1915 1661 2057 1694 refutari
2075 1662 2208 1705 possint

1231 1723 1377 1750 errores,
1401 1722 1488 1755 quos
1504 1717 1620 1743 amant
1638 1711 1714 1754 ipsi,
1740 1718 1772 1744 et
1786 1711 1997 1744 factionibus
2013 1712 2208 1745 stabiliunt.

1332 1760 1483 1794 Protulit
1508 1767 1623 1793 autem
1647 1773 1685 1793 ex
1709 1761 1789 1794 sinu
1808 1761 1940 1794 aeterni
1962 1761 2070 1805 patris
2088 1759 2208 1795 Evan-

1232 1812 1358 1855 gelium
1378 1811 1450 1854 ipse
1466 1810 1557 1843 filius
1573 1809 1637 1842 Dei
1656 1809 1763 1857 Î»á½¹Î³Î¿Ï‚
1779 1812 1909 1844 aeterni
1926 1812 2044 1855 patris,
2068 1819 2100 1846 et
2117 1809 2208 1845 hanc

1232 1874 1327 1896 suam
1349 1873 1467 1894 vocem
1485 1861 1560 1893 vult
1587 1860 1757 1903 integram
1783 1861 1858 1894 sine
1881 1862 2106 1906 corruptelis,
2133 1862 2208 1895 sine

1233 1912 1411 1945 additione
1440 1918 1471 1944 et
1495 1911 1570 1943 sine
1588 1911 1808 1945 mutilatione
1831 1912 1990 1955 proponi.

1333 1960 1407 1994 Hac
1430 1973 1512 1994 voce
1539 1960 1612 2004 ipse
1636 1968 1685 1994 est
1709 1962 1847 2002 efficax,
1881 1968 1993 1995 servat
2017 1969 2050 1995 et
2079 1961 2210 1996 iudicat

1233 2010 1414 2052 homines,.
1427 2012 1483 2044 sed
1499 2018 1614 2044 tamen
1631 2013 1719 2044 utin
1736 2019 1836 2045 coetu
1851 2012 1994 2052 visibili,
2013 2012 2089 2045 vult
2105 2012 2210 2046 etiaim

1234 2069 1457 2096 externorum
1490 2061 1696 2094 delictorum
1739 2062 1888 2094 iudicem
1920 2062 2092 2094 visibilem
2126 2074 2208 2100 esse,

1234 2110 1571 2148 scilicetEcclesiamâ€š
1590 2112 1678 2145 sicut
1696 2112 1767 2155 ipse
1786 2112 1914 2157 inquit:
1941 2111 2005 2145 Dic
2022 2110 2208 2145 Ecclesiae.

1233 2162 1460 2208 Nequaquam
1479 2161 1570 2194 enim
1589 2162 1664 2195 vult
1682 2160 1866 2207 á¼€Î½Î±ÏÏ‡á½·Î±Î½
1883 2174 1965 2201 esse,
1993 2173 2099 2206 quare
2115 2161 2209 2195 Pau-

1234 2214 1287 2245 lus
1316 2212 1448 2256 inquit:
1487 2212 1580 2245 Deus
1606 2224 1677 2245 non
1713 2219 1763 2245 est
1797 2219 1897 2245 autor
1924 2210 2208 2250 á¼€ÎºÎ±Ï„Î±ÏƒÏ„Î±Ïƒá½·Î±Ï‚.

1236 2263 1301 2297 Sed
1321 2261 1510 2295 Ecclesiam
1527 2262 1677 2295 iudicem
1695 2263 1811 2305 alligat
1834 2263 1877 2294 ad
1893 2273 2051 2294 normam
2067 2269 2209 2302 certam,

1234 2313 1363 2346 scilicet
1388 2313 1429 2344 ad
1449 2310 1699 2355 Evangeliumâ€š
1725 2313 1818 2356 quod
1845 2311 2014 2355 patefecit.
2066 2311 2132 2345 Hic
2154 2319 2210 2357 ty-

1234 2363 1336 2396 ranni
1361 2361 1544 2395 Pontifices
1575 2363 1738 2395 omnibus
1766 2362 1982 2405 temporibus
2011 2360 2209 2407 ÎºÎ±ÎºÎ¿Î¶Î·Î»á½·Î±

1205 2439 1207 2443 .
1235 2413 1388 2445 iudicum
1408 2412 1630 2455 politicorum
1657 2412 1731 2445 ausi
1758 2419 1838 2445 sunt
1854 2412 1980 2444 addere
1999 2412 2158 2456 dogmata
2177 2419 2208 2445 et

208 2463 359 2496 addendi
386 2462 703 2504 interpretationes,
730 2474 816 2506 quae
833 2462 947 2494 valent
963 2469 1103 2506 propter
1123 2475 1180 2495 or-
1205 2445 1208 2494 l

1234 2463 1390 2502 numina,
1411 2470 1443 2495 et
1460 2475 1536 2495 cum
1553 2463 1706 2495 dicerent
1722 2474 1756 2494 se
1773 2460 1900 2494 habere
1916 2469 2117 2505 potestatem
2135 2474 2209 2495 am-

1234 2514 1337 2556 bigua
1354 2513 1615 2556 interpretandi,
1641 2512 1815 2545 finxerunt
1832 2512 1934 2544 salsas
1950 2513 2209 2556 interpretatio-

1235 2575 1315 2603 nes,
1342 2575 1426 2607 quas
1447 2563 1568 2596 dicunt
1591 2562 1705 2594 valere
1722 2568 1864 2605 propter
1881 2562 2017 2595 ordinis
2040 2563 2208 2595 autorita-

1370 2611 1423 2646 Ex
1446 2610 1511 2645 hoc
1534 2623 1651 2644 errore
1674 2612 1757 2645 falsa
1783 2613 1945 2655 dogmata
1971 2618 2005 2645 et
2032 2612 2116 2645 falsa
2139 2624 2207 2645 nu-

1204 2651 1208 2688 Î™
1234 2663 1331 2697 mina
1345 2662 1382 2695 in
1396 2660 1551 2697 Ecclesia
1567 2661 1718 2695 stabilita
1733 2669 1824 2696 sunt.
