2324 2955
207 112 278 149 431

206 199 365 234 monium
388 193 593 240 perhibent,
626 190 779 233 accipere
805 188 1045 221 remissionem
1067 200 1188 233 pecca-

207 259 322 285 torum
347 258 407 291 per
430 253 559 276 nomen
584 240 676 279 eius,
732 250 854 272 omnes
885 239 947 284 qui
979 240 1126 274 credunt
1150 240 1187 272 in

211 312 301 335 eum,
352 295 399 329 Et
416 293 518 326 simul
544 302 641 324 mens
662 291 839 323 intueatur
859 299 1030 323 summam
1054 291 1186 323 doctri-

208 362 272 384 nae
289 349 330 380 de
349 343 612 382 iustificatione,
639 348 672 375 et
694 340 943 384 complectatur
960 347 1071 374 totum
1095 352 1188 386 sym-

207 400 338 433 bolum.
391 394 487 428 Scias
509 399 651 437 propter
672 391 782 424 filium
801 390 867 424 Dei
891 403 1048 436 passum,
1075 392 1188 425 cruci-

207 452 312 483 fixum
341 453 372 479 et
395 444 655 480 resuscitatum,
680 448 711 474 et
735 453 797 485 per
821 453 901 474 eum
918 442 994 474 dari
1011 442 1188 475 remissio-

206 511 286 533 nem
313 502 551 541 peccatorum,
585 499 617 526 et
640 492 748 536 recipi
771 492 815 524 ab
839 499 979 525 aeterno
1004 498 1101 537 patre
1125 499 1188 526 etc.

207 550 307 584 Sicut
331 548 368 579 iu
393 543 551 579 Iohanne
579 543 723 576 dicitur:
759 541 862 575 Pater
886 543 1001 585 diligit
1023 555 1122 583 eum,
1156 550 1189 576 et

208 607 388 634 aeternum
414 602 545 640 patrem
566 600 600 627 et
624 591 735 626 filium
759 592 890 635 spirare
912 592 1084 636 Spiritum
1108 604 1189 626 san-

208 658 303 684 ctum
324 648 362 680 in
385 647 489 680 corda
520 643 739 678 credentium
771 643 808 675 in
839 643 898 675 illa
929 643 1001 686 ipsa
1030 644 1190 676 consola-

207 702 316 735 tione.
370 697 470 731 Sicut
491 695 621 729 ibidem
651 693 780 727 dicitur
803 693 840 725 in
866 690 1044 736 Iohanne,
1079 694 1189 736 capite

210 751 345 784 decimo
365 753 505 792 quarto:
533 745 725 778 Veniemus
744 744 787 776 ad
805 755 897 783 eum,
921 750 954 776 et
971 743 1189 776 mansionem

209 801 301 845 apud
328 810 406 832 eum
434 797 610 829 faciemus.
665 794 886 836 Intelligatur
901 800 1015 827 autem
1032 794 1189 826 remissio

207 856 449 896 peccatorum,
477 848 520 879 de
539 845 705 879 continua
723 844 946 885 remissione,
972 844 1075 877 etiam
1095 850 1190 887 post-

209 912 312 946 quam
331 898 445 932 renati
463 907 601 934 sumus,
635 895 723 928 sicut
736 893 887 928 Roman.
901 895 1027 938 quinto
1045 894 1189 927 dicitur:

208 951 332 985 Gratia
350 956 382 982 et
400 949 532 981 donum
550 958 613 990 per
628 945 790 989 gratiam,
818 957 905 989 quae
924 951 973 978 est
996 945 1102 978 unius
1124 942 1191 977 ho-

208 1001 315 1034 minis
339 1000 417 1032 Iesu
439 995 584 1031 Christi.
649 993 695 1028 Et
725 994 833 1028 sciant
860 995 972 1028 renati
993 1006 1027 1028 se
1050 1007 1190 1039 quoque

209 1052 346 1085 assidue
370 1048 524 1090 accipere
547 1045 788 1078 remissionem
814 1052 1050 1087 peccatorum,
1079 1052 1112 1078 et
1135 1045 1190 1076 ni-

209 1109 302 1135 tatur
320 1100 404 1132 fides
424 1096 675 1141 propiciatore‚
704 1095 781 1127 Deo
801 1100 832 1127 et
853 1092 1008 1128 homine.

310 1173 493 1209 LXXVII.
528 1171 595 1204 De
616 1168 849 1204 Ecclesia.
902 1168 997 1203 Deus
1022 1170 1191 1203 immensa

210 1227 385 1265 bonitate,
408 1221 700 1268 propterFilium,
728 1227 760 1254 et
778 1233 838 1264 per
857 1232 949 1261 eum,
977 1220 1109 1262 colligit
1124 1220 1190 1252 sibi

208 1286 383 1312 aeternam
401 1273 593 1307 Ecclesiam
610 1272 646 1303 in
663 1282 788 1314 genere
803 1268 977 1311 humano,
1003 1282 1064 1313 per
1085 1270 1191 1302 mini-

165 1343 168 1346 ·
206 1328 351 1362 sterium
373 1323 576 1365 Evangelii,
616 1328 649 1354 et
679 1319 768 1353 hanc
798 1321 873 1353 vult
903 1321 1036 1353 incoari
1065 1320 1103 1352 in
1128 1317 1192 1352 hac

207 1376 350 1411 mortali
366 1375 434 1407 vita
446 1398 454 1409 ,
483 1374 575 1405 iuxta
590 1369 676 1404 haec
693 1371 765 1415 ipsa
783 1370 889 1410 dicta,
916 1370 1031 1403 Marci
1047 1370 1191 1403 ultimo:

208 1427 280 1467 lte,
311 1427 431 1459 docete
446 1421 677 1465 Evangelium
702 1432 824 1453 omnes
849 1427 986 1462 gentes,
1022 1426 1054 1452 et
1076 1420 1192 1463 bapti-

209 1486 282 1511 zate
306 1483 370 1510 etc.
430 1473 537 1513 Item,
570 1474 605 1506 2.
621 1468 784 1504 Corinth.
801 1470 851 1505 5.:
888 1470 1193 1513 Superinduemur

210 1529 239 1561 si
263 1534 380 1560 tamen
407 1535 481 1556 non
506 1522 594 1554 nudi
625 1521 851 1564 reperiemur.
918 1518 1021 1552 Item:
1057 1517 1193 1551 Omnes

208 1574 424 1611 manifestari
448 1578 586 1616 oportet
610 1582 727 1603 coram
748 1569 920 1602 tribunali
937 1566 1022 1602 Iesu
1039 1563 1193 1608 Christi,

208 1635 249 1661 nt
271 1630 426 1670 reportet
449 1621 690 1666 unusquisque
712 1631 749 1652 ea
776 1631 864 1664 quae
887 1619 956 1661 egit
980 1619 1017 1651 in
1037 1631 1192 1663 corpore.

210 1677 299 1712 Item
324 1672 553 1718 Apocalypsis
576 1671 711 1704 decimo
738 1677 878 1715 quarto:
922 1668 1020 1702 Beati
1049 1669 1192 1707 mortui,

210 1728 272 1772 qui
290 1727 325 1759 in
334 1724 487 1759 Domino
503 1721 715 1755 moriuntur.
767 1719 1004 1753 Describenba
1021 1726 1071 1752 est
1088 1719 1193 1762 igitur

209 1776 384 1812 Ecclesia,
413 1774 450 1806 in
475 1785 542 1818 qua
568 1772 604 1804 in
627 1769 690 1803 hac
708 1770 777 1803 vita
795 1776 896 1803 sonat
912 1782 977 1802 vox
994 1769 1192 1803 ministerii.

210 1826 274 1861 Est
291 1827 396 1869 igitur
417 1822 501 1856 haec
523 1821 670 1854 visibilis
695 1819 870 1858 Ecclesia,
904 1819 1053 1852 visibilis
1076 1826 1193 1853 coetus

211 1874 495 1921 amplectentium
512 1871 744 1913 Evangelium
762 1871 1004 1913 incorruptum
1016 1894 1025 1907 ,
1053 1877 1086 1902 et
1103 1876 1193 1903 recte

211 1925 496 1970 amplectentium
521 1929 551 1955 et
576 1922 749 1954 utentium
776 1920 1031 1961 Sacramenfis,
1062 1920 1099 1953 in
1124 1932 1193 1964 quo

209 1976 307 2011 Deus
330 1987 392 2019 per
416 1972 650 2006 ministerium
669 1971 797 2003 multos
820 1977 1017 2012 regenerat,
1044 1977 1194 2014 suntque

210 2028 250 2060 in
264 2039 303 2060 eo
318 2032 418 2059 coetu
436 2022 537 2056 multi
554 2034 625 2054 non
641 2021 769 2061 sancti,
796 2022 854 2053 sed
872 2026 986 2054 tamen
1004 2022 1047 2054 de
1064 2021 1195 2054 doctri-

212 2089 257 2111 na
273 2074 541 2110 consentientes.

314 2147 519 2184 LXXVIII.
559 2148 599 2180 In
623 2153 720 2180 tanta
744 2146 949 2179 confusione
973 2146 1194 2190 opinionum,

211 2203 250 2235 in
270 2201 374 2236 tantis
395 2199 509 2232 ruinis
529 2208 738 2240 regnorum,
765 2207 866 2240 saepe
889 2194 943 2229 his
961 2197 1196 2230 dubitationi-

211 2254 279 2286 bus
302 2250 550 2284 concutiuntur
572 2247 700 2287 animi,
726 2258 770 2279 an
793 2247 836 2280 sit
856 2247 973 2291 aliqua
996 2246 1059 2279 Dei
1073 2246 1195 2280 Eccle-

215 2303 287 2342 sia,
311 2312 416 2345 quae,
444 2306 476 2332 et
502 2299 563 2332 ubi
587 2298 649 2338 sit,
674 2303 707 2330 et
726 2297 840 2342 qualis
857 2297 912 2332 sit.
965 2296 1110 2331 Necesse
1130 2298 1195 2340 igi—

213 2360 271 2387 tur
286 2357 353 2391 est,
379 2350 466 2383 bene
484 2349 703 2382 confirmatas
720 2359 792 2380 esse
810 2347 846 2380 in
862 2347 1010 2391 singulis
1032 2345 1094 2380 has
1116 2359 1195 2380 sen-

213 2401 357 2440 tentias,
381 2401 473 2444 qnod
499 2405 531 2432 et
554 2409 688 2442 semper
705 2409 814 2443 usque
838 2399 880 2431 ad
905 2398 1193 2432 resurrectionem

213 2458 433 2486 mortuorum
451 2448 565 2493 aliqua
583 2448 626 2481 sit
641 2459 720 2481 vera
731 2448 796 2482 Dei
808 2446 983 2489 Ecclesia,
1009 2455 1042 2482 et
1059 2460 1195 2492 semper

213 2509 308 2536 ratae
323 2500 393 2533 sint
410 2498 657 2542 promissiones
673 2499 915 2540 credentibus,
941 2500 1077 2533 etiamsi
1094 2511 1194 2543 saepe

213 2552 336 2596 exigua
351 2556 401 2584 est
414 2547 580 2588 Ecclesia,
606 2546 654 2581 Et
670 2550 763 2592 quod
782 2556 942 2593 oporteat
959 2562 1195 2595 unumquem-

214 2614 282 2648 que
307 2611 381 2635 sese
402 2599 593 2642 adiungere
613 2598 656 2630 ad
682 2610 798 2631 veram
821 2598 1031 2641 Ecclesiam,
1058 2600 1194 2634 confes-

216 2654 313 2688 sione
337 2650 536 2694 doctrinae,
569 2653 602 2682 et
627 2648 847 2683 invocatione
870 2651 933 2684 filii
956 2650 1042 2692 Dei,
1069 2658 1103 2685 et
1124 2657 1194 2686 sta-

965 97 1465 138 PROPOSITIONES.

2143 103 2218 142 432

1241 195 1336 222 tuere
1360 197 1431 220 sese
1455 186 1655 222 membrum
1670 197 1741 220 esse
1761 198 1862 221 verae
1879 185 2054 224 Ecclesiae
2071 189 2222 225 ubicun-

1240 250 1307 284 que
1324 243 1385 272 est.

1342 288 1393 322 De
1417 287 1602 320 duratione
1621 290 1770 322 tenenda
1787 295 1869 322 sunt
1886 287 1972 323 haec
1990 290 2100 333 dicta,
2126 291 2222 326 Mat-

1240 338 1332 373 thaei
1362 337 1504 371 ultimo:
1553 336 1642 371 Ecce
1678 350 1739 381 ego
1774 340 1954 373 vobiscum
1997 351 2072 373 sum
2113 353 2222 386 usque

1240 391 1284 423 ad
1312 388 1650 422 consummationem
1677 390 1792 422 seculi.
1864 388 2034 424 Matthaei
2058 391 2220 425 vicesimo

1241 446 1382 485 quarto:
1411 438 1559 482 Propter
1583 439 1709 471 electos
1733 440 2033 474 abbreviabuntur
2055 442 2129 473 dies
2156 442 2224 477 isti.

1241 491 1386 534 Semper
1404 490 1509 532 igitur
1524 496 1627 523 erunt
1642 489 1752 533 aliqui
1772 490 1890 531 electi,
1919 492 2028 524 donec
2048 491 2224 525 illucescat

1241 542 1314 574 dies
1333 540 1608 574 resurrectionis.
1663 538 1766 573 Item:
1793 539 1833 572 In
1856 541 2009 574 adventu
2026 542 2088 573 filii
2108 539 2224 574 homi-

1242 593 1296 624 nis
1319 592 1388 624 <luo
1413 597 1515 624 erunt
1541 590 1578 622 iu
1603 602 1704 633 agro,
1731 602 1823 623 unus
1845 596 2061 631 assumetur,
2089 598 2121 625 et
2137 592 2224 625 alter

1242 643 1471 686 relinquetur.
1514 639 1685 674 Matthaei
1701 641 1836 674 decimo
1853 641 1971 674 tertio:
2000 640 2114 674 Sinite
2128 648 2225 675 utra-

1243 705 1309 738 que
1329 703 1479 725 crescere
1496 702 1605 735 usque
1628 692 1670 724 ad
1693 703 1848 724 messem.
1902 689 1947 724 Et
1965 697 2101 735 postea:
2129 690 2224 725 Mes-

1243 744 1288 776 sis
1313 741 1567 775 consummatio
1591 741 1698 774 seculi
1726 748 1786 775 est.
1853 741 1993 774 Primae
2017 739 2224 775 Corinthios

1243 794 1446 826 undecimo:
1476 791 1552 824 Hoc
1568 792 1669 824 facite
1694 792 1731 824 in
1754 792 1822 824 mei
1849 792 2225 828 commemorationem,

1243 846 1352 877 donec
1369 843 1519 877 veniam.
1573 840 1669 874 Haec
1690 842 1870 889 perspicua
1895 843 2111 880 testimonia,
2140 854 2227 887 quae

1244 905 1398 937 expresse
1423 894 1617 938 loquuntur
1640 893 1683 925 de
1707 892 1892 925 duratione
1906 890 2081 926 Ecclesiae
2104 893 2141 925 in
2163 890 2226 925 hac

1244 944 1383 977 mortali
1399 944 1468 976 vita
1486 955 1596 988 usque
1614 944 1657 975 ad
1672 943 1978 983 resurrectionem,
2001 943 2125 976 sintin
2142 954 2226 975 con-

1244 1001 1373 1038 spectu,
1400 1000 1439 1027 ut
1458 994 1549 1027 inter
1563 1000 1658 1026 tanta
1677 993 1839 1025 scandala
1858 1005 1921 1025 nos
1939 993 2157 1033 confirment,
2182 1004 2226 1024 ne

1245 1045 1479 1077 existimemus
1496 1055 1637 1087 prorsus
1660 1044 1792 1076 nullam
1821 1054 1891 1075 esse
1908 1041 2100 1075 Ecclesiam
2113 1069 2122 1083 ‚
2150 1055 2227 1075 cum

1245 1101 1360 1128 tantae
1377 1094 1447 1126 sint
1467 1094 1675 1136 opinionum
1693 1100 1724 1125 et
1741 1105 1879 1125 morum
1902 1093 2143 1132 confusiones,
2180 1093 2228 1125 si-

1245 1151 1301 1177 cut
1317 1150 1349 1176 et
1365 1140 1557 1186 Prophetas
1574 1143 1746 1175 excruciat
1765 1140 1848 1175 haec
1865 1143 2038 1184 cogitatio,
2086 1141 2229 1175 Adiun-

1245 1205 1363 1237 gamus
1381 1200 1495 1226 antem
1511 1198 1542 1225 et
1559 1190 1642 1224 baec
1658 1193 1727 1224 duo
1744 1192 1942 1226 testimonia
1962 1191 2135 1227 exEsaiae
2149 1190 2227 1226 59.:

1245 1244 1321 1277 Hoc
1348 1251 1397 1277 est
1418 1244 1542 1276 foedus
1568 1254 1682 1275 meum
1709 1253 1788 1274 cum
1813 1242 1879 1283 eis,
1923 1243 2008 1275 dicit
2031 1240 2230 1282 Dominus,

1245 1294 1398 1337 Spiritus
1418 1304 1516 1325 meus
1538 1292 1599 1336 qui
1621 1298 1672 1324 est
1695 1292 1732 1324 in
1755 1298 1808 1330 te,
1835 1299 1869 1325 et
1890 1293 1996 1325 verba
2021 1305 2115 1333 mea,
2142 1304 2230 1337 quae

1247 1344 1346 1388 posui
1374 1344 1411 1375 in
1429 1355 1488 1375 ore
1513 1349 1593 1381 tuo,
1627 1354 1698 1374 non
1723 1343 1887 1375 recedent
1909 1343 1952 1375 ab
1975 1354 2034 1375 ore
2058 1349 2139 1383 tuo,
2167 1354 2229 1376 nec

1246 1395 1289 1426 ab
1309 1405 1368 1426 ore
1385 1393 1526 1425 seminis
1544 1392 1615 1432 tui,
1641 1391 1726 1424 dicit
1742 1389 1936 1432 Dominus,
1963 1392 2127 1436 deinceps
2143 1399 2175 1426 et
2193 1393 2230 1425 in

1246 1444 1508 1486 sempiternum.
1560 1440 1683 1474 Esaiae
1700 1440 1779 1476 46.:
1815 1439 1930 1474 Etiam
1947 1442 1985 1474 in
2005 1449 2142 1476 senecta
2167 1454 2228 1485 ego

1246 1494 1385 1536 gestabo
1405 1503 1477 1526 vos.

1347 1541 1399 1575 De
1416 1541 1641 1574 adiunctione
1662 1541 1882 1583 singulorum
1909 1541 1953 1574 ad
1975 1553 2092 1575 veram
2106 1539 2229 1575 Eccle-

1247 1594 1351 1633 siam,
1377 1598 1460 1624 nota
1474 1591 1545 1624 siut
1561 1588 1646 1624 haec
1661 1591 1879 1631 testimonia,
1907 1598 1940 1625 et
1965 1598 2093 1625 statuat
2118 1603 2229 1625 unus-

1247 1643 1394 1688 quisque
1411 1653 1482 1674 sese
1497 1641 1693 1674 membrum
1711 1652 1782 1674 esse
1800 1653 1901 1674 verae
1910 1639 2098 1676 Ecclesiae.
2130 1641 2231 1675 Psal-

1248 1705 1304 1725 mo
1328 1692 1492 1724 vicesimo
1517 1698 1628 1724 sexto:
1663 1690 1783 1725 Unum
1810 1689 1876 1724 hoc
1898 1692 1985 1735 petii
2010 1704 2029 1725 a
2053 1689 2232 1732 Domino,

1247 1741 1311 1776 hoc
1328 1742 1468 1787 requiro
1483 1769 1491 1781 ‚
1519 1748 1557 1774 ut
1580 1739 1734 1774 habitem
1760 1741 1798 1773 in
1823 1742 1928 1774 domo
1945 1741 2092 1775 Domini
2115 1743 2231 1775 omni-

1247 1795 1310 1826 bus
1329 1793 1451 1825 diebus
1467 1792 1558 1824 vitae
1574 1803 1689 1830 meae,
1716 1797 1755 1825 ut
1772 1791 1911 1824 videam
1928 1793 2144 1826 voluntatem
2154 1791 2230 1826 Do—

1246 1843 1346 1883 mini,
1371 1849 1404 1876 et
1419 1842 1557 1875 visitem
1574 1841 1744 1885 templum
1760 1841 1844 1877 eius.
1880 1841 2018 1875 Psalmo
2030 1842 2103 1877 84.;
2130 1841 2230 1876 Beati

1247 1894 1307 1938 qui
1331 1891 1491 1926 habitant
1517 1892 1553 1924 in
1576 1892 1681 1925 domo
1707 1898 1764 1925 tua
1779 1890 1943 1927 Domine.
1995 1891 2134 1926 Psalmo
2152 1892 2228 1926 91.;

1248 1943 1401 1977 Plantati
1424 1943 1461 1975 in
1484 1943 1589 1975 domo
1614 1941 1776 1982 Domini,
1818 1943 1854 1975 in
1885 1942 1982 1976 atriis
2016 1943 2143 1976 domus
2165 1943 2230 1977 Dei

1248 1994 1358 2027 nostri
1382 1993 1597 2027 florebimus.
1655 1992 1795 2025 Psalmo
1821 1992 1986 2026 vicesimo
2009 2005 2120 2027 nono:
2156 1992 2229 2027 Odi

1247 2043 1440 2078 Ecclesiam
1462 2043 1728 2085 malignantium
1747 2041 1919 2082 Domine,
1946 2043 2052 2076 dilexi
2069 2045 2229 2077 decorem

1248 2096 1373 2128 domus
1396 2101 1487 2128 tuae.
1538 2092 1676 2126 Psalmo
1701 2093 1879 2137 trigesimo
1903 2100 2042 2139 quarto:
2070 2093 2229 2128 Confite—

1247 2147 1313 2179 bor
1330 2144 1395 2179 tibi
1412 2144 1450 2177 in
1467 2142 1623 2177 Ecclesia
1638 2155 1775 2187 magna.
1827 2143 1906 2178 Huc
1920 2144 2094 2189 pertinent
2111 2146 2228 2179 omnia

1248 2196 1357 2236 dicta,
1395 2207 1484 2240 quae
1514 2194 1733 2238 praecipiunt
1762 2195 1877 2228 audiri
1904 2195 2155 2235 ministerium,
2195 2203 2228 2230 et

1247 2243 1437 2291 prohibent
1459 2245 1711 2278 disiunctiones
1737 2245 1848 2278 facere
1872 2257 1892 2278 a
1916 2256 1998 2277 vero
2022 2245 2230 2285 ministerio,

1247 2303 1301 2330 ut:
1330 2296 1403 2338 Qui
1420 2307 1480 2328 vos
1497 2295 1606 2335 audit,
1633 2307 1688 2328 me
1704 2295 1814 2336 audit,
1840 2295 1901 2339 qui
1917 2306 1978 2327 vos
1993 2296 2146 2339 spernit,
2174 2309 2228 2330 mc

1247 2347 1389 2392 spernit.
1439 2343 1614 2390 Ephesios
1631 2352 1771 2391 quarto:
1797 2344 1935 2379 Soliciti
1951 2356 2089 2378 servare
2110 2346 2230 2380 unita-

1247 2405 1317 2432 tem
1351 2396 1494 2441 spiritus
1526 2396 1680 2441 copulati
1713 2407 1806 2440 pace.
1866 2394 2046 2429 Hebraeos
2076 2397 2226 2430 decimo:

1247 2447 1327 2482 Non
1344 2448 1580 2492 relinquentes
1596 2445 1898 2489 congregationem
1918 2453 2078 2482 vestram.
2136 2446 2227 2481 Cum

1247 2505 1366 2533 autem
1389 2498 1556 2536 sciamus,
1590 2503 1622 2530 et
1643 2497 1846 2530 duraturam
1869 2508 1942 2530 esse
1957 2495 2167 2535 Ecclesiam,
2195 2505 2226 2530 et

1247 2561 1311 2582 nos
1329 2556 1490 2593 oportere
1506 2547 1578 2580 eius
1597 2546 1752 2580 membra
1778 2558 1865 2588 esse,
1891 2559 2028 2580 necesse
2048 2555 2098 2581 est
2122 2548 2225 2582 simul

1246 2599 1480 2636 considerari,
1506 2608 1593 2642 quae
1611 2603 1644 2630 et
1661 2597 1722 2629 ubi
1739 2597 1782 2630 sit
1800 2609 1879 2630 vera
1894 2595 2067 2636 Ecclesia.
2093 2605 2126 2632 et
2141 2610 2226 2643 qua-

1248 2651 1290 2684 lis
1307 2650 1368 2691 sit,
1395 2656 1427 2684 et
1447 2659 1535 2694 quae
1552 2658 1606 2680 res
1621 2648 1663 2680 ad
1679 2647 1752 2681 eius
1769 2648 1938 2683 unitatem
1958 2649 2193 2694 requirantur.
