<?xml version="1.0" encoding="UTF-8"?>
<!DOCTYPE html PUBLIC "-//W3C//DTD XHTML 1.0 Transitional//EN"
    "http://www.w3.org/TR/xhtml1/DTD/xhtml1-transitional.dtd">
<html xmlns="http://www.w3.org/1999/xhtml" xml:lang="en" lang="en">
 <head>
  <title>
</title>
<meta http-equiv="Content-Type" content="text/html;charset=utf-8" />
  <meta name='ocr-system' content='tesseract 3.04.00' />
  <meta name='ocr-capabilities' content='ocr_page ocr_carea ocr_par ocr_line ocrx_word'/>
</head>
<body>
  <div class='ocr_page' id='page_1' title='image "./operaquaesupersu12melauoft_0328.png"; bbox 0 0 2324 2955; ppageno 0'>
   <div class='ocr_carea' id='block_1_1' title="bbox 209 125 284 159">
    <p class='ocr_par' dir='ltr' id='par_1_1' title="bbox 209 125 284 159">
     <span class='ocr_line' id='line_1_1' title="bbox 209 125 284 159; baseline -0.013 0"><span class='ocrx_word' id='word_1_1' title='bbox 209 125 284 159; x_wconf 79' lang='lat'>639</span> 
     </span>
    </p>
   </div>
   <div class='ocr_carea' id='block_1_2' title="bbox 202 198 1196 1803">
    <p class='ocr_par' dir='ltr' id='par_1_2' title="bbox 202 198 1189 551">
     <span class='ocr_line' id='line_1_2' title="bbox 202 198 1184 248; baseline -0.01 -4"><span class='ocrx_word' id='word_1_2' title='bbox 202 220 338 248; x_wconf 88' lang='lat' dir='ltr'>merus,</span> <span class='ocrx_word' id='word_1_3' title='bbox 366 217 442 239; x_wconf 86' lang='lat' dir='ltr'>cum</span> <span class='ocrx_word' id='word_1_4' title='bbox 466 202 563 245; x_wconf 80' lang='lat' dir='ltr'>fingit</span> <span class='ocrx_word' id='word_1_5' title='bbox 578 198 810 243; x_wconf 83' lang='lat' dir='ltr'>Evangelium</span> <span class='ocrx_word' id='word_1_6' title='bbox 835 206 971 234; x_wconf 87' lang='lat' dir='ltr'>tantum</span> <span class='ocrx_word' id='word_1_7' title='bbox 995 212 1068 233; x_wconf 89' lang='lat' dir='ltr'>esse</span> <span class='ocrx_word' id='word_1_8' title='bbox 1089 202 1184 236; x_wconf 91' lang='lat' dir='ltr'>noti-</span> 
     </span>
     <span class='ocr_line' id='line_1_3' title="bbox 204 249 1186 296; baseline -0.009 -2"><span class='ocrx_word' id='word_1_9' title='bbox 204 262 290 294; x_wconf 88' lang='lat' dir='ltr'>ciam</span> <span class='ocrx_word' id='word_1_10' title='bbox 307 255 499 290; x_wconf 77' lang='lat' dir='ltr'>naturalem</span> <span class='ocrx_word' id='word_1_11' title='bbox 519 253 602 296; x_wconf 82' lang='lat' dir='ltr'>legis</span> <span class='ocrx_word' id='word_1_12' title='bbox 614 277 623 290; x_wconf 94' lang='lat'>‚</span> <span class='ocrx_word' id='word_1_13' title='bbox 650 258 684 285; x_wconf 89' lang='lat' dir='ltr'>et</span> <span class='ocrx_word' id='word_1_14' title='bbox 702 262 821 283; x_wconf 87' lang='lat' dir='ltr'>omnes</span> <span class='ocrx_word' id='word_1_15' title='bbox 837 249 1000 285; x_wconf 86' lang='lat' dir='ltr'>homines</span> <span class='ocrx_word' id='word_1_16' title='bbox 1016 249 1186 286; x_wconf 83' lang='lat' dir='ltr'>habentes</span> 
     </span>
     <span class='ocr_line' id='line_1_4' title="bbox 205 301 1185 351; baseline -0.007 -9"><span class='ocrx_word' id='word_1_17' title='bbox 205 307 428 351; x_wconf 70' lang='lat' dir='ltr'>disciplinam</span> <span class='ocrx_word' id='word_1_18' title='bbox 455 304 548 338; x_wconf 82' lang='lat' dir='ltr'>iuxta</span> <span class='ocrx_word' id='word_1_19' title='bbox 574 303 702 345; x_wconf 80' lang='lat' dir='ltr'>legem,</span> <span class='ocrx_word' id='word_1_20' title='bbox 738 301 846 334; x_wconf 88' lang='lat' dir='ltr'>iustos</span> <span class='ocrx_word' id='word_1_21' title='bbox 869 313 940 334; x_wconf 81' lang='lat' dir='ltr'>esse</span> <span class='ocrx_word' id='word_1_22' title='bbox 962 313 1079 335; x_wconf 89' lang='lat' dir='ltr'>coram</span> <span class='ocrx_word' id='word_1_23' title='bbox 1100 301 1185 336; x_wconf 92' lang='lat' dir='ltr'>Deo.</span> 
     </span>
     <span class='ocr_line' id='line_1_5' title="bbox 203 350 1188 393; baseline -0.007 -1"><span class='ocrx_word' id='word_1_24' title='bbox 203 359 359 393; x_wconf 84' lang='lat' dir='ltr'>Sciamus</span> <span class='ocrx_word' id='word_1_25' title='bbox 374 362 489 388; x_wconf 86' lang='lat' dir='ltr'>autem</span> <span class='ocrx_word' id='word_1_26' title='bbox 504 352 731 386; x_wconf 85' lang='lat' dir='ltr'>necessariam</span> <span class='ocrx_word' id='word_1_27' title='bbox 748 363 819 385; x_wconf 90' lang='lat' dir='ltr'>esse</span> <span class='ocrx_word' id='word_1_28' title='bbox 836 352 872 384; x_wconf 92' lang='lat' dir='ltr'>in</span> <span class='ocrx_word' id='word_1_29' title='bbox 881 350 1038 385; x_wconf 84' lang='lat' dir='ltr'>Ecclesia</span> <span class='ocrx_word' id='word_1_30' title='bbox 1056 353 1188 387; x_wconf 90' lang='lat' dir='ltr'>doctri-</span> 
     </span>
     <span class='ocr_line' id='line_1_6' title="bbox 204 401 1188 446; baseline -0.005 -5"><span class='ocrx_word' id='word_1_31' title='bbox 204 420 285 441; x_wconf 86' lang='lat' dir='ltr'>nam</span> <span class='ocrx_word' id='word_1_32' title='bbox 301 408 343 440; x_wconf 90' lang='lat' dir='ltr'>de</span> <span class='ocrx_word' id='word_1_33' title='bbox 366 405 590 438; x_wconf 86' lang='lat' dir='ltr'>distinctione</span> <span class='ocrx_word' id='word_1_34' title='bbox 613 403 695 444; x_wconf 81' lang='lat' dir='ltr'>legis</span> <span class='ocrx_word' id='word_1_35' title='bbox 715 408 748 434; x_wconf 87' lang='lat' dir='ltr'>et</span> <span class='ocrx_word' id='word_1_36' title='bbox 765 401 968 446; x_wconf 80' lang='lat' dir='ltr'><strong>Evangelii,</strong></span> <span class='ocrx_word' id='word_1_37' title='bbox 995 409 1030 436; x_wconf 88' lang='lat' dir='ltr'>et</span> <span class='ocrx_word' id='word_1_38' title='bbox 1051 409 1188 437; x_wconf 87' lang='lat' dir='ltr'>utrum-</span> 
     </span>
     <span class='ocr_line' id='line_1_7' title="bbox 204 450 1189 503; baseline -0.002 -14"><span class='ocrx_word' id='word_1_39' title='bbox 204 470 271 503; x_wconf 79' lang='lat' dir='ltr'>que</span> <span class='ocrx_word' id='word_1_40' title='bbox 297 468 404 500; x_wconf 62' lang='lat' dir='ltr'>genus</span> <span class='ocrx_word' id='word_1_41' title='bbox 421 454 598 488; x_wconf 87' lang='lat' dir='ltr'>doctrinae</span> <span class='ocrx_word' id='word_1_42' title='bbox 617 460 708 486; x_wconf 90' lang='lat' dir='ltr'>recte</span> <span class='ocrx_word' id='word_1_43' title='bbox 733 459 765 485; x_wconf 89' lang='lat' dir='ltr'>et</span> <span class='ocrx_word' id='word_1_44' title='bbox 789 453 863 485; x_wconf 87' lang='lat' dir='ltr'>sine</span> <span class='ocrx_word' id='word_1_45' title='bbox 879 450 1068 498; x_wconf 79' lang='lat' dir='ltr'>sophistIca</span> <span class='ocrx_word' id='word_1_46' title='bbox 1084 453 1189 488; x_wconf 88' lang='lat' dir='ltr'>intel-</span> 
     </span>
     <span class='ocr_line' id='line_1_8' title="bbox 204 510 344 551; baseline -0.007 -11"><span class='ocrx_word' id='word_1_47' title='bbox 204 510 344 551; x_wconf 86' lang='lat' dir='ltr'>ligatur.</span> 
     </span>
    </p>

    <p class='ocr_par' dir='ltr' id='par_1_3' title="bbox 203 551 1193 893">
     <span class='ocr_line' id='line_1_9' title="bbox 307 551 1190 599; baseline -0.005 -7"><span class='ocrx_word' id='word_1_48' title='bbox 307 558 364 592; x_wconf 83' lang='lat'>19.</span> <span class='ocrx_word' id='word_1_49' title='bbox 400 555 447 591; x_wconf 88' lang='lat' dir='ltr'>Ut</span> <span class='ocrx_word' id='word_1_50' title='bbox 466 556 571 599; x_wconf 84' lang='lat' dir='ltr'>igitur</span> <span class='ocrx_word' id='word_1_51' title='bbox 589 555 776 588; x_wconf 70' lang='lat' dir='ltr'>discrimen</span> <span class='ocrx_word' id='word_1_52' title='bbox 796 554 881 596; x_wconf 88' lang='lat' dir='ltr'>legis</span> <span class='ocrx_word' id='word_1_53' title='bbox 897 560 930 588; x_wconf 86' lang='lat' dir='ltr'>et</span> <span class='ocrx_word' id='word_1_54' title='bbox 945 551 1129 598; x_wconf 80' lang='lat' dir='ltr'>Evangelii</span> <span class='ocrx_word' id='word_1_55' title='bbox 1146 555 1190 588; x_wconf 91' lang='lat' dir='ltr'>sit</span> 
     </span>
     <span class='ocr_line' id='line_1_10' title="bbox 204 605 1191 651; baseline -0.002 -10"><span class='ocrx_word' id='word_1_56' title='bbox 204 610 241 642; x_wconf 84' lang='lat' dir='ltr'>in</span> <span class='ocrx_word' id='word_1_57' title='bbox 261 613 465 651; x_wconf 87' lang='lat' dir='ltr'>conspectu,</span> <span class='ocrx_word' id='word_1_58' title='bbox 492 607 713 640; x_wconf 86' lang='lat' dir='ltr'>definitiones</span> <span class='ocrx_word' id='word_1_59' title='bbox 732 605 920 645; x_wconf 86' lang='lat' dir='ltr'>tradimus,</span> <span class='ocrx_word' id='word_1_60' title='bbox 947 617 1031 649; x_wconf 91' lang='lat' dir='ltr'>quas</span> <span class='ocrx_word' id='word_1_61' title='bbox 1048 613 1138 639; x_wconf 90' lang='lat' dir='ltr'>recte</span> <span class='ocrx_word' id='word_1_62' title='bbox 1157 612 1191 639; x_wconf 86' lang='lat' dir='ltr'>et</span> 
     </span>
     <span class='ocr_line' id='line_1_11' title="bbox 204 656 1191 699; baseline -0.003 -7"><span class='ocrx_word' id='word_1_63' title='bbox 204 671 278 692; x_wconf 83' lang='lat' dir='ltr'>non</span> <span class='ocrx_word' id='word_1_64' title='bbox 297 658 511 691; x_wconf 85' lang='lat' dir='ltr'>calumniose</span> <span class='ocrx_word' id='word_1_65' title='bbox 529 657 678 699; x_wconf 83' lang='lat' dir='ltr'>intelligi</span> <span class='ocrx_word' id='word_1_66' title='bbox 696 656 877 695; x_wconf 80' lang='lat' dir='ltr'>volumus,</span> <span class='ocrx_word' id='word_1_67' title='bbox 904 662 964 688; x_wconf 87' lang='lat' dir='ltr'>aut</span> <span class='ocrx_word' id='word_1_68' title='bbox 980 656 1090 699; x_wconf 84' lang='lat' dir='ltr'>magis</span> <span class='ocrx_word' id='word_1_69' title='bbox 1107 668 1191 689; x_wconf 91' lang='lat' dir='ltr'>con-</span> 
     </span>
     <span class='ocr_line' id='line_1_12' title="bbox 203 705 1192 750; baseline -0.003 -8"><span class='ocrx_word' id='word_1_70' title='bbox 203 710 324 743; x_wconf 85' lang='lat' dir='ltr'>cinnas</span> <span class='ocrx_word' id='word_1_71' title='bbox 340 708 441 742; x_wconf 89' lang='lat' dir='ltr'>tradi.</span> <span class='ocrx_word' id='word_1_72' title='bbox 493 707 565 740; x_wconf 73' lang='lat' dir='ltr'>Nec</span> <span class='ocrx_word' id='word_1_73' title='bbox 592 707 657 739; x_wconf 86' lang='lat' dir='ltr'>iam</span> <span class='ocrx_word' id='word_1_74' title='bbox 677 707 718 739; x_wconf 90' lang='lat' dir='ltr'>de</span> <span class='ocrx_word' id='word_1_75' title='bbox 736 706 856 750; x_wconf 86' lang='lat' dir='ltr'>politia</span> <span class='ocrx_word' id='word_1_76' title='bbox 876 705 1013 750; x_wconf 82' lang='lat' dir='ltr'>Moysi,</span> <span class='ocrx_word' id='word_1_77' title='bbox 1036 708 1078 739; x_wconf 88' lang='lat' dir='ltr'>de</span> <span class='ocrx_word' id='word_1_78' title='bbox 1098 718 1192 739; x_wconf 85' lang='lat' dir='ltr'>cere-</span> 
     </span>
     <span class='ocr_line' id='line_1_13' title="bbox 205 756 1193 801; baseline -0.004 -8"><span class='ocrx_word' id='word_1_79' title='bbox 205 759 334 793; x_wconf 85' lang='lat' dir='ltr'>moniis</span> <span class='ocrx_word' id='word_1_80' title='bbox 351 766 411 792; x_wconf 86' lang='lat' dir='ltr'>aut</span> <span class='ocrx_word' id='word_1_81' title='bbox 426 759 468 790; x_wconf 88' lang='lat' dir='ltr'>de</span> <span class='ocrx_word' id='word_1_82' title='bbox 486 757 562 790; x_wconf 85' lang='lat' dir='ltr'>foro</span> <span class='ocrx_word' id='word_1_83' title='bbox 583 757 784 801; x_wconf 85' lang='lat' dir='ltr'>loquimur,</span> <span class='ocrx_word' id='word_1_84' title='bbox 811 756 868 788; x_wconf 86' lang='lat' dir='ltr'>sed</span> <span class='ocrx_word' id='word_1_85' title='bbox 888 756 930 788; x_wconf 89' lang='lat' dir='ltr'>de</span> <span class='ocrx_word' id='word_1_86' title='bbox 950 756 1023 799; x_wconf 84' lang='lat' dir='ltr'>lege</span> <span class='ocrx_word' id='word_1_87' title='bbox 1041 763 1193 797; x_wconf 88' lang='lat' dir='ltr'>aeterna,</span> 
     </span>
     <span class='ocr_line' id='line_1_14' title="bbox 205 806 1191 854; baseline -0.003 -12"><span class='ocrx_word' id='word_1_88' title='bbox 205 822 293 854; x_wconf 86' lang='lat' dir='ltr'>quae</span> <span class='ocrx_word' id='word_1_89' title='bbox 319 808 447 852; x_wconf 87' lang='lat' dir='ltr'>puerili</span> <span class='ocrx_word' id='word_1_90' title='bbox 469 808 704 852; x_wconf 71' lang='lat' dir='ltr'>appellatione</span> <span class='ocrx_word' id='word_1_91' title='bbox 721 806 926 839; x_wconf 88' lang='lat' dir='ltr'>nominatur</span> <span class='ocrx_word' id='word_1_92' title='bbox 943 806 1015 840; x_wconf 87' lang='lat' dir='ltr'>Lex</span> <span class='ocrx_word' id='word_1_93' title='bbox 1033 806 1191 840; x_wconf 82' lang='lat' dir='ltr'>Moralis.</span> 
     </span>
     <span class='ocr_line' id='line_1_15' title="bbox 205 856 733 893; baseline -0.002 0"><span class='ocrx_word' id='word_1_94' title='bbox 205 860 307 893; x_wconf 87' lang='lat' dir='ltr'>llanc</span> <span class='ocrx_word' id='word_1_95' title='bbox 326 858 511 891; x_wconf 85' lang='lat' dir='ltr'>desinimus</span> <span class='ocrx_word' id='word_1_96' title='bbox 530 856 596 891; x_wconf 91' lang='lat' dir='ltr'>hoc</span> <span class='ocrx_word' id='word_1_97' title='bbox 614 859 733 892; x_wconf 86' lang='lat' dir='ltr'>modo.</span> 
     </span>
    </p>

    <p class='ocr_par' dir='ltr' id='par_1_4' title="bbox 202 905 1196 1803">
     <span class='ocr_line' id='line_1_16' title="bbox 308 905 1192 941; baseline 0 -1"><span class='ocrx_word' id='word_1_98' title='bbox 308 905 408 941; x_wconf 67' lang='lat' dir='ltr'>Lea:</span> <span class='ocrx_word' id='word_1_99' title='bbox 435 906 638 941; x_wconf 79' lang='lat' dir='ltr'>moralis</span> <span class='ocrx_word' id='word_1_100' title='bbox 673 914 723 940; x_wconf 90' lang='lat' dir='ltr'>est</span> <span class='ocrx_word' id='word_1_101' title='bbox 748 914 887 941; x_wconf 87' lang='lat' dir='ltr'>aeterna</span> <span class='ocrx_word' id='word_1_102' title='bbox 913 914 946 941; x_wconf 92' lang='lat' dir='ltr'>et</span> <span class='ocrx_word' id='word_1_103' title='bbox 968 908 1112 941; x_wconf 88' lang='lat' dir='ltr'>immota</span> <span class='ocrx_word' id='word_1_104' title='bbox 1138 919 1192 940; x_wconf 91' lang='lat' dir='ltr'>sa-</span> 
     </span>
     <span class='ocr_line' id='line_1_17' title="bbox 202 957 1192 1005; baseline -0.002 -12"><span class='ocrx_word' id='word_1_105' title='bbox 202 960 335 1005; x_wconf 86' lang='lat' dir='ltr'>pientia</span> <span class='ocrx_word' id='word_1_106' title='bbox 351 966 383 993; x_wconf 88' lang='lat' dir='ltr'>et</span> <span class='ocrx_word' id='word_1_107' title='bbox 401 959 519 1001; x_wconf 89' lang='lat' dir='ltr'>regula</span> <span class='ocrx_word' id='word_1_108' title='bbox 538 958 694 992; x_wconf 88' lang='lat' dir='ltr'>iusticiae</span> <span class='ocrx_word' id='word_1_109' title='bbox 712 958 748 990; x_wconf 87' lang='lat' dir='ltr'>in</span> <span class='ocrx_word' id='word_1_110' title='bbox 765 957 859 999; x_wconf 88' lang='lat' dir='ltr'>Deo,</span> <span class='ocrx_word' id='word_1_111' title='bbox 883 958 1085 991; x_wconf 89' lang='lat' dir='ltr'>discernens</span> <span class='ocrx_word' id='word_1_112' title='bbox 1099 966 1192 992; x_wconf 84' lang='lat' dir='ltr'>recta</span> 
     </span>
     <span class='ocr_line' id='line_1_18' title="bbox 204 1006 1192 1049; baseline -0.004 -5"><span class='ocrx_word' id='word_1_113' title='bbox 204 1019 237 1045; x_wconf 88' lang='lat' dir='ltr'>et</span> <span class='ocrx_word' id='word_1_114' title='bbox 262 1022 334 1044; x_wconf 90' lang='lat' dir='ltr'>non</span> <span class='ocrx_word' id='word_1_115' title='bbox 358 1016 470 1049; x_wconf 85' lang='lat' dir='ltr'>recta,</span> <span class='ocrx_word' id='word_1_116' title='bbox 510 1009 632 1041; x_wconf 82' lang='lat' dir='ltr'>volens</span> <span class='ocrx_word' id='word_1_117' title='bbox 656 1015 769 1049; x_wconf 88' lang='lat' dir='ltr'>recta,</span> <span class='ocrx_word' id='word_1_118' title='bbox 812 1015 845 1041; x_wconf 92' lang='lat' dir='ltr'>et</span> <span class='ocrx_word' id='word_1_119' title='bbox 869 1006 1034 1041; x_wconf 86' lang='lat' dir='ltr'>horribili</span> <span class='ocrx_word' id='word_1_120' title='bbox 1059 1009 1111 1041; x_wconf 86' lang='lat' dir='ltr'>ira</span> <span class='ocrx_word' id='word_1_121' title='bbox 1132 1010 1192 1040; x_wconf 88' lang='lat' dir='ltr'>‹le-</span> 
     </span>
     <span class='ocr_line' id='line_1_19' title="bbox 205 1058 1193 1099; baseline -0.005 -5"><span class='ocrx_word' id='word_1_122' title='bbox 205 1069 343 1095; x_wconf 84' lang='lat' dir='ltr'>struens</span> <span class='ocrx_word' id='word_1_123' title='bbox 362 1059 548 1099; x_wconf 87' lang='lat' dir='ltr'>contraria,</span> <span class='ocrx_word' id='word_1_124' title='bbox 576 1059 674 1092; x_wconf 91' lang='lat' dir='ltr'>cuius</span> <span class='ocrx_word' id='word_1_125' title='bbox 691 1059 821 1092; x_wconf 85' lang='lat' dir='ltr'>noticia</span> <span class='ocrx_word' id='word_1_126' title='bbox 838 1059 875 1090; x_wconf 91' lang='lat' dir='ltr'>in</span> <span class='ocrx_word' id='word_1_127' title='bbox 894 1058 1068 1090; x_wconf 81' lang='lat' dir='ltr'>creatione</span> <span class='ocrx_word' id='word_1_128' title='bbox 1086 1058 1193 1090; x_wconf 84' lang='lat' dir='ltr'>ratio-</span> 
     </span>
     <span class='ocr_line' id='line_1_20' title="bbox 205 1109 1193 1150; baseline -0.006 -6"><span class='ocrx_word' id='word_1_129' title='bbox 205 1112 346 1144; x_wconf 87' lang='lat' dir='ltr'>nalibus</span> <span class='ocrx_word' id='word_1_130' title='bbox 365 1110 530 1143; x_wconf 82' lang='lat' dir='ltr'>creaturis</span> <span class='ocrx_word' id='word_1_131' title='bbox 550 1109 650 1142; x_wconf 86' lang='lat' dir='ltr'>insita</span> <span class='ocrx_word' id='word_1_132' title='bbox 669 1115 737 1148; x_wconf 86' lang='lat' dir='ltr'>est,</span> <span class='ocrx_word' id='word_1_133' title='bbox 771 1115 804 1140; x_wconf 90' lang='lat' dir='ltr'>et</span> <span class='ocrx_word' id='word_1_134' title='bbox 828 1113 946 1150; x_wconf 85' lang='lat' dir='ltr'>postea</span> <span class='ocrx_word' id='word_1_135' title='bbox 969 1118 1069 1150; x_wconf 80' lang='lat' dir='ltr'>saepe</span> <span class='ocrx_word' id='word_1_136' title='bbox 1094 1118 1193 1149; x_wconf 86' lang='lat' dir='ltr'>repe-</span> 
     </span>
     <span class='ocr_line' id='line_1_21' title="bbox 203 1157 1194 1201; baseline -0.006 -7"><span class='ocrx_word' id='word_1_137' title='bbox 203 1163 267 1194; x_wconf 88' lang='lat' dir='ltr'>tita</span> <span class='ocrx_word' id='word_1_138' title='bbox 284 1168 316 1194; x_wconf 91' lang='lat' dir='ltr'>et</span> <span class='ocrx_word' id='word_1_139' title='bbox 334 1160 505 1193; x_wconf 85' lang='lat' dir='ltr'>declarata</span> <span class='ocrx_word' id='word_1_140' title='bbox 525 1171 607 1191; x_wconf 83' lang='lat' dir='ltr'>voce</span> <span class='ocrx_word' id='word_1_141' title='bbox 632 1158 771 1197; x_wconf 82' lang='lat' dir='ltr'>divina,</span> <span class='ocrx_word' id='word_1_142' title='bbox 795 1163 836 1190; x_wconf 87' lang='lat' dir='ltr'>ut</span> <span class='ocrx_word' id='word_1_143' title='bbox 860 1157 1009 1190; x_wconf 90' lang='lat' dir='ltr'>sciamus</span> <span class='ocrx_word' id='word_1_144' title='bbox 1031 1158 1124 1201; x_wconf 87' lang='lat' dir='ltr'>quod</span> <span class='ocrx_word' id='word_1_145' title='bbox 1150 1157 1194 1189; x_wconf 90' lang='lat' dir='ltr'>sit</span> 
     </span>
     <span class='ocr_line' id='line_1_22' title="bbox 203 1207 1194 1254; baseline -0.008 -8"><span class='ocrx_word' id='word_1_146' title='bbox 203 1211 319 1251; x_wconf 81' lang='lat' dir='ltr'>Deus,</span> <span class='ocrx_word' id='word_1_147' title='bbox 345 1217 378 1244; x_wconf 92' lang='lat' dir='ltr'>et</span> <span class='ocrx_word' id='word_1_148' title='bbox 401 1210 513 1254; x_wconf 79' lang='lat' dir='ltr'>quaHs</span> <span class='ocrx_word' id='word_1_149' title='bbox 538 1209 601 1249; x_wconf 87' lang='lat' dir='ltr'>sit,</span> <span class='ocrx_word' id='word_1_150' title='bbox 629 1214 663 1241; x_wconf 88' lang='lat' dir='ltr'>et</span> <span class='ocrx_word' id='word_1_151' title='bbox 689 1208 783 1252; x_wconf 88' lang='lat' dir='ltr'>quod</span> <span class='ocrx_word' id='word_1_152' title='bbox 808 1208 852 1240; x_wconf 90' lang='lat' dir='ltr'>sit</span> <span class='ocrx_word' id='word_1_153' title='bbox 876 1208 998 1247; x_wconf 82' lang='lat' dir='ltr'>iudex,</span> <span class='ocrx_word' id='word_1_154' title='bbox 1033 1207 1194 1250; x_wconf 87' lang='lat' dir='ltr'>obligans</span> 
     </span>
     <span class='ocr_line' id='line_1_23' title="bbox 206 1257 1195 1301; baseline -0.005 -6"><span class='ocrx_word' id='word_1_155' title='bbox 206 1273 327 1295; x_wconf 88' lang='lat' dir='ltr'>omues</span> <span class='ocrx_word' id='word_1_156' title='bbox 357 1266 531 1293; x_wconf 89' lang='lat' dir='ltr'>creaturas</span> <span class='ocrx_word' id='word_1_157' title='bbox 563 1258 771 1298; x_wconf 76' lang='lat' dir='ltr'>rationales,</span> <span class='ocrx_word' id='word_1_158' title='bbox 814 1264 847 1291; x_wconf 90' lang='lat' dir='ltr'>et</span> <span class='ocrx_word' id='word_1_159' title='bbox 879 1257 1114 1301; x_wconf 85' lang='lat' dir='ltr'>praecipiens,</span> <span class='ocrx_word' id='word_1_160' title='bbox 1156 1263 1195 1290; x_wconf 87' lang='lat' dir='ltr'>ut</span> 
     </span>
     <span class='ocr_line' id='line_1_24' title="bbox 204 1306 1194 1352; baseline -0.006 -7"><span class='ocrx_word' id='word_1_161' title='bbox 204 1323 326 1345; x_wconf 82' lang='lat' dir='ltr'>omnes</span> <span class='ocrx_word' id='word_1_162' title='bbox 349 1311 420 1343; x_wconf 86' lang='lat' dir='ltr'>sint</span> <span class='ocrx_word' id='word_1_163' title='bbox 442 1310 638 1342; x_wconf 83' lang='lat' dir='ltr'>conformes</span> <span class='ocrx_word' id='word_1_164' title='bbox 661 1309 748 1352; x_wconf 88' lang='lat' dir='ltr'>ipsi,</span> <span class='ocrx_word' id='word_1_165' title='bbox 791 1316 823 1342; x_wconf 88' lang='lat' dir='ltr'>et</span> <span class='ocrx_word' id='word_1_166' title='bbox 848 1306 1000 1341; x_wconf 88' lang='lat' dir='ltr'>habeant</span> <span class='ocrx_word' id='word_1_167' title='bbox 1023 1307 1194 1349; x_wconf 83' lang='lat' dir='ltr'>integram</span> 
     </span>
     <span class='ocr_line' id='line_1_25' title="bbox 203 1359 1195 1402; baseline -0.006 -7"><span class='ocrx_word' id='word_1_168' title='bbox 203 1361 441 1395; x_wconf 80' lang='lat' dir='ltr'>obedientiam</span> <span class='ocrx_word' id='word_1_169' title='bbox 457 1361 550 1393; x_wconf 77' lang='lat' dir='ltr'>iuxta</span> <span class='ocrx_word' id='word_1_170' title='bbox 568 1366 677 1393; x_wconf 89' lang='lat' dir='ltr'>totam</span> <span class='ocrx_word' id='word_1_171' title='bbox 694 1359 823 1402; x_wconf 86' lang='lat' dir='ltr'>legem,</span> <span class='ocrx_word' id='word_1_172' title='bbox 850 1365 882 1392; x_wconf 88' lang='lat' dir='ltr'>et</span> <span class='ocrx_word' id='word_1_173' title='bbox 899 1369 1062 1390; x_wconf 84' lang='lat' dir='ltr'>accusans</span> <span class='ocrx_word' id='word_1_174' title='bbox 1080 1369 1118 1390; x_wconf 90' lang='lat' dir='ltr'>ac</span> <span class='ocrx_word' id='word_1_175' title='bbox 1135 1359 1195 1390; x_wconf 91' lang='lat' dir='ltr'>de-</span> 
     </span>
     <span class='ocr_line' id='line_1_26' title="bbox 203 1407 1195 1448; baseline -0.007 -2"><span class='ocrx_word' id='word_1_176' title='bbox 203 1420 340 1447; x_wconf 86' lang='lat' dir='ltr'>struens</span> <span class='ocrx_word' id='word_1_177' title='bbox 359 1422 480 1444; x_wconf 84' lang='lat' dir='ltr'>omnes</span> <span class='ocrx_word' id='word_1_178' title='bbox 499 1422 571 1443; x_wconf 90' lang='lat' dir='ltr'>non</span> <span class='ocrx_word' id='word_1_179' title='bbox 588 1411 796 1448; x_wconf 78' lang='lat' dir='ltr'>conformes,</span> <span class='ocrx_word' id='word_1_180' title='bbox 823 1409 917 1442; x_wconf 83' lang='lat' dir='ltr'>iuxta</span> <span class='ocrx_word' id='word_1_181' title='bbox 935 1408 1085 1442; x_wconf 85' lang='lat' dir='ltr'>dictum:</span> <span class='ocrx_word' id='word_1_182' title='bbox 1114 1407 1195 1440; x_wconf 83' lang='lat' dir='ltr'>Ma-</span> 
     </span>
     <span class='ocr_line' id='line_1_27' title="bbox 203 1459 1195 1506; baseline -0.007 -10"><span class='ocrx_word' id='word_1_183' title='bbox 203 1464 351 1496; x_wconf 84' lang='lat' dir='ltr'>ledictus</span> <span class='ocrx_word' id='word_1_184' title='bbox 385 1462 445 1506; x_wconf 89' lang='lat' dir='ltr'>qui</span> <span class='ocrx_word' id='word_1_185' title='bbox 465 1469 551 1493; x_wconf 73' lang='lat' dir='ltr'>‘non</span> <span class='ocrx_word' id='word_1_186' title='bbox 578 1460 805 1504; x_wconf 82' lang='lat' dir='ltr'>permanserit</span> <span class='ocrx_word' id='word_1_187' title='bbox 831 1460 866 1490; x_wconf 92' lang='lat' dir='ltr'>in</span> <span class='ocrx_word' id='word_1_188' title='bbox 890 1459 1074 1498; x_wconf 88' lang='lat' dir='ltr'>omnibus,</span> <span class='ocrx_word' id='word_1_189' title='bbox 1106 1469 1195 1502; x_wconf 89' lang='lat' dir='ltr'>quae</span> 
     </span>
     <span class='ocr_line' id='line_1_28' title="bbox 205 1508 1196 1557; baseline -0.008 -10"><span class='ocrx_word' id='word_1_190' title='bbox 205 1514 332 1557; x_wconf 84' lang='lat' dir='ltr'>scripta</span> <span class='ocrx_word' id='word_1_191' title='bbox 351 1518 432 1545; x_wconf 89' lang='lat' dir='ltr'>sunt</span> <span class='ocrx_word' id='word_1_192' title='bbox 451 1511 488 1543; x_wconf 89' lang='lat' dir='ltr'>in</span> <span class='ocrx_word' id='word_1_193' title='bbox 507 1511 590 1553; x_wconf 83' lang='lat' dir='ltr'>lege.</span> <span class='ocrx_word' id='word_1_194' title='bbox 635 1508 725 1543; x_wconf 89' lang='lat' dir='ltr'>Cum</span> <span class='ocrx_word' id='word_1_195' title='bbox 744 1516 859 1542; x_wconf 88' lang='lat' dir='ltr'>autern</span> <span class='ocrx_word' id='word_1_196' title='bbox 877 1509 913 1541; x_wconf 90' lang='lat' dir='ltr'>in</span> <span class='ocrx_word' id='word_1_197' title='bbox 930 1508 1134 1540; x_wconf 76' lang='lat' dir='ltr'>definitione</span> <span class='ocrx_word' id='word_1_198' title='bbox 1152 1508 1196 1540; x_wconf 89' lang='lat' dir='ltr'>sit</span> 
     </span>
     <span class='ocr_line' id='line_1_29' title="bbox 204 1558 1196 1602; baseline -0.008 -5"><span class='ocrx_word' id='word_1_199' title='bbox 204 1563 435 1599; x_wconf 82' lang='lat' dir='ltr'>vocabulum,</span> <span class='ocrx_word' id='word_1_200' title='bbox 464 1561 619 1599; x_wconf 88' lang='lat' dir='ltr'>immota,</span> <span class='ocrx_word' id='word_1_201' title='bbox 645 1572 684 1592; x_wconf 83' lang='lat' dir='ltr'>ex</span> <span class='ocrx_word' id='word_1_202' title='bbox 696 1558 887 1602; x_wconf 84' lang='lat' dir='ltr'>Evangelio</span> <span class='ocrx_word' id='word_1_203' title='bbox 906 1559 1071 1591; x_wconf 88' lang='lat' dir='ltr'>adiicitur</span> <span class='ocrx_word' id='word_1_204' title='bbox 1087 1559 1196 1590; x_wconf 88' lang='lat' dir='ltr'>inter-</span> 
     </span>
     <span class='ocr_line' id='line_1_30' title="bbox 203 1609 1196 1659; baseline -0.008 -12"><span class='ocrx_word' id='word_1_205' title='bbox 203 1613 370 1659; x_wconf 85' lang='lat' dir='ltr'>pretatio,</span> <span class='ocrx_word' id='word_1_206' title='bbox 395 1611 465 1644; x_wconf 89' lang='lat' dir='ltr'>nisi</span> <span class='ocrx_word' id='word_1_207' title='bbox 482 1612 540 1644; x_wconf 84' lang='lat' dir='ltr'>fiat</span> <span class='ocrx_word' id='word_1_208' title='bbox 558 1610 716 1643; x_wconf 74' lang='lat' dir='ltr'>remissio</span> <span class='ocrx_word' id='word_1_209' title='bbox 735 1616 767 1642; x_wconf 88' lang='lat' dir='ltr'>et</span> <span class='ocrx_word' id='word_1_210' title='bbox 794 1609 1031 1642; x_wconf 80' lang='lat' dir='ltr'>reconciliatio</span> <span class='ocrx_word' id='word_1_211' title='bbox 1053 1615 1196 1652; x_wconf 84' lang='lat' dir='ltr'>propter</span> 
     </span>
     <span class='ocr_line' id='line_1_31' title="bbox 203 1658 1196 1703; baseline -0.009 -5"><span class='ocrx_word' id='word_1_212' title='bbox 203 1665 314 1698; x_wconf 89' lang='lat' dir='ltr'>filium</span> <span class='ocrx_word' id='word_1_213' title='bbox 337 1662 577 1695; x_wconf 85' lang='lat' dir='ltr'>mediatorem.</span> <span class='ocrx_word' id='word_1_214' title='bbox 631 1660 718 1693; x_wconf 87' lang='lat' dir='ltr'>Nam</span> <span class='ocrx_word' id='word_1_215' title='bbox 738 1666 816 1692; x_wconf 89' lang='lat' dir='ltr'>ante</span> <span class='ocrx_word' id='word_1_216' title='bbox 839 1659 1107 1703; x_wconf 84' lang='lat' dir='ltr'>promissionem</span> <span class='ocrx_word' id='word_1_217' title='bbox 1131 1658 1196 1690; x_wconf 86' lang='lat' dir='ltr'>ali-</span> 
     </span>
     <span class='ocr_line' id='line_1_32' title="bbox 203 1709 1196 1755; baseline -0.008 -8"><span class='ocrx_word' id='word_1_218' title='bbox 203 1722 256 1748; x_wconf 90' lang='lat' dir='ltr'>ter</span> <span class='ocrx_word' id='word_1_219' title='bbox 274 1713 419 1747; x_wconf 85' lang='lat' dir='ltr'>iudicari</span> <span class='ocrx_word' id='word_1_220' title='bbox 438 1724 509 1744; x_wconf 92' lang='lat' dir='ltr'>non</span> <span class='ocrx_word' id='word_1_221' title='bbox 528 1710 652 1755; x_wconf 88' lang='lat' dir='ltr'>potuit,</span> <span class='ocrx_word' id='word_1_222' title='bbox 680 1710 748 1742; x_wconf 85' lang='lat' dir='ltr'>nisi</span> <span class='ocrx_word' id='word_1_223' title='bbox 766 1710 853 1742; x_wconf 88' lang='lat' dir='ltr'>iram</span> <span class='ocrx_word' id='word_1_224' title='bbox 868 1719 1012 1752; x_wconf 86' lang='lat' dir='ltr'>prorsus</span> <span class='ocrx_word' id='word_1_225' title='bbox 1029 1709 1196 1740; x_wconf 88' lang='lat' dir='ltr'>immuta-</span> 
     </span>
     <span class='ocr_line' id='line_1_33' title="bbox 202 1757 1196 1803; baseline -0.009 -5"><span class='ocrx_word' id='word_1_226' title='bbox 202 1766 310 1799; x_wconf 82' lang='lat' dir='ltr'>bilem</span> <span class='ocrx_word' id='word_1_227' title='bbox 334 1775 424 1803; x_wconf 86' lang='lat' dir='ltr'>esse,</span> <span class='ocrx_word' id='word_1_228' title='bbox 466 1768 499 1795; x_wconf 86' lang='lat' dir='ltr'>et</span> <span class='ocrx_word' id='word_1_229' title='bbox 529 1762 577 1795; x_wconf 69' lang='grc' dir='ltr'>εἰς</span> <span class='ocrx_word' id='word_1_230' title='bbox 609 1767 658 1794; x_wconf 90' lang='lat' dir='ltr'>est</span> <span class='ocrx_word' id='word_1_231' title='bbox 691 1759 939 1800; x_wconf 87' lang='lat' dir='ltr'>immutabilis,</span> <span class='ocrx_word' id='word_1_232' title='bbox 980 1759 1074 1803; x_wconf 89' lang='lat' dir='ltr'>quod</span> <span class='ocrx_word' id='word_1_233' title='bbox 1102 1757 1196 1790; x_wconf 89' lang='lat' dir='ltr'>Deus</span> 
     </span>
    </p>
   </div>
   <div class='ocr_carea' id='block_1_3' title="bbox 204 1808 1222 1859">
    <p class='ocr_par' dir='ltr' id='par_1_5' title="bbox 204 1808 1222 1859">
     <span class='ocr_line' id='line_1_34' title="bbox 204 1808 1222 1859; baseline -0.009 -11"><span class='ocrx_word' id='word_1_234' title='bbox 204 1821 342 1859; x_wconf 71' lang='lat' dir='ltr'>peccato</span> <span class='ocrx_word' id='word_1_235' title='bbox 360 1825 495 1856; x_wconf 86' lang='lat' dir='ltr'>semper</span> <span class='ocrx_word' id='word_1_236' title='bbox 513 1811 674 1844; x_wconf 85' lang='lat' dir='ltr'>irascitur</span> <span class='ocrx_word' id='word_1_237' title='bbox 694 1817 726 1843; x_wconf 87' lang='lat' dir='ltr'>et</span> <span class='ocrx_word' id='word_1_238' title='bbox 744 1822 817 1842; x_wconf 90' lang='lat' dir='ltr'>non</span> <span class='ocrx_word' id='word_1_239' title='bbox 838 1810 913 1842; x_wconf 89' lang='lat' dir='ltr'>sine</span> <span class='ocrx_word' id='word_1_240' title='bbox 939 1821 1049 1852; x_wconf 91' lang='lat' dir='ltr'>poena</span> <span class='ocrx_word' id='word_1_241' title='bbox 1074 1808 1197 1841; x_wconf 88' lang='lat' dir='ltr'>remit—</span> <span class='ocrx_word' id='word_1_242' title='bbox 1220 1820 1222 1830; x_wconf 83' lang='lat'><strong>¹</strong></span> 
     </span>
    </p>
   </div>
   <div class='ocr_carea' id='block_1_4' title="bbox 204 1859 1197 2309">
    <p class='ocr_par' dir='ltr' id='par_1_6' title="bbox 204 1859 1197 2110">
     <span class='ocr_line' id='line_1_35' title="bbox 204 1859 1197 1909; baseline -0.01 -9"><span class='ocrx_word' id='word_1_243' title='bbox 204 1867 265 1905; x_wconf 82' lang='lat' dir='ltr'>tit,</span> <span class='ocrx_word' id='word_1_244' title='bbox 294 1876 397 1909; x_wconf 84' lang='lat' dir='ltr'>quam</span> <span class='ocrx_word' id='word_1_245' title='bbox 417 1864 452 1895; x_wconf 89' lang='lat' dir='ltr'>in</span> <span class='ocrx_word' id='word_1_246' title='bbox 475 1863 586 1894; x_wconf 82' lang='lat' dir='ltr'>filium</span> <span class='ocrx_word' id='word_1_247' title='bbox 601 1861 829 1894; x_wconf 86' lang='lat' dir='ltr'>mediatorem</span> <span class='ocrx_word' id='word_1_248' title='bbox 847 1860 1016 1892; x_wconf 88' lang='lat' dir='ltr'>immensa</span> <span class='ocrx_word' id='word_1_249' title='bbox 1039 1859 1197 1891; x_wconf 89' lang='lat' dir='ltr'>bonitate</span> 
     </span>
     <span class='ocr_line' id='line_1_36' title="bbox 205 1909 1196 1952; baseline -0.009 -3"><span class='ocrx_word' id='word_1_250' title='bbox 205 1923 239 1949; x_wconf 89' lang='lat' dir='ltr'>et</span> <span class='ocrx_word' id='word_1_251' title='bbox 272 1915 433 1947; x_wconf 81' lang='lat' dir='ltr'>mirando</span> <span class='ocrx_word' id='word_1_252' title='bbox 466 1912 631 1951; x_wconf 88' lang='lat' dir='ltr'>consilio,</span> <span class='ocrx_word' id='word_1_253' title='bbox 678 1910 875 1944; x_wconf 85' lang='lat' dir='ltr'>transtulit:</span> <span class='ocrx_word' id='word_1_254' title='bbox 916 1909 1041 1952; x_wconf 88' lang='lat' dir='ltr'>recipit</span> <span class='ocrx_word' id='word_1_255' title='bbox 1079 1914 1196 1941; x_wconf 90' lang='lat' dir='ltr'>autem</span> 
     </span>
     <span class='ocr_line' id='line_1_37' title="bbox 204 1959 1197 2006; baseline -0.008 -7"><span class='ocrx_word' id='word_1_256' title='bbox 204 1972 401 1999; x_wconf 88' lang='lat' dir='ltr'>creaturam</span> <span class='ocrx_word' id='word_1_257' title='bbox 428 1975 525 1996; x_wconf 90' lang='lat' dir='ltr'>suam</span> <span class='ocrx_word' id='word_1_258' title='bbox 558 1968 701 2006; x_wconf 89' lang='lat' dir='ltr'>propter</span> <span class='ocrx_word' id='word_1_259' title='bbox 730 1960 856 1995; x_wconf 90' lang='lat' dir='ltr'>filium.</span> <span class='ocrx_word' id='word_1_260' title='bbox 926 1959 1087 2004; x_wconf 82' lang='lat' dir='ltr'>Suntque</span> <span class='ocrx_word' id='word_1_261' title='bbox 1118 1970 1197 1992; x_wconf 87' lang='lat' dir='ltr'>exe-</span> 
     </span>
     <span class='ocr_line' id='line_1_38' title="bbox 204 2008 1197 2053; baseline -0.008 -4"><span class='ocrx_word' id='word_1_262' title='bbox 204 2015 327 2050; x_wconf 88' lang='lat' dir='ltr'>crandi</span> <span class='ocrx_word' id='word_1_263' title='bbox 360 2015 495 2047; x_wconf 83' lang='lat' dir='ltr'>furores</span> <span class='ocrx_word' id='word_1_264' title='bbox 522 2012 721 2046; x_wconf 88' lang='lat' dir='ltr'>Stoicorum</span> <span class='ocrx_word' id='word_1_265' title='bbox 744 2018 776 2045; x_wconf 91' lang='lat' dir='ltr'>et</span> <span class='ocrx_word' id='word_1_266' title='bbox 801 2009 1096 2050; x_wconf 73' lang='lat' dir='ltr'>Anfinomorum,</span> <span class='ocrx_word' id='word_1_267' title='bbox 1135 2008 1197 2053; x_wconf 91' lang='lat' dir='ltr'>qui</span> 
     </span>
     <span class='ocr_line' id='line_1_39' title="bbox 205 2063 744 2110; baseline -0.009 -10"><span class='ocrx_word' id='word_1_268' title='bbox 205 2067 342 2110; x_wconf 85' lang='lat' dir='ltr'>fingunt</span> <span class='ocrx_word' id='word_1_269' title='bbox 359 2064 473 2098; x_wconf 92' lang='lat' dir='ltr'>Deum</span> <span class='ocrx_word' id='word_1_270' title='bbox 490 2063 578 2096; x_wconf 87' lang='lat' dir='ltr'>velle</span> <span class='ocrx_word' id='word_1_271' title='bbox 596 2068 744 2107; x_wconf 87' lang='lat' dir='ltr'>peccata.</span> 
     </span>
    </p>

    <p class='ocr_par' dir='ltr' id='par_1_7' title="bbox 205 2110 1197 2309">
     <span class='ocr_line' id='line_1_40' title="bbox 304 2110 1196 2157; baseline -0.006 -10"><span class='ocrx_word' id='word_1_272' title='bbox 304 2116 363 2150; x_wconf 73' lang='lat'>20.</span> <span class='ocrx_word' id='word_1_273' title='bbox 405 2113 573 2148; x_wconf 66' lang='lat' dir='ltr'>Ds-fmitio</span> <span class='ocrx_word' id='word_1_274' title='bbox 606 2112 737 2157; x_wconf 89' lang='lat' dir='ltr'>peccati</span> <span class='ocrx_word' id='word_1_275' title='bbox 769 2112 861 2155; x_wconf 87' lang='lat' dir='ltr'>apud</span> <span class='ocrx_word' id='word_1_276' title='bbox 885 2110 1081 2144; x_wconf 90' lang='lat' dir='ltr'>Iohannem</span> <span class='ocrx_word' id='word_1_277' title='bbox 1105 2116 1196 2143; x_wconf 89' lang='lat' dir='ltr'>recte</span> 
     </span>
     <span class='ocr_line' id='line_1_41' title="bbox 205 2159 1197 2209; baseline -0.007 -10"><span class='ocrx_word' id='word_1_278' title='bbox 205 2167 330 2199; x_wconf 85' lang='lat' dir='ltr'>tradita</span> <span class='ocrx_word' id='word_1_279' title='bbox 350 2172 419 2204; x_wconf 86' lang='lat' dir='ltr'>est,</span> <span class='ocrx_word' id='word_1_280' title='bbox 448 2160 612 2209; x_wconf 76' lang='grc' dir='ltr'><em>ἁμαρτία</em></span> <span class='ocrx_word' id='word_1_281' title='bbox 632 2160 730 2196; x_wconf 75' lang='grc' dir='ltr'>ἐστὶν</span> <span class='ocrx_word' id='word_1_282' title='bbox 747 2159 897 2206; x_wconf 55' lang='lat' dir='ltr'>c&#39;mogcla.</span> <span class='ocrx_word' id='word_1_283' title='bbox 948 2160 997 2195; x_wconf 89' lang='lat' dir='ltr'>Et</span> <span class='ocrx_word' id='word_1_284' title='bbox 1014 2161 1197 2194; x_wconf 85' lang='lat' dir='ltr'>insaniunt</span> 
     </span>
     <span class='ocr_line' id='line_1_42' title="bbox 205 2212 1196 2259; baseline -0.007 -10"><span class='ocrx_word' id='word_1_285' title='bbox 205 2215 383 2259; x_wconf 75' lang='lat' dir='ltr'>Papistae,</span> <span class='ocrx_word' id='word_1_286' title='bbox 417 2215 477 2259; x_wconf 90' lang='lat' dir='ltr'>qui</span> <span class='ocrx_word' id='word_1_287' title='bbox 496 2220 624 2257; x_wconf 83' lang='lat' dir='ltr'>negant</span> <span class='ocrx_word' id='word_1_288' title='bbox 640 2213 766 2246; x_wconf 87' lang='lat' dir='ltr'>malam</span> <span class='ocrx_word' id='word_1_289' title='bbox 787 2212 1106 2255; x_wconf 85' lang='lat' dir='ltr'>concupiscentiam</span> <span class='ocrx_word' id='word_1_290' title='bbox 1125 2222 1196 2244; x_wconf 90' lang='lat' dir='ltr'>esse</span> 
     </span>
     <span class='ocr_line' id='line_1_43' title="bbox 207 2262 1197 2309; baseline -0.007 -9"><span class='ocrx_word' id='word_1_291' title='bbox 207 2264 379 2309; x_wconf 62' lang='lat' dir='ltr'>civosllcw.</span> <span class='ocrx_word' id='word_1_292' title='bbox 431 2264 477 2298; x_wconf 87' lang='lat' dir='ltr'>Et</span> <span class='ocrx_word' id='word_1_293' title='bbox 496 2263 726 2297; x_wconf 89' lang='lat' dir='ltr'>insulsissime</span> <span class='ocrx_word' id='word_1_294' title='bbox 750 2262 894 2304; x_wconf 85' lang='lat' dir='ltr'>dicunt,</span> <span class='ocrx_word' id='word_1_295' title='bbox 930 2262 1039 2304; x_wconf 79' lang='lat' dir='ltr'>legem</span> <span class='ocrx_word' id='word_1_296' title='bbox 1059 2268 1197 2294; x_wconf 89' lang='lat' dir='ltr'>tantum</span> 
     </span>
    </p>
   </div>
   <div class='ocr_carea' id='block_1_5' title="bbox 976 113 1461 154">
    <p class='ocr_par' dir='ltr' id='par_1_8' title="bbox 976 113 1461 154">
     <span class='ocr_line' id='line_1_44' title="bbox 976 113 1461 154; baseline 0.008 -6"><span class='ocrx_word' id='word_1_297' title='bbox 976 113 1461 154; x_wconf 86' lang='lat' dir='ltr'>DlSPUTATIONES</span> 
     </span>
    </p>
   </div>
   <div class='ocr_carea' id='block_1_6' title="bbox 1211 216 1218 848">
    <p class='ocr_par' dir='ltr' id='par_1_9' title="bbox 1211 216 1218 848">
     <span class='ocr_line' id='line_1_45' title="bbox 1211 216 1218 848; baseline 0 0"><span class='ocrx_word' id='word_1_298' title='bbox 1211 216 1218 848; x_wconf 95' lang='lat' dir='ltr'> </span> 
     </span>
    </p>
   </div>
   <div class='ocr_carea' id='block_1_7' title="bbox 1217 1030 1226 2369">
    <p class='ocr_par' dir='ltr' id='par_1_10' title="bbox 1217 1030 1226 2369">
     <span class='ocr_line' id='line_1_46' title="bbox 1217 1030 1226 2369; baseline 0 0"><span class='ocrx_word' id='word_1_299' title='bbox 1217 1030 1226 2369; x_wconf 95' lang='lat' dir='ltr'> </span> 
     </span>
    </p>
   </div>
   <div class='ocr_carea' id='block_1_8' title="bbox 206 2310 1223 2353">
    <p class='ocr_par' dir='ltr' id='par_1_11' title="bbox 206 2310 1223 2353">
     <span class='ocr_line' id='line_1_47' title="bbox 206 2310 1223 2353; baseline -0.006 -4"><span class='ocrx_word' id='word_1_300' title='bbox 206 2319 248 2349; x_wconf 85' lang='lat' dir='ltr'>‹le</span> <span class='ocrx_word' id='word_1_301' title='bbox 267 2316 462 2349; x_wconf 85' lang='lat' dir='ltr'>actionibus</span> <span class='ocrx_word' id='word_1_302' title='bbox 479 2313 700 2353; x_wconf 85' lang='lat' dir='ltr'>concionari,</span> <span class='ocrx_word' id='word_1_303' title='bbox 724 2324 797 2345; x_wconf 87' lang='lat' dir='ltr'>non</span> <span class='ocrx_word' id='word_1_304' title='bbox 814 2314 856 2345; x_wconf 87' lang='lat' dir='ltr'>de</span> <span class='ocrx_word' id='word_1_305' title='bbox 873 2312 1064 2345; x_wconf 85' lang='lat' dir='ltr'>defectibus</span> <span class='ocrx_word' id='word_1_306' title='bbox 1082 2311 1117 2343; x_wconf 91' lang='lat' dir='ltr'>in</span> <span class='ocrx_word' id='word_1_307' title='bbox 1135 2323 1198 2344; x_wconf 90' lang='lat' dir='ltr'>na-</span> <span class='ocrx_word' id='word_1_308' title='bbox 1221 2310 1223 2347; x_wconf 72' lang='grc' dir='ltr'>ξ</span> 
     </span>
    </p>
   </div>
   <div class='ocr_carea' id='block_1_9' title="bbox 205 2361 1198 2662">
    <p class='ocr_par' dir='ltr' id='par_1_12' title="bbox 205 2361 1198 2662">
     <span class='ocr_line' id='line_1_48' title="bbox 205 2361 1197 2410; baseline -0.005 -11"><span class='ocrx_word' id='word_1_309' title='bbox 205 2374 303 2403; x_wconf 86' lang='lat' dir='ltr'>tura,</span> <span class='ocrx_word' id='word_1_310' title='bbox 331 2378 419 2410; x_wconf 89' lang='lat' dir='ltr'>quae</span> <span class='ocrx_word' id='word_1_311' title='bbox 433 2372 514 2398; x_wconf 93' lang='lat' dir='ltr'>sunt</span> <span class='ocrx_word' id='word_1_312' title='bbox 532 2364 728 2398; x_wconf 89' lang='lat' dir='ltr'>tristissima</span> <span class='ocrx_word' id='word_1_313' title='bbox 748 2363 915 2403; x_wconf 75' lang='lat' dir='ltr'>vulnera,</span> <span class='ocrx_word' id='word_1_314' title='bbox 940 2361 1114 2402; x_wconf 85' lang='lat' dir='ltr'>videlicet,</span> <span class='ocrx_word' id='word_1_315' title='bbox 1142 2374 1197 2394; x_wconf 89' lang='lat' dir='ltr'>ca—</span> 
     </span>
     <span class='ocr_line' id='line_1_49' title="bbox 205 2411 1197 2455; baseline -0.005 -6"><span class='ocrx_word' id='word_1_316' title='bbox 205 2429 281 2450; x_wconf 86' lang='lat' dir='ltr'>rere</span> <span class='ocrx_word' id='word_1_317' title='bbox 304 2417 378 2448; x_wconf 91' lang='lat' dir='ltr'>luce</span> <span class='ocrx_word' id='word_1_318' title='bbox 394 2415 477 2455; x_wconf 91' lang='lat' dir='ltr'>Dei,</span> <span class='ocrx_word' id='word_1_319' title='bbox 502 2415 671 2447; x_wconf 80' lang='lat' dir='ltr'>fluctuare</span> <span class='ocrx_word' id='word_1_320' title='bbox 694 2411 883 2446; x_wconf 88' lang='lat' dir='ltr'>horrendis</span> <span class='ocrx_word' id='word_1_321' title='bbox 902 2412 1197 2452; x_wconf 85' lang='lat' dir='ltr'>dubitationibus,</span> 
     </span>
     <span class='ocr_line' id='line_1_50' title="bbox 205 2462 1198 2510; baseline -0.006 -10"><span class='ocrx_word' id='word_1_322' title='bbox 205 2466 323 2510; x_wconf 74' lang='lat' dir='ltr'>vagari</span> <span class='ocrx_word' id='word_1_323' title='bbox 357 2466 465 2498; x_wconf 91' lang='lat' dir='ltr'>coecis</span> <span class='ocrx_word' id='word_1_324' title='bbox 495 2465 694 2504; x_wconf 81' lang='lat' dir='ltr'>affectibus,</span> <span class='ocrx_word' id='word_1_325' title='bbox 727 2465 770 2496; x_wconf 88' lang='lat' dir='ltr'>de</span> <span class='ocrx_word' id='word_1_326' title='bbox 801 2463 930 2508; x_wconf 88' lang='lat' dir='ltr'>quibus</span> <span class='ocrx_word' id='word_1_327' title='bbox 959 2462 1060 2495; x_wconf 88' lang='lat' dir='ltr'>malis</span> <span class='ocrx_word' id='word_1_328' title='bbox 1082 2462 1198 2507; x_wconf 90' lang='lat' dir='ltr'>inquit</span> 
     </span>
     <span class='ocr_line' id='line_1_51' title="bbox 207 2511 1198 2557; baseline -0.006 -6"><span class='ocrx_word' id='word_1_329' title='bbox 207 2517 354 2551; x_wconf 86' lang='lat' dir='ltr'>Paulus:</span> <span class='ocrx_word' id='word_1_330' title='bbox 383 2513 519 2548; x_wconf 90' lang='lat' dir='ltr'>Omnes</span> <span class='ocrx_word' id='word_1_331' title='bbox 537 2521 654 2547; x_wconf 86' lang='lat' dir='ltr'>carent</span> <span class='ocrx_word' id='word_1_332' title='bbox 668 2514 777 2557; x_wconf 82' lang='lat' dir='ltr'>gloria</span> <span class='ocrx_word' id='word_1_333' title='bbox 787 2512 872 2552; x_wconf 89' lang='lat' dir='ltr'>Dei,</span> <span class='ocrx_word' id='word_1_334' title='bbox 900 2514 936 2546; x_wconf 87' lang='lat' dir='ltr'>id</span> <span class='ocrx_word' id='word_1_335' title='bbox 956 2520 1023 2553; x_wconf 91' lang='lat' dir='ltr'>est,</span> <span class='ocrx_word' id='word_1_336' title='bbox 1050 2511 1125 2546; x_wconf 90' lang='lat' dir='ltr'>Deo</span> <span class='ocrx_word' id='word_1_337' title='bbox 1143 2513 1198 2545; x_wconf 81' lang='lat' dir='ltr'>lu-</span> 
     </span>
     <span class='ocr_line' id='line_1_52' title="bbox 208 2563 1198 2609; baseline -0.006 -8"><span class='ocrx_word' id='word_1_338' title='bbox 208 2574 306 2601; x_wconf 88' lang='lat' dir='ltr'>cente</span> <span class='ocrx_word' id='word_1_339' title='bbox 326 2567 363 2599; x_wconf 92' lang='lat' dir='ltr'>in</span> <span class='ocrx_word' id='word_1_340' title='bbox 379 2565 481 2609; x_wconf 89' lang='lat' dir='ltr'>ipsis,</span> <span class='ocrx_word' id='word_1_341' title='bbox 516 2571 549 2597; x_wconf 91' lang='lat' dir='ltr'>et</span> <span class='ocrx_word' id='word_1_342' title='bbox 574 2565 770 2607; x_wconf 84' lang='lat' dir='ltr'>complente</span> <span class='ocrx_word' id='word_1_343' title='bbox 796 2576 855 2597; x_wconf 89' lang='lat' dir='ltr'>eos</span> <span class='ocrx_word' id='word_1_344' title='bbox 879 2575 939 2597; x_wconf 88' lang='lat' dir='ltr'>sua</span> <span class='ocrx_word' id='word_1_345' title='bbox 965 2563 1121 2603; x_wconf 90' lang='lat' dir='ltr'>iusticia,</span> <span class='ocrx_word' id='word_1_346' title='bbox 1153 2575 1198 2596; x_wconf 90' lang='lat' dir='ltr'>ne</span> 
     </span>
     <span class='ocr_line' id='line_1_53' title="bbox 208 2612 1198 2662; baseline -0.005 -11"><span class='ocrx_word' id='word_1_347' title='bbox 208 2618 251 2651; x_wconf 88' lang='lat' dir='ltr'>sit</span> <span class='ocrx_word' id='word_1_348' title='bbox 272 2623 450 2662; x_wconf 85' lang='lat' dir='ltr'>peccatum</span> <span class='ocrx_word' id='word_1_349' title='bbox 469 2614 506 2646; x_wconf 93' lang='lat' dir='ltr'>in</span> <span class='ocrx_word' id='word_1_350' title='bbox 524 2614 584 2647; x_wconf 85' lang='lat' dir='ltr'>eis.</span> <span class='ocrx_word' id='word_1_351' title='bbox 646 2613 691 2647; x_wconf 87' lang='lat' dir='ltr'>Et</span> <span class='ocrx_word' id='word_1_352' title='bbox 710 2612 956 2658; x_wconf 84' lang='lat' dir='ltr'>sycophantice</span> <span class='ocrx_word' id='word_1_353' title='bbox 976 2613 1067 2647; x_wconf 87' lang='lat' dir='ltr'>ludit</span> <span class='ocrx_word' id='word_1_354' title='bbox 1083 2612 1198 2659; x_wconf 90' lang='lat' dir='ltr'>Syno-</span> 
     </span>
    </p>
   </div>
   <div class='ocr_carea' id='block_1_10' title="bbox 2153 118 2226 154">
    <p class='ocr_par' dir='ltr' id='par_1_13' title="bbox 2153 118 2226 154">
     <span class='ocr_line' id='line_1_54' title="bbox 2153 118 2226 154; baseline -0.027 0"><span class='ocrx_word' id='word_1_355' title='bbox 2153 118 2226 154; x_wconf 83' lang='lat'>640</span> 
     </span>
    </p>
   </div>
   <div class='ocr_carea' id='block_1_11' title="bbox 1236 200 2239 2659">
    <p class='ocr_par' dir='ltr' id='par_1_14' title="bbox 1236 200 2225 388">
     <span class='ocr_line' id='line_1_55' title="bbox 1239 200 2224 245; baseline 0 -9"><span class='ocrx_word' id='word_1_356' title='bbox 1239 205 1281 236; x_wconf 85' lang='lat' dir='ltr'>‹le</span> <span class='ocrx_word' id='word_1_357' title='bbox 1296 201 1350 236; x_wconf 87' lang='lat' dir='ltr'>his</span> <span class='ocrx_word' id='word_1_358' title='bbox 1367 202 1567 245; x_wconf 83' lang='lat' dir='ltr'>ingentibus</span> <span class='ocrx_word' id='word_1_359' title='bbox 1584 202 1717 237; x_wconf 87' lang='lat' dir='ltr'>morbis</span> <span class='ocrx_word' id='word_1_360' title='bbox 1733 203 1769 236; x_wconf 90' lang='lat' dir='ltr'>in</span> <span class='ocrx_word' id='word_1_361' title='bbox 1787 200 1854 237; x_wconf 86' lang='lat' dir='ltr'>hac</span> <span class='ocrx_word' id='word_1_362' title='bbox 1867 204 1992 237; x_wconf 88' lang='lat' dir='ltr'>misera</span> <span class='ocrx_word' id='word_1_363' title='bbox 2010 211 2135 238; x_wconf 86' lang='lat' dir='ltr'>natura</span> <span class='ocrx_word' id='word_1_364' title='bbox 2157 201 2224 237; x_wconf 87' lang='lat' dir='ltr'>ho-</span> 
     </span>
     <span class='ocr_line' id='line_1_56' title="bbox 1236 250 2225 289; baseline 0 -2"><span class='ocrx_word' id='word_1_365' title='bbox 1236 254 1386 287; x_wconf 83' lang='lat' dir='ltr'>minum.</span> <span class='ocrx_word' id='word_1_366' title='bbox 1452 250 1542 286; x_wconf 90' lang='lat' dir='ltr'>Cum</span> <span class='ocrx_word' id='word_1_367' title='bbox 1566 252 1695 287; x_wconf 86' lang='lat' dir='ltr'>Paulus</span> <span class='ocrx_word' id='word_1_368' title='bbox 1722 266 1805 287; x_wconf 89' lang='lat' dir='ltr'>usus</span> <span class='ocrx_word' id='word_1_369' title='bbox 1836 254 1880 287; x_wconf 90' lang='lat' dir='ltr'>sit</span> <span class='ocrx_word' id='word_1_370' title='bbox 1914 255 2129 289; x_wconf 81' lang='lat' dir='ltr'>atrocissima</span> <span class='ocrx_word' id='word_1_371' title='bbox 2162 255 2225 287; x_wconf 89' lang='lat' dir='ltr'>de-</span> 
     </span>
     <span class='ocr_line' id='line_1_57' title="bbox 1237 302 2224 347; baseline 0 -10"><span class='ocrx_word' id='word_1_372' title='bbox 1237 303 1447 347; x_wconf 86' lang='lat' dir='ltr'>scriptione:</span> <span class='ocrx_word' id='word_1_373' title='bbox 1484 302 1614 338; x_wconf 86' lang='lat' dir='ltr'>Sensus</span> <span class='ocrx_word' id='word_1_374' title='bbox 1638 304 1751 337; x_wconf 90' lang='lat' dir='ltr'>carnis</span> <span class='ocrx_word' id='word_1_375' title='bbox 1772 304 1963 338; x_wconf 88' lang='lat' dir='ltr'>inimicicia</span> <span class='ocrx_word' id='word_1_376' title='bbox 1988 311 2038 338; x_wconf 87' lang='lat' dir='ltr'>est</span> <span class='ocrx_word' id='word_1_377' title='bbox 2059 306 2224 339; x_wconf 82' lang='lat' dir='ltr'>adversus</span> 
     </span>
     <span class='ocr_line' id='line_1_58' title="bbox 1237 353 1363 388; baseline -0.016 0"><span class='ocrx_word' id='word_1_378' title='bbox 1237 353 1363 388; x_wconf 90' lang='lat' dir='ltr'>Deum.</span> 
     </span>
    </p>

    <p class='ocr_par' dir='ltr' id='par_1_15' title="bbox 1239 401 2234 1192">
     <span class='ocr_line' id='line_1_59' title="bbox 1339 401 2226 449; baseline -0.002 -10"><span class='ocrx_word' id='word_1_379' title='bbox 1339 405 1400 439; x_wconf 76' lang='lat'>21.</span> <span class='ocrx_word' id='word_1_380' title='bbox 1432 401 1666 447; x_wconf 88' lang='lat' dir='ltr'>Evangelium</span> <span class='ocrx_word' id='word_1_381' title='bbox 1684 411 1733 439; x_wconf 88' lang='lat' dir='ltr'>est</span> <span class='ocrx_word' id='word_1_382' title='bbox 1749 405 1962 449; x_wconf 87' lang='lat' dir='ltr'>praedicatio</span> <span class='ocrx_word' id='word_1_383' title='bbox 1979 404 2226 449; x_wconf 78' lang='lat' dir='ltr'>poenitentiae,</span> 
     </span>
     <span class='ocr_line' id='line_1_60' title="bbox 1239 454 2227 500; baseline 0 -13"><span class='ocrx_word' id='word_1_384' title='bbox 1239 462 1272 488; x_wconf 89' lang='lat' dir='ltr'>et</span> <span class='ocrx_word' id='word_1_385' title='bbox 1305 454 1492 499; x_wconf 84' lang='lat' dir='ltr'>promissio</span> <span class='ocrx_word' id='word_1_386' title='bbox 1524 467 1628 500; x_wconf 90' lang='lat' dir='ltr'>quam</span> <span class='ocrx_word' id='word_1_387' title='bbox 1662 467 1736 489; x_wconf 90' lang='lat' dir='ltr'>non</span> <span class='ocrx_word' id='word_1_388' title='bbox 1765 456 1864 489; x_wconf 90' lang='lat' dir='ltr'>novit</span> <span class='ocrx_word' id='word_1_389' title='bbox 1895 456 1984 489; x_wconf 90' lang='lat' dir='ltr'>ratio</span> <span class='ocrx_word' id='word_1_390' title='bbox 2009 455 2227 493; x_wconf 87' lang='lat' dir='ltr'>naturaliter,</span> 
     </span>
     <span class='ocr_line' id='line_1_61' title="bbox 1239 505 2226 550; baseline 0 -11"><span class='ocrx_word' id='word_1_391' title='bbox 1239 506 1297 539; x_wconf 85' lang='lat' dir='ltr'>sed</span> <span class='ocrx_word' id='word_1_392' title='bbox 1325 505 1474 539; x_wconf 87' lang='lat' dir='ltr'>revelata</span> <span class='ocrx_word' id='word_1_393' title='bbox 1493 506 1684 546; x_wconf 76' lang='lat' dir='ltr'>divinitus,</span> <span class='ocrx_word' id='word_1_394' title='bbox 1726 506 1763 538; x_wconf 90' lang='lat' dir='ltr'>in</span> <span class='ocrx_word' id='word_1_395' title='bbox 1791 517 1860 550; x_wconf 89' lang='lat' dir='ltr'>qua</span> <span class='ocrx_word' id='word_1_396' title='bbox 1888 505 1982 539; x_wconf 89' lang='lat' dir='ltr'>Deus</span> <span class='ocrx_word' id='word_1_397' title='bbox 2005 507 2164 539; x_wconf 86' lang='lat' dir='ltr'>adfirmat</span> <span class='ocrx_word' id='word_1_398' title='bbox 2190 516 2226 538; x_wconf 89' lang='lat' dir='ltr'>se</span> 
     </span>
     <span class='ocr_line' id='line_1_62' title="bbox 1240 556 2228 600; baseline -0.001 -12"><span class='ocrx_word' id='word_1_399' title='bbox 1240 556 1362 599; x_wconf 81' lang='lat' dir='ltr'>gratis,</span> <span class='ocrx_word' id='word_1_400' title='bbox 1390 567 1461 587; x_wconf 93' lang='lat' dir='ltr'>non</span> <span class='ocrx_word' id='word_1_401' title='bbox 1479 563 1621 600; x_wconf 88' lang='lat' dir='ltr'>propter</span> <span class='ocrx_word' id='word_1_402' title='bbox 1637 556 1709 590; x_wconf 91' lang='lat' dir='ltr'>ulla</span> <span class='ocrx_word' id='word_1_403' title='bbox 1726 562 1846 589; x_wconf 89' lang='lat' dir='ltr'>nostra</span> <span class='ocrx_word' id='word_1_404' title='bbox 1862 556 1983 589; x_wconf 88' lang='lat' dir='ltr'>merita</span> <span class='ocrx_word' id='word_1_405' title='bbox 1996 582 2005 595; x_wconf 93' lang='lat'>,</span> <span class='ocrx_word' id='word_1_406' title='bbox 2032 563 2091 589; x_wconf 90' lang='lat' dir='ltr'>aut</span> <span class='ocrx_word' id='word_1_407' title='bbox 2110 556 2228 598; x_wconf 87' lang='lat' dir='ltr'>digni-</span> 
     </span>
     <span class='ocr_line' id='line_1_63' title="bbox 1240 605 2228 651; baseline -0.002 -11"><span class='ocrx_word' id='word_1_408' title='bbox 1240 613 1345 640; x_wconf 83' lang='lat' dir='ltr'>tatem</span> <span class='ocrx_word' id='word_1_409' title='bbox 1362 612 1537 647; x_wconf 81' lang='lat' dir='ltr'>nostram,</span> <span class='ocrx_word' id='word_1_410' title='bbox 1564 608 1622 640; x_wconf 93' lang='lat' dir='ltr'>sed</span> <span class='ocrx_word' id='word_1_411' title='bbox 1642 613 1785 651; x_wconf 91' lang='lat' dir='ltr'>propter</span> <span class='ocrx_word' id='word_1_412' title='bbox 1800 605 2035 639; x_wconf 84' lang='lat' dir='ltr'>obedientiam</span> <span class='ocrx_word' id='word_1_413' title='bbox 2053 606 2128 646; x_wconf 82' lang='lat' dir='ltr'>filii,</span> <span class='ocrx_word' id='word_1_414' title='bbox 2154 617 2228 638; x_wconf 90' lang='lat' dir='ltr'>cre-</span> 
     </span>
     <span class='ocr_line' id='line_1_64' title="bbox 1241 656 2229 700; baseline -0.002 -10"><span class='ocrx_word' id='word_1_415' title='bbox 1241 657 1405 690; x_wconf 86' lang='lat' dir='ltr'>dentibus</span> <span class='ocrx_word' id='word_1_416' title='bbox 1421 656 1458 689; x_wconf 90' lang='lat' dir='ltr'>in</span> <span class='ocrx_word' id='word_1_417' title='bbox 1476 657 1586 690; x_wconf 87' lang='lat' dir='ltr'>filium</span> <span class='ocrx_word' id='word_1_418' title='bbox 1598 684 1608 698; x_wconf 94' lang='lat'>,</span> <span class='ocrx_word' id='word_1_419' title='bbox 1633 664 1726 691; x_wconf 90' lang='lat' dir='ltr'>certo</span> <span class='ocrx_word' id='word_1_420' title='bbox 1741 656 1918 690; x_wconf 88' lang='lat' dir='ltr'>remittere</span> <span class='ocrx_word' id='word_1_421' title='bbox 1933 662 2085 700; x_wconf 87' lang='lat' dir='ltr'>peccata,</span> <span class='ocrx_word' id='word_1_422' title='bbox 2111 661 2145 688; x_wconf 90' lang='lat' dir='ltr'>et</span> <span class='ocrx_word' id='word_1_423' title='bbox 2163 656 2229 688; x_wconf 91' lang='lat' dir='ltr'>do-</span> 
     </span>
     <span class='ocr_line' id='line_1_65' title="bbox 1241 705 2231 752; baseline -0.003 -12"><span class='ocrx_word' id='word_1_424' title='bbox 1241 720 1324 740; x_wconf 89' lang='lat' dir='ltr'>nare</span> <span class='ocrx_word' id='word_1_425' title='bbox 1356 708 1404 741; x_wconf 90' lang='lat' dir='ltr'>eis</span> <span class='ocrx_word' id='word_1_426' title='bbox 1432 707 1700 752; x_wconf 86' lang='lat' dir='ltr'>imputationem</span> <span class='ocrx_word' id='word_1_427' title='bbox 1723 707 1880 740; x_wconf 84' lang='lat' dir='ltr'>iusticiae</span> <span class='ocrx_word' id='word_1_428' title='bbox 1909 713 1943 740; x_wconf 88' lang='lat' dir='ltr'>et</span> <span class='ocrx_word' id='word_1_429' title='bbox 1972 705 2231 739; x_wconf 87' lang='lat' dir='ltr'>reconciliatio-</span> 
     </span>
     <span class='ocr_line' id='line_1_66' title="bbox 1242 755 2230 802; baseline -0.003 -11"><span class='ocrx_word' id='word_1_430' title='bbox 1242 771 1342 797; x_wconf 88' lang='lat' dir='ltr'>nem,</span> <span class='ocrx_word' id='word_1_431' title='bbox 1368 758 1406 790; x_wconf 87' lang='lat' dir='ltr'>in</span> <span class='ocrx_word' id='word_1_432' title='bbox 1432 770 1500 802; x_wconf 90' lang='lat' dir='ltr'>qua</span> <span class='ocrx_word' id='word_1_433' title='bbox 1520 758 1613 791; x_wconf 80' lang='lat' dir='ltr'>filius</span> <span class='ocrx_word' id='word_1_434' title='bbox 1634 757 1698 792; x_wconf 83' lang='lat' dir='ltr'>Dei</span> <span class='ocrx_word' id='word_1_435' title='bbox 1723 769 1805 791; x_wconf 90' lang='lat' dir='ltr'>voce</span> <span class='ocrx_word' id='word_1_436' title='bbox 1822 755 2008 800; x_wconf 86' lang='lat' dir='ltr'>Evangelii</span> <span class='ocrx_word' id='word_1_437' title='bbox 2031 756 2230 790; x_wconf 86' lang='lat' dir='ltr'>consolatur</span> 
     </span>
     <span class='ocr_line' id='line_1_67' title="bbox 1242 807 2231 848; baseline -0.003 -6"><span class='ocrx_word' id='word_1_438' title='bbox 1242 815 1275 842; x_wconf 89' lang='lat' dir='ltr'>et</span> <span class='ocrx_word' id='word_1_439' title='bbox 1306 808 1457 841; x_wconf 73' lang='lat' dir='ltr'>vivificat</span> <span class='ocrx_word' id='word_1_440' title='bbox 1490 810 1595 842; x_wconf 90' lang='lat' dir='ltr'>corda</span> <span class='ocrx_word' id='word_1_441' title='bbox 1627 808 1868 848; x_wconf 87' lang='lat' dir='ltr'>credentium,</span> <span class='ocrx_word' id='word_1_442' title='bbox 1909 814 1942 841; x_wconf 88' lang='lat' dir='ltr'>et</span> <span class='ocrx_word' id='word_1_443' title='bbox 1968 807 2095 840; x_wconf 88' lang='lat' dir='ltr'>liberat</span> <span class='ocrx_word' id='word_1_444' title='bbox 2125 817 2182 840; x_wconf 85' lang='lat' dir='ltr'>eos</span> <span class='ocrx_word' id='word_1_445' title='bbox 2210 818 2231 839; x_wconf 87' lang='lat' dir='ltr'>a</span> 
     </span>
     <span class='ocr_line' id='line_1_68' title="bbox 1241 856 2231 901; baseline -0.002 -10"><span class='ocrx_word' id='word_1_446' title='bbox 1241 865 1354 893; x_wconf 89' lang='lat' dir='ltr'>morte</span> <span class='ocrx_word' id='word_1_447' title='bbox 1371 866 1529 900; x_wconf 84' lang='lat' dir='ltr'>aeterna,</span> <span class='ocrx_word' id='word_1_448' title='bbox 1563 866 1596 892; x_wconf 89' lang='lat' dir='ltr'>et</span> <span class='ocrx_word' id='word_1_449' title='bbox 1613 858 1695 892; x_wconf 86' lang='lat' dir='ltr'>facit</span> <span class='ocrx_word' id='word_1_450' title='bbox 1712 869 1770 892; x_wconf 92' lang='lat' dir='ltr'>eos</span> <span class='ocrx_word' id='word_1_451' title='bbox 1788 858 1916 901; x_wconf 88' lang='lat' dir='ltr'>templa</span> <span class='ocrx_word' id='word_1_452' title='bbox 1933 856 2018 895; x_wconf 87' lang='lat' dir='ltr'>Dei,</span> <span class='ocrx_word' id='word_1_453' title='bbox 2046 858 2128 890; x_wconf 87' lang='lat' dir='ltr'>dato</span> <span class='ocrx_word' id='word_1_454' title='bbox 2148 856 2231 900; x_wconf 85' lang='lat' dir='ltr'>Spi-</span> 
     </span>
     <span class='ocr_line' id='line_1_69' title="bbox 1243 907 2232 948; baseline -0.003 -6"><span class='ocrx_word' id='word_1_455' title='bbox 1243 910 1313 942; x_wconf 88' lang='lat' dir='ltr'>ritu</span> <span class='ocrx_word' id='word_1_456' title='bbox 1338 917 1457 943; x_wconf 85' lang='lat' dir='ltr'>sancto</span> <span class='ocrx_word' id='word_1_457' title='bbox 1482 910 1716 943; x_wconf 88' lang='lat' dir='ltr'>sanctificante</span> <span class='ocrx_word' id='word_1_458' title='bbox 1741 919 1818 948; x_wconf 89' lang='lat' dir='ltr'>eos,</span> <span class='ocrx_word' id='word_1_459' title='bbox 1853 914 1887 941; x_wconf 87' lang='lat' dir='ltr'>et</span> <span class='ocrx_word' id='word_1_460' title='bbox 1912 909 2122 941; x_wconf 88' lang='lat' dir='ltr'>accendente</span> <span class='ocrx_word' id='word_1_461' title='bbox 2145 907 2232 940; x_wconf 83' lang='lat' dir='ltr'>tales</span> 
     </span>
     <span class='ocr_line' id='line_1_70' title="bbox 1243 957 2233 1004; baseline -0.003 -12"><span class='ocrx_word' id='word_1_462' title='bbox 1243 968 1375 999; x_wconf 89' lang='lat' dir='ltr'>motus,</span> <span class='ocrx_word' id='word_1_463' title='bbox 1400 960 1512 1004; x_wconf 86' lang='lat' dir='ltr'>qualis</span> <span class='ocrx_word' id='word_1_464' title='bbox 1535 967 1586 994; x_wconf 89' lang='lat' dir='ltr'>est</span> <span class='ocrx_word' id='word_1_465' title='bbox 1608 960 1679 1004; x_wconf 90' lang='lat' dir='ltr'>ipse</span> <span class='ocrx_word' id='word_1_466' title='bbox 1696 958 1850 1002; x_wconf 88' lang='lat' dir='ltr'>Spiritus</span> <span class='ocrx_word' id='word_1_467' title='bbox 1875 964 2036 999; x_wconf 84' lang='lat' dir='ltr'>sanctus,</span> <span class='ocrx_word' id='word_1_468' title='bbox 2068 963 2102 991; x_wconf 90' lang='lat' dir='ltr'>et</span> <span class='ocrx_word' id='word_1_469' title='bbox 2117 957 2233 999; x_wconf 77' lang='lat' dir='ltr'>jdonat</span> 
     </span>
     <span class='ocr_line' id='line_1_71' title="bbox 1245 1008 2233 1052; baseline -0.002 -10"><span class='ocrx_word' id='word_1_470' title='bbox 1245 1008 1489 1043; x_wconf 80' lang='lat' dir='ltr'>haereditatem</span> <span class='ocrx_word' id='word_1_471' title='bbox 1524 1010 1616 1043; x_wconf 89' lang='lat' dir='ltr'>vitae</span> <span class='ocrx_word' id='word_1_472' title='bbox 1650 1015 1809 1042; x_wconf 89' lang='lat' dir='ltr'>aeternae</span> <span class='ocrx_word' id='word_1_473' title='bbox 1844 1009 2086 1049; x_wconf 86' lang='lat' dir='ltr'>credentibus,</span> <span class='ocrx_word' id='word_1_474' title='bbox 2135 1008 2233 1052; x_wconf 86' lang='lat' dir='ltr'>quod</span> 
     </span>
     <span class='ocr_line' id='line_1_72' title="bbox 1244 1057 2233 1103; baseline -0.001 -12"><span class='ocrx_word' id='word_1_475' title='bbox 1244 1067 1386 1103; x_wconf 89' lang='lat' dir='ltr'>propter</span> <span class='ocrx_word' id='word_1_476' title='bbox 1409 1061 1523 1103; x_wconf 91' lang='lat' dir='ltr'>ipsum</span> <span class='ocrx_word' id='word_1_477' title='bbox 1547 1059 1654 1102; x_wconf 80' lang='lat' dir='ltr'>gratis</span> <span class='ocrx_word' id='word_1_478' title='bbox 1679 1057 1831 1092; x_wconf 85' lang='lat' dir='ltr'>babeant</span> <span class='ocrx_word' id='word_1_479' title='bbox 1849 1059 2090 1091; x_wconf 89' lang='lat' dir='ltr'>remissionem</span> <span class='ocrx_word' id='word_1_480' title='bbox 2110 1069 2233 1101; x_wconf 89' lang='lat' dir='ltr'>pecca-</span> 
     </span>
     <span class='ocr_line' id='line_1_73' title="bbox 1244 1108 2234 1152; baseline 0 -11"><span class='ocrx_word' id='word_1_481' title='bbox 1244 1117 1378 1148; x_wconf 87' lang='lat' dir='ltr'>torum,</span> <span class='ocrx_word' id='word_1_482' title='bbox 1405 1110 1674 1152; x_wconf 85' lang='lat' dir='ltr'>imputationem</span> <span class='ocrx_word' id='word_1_483' title='bbox 1697 1108 1871 1148; x_wconf 89' lang='lat' dir='ltr'>iusticiae,</span> <span class='ocrx_word' id='word_1_484' title='bbox 1897 1108 2234 1148; x_wconf 85' lang='lat' dir='ltr'>reconciliationem,</span> 
     </span>
     <span class='ocr_line' id='line_1_74' title="bbox 1244 1156 1844 1192; baseline -0.003 -1"><span class='ocrx_word' id='word_1_485' title='bbox 1244 1165 1277 1192; x_wconf 85' lang='lat' dir='ltr'>et</span> <span class='ocrx_word' id='word_1_486' title='bbox 1295 1156 1546 1191; x_wconf 85' lang='lat' dir='ltr'>haereditatem</span> <span class='ocrx_word' id='word_1_487' title='bbox 1566 1158 1656 1191; x_wconf 81' lang='lat' dir='ltr'>vitae</span> <span class='ocrx_word' id='word_1_488' title='bbox 1673 1163 1844 1190; x_wconf 87' lang='lat' dir='ltr'>aeternae.</span> 
     </span>
    </p>

    <p class='ocr_par' dir='ltr' id='par_1_16' title="bbox 1244 1203 2236 1552">
     <span class='ocr_line' id='line_1_75' title="bbox 1346 1203 2236 1251; baseline -0.006 -9"><span class='ocrx_word' id='word_1_489' title='bbox 1346 1210 1407 1242; x_wconf 87' lang='grc'>22.</span> <span class='ocrx_word' id='word_1_490' title='bbox 1440 1207 1541 1241; x_wconf 73' lang='lat' dir='ltr'>Falsa</span> <span class='ocrx_word' id='word_1_491' title='bbox 1558 1215 1614 1251; x_wconf 27' lang='lat' dir='ltr'>*est</span> <span class='ocrx_word' id='word_1_492' title='bbox 1631 1207 1834 1250; x_wconf 86' lang='lat' dir='ltr'>imaginatio</span> <span class='ocrx_word' id='word_1_493' title='bbox 1855 1203 2145 1245; x_wconf 81' lang='lat' dir='ltr'>Pharisaeorum,</span> <span class='ocrx_word' id='word_1_494' title='bbox 2167 1203 2236 1238; x_wconf 83' lang='lat' dir='ltr'>Pa-&#39;</span> 
     </span>
     <span class='ocr_line' id='line_1_76' title="bbox 1244 1253 2236 1302; baseline -0.004 -11"><span class='ocrx_word' id='word_1_495' title='bbox 1244 1271 1323 1302; x_wconf 89' lang='lat' dir='ltr'>pae,</span> <span class='ocrx_word' id='word_1_496' title='bbox 1353 1256 1633 1298; x_wconf 76' lang='lat' dir='ltr'>Monachorum,</span> <span class='ocrx_word' id='word_1_497' title='bbox 1663 1270 1750 1302; x_wconf 89' lang='lat' dir='ltr'>quae</span> <span class='ocrx_word' id='word_1_498' title='bbox 1774 1257 1894 1300; x_wconf 82' lang='lat' dir='ltr'>fingit,</span> <span class='ocrx_word' id='word_1_499' title='bbox 1929 1254 2089 1289; x_wconf 88' lang='lat' dir='ltr'>homines</span> <span class='ocrx_word' id='word_1_500' title='bbox 2111 1255 2149 1288; x_wconf 91' lang='lat' dir='ltr'>in</span> <span class='ocrx_word' id='word_1_501' title='bbox 2170 1253 2236 1288; x_wconf 87' lang='lat' dir='ltr'>hac</span> 
     </span>
     <span class='ocr_line' id='line_1_77' title="bbox 1246 1306 2235 1349; baseline -0.003 -8"><span class='ocrx_word' id='word_1_502' title='bbox 1246 1309 1470 1342; x_wconf 88' lang='lat' dir='ltr'>immunditie</span> <span class='ocrx_word' id='word_1_503' title='bbox 1495 1315 1641 1341; x_wconf 90' lang='lat' dir='ltr'>naturae</span> <span class='ocrx_word' id='word_1_504' title='bbox 1662 1307 1790 1340; x_wconf 90' lang='lat' dir='ltr'>mereri</span> <span class='ocrx_word' id='word_1_505' title='bbox 1813 1306 2055 1339; x_wconf 87' lang='lat' dir='ltr'>remissionem</span> <span class='ocrx_word' id='word_1_506' title='bbox 2077 1312 2235 1349; x_wconf 88' lang='lat' dir='ltr'>peccato-</span> 
     </span>
     <span class='ocr_line' id='line_1_78' title="bbox 1245 1354 2235 1400; baseline -0.004 -8"><span class='ocrx_word' id='word_1_507' title='bbox 1245 1371 1343 1398; x_wconf 88' lang='lat' dir='ltr'>rum,</span> <span class='ocrx_word' id='word_1_508' title='bbox 1371 1366 1404 1392; x_wconf 86' lang='lat' dir='ltr'>et</span> <span class='ocrx_word' id='word_1_509' title='bbox 1421 1360 1530 1391; x_wconf 88' lang='lat' dir='ltr'>iustos</span> <span class='ocrx_word' id='word_1_510' title='bbox 1548 1370 1618 1391; x_wconf 88' lang='lat' dir='ltr'>esse</span> <span class='ocrx_word' id='word_1_511' title='bbox 1637 1355 1701 1390; x_wconf 87' lang='lat' dir='ltr'>hac</span> <span class='ocrx_word' id='word_1_512' title='bbox 1718 1356 1932 1397; x_wconf 87' lang='lat' dir='ltr'>obedientia,</span> <span class='ocrx_word' id='word_1_513' title='bbox 1954 1368 2058 1400; x_wconf 83' lang='lat' dir='ltr'>quam</span> <span class='ocrx_word' id='word_1_514' title='bbox 2075 1354 2235 1388; x_wconf 88' lang='lat' dir='ltr'>homines</span> 
     </span>
     <span class='ocr_line' id='line_1_79' title="bbox 1246 1405 2235 1453; baseline -0.005 -11"><span class='ocrx_word' id='word_1_515' title='bbox 1246 1417 1425 1453; x_wconf 83' lang='lat' dir='ltr'>utcunque</span> <span class='ocrx_word' id='word_1_516' title='bbox 1443 1416 1618 1452; x_wconf 84' lang='lat' dir='ltr'>praestare</span> <span class='ocrx_word' id='word_1_517' title='bbox 1644 1414 1790 1451; x_wconf 90' lang='lat' dir='ltr'>possunt</span> <span class='ocrx_word' id='word_1_518' title='bbox 1816 1407 1895 1449; x_wconf 87' lang='lat' dir='ltr'>legi.</span> <span class='ocrx_word' id='word_1_519' title='bbox 1959 1405 2037 1439; x_wconf 89' lang='lat' dir='ltr'>Hoc</span> <span class='ocrx_word' id='word_1_520' title='bbox 2057 1406 2235 1439; x_wconf 90' lang='lat' dir='ltr'>somnium</span> 
     </span>
     <span class='ocr_line' id='line_1_80' title="bbox 1246 1454 2234 1492; baseline -0.005 0"><span class='ocrx_word' id='word_1_521' title='bbox 1246 1457 1420 1492; x_wconf 87' lang='lat' dir='ltr'>humanae</span> <span class='ocrx_word' id='word_1_522' title='bbox 1453 1460 1599 1492; x_wconf 85' lang='lat' dir='ltr'>rationis</span> <span class='ocrx_word' id='word_1_523' title='bbox 1628 1459 1818 1491; x_wconf 88' lang='lat' dir='ltr'>clarissime</span> <span class='ocrx_word' id='word_1_524' title='bbox 1841 1457 2012 1490; x_wconf 83' lang='lat' dir='ltr'>refutatur</span> <span class='ocrx_word' id='word_1_525' title='bbox 2035 1454 2101 1488; x_wconf 94' lang='lat' dir='ltr'>hoc</span> <span class='ocrx_word' id='word_1_526' title='bbox 2125 1455 2234 1488; x_wconf 84' lang='lat' dir='ltr'>dicto:</span> 
     </span>
     <span class='ocr_line' id='line_1_81' title="bbox 1246 1505 2174 1552; baseline -0.002 -10"><span class='ocrx_word' id='word_1_527' title='bbox 1246 1509 1300 1543; x_wconf 82' lang='lat' dir='ltr'>Ex</span> <span class='ocrx_word' id='word_1_528' title='bbox 1315 1510 1481 1552; x_wconf 87' lang='lat' dir='ltr'>operibus</span> <span class='ocrx_word' id='word_1_529' title='bbox 1498 1510 1583 1550; x_wconf 77' lang='lat' dir='ltr'>legis</span> <span class='ocrx_word' id='word_1_530' title='bbox 1601 1521 1673 1541; x_wconf 89' lang='lat' dir='ltr'>non</span> <span class='ocrx_word' id='word_1_531' title='bbox 1692 1507 1936 1541; x_wconf 82' lang='lat' dir='ltr'>iustificabitur</span> <span class='ocrx_word' id='word_1_532' title='bbox 1951 1505 2066 1539; x_wconf 90' lang='lat' dir='ltr'>omnis</span> <span class='ocrx_word' id='word_1_533' title='bbox 2082 1516 2174 1540; x_wconf 87' lang='lat' dir='ltr'>caro.</span> 
     </span>
    </p>

    <p class='ocr_par' dir='ltr' id='par_1_17' title="bbox 1246 1555 2239 2358">
     <span class='ocr_line' id='line_1_82' title="bbox 1347 1555 2233 1594; baseline -0.008 0"><span class='ocrx_word' id='word_1_534' title='bbox 1347 1560 1407 1594; x_wconf 83' lang='grc'>23.</span> <span class='ocrx_word' id='word_1_535' title='bbox 1440 1559 1509 1593; x_wconf 88' lang='lat' dir='ltr'>Sed</span> <span class='ocrx_word' id='word_1_536' title='bbox 1525 1558 1619 1592; x_wconf 83' lang='lat' dir='ltr'>Deus</span> <span class='ocrx_word' id='word_1_537' title='bbox 1639 1559 1806 1591; x_wconf 87' lang='lat' dir='ltr'>immensa</span> <span class='ocrx_word' id='word_1_538' title='bbox 1825 1556 1981 1589; x_wconf 83' lang='lat' dir='ltr'>bonitate</span> <span class='ocrx_word' id='word_1_539' title='bbox 1998 1555 2149 1589; x_wconf 90' lang='lat' dir='ltr'>instituit</span> <span class='ocrx_word' id='word_1_540' title='bbox 2164 1556 2233 1587; x_wconf 87' lang='lat' dir='ltr'>mi-</span> 
     </span>
     <span class='ocr_line' id='line_1_83' title="bbox 1246 1607 2237 1651; baseline -0.003 -10"><span class='ocrx_word' id='word_1_541' title='bbox 1246 1610 1429 1642; x_wconf 85' lang='lat' dir='ltr'>nisterium</span> <span class='ocrx_word' id='word_1_542' title='bbox 1446 1607 1648 1651; x_wconf 77' lang='lat' dir='ltr'>Evangelii,</span> <span class='ocrx_word' id='word_1_543' title='bbox 1675 1614 1707 1640; x_wconf 86' lang='lat' dir='ltr'>et</span> <span class='ocrx_word' id='word_1_544' title='bbox 1723 1615 1759 1641; x_wconf 90' lang='lat' dir='ltr'>ut</span> <span class='ocrx_word' id='word_1_545' title='bbox 1784 1607 1857 1651; x_wconf 86' lang='lat' dir='ltr'>ipse</span> <span class='ocrx_word' id='word_1_546' title='bbox 1881 1613 2107 1648; x_wconf 80' lang='lat' dir='ltr'>agnoscatur,</span> <span class='ocrx_word' id='word_1_547' title='bbox 2141 1611 2174 1638; x_wconf 89' lang='lat' dir='ltr'>et</span> <span class='ocrx_word' id='word_1_548' title='bbox 2196 1612 2237 1638; x_wconf 88' lang='lat' dir='ltr'>ut</span> 
     </span>
     <span class='ocr_line' id='line_1_84' title="bbox 1246 1655 2237 1701; baseline -0.005 -10"><span class='ocrx_word' id='word_1_549' title='bbox 1246 1657 1408 1692; x_wconf 88' lang='lat' dir='ltr'>homines</span> <span class='ocrx_word' id='word_1_550' title='bbox 1433 1660 1630 1696; x_wconf 83' lang='lat' dir='ltr'>salventur,</span> <span class='ocrx_word' id='word_1_551' title='bbox 1666 1658 1703 1690; x_wconf 90' lang='lat' dir='ltr'>in</span> <span class='ocrx_word' id='word_1_552' title='bbox 1725 1669 1794 1701; x_wconf 92' lang='lat' dir='ltr'>quo</span> <span class='ocrx_word' id='word_1_553' title='bbox 1817 1656 2013 1688; x_wconf 90' lang='lat' dir='ltr'>ministerio</span> <span class='ocrx_word' id='word_1_554' title='bbox 2037 1655 2113 1688; x_wconf 83' lang='lat' dir='ltr'>vult</span> <span class='ocrx_word' id='word_1_555' title='bbox 2137 1656 2237 1697; x_wconf 86' lang='lat' dir='ltr'>argui</span> 
     </span>
     <span class='ocr_line' id='line_1_85' title="bbox 1246 1703 2237 1753; baseline -0.005 -11"><span class='ocrx_word' id='word_1_556' title='bbox 1246 1716 1383 1753; x_wconf 89' lang='lat' dir='ltr'>peccata</span> <span class='ocrx_word' id='word_1_557' title='bbox 1401 1709 1560 1742; x_wconf 87' lang='lat' dir='ltr'>omnium</span> <span class='ocrx_word' id='word_1_558' title='bbox 1584 1706 1786 1746; x_wconf 87' lang='lat' dir='ltr'>hominum,</span> <span class='ocrx_word' id='word_1_559' title='bbox 1811 1706 1872 1750; x_wconf 93' lang='lat' dir='ltr'>qui</span> <span class='ocrx_word' id='word_1_560' title='bbox 1895 1712 2090 1739; x_wconf 87' lang='lat' dir='ltr'>nascuntur</span> <span class='ocrx_word' id='word_1_561' title='bbox 2111 1704 2149 1737; x_wconf 88' lang='lat' dir='ltr'>in</span> <span class='ocrx_word' id='word_1_562' title='bbox 2172 1703 2237 1738; x_wconf 88' lang='lat' dir='ltr'>hac</span> 
     </span>
     <span class='ocr_line' id='line_1_86' title="bbox 1247 1755 2237 1799; baseline -0.004 -7"><span class='ocrx_word' id='word_1_563' title='bbox 1247 1759 1473 1793; x_wconf 85' lang='lat' dir='ltr'>immunditie</span> <span class='ocrx_word' id='word_1_564' title='bbox 1489 1765 1633 1792; x_wconf 87' lang='lat' dir='ltr'>naturae</span> <span class='ocrx_word' id='word_1_565' title='bbox 1645 1784 1652 1797; x_wconf 92' lang='lat'>,</span> <span class='ocrx_word' id='word_1_566' title='bbox 1680 1758 1757 1791; x_wconf 78' lang='lat' dir='ltr'>vult</span> <span class='ocrx_word' id='word_1_567' title='bbox 1772 1764 1806 1790; x_wconf 89' lang='lat' dir='ltr'>et</span> <span class='ocrx_word' id='word_1_568' title='bbox 1824 1768 1948 1789; x_wconf 89' lang='lat' dir='ltr'>sonare</span> <span class='ocrx_word' id='word_1_569' title='bbox 1967 1755 2237 1799; x_wconf 91' lang='lat' dir='ltr'>promissionem</span> 
     </span>
     <span class='ocr_line' id='line_1_87' title="bbox 1247 1805 2237 1852; baseline -0.005 -9"><span class='ocrx_word' id='word_1_570' title='bbox 1247 1811 1290 1843; x_wconf 88' lang='lat' dir='ltr'>de</span> <span class='ocrx_word' id='word_1_571' title='bbox 1305 1809 1481 1843; x_wconf 80' lang='lat' dir='ltr'>beneficiis</span> <span class='ocrx_word' id='word_1_572' title='bbox 1500 1808 1574 1843; x_wconf 84' lang='lat' dir='ltr'>filii.</span> <span class='ocrx_word' id='word_1_573' title='bbox 1627 1806 1673 1841; x_wconf 89' lang='lat' dir='ltr'>Et</span> <span class='ocrx_word' id='word_1_574' title='bbox 1690 1807 1832 1852; x_wconf 87' lang='lat' dir='ltr'>quidem</span> <span class='ocrx_word' id='word_1_575' title='bbox 1850 1806 1925 1839; x_wconf 88' lang='lat' dir='ltr'>vult</span> <span class='ocrx_word' id='word_1_576' title='bbox 1941 1805 2040 1849; x_wconf 84' lang='lat' dir='ltr'>argui</span> <span class='ocrx_word' id='word_1_577' title='bbox 2061 1817 2139 1838; x_wconf 90' lang='lat' dir='ltr'>cum</span> <span class='ocrx_word' id='word_1_578' title='bbox 2161 1817 2237 1839; x_wconf 88' lang='lat' dir='ltr'>cae-</span> 
     </span>
     <span class='ocr_line' id='line_1_88' title="bbox 1248 1854 2237 1904; baseline -0.006 -10"><span class='ocrx_word' id='word_1_579' title='bbox 1248 1867 1320 1894; x_wconf 89' lang='lat' dir='ltr'>tera</span> <span class='ocrx_word' id='word_1_580' title='bbox 1340 1866 1477 1904; x_wconf 87' lang='lat' dir='ltr'>peccata</span> <span class='ocrx_word' id='word_1_581' title='bbox 1489 1883 1497 1897; x_wconf 92' lang='lat'>,</span> <span class='ocrx_word' id='word_1_582' title='bbox 1526 1870 1615 1903; x_wconf 88' lang='lat' dir='ltr'>quae</span> <span class='ocrx_word' id='word_1_583' title='bbox 1631 1859 1686 1890; x_wconf 84' lang='lat' dir='ltr'>lex</span> <span class='ocrx_word' id='word_1_584' title='bbox 1704 1857 1876 1897; x_wconf 86' lang='lat' dir='ltr'>ostendit,</span> <span class='ocrx_word' id='word_1_585' title='bbox 1903 1862 1977 1889; x_wconf 91' lang='lat' dir='ltr'>tum</span> <span class='ocrx_word' id='word_1_586' title='bbox 1994 1854 2059 1889; x_wconf 84' lang='lat' dir='ltr'>hoc</span> <span class='ocrx_word' id='word_1_587' title='bbox 2077 1856 2237 1889; x_wconf 87' lang='lat' dir='ltr'>tristissi-</span> 
     </span>
     <span class='ocr_line' id='line_1_89' title="bbox 1248 1907 2236 1953; baseline -0.004 -10"><span class='ocrx_word' id='word_1_588' title='bbox 1248 1923 1345 1943; x_wconf 88' lang='lat' dir='ltr'>mum</span> <span class='ocrx_word' id='word_1_589' title='bbox 1381 1915 1559 1953; x_wconf 89' lang='lat' dir='ltr'>peccatum</span> <span class='ocrx_word' id='word_1_590' title='bbox 1593 1909 1687 1953; x_wconf 86' lang='lat' dir='ltr'>quod</span> <span class='ocrx_word' id='word_1_591' title='bbox 1726 1908 1763 1941; x_wconf 88' lang='lat' dir='ltr'>in</span> <span class='ocrx_word' id='word_1_592' title='bbox 1800 1907 1992 1949; x_wconf 84' lang='lat' dir='ltr'>Evangelio</span> <span class='ocrx_word' id='word_1_593' title='bbox 2028 1907 2236 1946; x_wconf 89' lang='lat' dir='ltr'>ostenditur,</span> 
     </span>
     <span class='ocr_line' id='line_1_90' title="bbox 1248 1955 2239 2006; baseline -0.002 -14"><span class='ocrx_word' id='word_1_594' title='bbox 1248 1962 1343 2006; x_wconf 88' lang='lat' dir='ltr'>quod</span> <span class='ocrx_word' id='word_1_595' title='bbox 1357 1961 1510 1993; x_wconf 87' lang='lat' dir='ltr'>mundus</span> <span class='ocrx_word' id='word_1_596' title='bbox 1526 1959 1664 2002; x_wconf 84' lang='lat' dir='ltr'>ignorat</span> <span class='ocrx_word' id='word_1_597' title='bbox 1690 1965 1723 1993; x_wconf 90' lang='lat' dir='ltr'>et</span> <span class='ocrx_word' id='word_1_598' title='bbox 1746 1958 1938 1992; x_wconf 90' lang='lat' dir='ltr'>contemnit</span> <span class='ocrx_word' id='word_1_599' title='bbox 1961 1957 2071 1990; x_wconf 84' lang='lat' dir='ltr'>silium</span> <span class='ocrx_word' id='word_1_600' title='bbox 2092 1955 2177 1995; x_wconf 85' lang='lat' dir='ltr'>Dei,</span> <span class='ocrx_word' id='word_1_601' title='bbox 2206 1964 2239 1990; x_wconf 88' lang='lat' dir='ltr'>et</span> 
     </span>
     <span class='ocr_line' id='line_1_91' title="bbox 1248 2007 2238 2054; baseline -0.005 -10"><span class='ocrx_word' id='word_1_602' title='bbox 1248 2012 1337 2045; x_wconf 88' lang='lat' dir='ltr'>sicut</span> <span class='ocrx_word' id='word_1_603' title='bbox 1363 2011 1492 2054; x_wconf 90' lang='lat' dir='ltr'>impius</span> <span class='ocrx_word' id='word_1_604' title='bbox 1516 2010 1606 2043; x_wconf 82' lang='lat' dir='ltr'>latro</span> <span class='ocrx_word' id='word_1_605' title='bbox 1640 2010 1677 2042; x_wconf 90' lang='lat' dir='ltr'>in</span> <span class='ocrx_word' id='word_1_606' title='bbox 1710 2021 1811 2042; x_wconf 91' lang='lat' dir='ltr'>cruce</span> <span class='ocrx_word' id='word_1_607' title='bbox 1840 2020 1918 2042; x_wconf 89' lang='lat' dir='ltr'>eum</span> <span class='ocrx_word' id='word_1_608' title='bbox 1952 2007 2106 2047; x_wconf 84' lang='lat' dir='ltr'>deridet,</span> <span class='ocrx_word' id='word_1_609' title='bbox 2150 2007 2238 2040; x_wconf 84' lang='lat' dir='ltr'>sicut</span> 
     </span>
     <span class='ocr_line' id='line_1_92' title="bbox 1248 2055 2238 2104; baseline -0.004 -10"><span class='ocrx_word' id='word_1_610' title='bbox 1248 2063 1397 2095; x_wconf 81' lang='lat' dir='ltr'>maxima</span> <span class='ocrx_word' id='word_1_611' title='bbox 1414 2061 1568 2104; x_wconf 79' lang='lat' dir='ltr'>potentia</span> <span class='ocrx_word' id='word_1_612' title='bbox 1593 2061 1630 2092; x_wconf 89' lang='lat' dir='ltr'>in</span> <span class='ocrx_word' id='word_1_613' title='bbox 1655 2071 1779 2103; x_wconf 84' lang='lat' dir='ltr'>genere</span> <span class='ocrx_word' id='word_1_614' title='bbox 1801 2057 1975 2098; x_wconf 88' lang='lat' dir='ltr'>humano,</span> <span class='ocrx_word' id='word_1_615' title='bbox 2007 2055 2238 2091; x_wconf 87' lang='lat' dir='ltr'>mahometica</span> 
     </span>
     <span class='ocr_line' id='line_1_93' title="bbox 1250 2105 2238 2155; baseline -0.005 -10"><span class='ocrx_word' id='word_1_616' title='bbox 1250 2120 1282 2146; x_wconf 93' lang='lat' dir='ltr'>et</span> <span class='ocrx_word' id='word_1_617' title='bbox 1312 2111 1498 2155; x_wconf 82' lang='lat' dir='ltr'>papistica,</span> <span class='ocrx_word' id='word_1_618' title='bbox 1532 2110 1755 2144; x_wconf 89' lang='lat' dir='ltr'>contumeliis</span> <span class='ocrx_word' id='word_1_619' title='bbox 1777 2110 1895 2143; x_wconf 81' lang='lat' dir='ltr'>adficit</span> <span class='ocrx_word' id='word_1_620' title='bbox 1917 2109 2028 2142; x_wconf 85' lang='lat' dir='ltr'>filium</span> <span class='ocrx_word' id='word_1_621' title='bbox 2049 2108 2130 2142; x_wconf 86' lang='lat' dir='ltr'>Dei.</span> <span class='ocrx_word' id='word_1_622' title='bbox 2190 2105 2238 2140; x_wconf 82' lang='lat' dir='ltr'>Et</span> 
     </span>
     <span class='ocr_line' id='line_1_94' title="bbox 1250 2158 2237 2204; baseline -0.007 -8"><span class='ocrx_word' id='word_1_623' title='bbox 1250 2163 1363 2196; x_wconf 87' lang='lat' dir='ltr'>rabies</span> <span class='ocrx_word' id='word_1_624' title='bbox 1387 2161 1610 2204; x_wconf 87' lang='lat' dir='ltr'>ingeniorum</span> <span class='ocrx_word' id='word_1_625' title='bbox 1629 2161 1665 2193; x_wconf 92' lang='lat' dir='ltr'>in</span> <span class='ocrx_word' id='word_1_626' title='bbox 1682 2159 1884 2204; x_wconf 87' lang='lat' dir='ltr'>Epicureis,</span> <span class='ocrx_word' id='word_1_627' title='bbox 1910 2167 1943 2193; x_wconf 90' lang='lat' dir='ltr'>et</span> <span class='ocrx_word' id='word_1_628' title='bbox 1965 2158 2237 2203; x_wconf 87' lang='lat' dir='ltr'>praestigiatori-</span> 
     </span>
     <span class='ocr_line' id='line_1_95' title="bbox 1249 2206 2235 2257; baseline -0.006 -11"><span class='ocrx_word' id='word_1_629' title='bbox 1249 2214 1314 2246; x_wconf 90' lang='lat' dir='ltr'>bus</span> <span class='ocrx_word' id='word_1_630' title='bbox 1347 2213 1633 2257; x_wconf 85' lang='lat' dir='ltr'>quibuscunque,</span> <span class='ocrx_word' id='word_1_631' title='bbox 1673 2218 1712 2245; x_wconf 88' lang='lat' dir='ltr'>ut</span> <span class='ocrx_word' id='word_1_632' title='bbox 1747 2211 1786 2243; x_wconf 88' lang='lat' dir='ltr'>in</span> <span class='ocrx_word' id='word_1_633' title='bbox 1820 2209 1978 2249; x_wconf 90' lang='lat' dir='ltr'>Ebione‚</span> <span class='ocrx_word' id='word_1_634' title='bbox 2018 2206 2235 2250; x_wconf 87' lang='lat' dir='ltr'>Mahometo,</span> 
     </span>
     <span class='ocr_line' id='line_1_96' title="bbox 1250 2259 2236 2303; baseline -0.004 -8"><span class='ocrx_word' id='word_1_635' title='bbox 1250 2263 1412 2303; x_wconf 81' lang='lat' dir='ltr'>Serveto,</span> <span class='ocrx_word' id='word_1_636' title='bbox 1447 2260 1681 2300; x_wconf 88' lang='lat' dir='ltr'>Thammero‚</span> <span class='ocrx_word' id='word_1_637' title='bbox 1724 2268 1757 2295; x_wconf 89' lang='lat' dir='ltr'>et</span> <span class='ocrx_word' id='word_1_638' title='bbox 1790 2261 1868 2294; x_wconf 90' lang='lat' dir='ltr'>aliis</span> <span class='ocrx_word' id='word_1_639' title='bbox 1899 2259 2036 2299; x_wconf 81' lang='lat' dir='ltr'>multis,</span> <span class='ocrx_word' id='word_1_640' title='bbox 2074 2259 2236 2292; x_wconf 88' lang='lat' dir='ltr'>furentur</span> 
     </span>
     <span class='ocr_line' id='line_1_97' title="bbox 1250 2320 1535 2358; baseline -0.004 -12"><span class='ocrx_word' id='word_1_641' title='bbox 1250 2320 1428 2358; x_wconf 84' lang='lat' dir='ltr'>oppugnat</span> <span class='ocrx_word' id='word_1_642' title='bbox 1443 2325 1535 2348; x_wconf 86' lang='lat' dir='ltr'>eum.</span> 
     </span>
    </p>

    <p class='ocr_par' dir='ltr' id='par_1_18' title="bbox 1249 2359 2237 2659">
     <span class='ocr_line' id='line_1_98' title="bbox 1349 2359 2236 2407; baseline -0.007 -10"><span class='ocrx_word' id='word_1_643' title='bbox 1349 2363 1410 2399; x_wconf 81' lang='grc'>24.</span> <span class='ocrx_word' id='word_1_644' title='bbox 1452 2360 1646 2407; x_wconf 87' lang='lat' dir='ltr'>Oppugnat</span> <span class='ocrx_word' id='word_1_645' title='bbox 1677 2375 1754 2396; x_wconf 86' lang='lat' dir='ltr'>eum</span> <span class='ocrx_word' id='word_1_646' title='bbox 1780 2361 1818 2395; x_wconf 83' lang='lat' dir='ltr'>&#39;et</span> <span class='ocrx_word' id='word_1_647' title='bbox 1842 2359 2117 2398; x_wconf 85' lang='lat' dir='ltr'>Stenckseldius,</span> <span class='ocrx_word' id='word_1_648' title='bbox 2157 2370 2236 2392; x_wconf 89' lang='lat' dir='ltr'>cum</span> 
     </span>
     <span class='ocr_line' id='line_1_99' title="bbox 1250 2410 2237 2453; baseline -0.004 -7"><span class='ocrx_word' id='word_1_649' title='bbox 1250 2426 1323 2446; x_wconf 91' lang='lat' dir='ltr'>non</span> <span class='ocrx_word' id='word_1_650' title='bbox 1347 2414 1475 2447; x_wconf 85' lang='lat' dir='ltr'>desinit</span> <span class='ocrx_word' id='word_1_651' title='bbox 1498 2413 1702 2453; x_wconf 83' lang='lat' dir='ltr'>vociferari,</span> <span class='ocrx_word' id='word_1_652' title='bbox 1744 2410 1857 2445; x_wconf 90' lang='lat' dir='ltr'>Deum</span> <span class='ocrx_word' id='word_1_653' title='bbox 1884 2412 2143 2443; x_wconf 86' lang='lat' dir='ltr'>communicare</span> <span class='ocrx_word' id='word_1_654' title='bbox 2165 2421 2237 2443; x_wconf 83' lang='lat' dir='ltr'>sese</span> 
     </span>
     <span class='ocr_line' id='line_1_100' title="bbox 1251 2460 2237 2507; baseline -0.003 -11"><span class='ocrx_word' id='word_1_655' title='bbox 1251 2465 1325 2497; x_wconf 88' lang='lat' dir='ltr'>sine</span> <span class='ocrx_word' id='word_1_656' title='bbox 1349 2464 1561 2507; x_wconf 85' lang='lat' dir='ltr'>cogitatione</span> <span class='ocrx_word' id='word_1_657' title='bbox 1583 2463 1762 2497; x_wconf 89' lang='lat' dir='ltr'>doctrinae</span> <span class='ocrx_word' id='word_1_658' title='bbox 1781 2461 1947 2505; x_wconf 76' lang='lat' dir='ltr'>scriptae,</span> <span class='ocrx_word' id='word_1_659' title='bbox 1980 2468 2083 2506; x_wconf 81' lang='lat' dir='ltr'>atque</span> <span class='ocrx_word' id='word_1_660' title='bbox 2102 2461 2150 2493; x_wconf 90' lang='lat' dir='ltr'>ita</span> <span class='ocrx_word' id='word_1_661' title='bbox 2175 2460 2237 2493; x_wconf 87' lang='lat' dir='ltr'>ab-</span> 
     </span>
     <span class='ocr_line' id='line_1_101' title="bbox 1250 2511 2236 2557; baseline -0.004 -10"><span class='ocrx_word' id='word_1_662' title='bbox 1250 2515 1346 2548; x_wconf 87' lang='lat' dir='ltr'>ducit</span> <span class='ocrx_word' id='word_1_663' title='bbox 1367 2513 1528 2548; x_wconf 89' lang='lat' dir='ltr'>homines</span> <span class='ocrx_word' id='word_1_664' title='bbox 1550 2526 1568 2546; x_wconf 88' lang='lat' dir='ltr'>a</span> <span class='ocrx_word' id='word_1_665' title='bbox 1592 2513 1732 2557; x_wconf 91' lang='lat' dir='ltr'>publico</span> <span class='ocrx_word' id='word_1_666' title='bbox 1751 2513 1966 2551; x_wconf 82' lang='lat' dir='ltr'>ministerio,</span> <span class='ocrx_word' id='word_1_667' title='bbox 1994 2519 2026 2544; x_wconf 84' lang='lat' dir='ltr'>et</span> <span class='ocrx_word' id='word_1_668' title='bbox 2048 2523 2067 2544; x_wconf 87' lang='lat' dir='ltr'>a</span> <span class='ocrx_word' id='word_1_669' title='bbox 2088 2511 2236 2544; x_wconf 87' lang='lat' dir='ltr'>lectione</span> 
     </span>
     <span class='ocr_line' id='line_1_102' title="bbox 1250 2561 2235 2608; baseline -0.005 -10"><span class='ocrx_word' id='word_1_670' title='bbox 1250 2572 1282 2598; x_wconf 91' lang='lat' dir='ltr'>et</span> <span class='ocrx_word' id='word_1_671' title='bbox 1305 2565 1514 2608; x_wconf 86' lang='lat' dir='ltr'>cogitatione</span> <span class='ocrx_word' id='word_1_672' title='bbox 1539 2563 1737 2604; x_wconf 90' lang='lat' dir='ltr'>doctrinae,</span> <span class='ocrx_word' id='word_1_673' title='bbox 1777 2562 1877 2607; x_wconf 85' lang='lat' dir='ltr'>quasi</span> <span class='ocrx_word' id='word_1_674' title='bbox 1904 2564 2031 2596; x_wconf 83' lang='lat' dir='ltr'>frustra</span> <span class='ocrx_word' id='word_1_675' title='bbox 2055 2562 2148 2595; x_wconf 91' lang='lat' dir='ltr'>filius</span> <span class='ocrx_word' id='word_1_676' title='bbox 2171 2561 2235 2595; x_wconf 87' lang='lat' dir='ltr'>Dei</span> 
     </span>
     <span class='ocr_line' id='line_1_103' title="bbox 1249 2611 2235 2659; baseline -0.004 -11"><span class='ocrx_word' id='word_1_677' title='bbox 1249 2616 1436 2659; x_wconf 89' lang='lat' dir='ltr'>protulerit</span> <span class='ocrx_word' id='word_1_678' title='bbox 1476 2621 1651 2647; x_wconf 85' lang='lat' dir='ltr'>externam</span> <span class='ocrx_word' id='word_1_679' title='bbox 1686 2611 1873 2656; x_wconf 86' lang='lat' dir='ltr'>Evangelii</span> <span class='ocrx_word' id='word_1_680' title='bbox 1913 2625 2032 2646; x_wconf 87' lang='lat' dir='ltr'>vocem</span> <span class='ocrx_word' id='word_1_681' title='bbox 2073 2624 2113 2645; x_wconf 84' lang='lat' dir='ltr'>ex</span> <span class='ocrx_word' id='word_1_682' title='bbox 2155 2612 2235 2645; x_wconf 85' lang='lat' dir='ltr'>sinu</span> 
     </span>
    </p>
   </div>
   <div class='ocr_carea' id='block_1_12' title="bbox 209 2663 2234 2709">
    <p class='ocr_par' dir='ltr' id='par_1_19' title="bbox 209 2663 2234 2709">
     <span class='ocr_line' id='line_1_104' title="bbox 209 2663 2234 2709; baseline -0.002 -7"><span class='ocrx_word' id='word_1_683' title='bbox 209 2670 275 2702; x_wconf 87' lang='lat' dir='ltr'>dus</span> <span class='ocrx_word' id='word_1_684' title='bbox 302 2665 537 2705; x_wconf 85' lang='lat' dir='ltr'>Tridentina‚</span> <span class='ocrx_word' id='word_1_685' title='bbox 574 2664 785 2697; x_wconf 79' lang='lat' dir='ltr'>confirmans</span> <span class='ocrx_word' id='word_1_686' title='bbox 807 2676 960 2698; x_wconf 88' lang='lat' dir='ltr'>errorem</span> <span class='ocrx_word' id='word_1_687' title='bbox 990 2664 1198 2708; x_wconf 88' lang='lat' dir='ltr'>papisticum</span> <span class='ocrx_word' id='word_1_688' title='bbox 1223 2683 1225 2698; x_wconf 74' lang='lat' dir='ltr'>l</span> <span class='ocrx_word' id='word_1_689' title='bbox 1249 2666 1381 2699; x_wconf 85' lang='lat' dir='ltr'>aeterni</span> <span class='ocrx_word' id='word_1_690' title='bbox 1400 2665 1517 2709; x_wconf 88' lang='lat' dir='ltr'>patris,</span> <span class='ocrx_word' id='word_1_691' title='bbox 1546 2670 1577 2697; x_wconf 91' lang='lat' dir='ltr'>et</span> <span class='ocrx_word' id='word_1_692' title='bbox 1596 2664 1691 2708; x_wconf 81' lang='lat' dir='ltr'>quasi</span> <span class='ocrx_word' id='word_1_693' title='bbox 1708 2664 1834 2698; x_wconf 83' lang='lat' dir='ltr'>frustra</span> <span class='ocrx_word' id='word_1_694' title='bbox 1849 2663 1981 2698; x_wconf 82' lang='lat' dir='ltr'>dictum</span> <span class='ocrx_word' id='word_1_695' title='bbox 1992 2663 2234 2698; x_wconf 87' lang='lat' dir='ltr'>sitinPsalm.:</span> 
     </span>
    </p>
   </div>
  </div>
 </body>
</html>
