2324 2955
86 110 160 146 209

88 201 121 228 et
145 192 361 226 mirabilium
388 191 693 235 significationum.
761 189 894 237 Estque
920 191 1067 225 utilissi-

86 255 180 277 mum
206 244 246 275 ad
273 243 545 275 confirmandam
571 242 814 275 adsensionem
838 243 880 274 de
898 241 972 275 Deo
989 241 1067 285 opi—

85 294 165 333 fice,
193 304 292 336 saepe
318 293 445 325 intueri
471 304 532 325 nos
559 292 668 336 ipsos,
696 299 734 326 ut
757 304 811 325 ars
838 293 873 324 in
900 291 1066 324 memhris

86 343 214 376 nostris
239 343 526 376 commonefaciat
551 354 632 384 nos,
666 355 740 376 non
764 354 845 376 casu
870 354 907 375 ea
931 342 1068 375 conflu-

85 394 174 426 xisse
198 404 238 425 ex
262 392 458 425 Democriti
481 393 623 433 atomis,
659 395 717 426 sed
741 405 821 425 vere
848 404 919 425 esse
943 392 1068 432 Deum,

85 443 184 476 cuius
201 442 365 482 consilio,
393 449 537 486 propter
552 443 771 486 gravissimas
790 454 907 475 causas
924 450 956 476 et
973 454 1066 475 com-

84 492 356 525 monesactiones
381 494 498 525 omnia
523 493 571 525 sic
594 494 680 525 facta
705 499 736 525 et
762 493 949 526 distributa
973 498 1066 525 sunt.

83 542 205 585 Longe
230 542 399 576 differunt
425 543 461 575 in
487 543 556 575 vita
580 542 807 585 gubernatio,
840 555 928 587 quae
951 542 1066 575 nutri—

84 592 174 626 tioni
196 593 353 637 corporis
376 593 502 632 servit,
535 599 568 625 et
590 593 697 625 altera
718 593 943 635 gubernatio,
977 604 1065 637 quae

85 649 135 676 est
158 643 348 686 sapientiae
373 642 663 682 communicatio,
691 650 722 675 et
749 641 926 676 inchoatio
954 649 1065 675 aeter-

84 704 213 726 norum
244 694 429 725 bonorum.
495 689 608 725 Veh-at
639 693 734 726 cibos
767 700 799 726 et
822 700 942 737 potum
966 704 1065 725 oeso-

84 740 237 787 phagus,
270 742 305 774 id
338 748 407 780 est,
442 741 688 784 Magistratus,
725 743 785 787 qui
817 750 865 776 est
889 743 984 776 velut
1008 755 1064 775 ar—

83 792 294 832 mentarius,
321 798 353 825 et
377 804 503 836 corpus
529 793 635 835 pascit
658 800 689 826 et
708 793 870 828 custodit.
924 792 992 826 Sed
1009 793 1064 825 ni-

83 840 136 875 hil
166 842 291 875 influat
320 842 356 874 in
385 840 558 875 tracheam
588 844 750 876 arteriam
774 843 843 875 cibi
869 849 926 876 aut
952 850 1065 886 potus,

83 904 155 926 non
179 892 392 935 impediatur
413 904 477 925 vox
495 894 674 925 doctrinae
692 894 844 926 sordidis
859 893 1063 936 cupiditati-

82 943 149 976 bus
167 949 225 975 aut
240 943 493 986 voluptatibus,
518 955 606 987 quae
623 950 779 976 ventrem
795 950 953 976 onerant.
994 943 1063 976 Sed

83 993 127 1026 sit
151 993 279 1033 libera,
309 1004 372 1025 nec
388 993 433 1026 sit
457 993 583 1033 fallax,
607 994 666 1025 sed
691 993 763 1026 veri
788 994 902 1026 cordis
925 994 1065 1028 nuncia.

83 1041 181 1076 Talis
210 1048 260 1075 est
290 1049 408 1075 orator
438 1042 474 1074 in
497 1041 653 1076 Ecclesia
683 1043 835 1087 primus,
870 1043 962 1076 tilius
989 1043 1065 1086 Dei,

82 1092 144 1137 qui
159 1098 209 1127 est
224 1092 337 1125 fistula
354 1099 384 1125 et
401 1091 572 1139 γλυὶῑτις,
600 1106 662 1137 per
677 1106 781 1138 quam
801 1094 917 1137 patefit
935 1094 1066 1127 divini-

82 1149 153 1181 tas,
181 1149 213 1175 et
234 1148 273 1175 ut
297 1143 417 1186 pulmo
443 1143 674 1176 circumfusus
696 1151 748 1177 est
772 1150 898 1176 trunco
925 1156 1065 1187 asperae

82 1193 246 1233 arteriae,
273 1204 311 1225 ac
334 1193 537 1226 nominatur
561 1205 578 1225 a
595 1193 740 1227 Platone
760 1192 929 1237 μαλακὸν
954 1194 1064 1238 Qua,

84 1243 130 1276 ita
161 1249 283 1276 natura
312 1240 464 1275 humana
486 1243 695 1276 circumfusa
723 1244 774 1275 illi
801 1244 953 1283 oratori,
987 1256 1067 1275 vere

84 1300 135 1326 est
156 1293 383 1326 tenerrimum
408 1293 662 1331 ventilabrum,
686 1295 729 1323 de
748 1305 815 1334 qua
835 1293 1067 1325 similitudine

83 1349 227 1387 propter
244 1348 352 1374 certas
368 1351 486 1372 causas
501 1340 642 1373 brevius
658 1341 748 1380 dico,
768 1346 904 1374 tantum
920 1353 959 1373 eo
978 1339 1068 1372 hanc

85 1391 455 1426 commonefactionem
474 1390 616 1429 inserui,
642 1397 680 1422 ut
695 1390 852 1422 studium
870 1390 970 1422 vobis
985 1402 1068 1422 con—

85 1441 290 1475 siderandae
311 1439 553 1471 fabricationis
571 1437 808 1471 humanorum
827 1440 1067 1471 membrorum

85 1490 382 1528 commendarem,
409 1488 503 1532 quod
530 1494 620 1520 certe
645 1495 676 1521 et
700 1488 894 1520 valetudini
912 1495 944 1521 et
961 1488 1070 1520 mori-

83 1543 149 1575 bus
172 1539 399 1573 utilissimum
423 1544 490 1578 est,
524 1544 558 1570 et
579 1538 730 1570 ostendit
754 1538 903 1570 illustria
928 1539 971 1570 de
994 1537 1069 1570 Deo

84 1590 302 1630 testimonia,
328 1595 362 1622 et
376 1588 504 1621 multas
520 1587 687 1629 imagines
703 1599 819 1620 rerum
837 1588 1069 1620 maximarum

86 1640 340 1685 complectitur.
387 1637 498 1682 Saepe
515 1645 547 1671 et
564 1635 630 1670 hoc
648 1638 850 1680 cogitemus,
878 1638 981 1671 talem
999 1650 1070 1671 esse

87 1692 233 1735 figuram
251 1687 407 1723 hominis
425 1688 623 1728 conditam,
646 1689 784 1733 qualem
804 1683 989 1732 praecipue
1008 1701 1070 1720 vo-

87 1742 154 1775 luit
179 1740 273 1774 Deus
305 1738 493 1772 convenire
523 1738 612 1776 filio,
648 1745 681 1772 et
712 1738 775 1771 filii
807 1750 932 1782 corpus
957 1738 1070 1771 ideam

89 1803 160 1825 esse
191 1797 394 1824 nostrorum
426 1800 624 1833 corporum.
683 1787 803 1831 Quare
834 1800 907 1821 non
931 1789 1071 1822 dubite-

89 1853 185 1884 mus,
212 1852 330 1875 causas
352 1840 544 1882 singulares
562 1850 652 1879 esse,
679 1851 740 1871 cur
760 1839 945 1882 praecipua
961 1851 1071 1871 mem-

89 1894 170 1933 bra,
204 1903 292 1937 quae
325 1890 360 1923 in
392 1896 462 1923 tota
486 1888 689 1922 aeternitate
711 1901 839 1932 organa
862 1888 927 1922 Dei
957 1895 1072 1929 erunt,

89 1944 140 1977 sic
162 1943 312 1976 formato
336 1940 416 1973 sint.
467 1938 621 1972 Accedat
636 1946 668 1972 et
693 1937 776 1972 haec
793 1952 891 1980 cura,
920 1946 957 1972 ut
973 1940 1000 1972 si
1020 1939 1073 1983 pi-

90 2001 224 2027 cturam
249 1998 432 2036 parentum
458 1987 621 2030 haberes,
648 1990 758 2022 nolles
783 2002 857 2022 eam
877 1990 1075 2034 petulanter

92 2043 288 2086 corrumpi,
315 2054 359 2074 ne
382 2046 542 2085 parentes
565 2041 774 2074 contumelia
794 2041 893 2073 adlici
911 2040 1075 2073 videren-

93 2102 168 2128 tur:
205 2093 254 2126 sic
277 2100 309 2126 et
335 2099 480 2135 propter
496 2091 592 2123 ideae
611 2091 839 2124 reverentiam
858 2097 918 2124 tuo
935 2091 1075 2135 corpori

92 2155 233 2190 parcam,
260 2150 292 2176 et
316 2143 403 2176 sicut
420 2140 549 2174 Paulus
572 2141 702 2185 inquit:
732 2141 850 2174 Tuum
870 2153 994 2185 corpus
1010 2139 1075 2173 bo-

94 2206 181 2236 nore
202 2193 351 2227 adficias.
411 2190 568 2225 Debetur
592 2191 684 2224 enim
707 2189 820 2225 honos
846 2192 919 2226 Deo
947 2191 1075 2236 opifici,

95 2252 127 2280 et
144 2245 259 2285 ideae,
285 2255 352 2289 qua
370 2242 514 2275 vestitus
531 2248 581 2275 est
597 2241 698 2275 tilius.

197 2294 266 2328 Sed
284 2301 322 2328 ut
342 2293 474 2326 discant
494 2292 649 2324 iuniores
665 2292 807 2325 usitatas
825 2292 1077 2335 descriptiones

97 2345 293 2390 pulmonis,
320 2351 352 2377 et
377 2343 563 2376 discrimen
590 2340 749 2375 tracheae
766 2344 911 2376 arteriae
928 2350 961 2376 et
977 2354 1076 2375 oeso—

97 2393 220 2440 phagi,
255 2406 361 2438 pauca
398 2395 440 2426 de
473 2390 527 2426 liis
558 2390 726 2425 mirandis
757 2394 920 2436 operibus
953 2394 1077 2426 dicam.

98 2444 292 2480 Cavitatem
325 2445 414 2477 circa
432 2456 499 2489 *cor
525 2444 643 2487 implet
674 2443 811 2486 pulmo,
842 2444 901 2488 qui
926 2451 974 2477 est
997 2455 1077 2475 caro

100 2500 220 2535 aerea,
252 2507 345 2534 rara,
380 2494 513 2534 mollis,
543 2494 746 2537 spongiosa,
772 2493 896 2526 similis
917 2494 1078 2535 coagula-

101 2554 155 2580 tae
181 2558 321 2589 spumae
339 2545 535 2586 sanguinis,
561 2544 698 2577 insertis
717 2545 750 2576 in
767 2556 842 2576 earu
860 2556 997 2576 earnem
1017 2544 1078 2576 tri-

102 2598 167 2630 bus
191 2596 332 2635 fistulis,
358 2606 445 2639 quae
470 2601 637 2638 spargunt
659 2606 772 2627 ramos
790 2601 967 2626 contextos
985 2594 1079 2627 velut

103 2653 206 2680 recte.

155 2696 337 2730 Mummi.
365 2697 468 2729 oran.
495 2696 577 2729 vot.
605 2695 680 2727 XII.

485 106 643 143 DECL.
677 105 751 141 DE
789 104 1074 142 PULMONE
1109 104 1185 141 ΕΤ
1217 104 1290 140 DE
1325 105 1588 144 DISCRIM.
1623 118 1702 144 ETc.

260 2645 441 2678 Grandior
462 2652 512 2678 est
538 2657 657 2677 mucro
682 2642 840 2678 tracheae
859 2645 1005 2678 arteriae
1025 2645 1079 2676 in-
1103 2662 1106 2686 l
1132 2654 1321 2687 gargareou
1344 2641 1449 2685 vulgo
1473 2643 1566 2675 vocis
1590 2642 1759 2686 plectrum
1785 2649 1936 2675 vocatur.

2027 118 2099 150 210

1121 191 1229 223 fertus
1255 191 1434 234 pulmoni,
1462 194 1516 226 cui
1543 194 1613 226 duo
1639 195 1773 228 canales
1795 208 1832 229 ex
1859 198 1962 231 corde
1982 200 2099 232 emissi

1121 248 1322 276 occurrunt.
1365 241 1462 274 Vena
1481 244 1650 276 arterialis
1669 246 1921 280 nutrimentum
1939 249 2098 282 adferens

1120 291 1301 334 pulmoni,
1335 298 1365 324 et
1391 294 1515 325 arteria
1542 295 1692 335 venalis,
1725 297 1839 329 a'e'rem
1866 297 1903 330 in
1931 299 2099 341 pulmone

1120 340 1313 383 excipiens.
1339 347 1372 374 et
1396 354 1434 374 ex
1459 345 1560 376 corde
1580 345 1692 377 fumos
1709 344 1875 387 evehens,
1901 348 2005 381 simul
2020 362 2098 382 cum

1119 390 1273 423 arteriali
1307 392 1486 433 sanguine.
1547 392 1594 425 lli
1626 396 1762 428 canales
1798 405 1965 440 spargunt
1995 400 2099 432 exiles

1119 441 1277 473 surculos
1304 453 1366 484 per
1396 449 1507 475 totum
1536 444 1757 486 pulmonem3
1794 454 1825 479 et
1856 448 1936 491 quia
1963 449 2099 482 assidue

1119 488 1282 523 hauritur
1304 498 1336 525 et
1358 492 1528 525 emittitur
1550 495 1629 533 a'e'r,
1658 506 1718 537 per
1736 494 1907 529 tracheam
1926 500 2100 540 arteriam,

1119 548 1151 575 et
1181 553 1242 584 per
1274 542 1436 574 arteriam
1469 544 1645 583 venalem,
1682 546 1840 578 continui
1867 555 1947 580 sunt
1973 556 2100 589 motus,

1118 591 1297 635 pulmonis
1323 592 1480 625 dilatatio
1507 600 1538 626 et
1558 593 1770 629 constrictio.
1822 594 1873 628 Ac
1891 598 2042 639 primum
2064 600 2101 631 in

1118 641 1286 685 pulmone
1298 649 1522 685 praeparatur
1533 650 1599 683 aer,
1616 643 1723 687 quiin
1734 647 2101 681 cortransfundendus

1118 699 1181 724 est.
1223 691 1356 724 Mirum
1374 699 1422 725 est
1439 699 1567 732 autem,
1595 705 1672 726 cum
1687 694 1846 727 assiduus
1863 696 1906 728 sit
1923 697 2101 738 pulmonis

1117 748 1244 780 motus,
1271 749 1387 775 tamen
1406 755 1477 775 non
1492 743 1672 785 alligatum
1684 755 1755 776 esse
1767 742 2012 786 adthoracem,
2038 759 2101 780 nec

1117 790 1270 825 thoracis
1287 800 1383 826 motu
1402 791 1506 827 trahi.
1533 792 1700 826 Moretur
1716 801 1829 827 autem
1842 796 1977 828 ratione
1990 797 2102 836 vacui,

1116 849 1154 875 ut
1170 842 1213 874 sit
1231 843 1373 884 agitatio
1392 843 1544 881 mollior,
1567 855 1644 875 eum
1659 844 1749 877 cedit
1764 842 1900 885 thorax,
1925 846 1983 889 qui
1996 858 2013 878 a
2026 847 2102 878 dia-

1118 890 1320 936 phragmate
1345 900 1515 925 movetur.
1582 892 1763 927 Adiuvant
1786 902 1901 928 autem
1925 897 2102 939 pulmonis

1117 949 1251 975 motum
1271 939 1399 975 halitus
1416 954 1433 974 a
1453 944 1555 975 corde
1576 944 1770 985 venientes,
1798 952 1827 978 et
1848 946 1918 987 ipsa
1937 947 2025 978 aeris
2043 959 2103 978 co—

1119 993 1193 1036 pia,
1229 992 1289 1036 qui
1315 999 1348 1025 et
1373 993 1491 1026 influit
1511 1000 1543 1026 et
1562 991 1709 1026 exhalat.
1772 994 1900 1037 Figura
1925 996 2103 1039 pulmonis

1119 1044 1278 1075 imitatur
1307 1043 1476 1084 ungulam
1508 1044 1628 1082 bovis,
1663 1044 1743 1087 quia
1771 1044 1807 1076 in
1833 1046 1919 1077 duas
1945 1052 2058 1088 partes
2084 1058 2103 1078 a

1119 1093 1327 1125 mediastino
1346 1092 1535 1133 dividitur,
1564 1100 1595 1125 et
1613 1093 1770 1136 singulae
1787 1094 1823 1126 in
1842 1095 1913 1127 iuio
1932 1096 2033 1127 binos
2050 1096 2103 1128 lo-

1118 1144 1182 1176 bos
1202 1140 1350 1182 habent,
1377 1143 1492 1175 cordis
1510 1143 1732 1176 involucrum
1749 1145 2027 1188 complectentes.

1222 1192 1365 1225 Utilitas
1380 1193 1559 1236 pulmonis
1577 1193 1704 1237 duplex
1720 1201 1788 1232 est,
1815 1195 1924 1227 factus
1943 1203 1990 1228 est
2010 1196 2103 1228 enim

1120 1249 1152 1276 et
1176 1242 1379 1286 spirationis
1403 1250 1436 1276 et
1460 1244 1555 1276 vocis
1577 1255 1690 1276 causa.
1744 1244 1897 1287 Spiratio
1922 1246 2017 1277 cordi
2044 1258 2104 1278 ne-

1121 1292 1265 1324 cessaria
1292 1299 1359 1332 est,
1386 1293 1498 1325 adfert
1517 1293 1609 1325 enim
1628 1294 1749 1336 pulmo
1767 1295 1863 1327 cordi
1883 1303 2015 1334 aerem,
2044 1295 2105 1339 qui

1123 1341 1257 1382 mitigat
1272 1341 1422 1372 calorem
1439 1343 1554 1373 cordis
1570 1349 1602 1375 et
1613 1343 1814 1385 spirituum,
1843 1351 1875 1376 et
1889 1342 2103 1378 bunca'erem

1122 1396 1201 1422 ante
1225 1396 1426 1433 praeparat,
1453 1402 1513 1423 cor
1535 1392 1628 1423 enim
1652 1392 1867 1431 laederetur,
1894 1395 1921 1425 si
1943 1402 2105 1437 penetra-

1122 1446 1174 1471 ret
1199 1440 1241 1470 ad
1267 1440 1400 1481 ipsum,
1426 1447 1485 1472 aut
1503 1442 1563 1473 εδι-
1580 1441 1760 1483 frigidior,
1788 1449 1847 1475 aut
1865 1444 1968 1476 nimis
1986 1446 2107 1488 copio-

1123 1499 1191 1521 sus,
1252 1488 1492 1520 Suffocaretur
1514 1496 1629 1521 autem
1656 1503 1715 1522 cor
1738 1493 1835 1534 copia
1862 1493 2048 1536 spirituum
2074 1501 2107 1527 et

1123 1537 1250 1570 fumosi
1269 1537 1376 1577 aeris,
1405 1537 1472 1570 nisi
1490 1549 1609 1571 rursus
1627 1539 1722 1572 fieret
1739 1539 1922 1575 exhalati0.
1974 1544 2055 1576 Ideo
2075 1551 2107 1577 et

1124 1599 1186 1631 per
1224 1587 1428 1631 pulmonem
1469 1600 1589 1621 rursus
1628 1590 1801 1623 emittitur
1841 1592 1997 1625 fumosus
2036 1602 2107 1628 aer.

1126 1637 1279 1682 Ideoque
1296 1638 1416 1680 pulmo
1435 1649 1541 1682 capax
1560 1645 1608 1672 est
1625 1640 1726 1673 multi
1744 1641 1850 1680 aeris,
1878 1649 1916 1675 ut
1933 1644 2109 1687 paulisper

1124 1688 1250 1721 omissa
1278 1688 1491 1731 spiratione,
1525 1695 1641 1722 tamen
1672 1702 1732 1723 cor
1761 1691 1906 1734 accipiat
1930 1700 1960 1725 et
1986 1695 2109 1727 reddat

1125 1739 1253 1772 a'c'rem.
1314 1737 1420 1780 Quod
1447 1739 1474 1771 si
1500 1739 1631 1773 deesset
1656 1741 1795 1783 pulmo,
1829 1742 1927 1774 brevi
1954 1750 2109 1788 tempore

1124 1788 1251 1822 omissa
1267 1788 1458 1832 spiratione
1474 1789 1667 1822 animantia
1684 1791 1948 1832 suffocarentur,
1976 1794 2020 1826 ita
2039 1795 2109 1837 spi-

1125 1839 1272 1872 rationis
1298 1850 1397 1871 causa
1425 1839 1544 1883 pulmo
1572 1840 1681 1873 sactus
1707 1848 1766 1873 est.
1829 1839 1948 1875 Altera
1976 1845 2109 1877 utilitas

1126 1895 1193 1929 est,
1220 1889 1426 1922 formandae
1450 1890 1526 1922 voci
1550 1891 1690 1926 servire.
1745 1890 1791 1925 Ut
1815 1893 1907 1924 enim
1929 1893 1964 1925 in
1987 1895 2109 1927 fistulis

1126 1937 1193 1972 hoc
1215 1939 1321 1970 modo
1344 1940 1433 1972 fiunt
1457 1939 1553 1980 soni,
1580 1952 1658 1973 cum
1685 1941 1894 1984 inspiratum
1915 1946 2026 1976 aerem
2048 1956 2109 1987 per

1127 1995 1312 2031 angustum
1331 1990 1504 2029 foramen,
1532 1991 1625 2033 quod
1644 1991 1679 2022 iu
1698 1991 1780 2033 ipsis
1797 1992 2017 2033 continetur,
2044 1994 2109 2026 eli-

1127 2041 1231 2073 dunt:
1260 2039 1307 2071 sic
1333 2046 1365 2072 et
1386 2039 1422 2072 in
1441 2040 1647 2082 corporibus
1667 2038 1829 2073 humanis
1846 2054 1911 2073 vox
1928 2043 2110 2084 formatur,

1127 2090 1268 2135 quando
1300 2092 1358 2122 aer
1391 2102 1450 2133 per
1480 2101 1635 2132 asperam
1667 2090 1830 2123 arteriam
1858 2091 1894 2123 in
1919 2092 2110 2137 laryngem,

1128 2152 1217 2185 quae
1235 2147 1283 2172 est
1301 2147 1405 2183 caput
1422 2152 1561 2183 asperae
1579 2140 1735 2180 arteriae,
1763 2141 1884 2180 fertur,
1913 2148 2017 2187 atque
2037 2144 2109 2177 illic

1129 2203 1190 2234 per
1218 2197 1399 2232 angustam
1426 2190 1607 2229 rimulam,
1643 2202 1731 2234 quae
1757 2191 1791 2222 in
1816 2191 1957 2236 larynge
1981 2194 2108 2235 existit,

1130 2241 1332 2285 impellitur.
1387 2239 1512 2273 Pultno
1539 2241 1632 2272 cuim
1655 2252 1716 2273 ceu
1737 2241 1909 2273 utriculos
1926 2242 2074 2284 agitatus
2090 2256 2108 2277 a

1129 2291 1296 2324 musculis
1330 2288 1499 2329 thoracis,
1533 2292 1645 2322 aerem
1674 2302 1735 2333 per
1758 2288 1933 2323 tracheam
1957 2293 2108 2336 impellit

1130 2342 1311 2386 aliquanto
1335 2341 1539 2378 violentius,
1567 2352 1670 2383 quam
1694 2341 1730 2373 fit
1756 2341 1791 2372 in
1813 2341 2021 2384 spiratione,
2048 2345 2107 2375 de·-

1132 2393 1212 2425 iude
1241 2392 1275 2424 iu
1295 2392 1471 2436 lar-rugeio
1487 2391 1657 2430 truditur,
1684 2401 1745 2433 per
1761 2391 1859 2423 cuius
1878 2392 2000 2424 rimam
2020 2406 2107 2437 quae

1130 2442 1395 2487 proprieglottis
1406 2447 1557 2480 vocatur,
1579 2453 1631 2478 eo,
1651 2441 1745 2485 quod
1760 2438 1801 2474 τὸ
1821 2437 1975 2486 allium(
1990 2443 2105 2477 (ιίῗλυι)

1130 2489 1273 2541 firminis
1296 2487 1551 2536 παραπλήσιον
1574 2491 1677 2523 elisus
1700 2503 1819 2523 vocem
1844 2492 1987 2533 format,
2020 2506 2107 2537 quae

1132 2545 1214 2576 inde
1239 2544 1272 2574 in
1293 2543 1395 2574 latam
1416 2542 1486 2573 oris
1502 2541 1769 2584 amplitudinem
1785 2541 1915 2581 delata,
1942 2550 1971 2576 et
1988 2556 2107 2584 garga-

1132 2593 1230 2627 reoni
1256 2593 1363 2631 illisa,
1396 2592 1488 2624 varie
1512 2592 1683 2624 formatur
1705 2598 1737 2624 et
1760 2592 1932 2627 variatur,
1959 2595 2050 2625 uude
2076 2600 2105 2625 et

2007 2641 2107 2674 Unde

1441 2691 1485 2725 14
