2324 2955
151 107 225 141 503

256 188 316 222 23.
351 185 512 220 Christus
528 182 689 216 Pontifex
704 181 818 225 placet
835 192 897 225 pet
914 193 961 221 se,
990 188 1025 216 et
1039 183 1141 218 offert

155 252 251 275 suam
270 236 504 271 obedientiam
526 232 639 273 Patri,
666 232 724 265 sed
741 243 804 276 pto
820 232 910 268 aliis.

922 93 1402 133 DISPUTATIONES

2102 102 2178 140 504

1294 182 1356 218 40.
1389 180 1462 215 Nec
1476 182 1573 217 aliud
1587 184 1701 218 maius
1724 184 1934 219 beneficium
1955 185 2088 222 habent
2113 186 2179 222 ho-

1193 234 1325 275 mines,
1352 244 1458 277 quam
1475 232 1530 266 ius
1544 235 1745 274 sacerdotii,
1772 248 1842 280 quo
1857 236 1946 271 fiunt
1961 239 2101 283 proprie
2114 239 2180 273 filii

256 287 316 323 24.
346 284 482 324 Sancti,
510 283 574 317 etsi
589 290 671 317 sunt
687 281 910 321 Sacerdotes,
937 289 1054 317 tamen
1069 295 1144 318 non
1194 284 1263 319 Dei
1280 290 1312 317 et
1330 283 1501 325 cultores,
1522 290 1555 317 et
1567 285 1732 329 proprius
1750 287 1902 331 populus
1917 286 1996 320 Dei.

157 342 294 385 placant
309 348 370 380 per
386 347 439 375 se,
465 335 525 368 sed
544 346 605 378 per
615 333 820 368 Pontificem
836 331 1038 374 Christum,
1065 346 1144 368 cum

158 392 222 423 lide
241 386 416 430 accipiunt
435 386 586 418 fructum
604 383 765 418 sacrificii
783 381 928 420 Christi.

257 435 318 472 25.
352 435 514 469 Christus
532 435 693 469 Pontifex
718 432 823 468 habet
842 442 1022 480 utrunque
1040 435 1147 469 sacri-

158 489 273 523 ficium
291 487 486 531 proprium.

259 538 321 574 26.
357 537 479 571 Sancti
496 548 570 570 non
586 534 718 569 habent
734 536 920 580 proprium
941 536 1148 570 sacrificium

159 588 463 635 propiciatorium.
522 587 594 621 Nec
617 587 757 631 placant
783 599 845 620 suo
869 587 1056 628 sacrificio,
1089 588 1149 620 sed

160 641 298 681 alieno,
325 640 419 684 quod
438 646 553 672 tamen
569 650 682 682 neque
702 637 768 681 ipsi
786 638 958 675 offerunt,
985 638 1045 670 sed
1070 644 1149 672 tan-

160 698 236 725 tum
252 691 429 734 accipiunt
448 690 515 722 fide
531 689 683 721 fructum
701 688 809 721 alieni
827 688 1001 723 sacrificii.

265 741 326 775 27.
359 740 478 774 Sancti
497 738 627 772 habent
649 739 791 783 propria
816 739 981 772 sacrificia
1006 736 1151 783 εὐχαρι-

164 790 290 831 ortus),
326 803 414 835 quae
430 790 547 823 valent
562 795 706 834 propter
728 789 850 832 fidem,
883 801 957 823 non
982 801 1022 822 ex
1047 800 1152 833 opere

162 848 316 885 operato.

265 891 326 926 28.
360 890 507 924 Nullum
526 897 575 924 est
592 890 685 923 enim
702 890 786 924 novi
803 889 1022 924 Testamenti
1045 890 1152 923 sacri·
1176 883 1179 917 ,'

165 942 281 976 ficium
301 954 340 975 ex
357 953 461 985 opere
477 947 631 985 operato.

270 992 331 1027 29.
364 992 435 1025 Sed
458 992 645 1031 sacrificia,
684 989 750 1024 hoc
773 997 840 1031 est,
874 991 967 1024 hona
990 1002 1095 1035 opera
1120 997 1153 1024 et
1177 1020 1179 1027 .

163 1043 382 1076 adflictiones
397 1042 515 1075 valent
531 1053 593 1085 per
607 1042 711 1074 fidem
724 1068 734 1081 ,
761 1053 839 1074 cum
856 1043 962 1074 corda
978 1048 1152 1085 perterre-
1177 1047 1179 1049 '

164 1094 252 1126 facta
272 1093 473 1135 eriguntur,
500 1098 534 1124 et
549 1092 697 1124 credunt
715 1102 752 1123 ea
768 1091 992 1134 placereDeo
1009 1097 1153 1134 propter

164 1141 357 1178 Christum.

267 1193 327 1226 30.
363 1190 447 1225 Ideo
463 1190 594 1224 Paulus
611 1191 759 1236 requirit
775 1188 925 1238 λογικὴν
940 1189 1122 1236 λατρείαν.

167 1305 237 1338 quo
260 1304 359 1326 mens
383 1292 494 1325 cernit
518 1298 551 1325 et
573 1292 739 1334 intelligit
764 1292 883 1324 Deum
908 1303 970 1335 per
994 1294 1154 1333 verbum,

166 1341 232 1376 hoc
251 1350 319 1383 est,
347 1340 453 1375 habet
471 1341 632 1374 timorem
652 1348 685 1374 et
701 1341 818 1373 fidem.

268 1394 328 1428 32.
371 1391 578 1436 Opponitur
611 1391 718 1434 igitur
748 1388 873 1438 λογικὴ
907 1388 1056 1437 λατρεία
1082 1403 1154 1424 non

167 1444 281 1476 solum
295 1443 454 1487 pecuinis
472 1442 642 1482 victimis,
669 1443 729 1474 sed
752 1442 857 1474 etiam
883 1438 1049 1475 humanis
1073 1454 1156 1485 ope-

167 1495 264 1527 ribus
283 1494 358 1527 sine
379 1493 505 1532 verbo,
532 1490 598 1524 hoc
615 1498 681 1532 est,
707 1492 873 1525 mandato
889 1492 958 1524 Dei
979 1492 1096 1530 factis,
1123 1498 1156 1524 et

168 1545 206 1576 in
237 1555 362 1586 genere
387 1542 580 1586 opponitur
604 1541 770 1574 omnibus
792 1538 957 1574 humanis
980 1542 1157 1586 operibus,

168 1595 207 1626 in
223 1594 350 1639 quibus
370 1594 497 1626 desunt
511 1592 618 1625 timor
635 1598 667 1625 et
681 1592 777 1625 fides.

273 1644 332 1678 33.
361 1642 473 1687 Igitur
489 1654 594 1686 opera
610 1642 842 1675 traditionum
857 1639 1107 1681 humanarum,
1125 1650 1157 1676 et

169 1695 382 1728 monasticae
418 1692 680 1727 observationes
712 1703 785 1724 non
821 1701 903 1726 sunt
937 1689 1063 1739 Zoytm)
1095 1694 1158 1725 λα-

169 1742 282 1790 ”spelta

272 1794 332 1828 54.
367 1793 438 1827 Nec
455 1794 522 1826 alia
539 1792 712 1833 exercitia,
738 1804 801 1825 nec
819 1792 1056 1830 adflictiones,
1084 1792 1159 1825 sine

170 1846 296 1879 timore
317 1852 349 1879 et
365 1845 438 1878 sine
454 1843 522 1878 fide
543 1843 804 1877 misericordiae
822 1840 973 1884 Christi,
1000 1849 1082 1876 sunt
1105 1854 1159 1876 sa-

170 1895 309 1929 crificia.

271 1946 333 1982 35.
375 1944 497 1979 Sancti
529 1945 566 1976 in
599 1943 709 1976 veteri
735 1942 962 1978 Testamento
993 1944 1049 1977 usi
1079 1951 1159 1978 sunt

172 1996 378 2030 ceremoniis
415 1995 518 2037 legis,
567 1994 664 2028 velut
694 1993 950 2036 sacramentis,
994 1991 1062 2028 hoc
1099 2002 1160 2036 est,

171 2048 277 2090 signis
293 2046 404 2080 futuri
421 2043 573 2085 Christi,
599 2051 633 2078 et
649 2044 902 2088 praestiterunt
918 2051 1085 2091 tanquam
1103 2057 1159 2079 sa-

171 2098 303 2137 crificia¹
315 2093 569 2141 εὐχαρισῑικά,
594 2096 635 2128 ad
652 2096 913 2139 protestandam
932 2096 1035 2129 fidem
1051 2108 1158 2132 suam.

272 2148 331 2184 36.
363 2147 475 2180 Nemo
501 2144 606 2179 habet
631 2146 686 2179 ius
709 2145 917 2187 sacerdotii,
953 2146 1023 2180 nisi
1048 2146 1157 2181 aDeo

171 2200 304 2232 datum.

273 2249 331 2281 37.
375 2247 458 2281 Ideo
483 2259 587 2280 nemo
609 2253 720 2291 potest
752 2246 888 2291 placare
912 2245 1045 2288 Deum,
1088 2248 1158 2281 nisi

172 2299 357 2333 autoritate
374 2299 512 2337 divina,
540 2295 608 2331 hoc
628 2304 694 2338 est,
722 2297 789 2330 nisi
809 2304 842 2331 et
858 2298 1062 2331 mandatum
1079 2299 1157 2343 pla-
1180 2302 1182 2307 '

173 2350 295 2389 candi,
323 2356 355 2382 et
372 2348 640 2392 promissionem
662 2345 801 2382 habeat.

274 2399 334 2435 38.
367 2397 457 2433 Cum
473 2405 588 2432 autem
606 2410 671 2432 nos
695 2396 887 2432 habeamus
912 2399 1154 2432 testimonium

172 2452 209 2483 in
237 2450 435 2494 scripturis,
483 2450 578 2493 quod
610 2449 719 2483 simus
743 2449 967 2490 Sacerdotes,
1009 2456 1155 2483 testatur

171 2501 360 2544 scriptura,
388 2500 482 2544 quod
498 2499 552 2532 ius
568 2497 760 2533 habeamus
783 2500 946 2544 placandi
970 2507 1002 2534 et
1027 2503 1153 2536 orandi

168 2551 282 2586 Deum
293 2577 302 2590 ‚
326 2563 387 2595 per
400 2547 581 2583 Christum
597 2550 700 2583 nobis
717 2551 897 2585 donatum.

270 2601 329 2635 39.
363 2600 440 2634 Hoc
462 2600 517 2633 ius
539 2600 724 2635 maximam
750 2601 1028 2637 consolationem
1051 2602 1151 2638 affert

170 2653 332 2687 omnibus
350 2651 417 2698 piis
434 2649 622 2685 mentibus.

1298 333 1359 368 41.
1392 332 1469 367 Hoc
1485 346 1661 368 summum
1681 336 1888 371 beneficium
1913 338 2086 372 abiiciunt
2112 339 2182 381 isti,

1197 385 1258 431 qui
1274 397 1347 418 non
1362 384 1547 427 invocant,
1573 385 1635 430 qui
1651 386 1846 429 desperant.

1300 434 1361 470 42.
1396 433 1514 478 Quare
1529 442 1672 469 utamur
1690 436 1858 471 beneficio
1867 436 1952 480 Dei,
1976 445 2009 473 et
2026 439 2101 473 iure
2119 450 2185 472 no-

1199 485 1252 519 bis
1268 486 1397 519 donato
1408 510 1417 523 ,
1445 493 1477 519 et
1493 484 1718 520 exhibeamus
1734 494 1869 521 nostras
1883 487 2031 530 hostias,
2057 489 2185 522 videli-

1199 544 1251 570 cet
1288 538 1410 576 fidem,
1462 536 1742 579 invocationem,
1787 539 1977 581 gratiarum
2005 540 2187 580 actionem,

1201 587 1455 627 obedientiam,
1480 587 1576 620 iuxta
1589 589 1755 622 mandata
1773 588 1850 622 Dei.

1303 637 1362 671 43.
1398 635 1475 670 Etsi
1492 650 1580 682 aqua
1599 636 1779 682 sphaerica
1795 646 1863 680 est,
1890 645 2007 672 tamen
2031 639 2145 672 lineae
2169 651 2188 672 a

1202 695 1322 722 centro
1350 689 1472 721 ductae
1496 689 1540 721 ad
1564 688 1742 732 proximas
1767 701 1873 735 aquas
1899 690 2076 722 breviores
2094 696 2188 730 sunt,

1203 750 1427 790 quam-quae
1461 740 1503 771 ad
1535 746 1729 773 extremum
1751 752 1866 782 mare,
1900 752 1917 773 a
1942 740 2064 784 primis
2090 740 2190 785 aquis

1204 791 1400 830 ducuntur,
1427 796 1466 823 ut
1480 789 1620 823 Plinius
1636 790 1694 826 ait.

1230 906 1352 954 (XL.)
1391 909 1496 942 Alia
1523 908 1814 953 disputatio:
1857 907 1903 942 de
1929 910 2166 943 Paenitentia

1311 960 1513 1003 lapsorum.
1568 961 1671 1002 (Opp.
1690 961 1783 991 Basil.
1802 961 1840 993 T.
1859 960 1919 992 ΙΙΙ.
1945 973 1975 1002 p.
1991 961 2082 1000 297.)

1202 1033 1404 1074 Novatiani
1434 1053 1507 1074 non
1536 1048 1627 1075 recte
1651 1048 1854 1082 senserunt,
1887 1041 2032 1085 relapsis
2054 1047 2193 1085 peccata

1205 1098 1332 1124 iterum
1352 1102 1425 1122 non
1443 1092 1583 1125 remitti.

1306 1141 1343 1173 2.
1375 1138 1487 1172 Error
1505 1141 1587 1173 inde
1607 1147 1710 1174 natus
1735 1147 1801 1180 est,
1827 1141 1922 1185 quod
1941 1152 2015 1173 non
2033 1140 2194 1172 animad-

1178 1186 1179 1189 '
1206 1196 1407 1230 verterunt,
1435 1190 1518 1234 quid
1537 1189 1719 1234 Scriptura
1736 1197 1835 1223 vocet
1853 1197 2042 1233 peccatum.

267 1243 328 1277 31.
372 1240 516 1289 Λογικὴ
541 1240 689 1286 λατρεία
712 1249 762 1275 est
786 1242 901 1274 cultus
928 1242 1074 1282 mentis,
1116 1242 1153 1274 in
1179 1271 1181 1282 ,

1309 1240 1342 1274 3.
1377 1240 1612 1274 Somniarunt
1638 1241 1733 1273 enim
1756 1247 1896 1284 peccata
1918 1241 2035 1273 vocari
2058 1246 2194 1274 tantum

1207 1297 1348 1324 externa
1365 1290 1558 1323 malefacta.

1309 1340 1344 1373 4.
1375 1338 1423 1374 At
1440 1347 1621 1383 peccatum
1638 1340 1810 1383 significat
1833 1351 1907 1373 non
1932 1346 2071 1374 tantum
2088 1352 2196 1385 opera

1207 1390 1297 1423 mala
1308 1417 1317 1431 ,
1344 1391 1403 1423 sed
1422 1391 1526 1423 etiam
1541 1397 1705 1424 naturam
1720 1391 1888 1424 viciosam
1903 1398 2083 1424 vacantem
2100 1398 2196 1426 metu

1207 1440 1293 1481 Dei,
1320 1441 1407 1481 fide,
1433 1452 1472 1473 ac
1490 1441 1820 1484 concupiscentiam.

1310 1489 1344 1525 5.
1383 1490 1580 1524 Prudenter
1602 1491 1709 1534 igitur
1733 1490 1936 1534 accipienda
1965 1497 2014 1524 est
2042 1491 2195 1534 vulgaris

1208 1540 1395 1574 sententia:
1423 1540 1606 1575 Peccatum
1628 1541 1696 1575 nisi
1717 1540 1958 1574 voluntarium
1983 1548 2087 1580 esset,
2120 1553 2194 1575 non

1209 1597 1297 1625 esset
1314 1598 1509 1634 peccatum.

1312 1641 1344 1675 6.
1378 1641 1426 1676 Ut
1449 1651 1584 1683 semper
1607 1638 1778 1674 habemus
1802 1649 1960 1685 peccata,
1987 1642 2036 1676 ita
2060 1654 2196 1687 semper

1209 1702 1296 1735 opus
1314 1688 1482 1723 habemus
1501 1691 1706 1724 remissione
1722 1699 1955 1735 peccatorum.

1312 1741 1347 1775 7.
1383 1738 1533 1784 Oportet
1548 1741 1655 1781 igitur
1671 1748 1839 1784 perpetuo
1857 1742 2059 1785 contingere
2071 1744 2196 1777 remis-

1212 1790 1347 1824 sionem
1363 1796 1600 1834 peccatorum,
1628 1790 1731 1823 etiam
1749 1803 1828 1824 cum
1852 1798 1992 1826 externa
2014 1794 2195 1829 malefacta

1210 1853 1284 1874 non
1300 1839 1503 1874 habeamus.

1312 1891 1345 1926 3.
1379 1889 1511 1924 Errant
1525 1890 1668 1925 fanatici
1683 1888 1862 1933 hemines,
1889 1891 2195 1938 quiChristianam

1211 1942 1389 1975 iusticiam
1417 1948 1553 1975 tantum
1578 1948 1738 1975 externos
1759 1954 1875 1976 mores
1899 1944 2019 1978 civiles
2041 1957 2114 1979 esse
2138 1947 2195 1979 iu-

1210 1993 1339 2026 dicant.

1313 2042 1348 2076 9.
1379 2041 1527 2076 Publica
1544 2043 1762 2087 poenitentia
1777 2046 2013 2089 spectaculum
2028 2047 2106 2089 suit,
2122 2059 2195 2081 non

1208 2094 1277 2129 fuit
1293 2093 1523 2139 poenitentia.

1313 2145 1371 2180 10.
1407 2143 1478 2177 Nec
1492 2155 1631 2178 necesse
1648 2151 1699 2180 est
1715 2147 1874 2181 revocari
1896 2147 1932 2182 id
1957 2149 2194 2193 spectaculum

1209 2195 1247 2229 in
1265 2194 1473 2230 Ecclesiam.

1311 2247 1368 2281 11.
1395 2244 1616 2279 Poenitentia
1634 2247 1776 2291 proprie
1791 2255 1841 2282 est
1855 2249 2029 2288 contritio,
2054 2261 2093 2284 ac
2109 2250 2193 2285 fides

1206 2296 1244 2330 in
1263 2296 1476 2331 contritione
1494 2296 1630 2340 erigens
1648 2305 1682 2332 et
1698 2299 1892 2332 consolans.

1310 2348 1367 2381 12.
1401 2346 1728 2392 Imprudentissime
1745 2349 1852 2382 locuti
1867 2355 1950 2383 sunt
1966 2348 2128 2385 Canones
2149 2353 2193 2385 de

1205 2398 1442 2442 poenitentia,
1476 2398 1538 2444 qui
1561 2399 1698 2432 nullam
1718 2399 1770 2437 ibi
1792 2400 2009 2434 mentionem
2035 2402 2116 2436 fidei
2142 2403 2193 2436 fe-

1204 2456 1340 2484 cerunt.
2019 2450 2021 2452 ’

1308 2501 1366 2537 13.
1399 2498 1469 2534 Sed
1486 2511 1530 2533 ne
1548 2511 1681 2533 novum
1699 2499 1824 2542 dogma
1843 2501 1886 2534 de
1903 2502 1970 2536 fide
1985 2503 2122 2537 adferre
2140 2504 2193 2536 vi-

1202 2550 1365 2592 deamur,
1392 2556 1485 2584 extat
1495 2549 1708 2583 Tertulliani
1728 2552 1910 2592 sententia,
1938 2566 2042 2598 quam
2058 2555 2193 2588 adscri-

1200 2600 1283 2634 bere
1313 2613 1386 2635 non
1410 2600 1603 2645 gravabor,
1638 2600 1720 2645 quia
1743 2601 1828 2635 dum
1851 2601 2100 2640 iusiurandum
2124 2603 2192 2640 Dei

1202 2659 1401 2697 exaggerat,
1429 2650 1574 2685 mirifice
1592 2650 1694 2695 erigit
1712 2651 1956 2689 conscientias.
