<?xml version="1.0" encoding="UTF-8"?>
<!DOCTYPE html PUBLIC "-//W3C//DTD XHTML 1.0 Transitional//EN"
    "http://www.w3.org/TR/xhtml1/DTD/xhtml1-transitional.dtd">
<html xmlns="http://www.w3.org/1999/xhtml" xml:lang="en" lang="en">
 <head>
  <title>
</title>
<meta http-equiv="Content-Type" content="text/html;charset=utf-8" />
  <meta name='ocr-system' content='tesseract 3.04.00' />
  <meta name='ocr-capabilities' content='ocr_page ocr_carea ocr_par ocr_line ocrx_word'/>
</head>
<body>
  <div class='ocr_page' id='page_1' title='image "./operaquaesupersu12melauoft/operaquaesupersu12melauoft_0058.png"; bbox 0 0 2324 2955; ppageno 0'>
   <div class='ocr_carea' id='block_1_1' title="bbox 178 110 958 146">
    <p class='ocr_par' dir='ltr' id='par_1_1' title="bbox 178 110 958 146">
     <span class='ocr_line' id='line_1_1' title="bbox 178 110 958 146; baseline 0.013 -10"><span class='ocrx_word' id='word_1_1' title='bbox 178 113 225 145; x_wconf 81' lang='lat'>99</span> <span class='ocrx_word' id='word_1_2' title='bbox 803 110 958 146; x_wconf 79' lang='lat' dir='ltr'><strong>DECL.</strong></span> 
     </span>
    </p>
   </div>
   <div class='ocr_carea' id='block_1_2' title="bbox 178 197 1166 485">
    <p class='ocr_par' dir='ltr' id='par_1_2' title="bbox 178 197 1163 342">
     <span class='ocr_line' id='line_1_2' title="bbox 178 197 1162 237; baseline 0.003 -8"><span class='ocrx_word' id='word_1_3' title='bbox 178 200 286 231; x_wconf 83' lang='lat' dir='ltr'>sectus</span> <span class='ocrx_word' id='word_1_4' title='bbox 311 205 417 237; x_wconf 88' lang='lat' dir='ltr'>esset,</span> <span class='ocrx_word' id='word_1_5' title='bbox 451 198 477 229; x_wconf 86' lang='lat' dir='ltr'>si</span> <span class='ocrx_word' id='word_1_6' title='bbox 506 197 685 229; x_wconf 77' lang='lat' dir='ltr'>convictus</span> <span class='ocrx_word' id='word_1_7' title='bbox 716 203 814 231; x_wconf 83' lang='lat' dir='ltr'>esset.</span> <span class='ocrx_word' id='word_1_8' title='bbox 872 197 974 230; x_wconf 74' lang='lat' dir='ltr'>Nunc</span> <span class='ocrx_word' id='word_1_9' title='bbox 1002 198 1037 229; x_wconf 90' lang='lat' dir='ltr'>iu</span> <span class='ocrx_word' id='word_1_10' title='bbox 1065 205 1162 232; x_wconf 84' lang='lat' dir='ltr'>tanto</span> 
     </span>
     <span class='ocr_line' id='line_1_3' title="bbox 181 246 1163 293; baseline 0.001 -13"><span class='ocrx_word' id='word_1_11' title='bbox 181 249 308 281; x_wconf 84' lang='lat' dir='ltr'>scelere</span> <span class='ocrx_word' id='word_1_12' title='bbox 332 249 446 281; x_wconf 86' lang='lat' dir='ltr'>lenior</span> <span class='ocrx_word' id='word_1_13' title='bbox 474 255 522 279; x_wconf 89' lang='lat' dir='ltr'>est</span> <span class='ocrx_word' id='word_1_14' title='bbox 545 246 649 279; x_wconf 88' lang='lat' dir='ltr'>etiam</span> <span class='ocrx_word' id='word_1_15' title='bbox 674 247 789 289; x_wconf 83' lang='lat' dir='ltr'>legum</span> <span class='ocrx_word' id='word_1_16' title='bbox 818 247 1031 291; x_wconf 72' lang='lat' dir='ltr'>indignatiO,</span> <span class='ocrx_word' id='word_1_17' title='bbox 1060 261 1163 293; x_wconf 83' lang='lat' dir='ltr'>quam</span> 
     </span>
     <span class='ocr_line' id='line_1_4' title="bbox 183 300 336 342; baseline 0.007 -10"><span class='ocrx_word' id='word_1_18' title='bbox 183 300 336 342; x_wconf 89' lang='lat' dir='ltr'>prodest.</span> 
     </span>
    </p>

    <p class='ocr_par' dir='ltr' id='par_1_3' title="bbox 183 347 1166 485">
     <span class='ocr_line' id='line_1_5' title="bbox 283 347 1166 392; baseline 0.001 -11"><span class='ocrx_word' id='word_1_19' title='bbox 283 348 380 381; x_wconf 85' lang='lat' dir='ltr'>Olim</span> <span class='ocrx_word' id='word_1_20' title='bbox 409 347 567 385; x_wconf 88' lang='lat' dir='ltr'>debitor,</span> <span class='ocrx_word' id='word_1_21' title='bbox 603 347 662 392; x_wconf 86' lang='lat' dir='ltr'>qui</span> <span class='ocrx_word' id='word_1_22' title='bbox 692 359 762 379; x_wconf 92' lang='lat' dir='ltr'>non</span> <span class='ocrx_word' id='word_1_23' title='bbox 791 355 925 391; x_wconf 77' lang='lat' dir='ltr'>poterat</span> <span class='ocrx_word' id='word_1_24' title='bbox 951 350 1084 382; x_wconf 80' lang='lat' dir='ltr'>solvere</span> <span class='ocrx_word' id='word_1_25' title='bbox 1111 362 1166 382; x_wconf 89' lang='lat' dir='ltr'>aes</span> 
     </span>
     <span class='ocr_line' id='line_1_6' title="bbox 183 398 1164 439; baseline 0.001 -7"><span class='ocrx_word' id='word_1_26' title='bbox 183 400 353 437; x_wconf 82' lang='lat' dir='ltr'>alienum,</span> <span class='ocrx_word' id='word_1_27' title='bbox 381 398 576 430; x_wconf 89' lang='lat' dir='ltr'>debebatur</span> <span class='ocrx_word' id='word_1_28' title='bbox 600 398 636 429; x_wconf 91' lang='lat' dir='ltr'>in</span> <span class='ocrx_word' id='word_1_29' title='bbox 660 399 862 430; x_wconf 73' lang='lat' dir='ltr'>servitutem</span> <span class='ocrx_word' id='word_1_30' title='bbox 890 400 1073 439; x_wconf 75' lang='lat' dir='ltr'><strong>creditori,</strong></span> <span class='ocrx_word' id='word_1_31' title='bbox 1108 408 1164 434; x_wconf 85' lang='lat' dir='ltr'>aut</span> 
     </span>
     <span class='ocr_line' id='line_1_7' title="bbox 184 447 1127 485; baseline 0.004 -5"><span class='ocrx_word' id='word_1_32' title='bbox 184 450 410 483; x_wconf 68' lang='lat' dir='ltr'>vendebatur.</span> <span class='ocrx_word' id='word_1_33' title='bbox 464 447 566 481; x_wconf 79' lang='lat' dir='ltr'>Nunc</span> <span class='ocrx_word' id='word_1_34' title='bbox 585 448 693 480; x_wconf 89' lang='lat' dir='ltr'>cessio</span> <span class='ocrx_word' id='word_1_35' title='bbox 712 450 885 482; x_wconf 88' lang='lat' dir='ltr'>bonorum</span> <span class='ocrx_word' id='word_1_36' title='bbox 906 450 1045 482; x_wconf 77' lang='lat' dir='ltr'>inventa</span> <span class='ocrx_word' id='word_1_37' title='bbox 1067 458 1127 485; x_wconf 86' lang='lat' dir='ltr'>est.</span> 
     </span>
    </p>
   </div>
   <div class='ocr_carea' id='block_1_3' title="bbox 183 504 1167 753">
    <p class='ocr_par' dir='ltr' id='par_1_4' title="bbox 183 504 1167 753">
     <span class='ocr_line' id='line_1_8' title="bbox 282 504 1164 553; baseline 0.003 -15"><span class='ocrx_word' id='word_1_38' title='bbox 282 507 352 539; x_wconf 86' lang='lat' dir='ltr'>Lex</span> <span class='ocrx_word' id='word_1_39' title='bbox 370 504 583 539; x_wconf 83' lang='lat' dir='ltr'>homicidam</span> <span class='ocrx_word' id='word_1_40' title='bbox 601 507 697 540; x_wconf 89' lang='lat' dir='ltr'>iubet</span> <span class='ocrx_word' id='word_1_41' title='bbox 714 508 801 540; x_wconf 83' lang='lat' dir='ltr'>astici</span> <span class='ocrx_word' id='word_1_42' title='bbox 821 509 959 551; x_wconf 86' lang='lat' dir='ltr'>capitali</span> <span class='ocrx_word' id='word_1_43' title='bbox 978 510 1164 553; x_wconf 90' lang='lat' dir='ltr'>supplicio:</span> 
     </span>
     <span class='ocr_line' id='line_1_9' title="bbox 183 557 1167 602; baseline 0.003 -12"><span class='ocrx_word' id='word_1_44' title='bbox 183 559 239 590; x_wconf 92' lang='lat' dir='ltr'>sed</span> <span class='ocrx_word' id='word_1_45' title='bbox 266 564 384 601; x_wconf 84' lang='lat' dir='ltr'>postea</span> <span class='ocrx_word' id='word_1_46' title='bbox 409 557 537 600; x_wconf 83' lang='lat' dir='ltr'>scripta</span> <span class='ocrx_word' id='word_1_47' title='bbox 558 558 716 602; x_wconf 84' lang='lat' dir='ltr'>aequitas</span> <span class='ocrx_word' id='word_1_48' title='bbox 742 560 870 599; x_wconf 74' lang='lat' dir='ltr'>gradus</span> <span class='ocrx_word' id='word_1_49' title='bbox 888 559 1065 592; x_wconf 79' lang='lat' dir='ltr'>discernit.</span> <span class='ocrx_word' id='word_1_50' title='bbox 1120 559 1167 593; x_wconf 84' lang='lat' dir='ltr'>Et</span> 
     </span>
     <span class='ocr_line' id='line_1_10' title="bbox 184 606 1166 649; baseline 0.001 -8"><span class='ocrx_word' id='word_1_51' title='bbox 184 606 334 641; x_wconf 67' lang='lat' dir='ltr'>Athenis</span> <span class='ocrx_word' id='word_1_52' title='bbox 349 608 485 640; x_wconf 85' lang='lat' dir='ltr'>diversa</span> <span class='ocrx_word' id='word_1_53' title='bbox 504 609 578 641; x_wconf 90' lang='lat' dir='ltr'>loca</span> <span class='ocrx_word' id='word_1_54' title='bbox 599 609 808 641; x_wconf 90' lang='lat' dir='ltr'>iudiciorum</span> <span class='ocrx_word' id='word_1_55' title='bbox 828 617 938 649; x_wconf 85' lang='lat' dir='ltr'>crant,</span> <span class='ocrx_word' id='word_1_56' title='bbox 961 611 1046 642; x_wconf 76' lang='lat' dir='ltr'>alibi</span> <span class='ocrx_word' id='word_1_57' title='bbox 1065 623 1166 643; x_wconf 91' lang='lat' dir='ltr'>accu-</span> 
     </span>
     <span class='ocr_line' id='line_1_11' title="bbox 183 659 1166 703; baseline 0.003 -12"><span class='ocrx_word' id='word_1_58' title='bbox 183 660 350 692; x_wconf 82' lang='lat' dir='ltr'>sabantur</span> <span class='ocrx_word' id='word_1_59' title='bbox 369 659 609 699; x_wconf 79' lang='lat' dir='ltr'>insidiatores,</span> <span class='ocrx_word' id='word_1_60' title='bbox 635 659 721 692; x_wconf 87' lang='lat' dir='ltr'>alibi</span> <span class='ocrx_word' id='word_1_61' title='bbox 745 660 803 703; x_wconf 88' lang='lat' dir='ltr'>qui</span> <span class='ocrx_word' id='word_1_62' title='bbox 825 661 944 692; x_wconf 86' lang='lat' dir='ltr'>eadem</span> <span class='ocrx_word' id='word_1_63' title='bbox 971 661 1007 692; x_wconf 91' lang='lat' dir='ltr'>in</span> <span class='ocrx_word' id='word_1_64' title='bbox 1026 661 1098 693; x_wconf 79' lang='lat' dir='ltr'>rixa</span> <span class='ocrx_word' id='word_1_65' title='bbox 1115 662 1166 694; x_wconf 87' lang='lat' dir='ltr'>se-</span> 
     </span>
     <span class='ocr_line' id='line_1_12' title="bbox 183 708 1065 753; baseline 0.002 -12"><span class='ocrx_word' id='word_1_66' title='bbox 183 716 320 749; x_wconf 90' lang='lat' dir='ltr'>cerant,</span> <span class='ocrx_word' id='word_1_67' title='bbox 345 709 428 741; x_wconf 89' lang='lat' dir='ltr'>alibi</span> <span class='ocrx_word' id='word_1_68' title='bbox 449 709 509 753; x_wconf 85' lang='lat' dir='ltr'>qui</span> <span class='ocrx_word' id='word_1_69' title='bbox 526 721 605 742; x_wconf 89' lang='lat' dir='ltr'>casu</span> <span class='ocrx_word' id='word_1_70' title='bbox 624 710 872 742; x_wconf 73' lang='lat' dir='ltr'>interemerant</span> <span class='ocrx_word' id='word_1_71' title='bbox 894 708 1065 744; x_wconf 84' lang='lat' dir='ltr'>homines.</span> 
     </span>
    </p>
   </div>
   <div class='ocr_carea' id='block_1_4' title="bbox 182 765 1167 964">
    <p class='ocr_par' dir='ltr' id='par_1_5' title="bbox 182 765 1167 964">
     <span class='ocr_line' id='line_1_13' title="bbox 284 765 1166 812; baseline 0.002 -12"><span class='ocrx_word' id='word_1_72' title='bbox 284 767 336 800; x_wconf 81' lang='lat' dir='ltr'>Ex</span> <span class='ocrx_word' id='word_1_73' title='bbox 362 765 417 799; x_wconf 85' lang='lat' dir='ltr'>his</span> <span class='ocrx_word' id='word_1_74' title='bbox 440 767 607 810; x_wconf 89' lang='lat' dir='ltr'>exemplis</span> <span class='ocrx_word' id='word_1_75' title='bbox 633 768 782 810; x_wconf 76' lang='lat' dir='ltr'>intelligi</span> <span class='ocrx_word' id='word_1_76' title='bbox 808 775 937 812; x_wconf 80' lang='lat' dir='ltr'>potest,</span> <span class='ocrx_word' id='word_1_77' title='bbox 972 769 1066 802; x_wconf 89' lang='lat' dir='ltr'>aliud</span> <span class='ocrx_word' id='word_1_78' title='bbox 1095 782 1166 802; x_wconf 88' lang='lat' dir='ltr'>esse</span> 
     </span>
     <span class='ocr_line' id='line_1_14' title="bbox 182 818 1166 860; baseline 0.003 -10"><span class='ocrx_word' id='word_1_79' title='bbox 182 818 434 851; x_wconf 75' lang='lat' dir='ltr'>calumniosam</span> <span class='ocrx_word' id='word_1_80' title='bbox 462 818 808 860; x_wconf 74' lang='lat' dir='ltr'>interpretationem,</span> <span class='ocrx_word' id='word_1_81' title='bbox 847 820 943 852; x_wconf 89' lang='lat' dir='ltr'>aliud</span> <span class='ocrx_word' id='word_1_82' title='bbox 970 832 1087 852; x_wconf 72' lang='lat' dir='ltr'>revera</span> <span class='ocrx_word' id='word_1_83' title='bbox 1113 821 1166 853; x_wconf 90' lang='lat' dir='ltr'>ius</span> 
     </span>
     <span class='ocr_line' id='line_1_15' title="bbox 184 868 1166 913; baseline 0.003 -13"><span class='ocrx_word' id='word_1_84' title='bbox 184 881 358 901; x_wconf 89' lang='lat' dir='ltr'>summum</span> <span class='ocrx_word' id='word_1_85' title='bbox 372 892 380 905; x_wconf 82' lang='lat'><em>‚</em></span> <span class='ocrx_word' id='word_1_86' title='bbox 410 879 469 900; x_wconf 87' lang='lat' dir='ltr'>seu</span> <span class='ocrx_word' id='word_1_87' title='bbox 488 868 540 900; x_wconf 88' lang='lat' dir='ltr'>ius</span> <span class='ocrx_word' id='word_1_88' title='bbox 559 869 729 903; x_wconf 84' lang='lat' dir='ltr'>strictum.</span> <span class='ocrx_word' id='word_1_89' title='bbox 774 870 841 901; x_wconf 72' lang='lat' dir='ltr'>Sed</span> <span class='ocrx_word' id='word_1_90' title='bbox 862 881 923 911; x_wconf 75' lang='lat' dir='ltr'>ego</span> <span class='ocrx_word' id='word_1_91' title='bbox 942 882 1084 913; x_wconf 89' lang='lat' dir='ltr'>prorsus</span> <span class='ocrx_word' id='word_1_92' title='bbox 1101 869 1166 903; x_wconf 81' lang='lat' dir='ltr'>hoc</span> 
     </span>
     <span class='ocr_line' id='line_1_16' title="bbox 183 917 1167 964; baseline 0.003 -13"><span class='ocrx_word' id='word_1_93' title='bbox 183 919 348 955; x_wconf 82' lang='lat' dir='ltr'>adfirmo,</span> <span class='ocrx_word' id='word_1_94' title='bbox 384 918 420 949; x_wconf 88' lang='lat' dir='ltr'>in</span> <span class='ocrx_word' id='word_1_95' title='bbox 452 918 525 960; x_wconf 84' lang='lat' dir='ltr'>lege</span> <span class='ocrx_word' id='word_1_96' title='bbox 557 917 710 958; x_wconf 75' lang='lat' dir='ltr'>Placuit,</span> <span class='ocrx_word' id='word_1_97' title='bbox 753 919 901 962; x_wconf 79' lang='lat' dir='ltr'>intelligi</span> <span class='ocrx_word' id='word_1_98' title='bbox 938 922 1077 964; x_wconf 83' lang='lat' dir='ltr'>proprie</span> <span class='ocrx_word' id='word_1_99' title='bbox 1111 934 1167 954; x_wconf 84' lang='lat' dir='ltr'>ca-</span> 
     </span>
    </p>
   </div>
   <div class='ocr_carea' id='block_1_5' title="bbox 184 968 1196 1014">
    <p class='ocr_par' dir='ltr' id='par_1_6' title="bbox 184 968 1196 1014">
     <span class='ocr_line' id='line_1_17' title="bbox 184 968 1196 1014; baseline 0.003 -13"><span class='ocrx_word' id='word_1_100' title='bbox 184 969 394 1001; x_wconf 80' lang='lat' dir='ltr'>lumniosam</span> <span class='ocrx_word' id='word_1_101' title='bbox 413 968 751 1011; x_wconf 84' lang='lat' dir='ltr'>interpretationem.</span> <span class='ocrx_word' id='word_1_102' title='bbox 786 969 886 1003; x_wconf 84' lang='lat' dir='ltr'>Hanc</span> <span class='ocrx_word' id='word_1_103' title='bbox 905 969 1078 1014; x_wconf 82' lang='lat' dir='ltr'>prohibet,</span> <span class='ocrx_word' id='word_1_104' title='bbox 1103 984 1167 1004; x_wconf 88' lang='lat' dir='ltr'>nec</span> <span class='ocrx_word' id='word_1_105' title='bbox 1194 977 1196 995; x_wconf 55' lang='grc' dir='ltr'><strong><em>ἲ</em></strong></span> 
     </span>
    </p>
   </div>
   <div class='ocr_carea' id='block_1_6' title="bbox 184 1019 1167 1064">
    <p class='ocr_par' dir='ltr' id='par_1_7' title="bbox 184 1019 1167 1064">
     <span class='ocr_line' id='line_1_18' title="bbox 184 1019 1167 1064; baseline 0.001 -12"><span class='ocrx_word' id='word_1_106' title='bbox 184 1020 259 1052; x_wconf 79' lang='lat' dir='ltr'>vult</span> <span class='ocrx_word' id='word_1_107' title='bbox 282 1019 414 1051; x_wconf 91' lang='lat' dir='ltr'>iudices</span> <span class='ocrx_word' id='word_1_108' title='bbox 434 1030 494 1051; x_wconf 87' lang='lat' dir='ltr'>sua</span> <span class='ocrx_word' id='word_1_109' title='bbox 519 1019 709 1052; x_wconf 87' lang='lat' dir='ltr'>calliditate</span> <span class='ocrx_word' id='word_1_110' title='bbox 735 1032 937 1064; x_wconf 82' lang='lat' dir='ltr'>exasperare</span> <span class='ocrx_word' id='word_1_111' title='bbox 962 1029 1021 1055; x_wconf 89' lang='lat' dir='ltr'>aut</span> <span class='ocrx_word' id='word_1_112' title='bbox 1053 1023 1167 1054; x_wconf 83' lang='lat' dir='ltr'>laxare</span> 
     </span>
    </p>
   </div>
   <div class='ocr_carea' id='block_1_7' title="bbox 184 1070 1197 1114">
    <p class='ocr_par' dir='ltr' id='par_1_8' title="bbox 184 1070 1197 1114">
     <span class='ocr_line' id='line_1_19' title="bbox 184 1070 1197 1114; baseline 0.003 -12"><span class='ocrx_word' id='word_1_113' title='bbox 184 1071 289 1112; x_wconf 87' lang='lat' dir='ltr'>leges:</span> <span class='ocrx_word' id='word_1_114' title='bbox 318 1070 375 1101; x_wconf 83' lang='lat' dir='ltr'>sed</span> <span class='ocrx_word' id='word_1_115' title='bbox 397 1070 471 1102; x_wconf 90' lang='lat' dir='ltr'>vult</span> <span class='ocrx_word' id='word_1_116' title='bbox 488 1081 546 1102; x_wconf 90' lang='lat' dir='ltr'>eos</span> <span class='ocrx_word' id='word_1_117' title='bbox 567 1082 605 1102; x_wconf 90' lang='lat' dir='ltr'>ex</span> <span class='ocrx_word' id='word_1_118' title='bbox 625 1070 754 1114; x_wconf 87' lang='lat' dir='ltr'>scripto</span> <span class='ocrx_word' id='word_1_119' title='bbox 774 1072 892 1104; x_wconf 81' lang='lat' dir='ltr'>dextre</span> <span class='ocrx_word' id='word_1_120' title='bbox 918 1073 1093 1105; x_wconf 86' lang='lat' dir='ltr'>intellecto</span> <span class='ocrx_word' id='word_1_121' title='bbox 1114 1074 1169 1105; x_wconf 90' lang='lat' dir='ltr'>iu—</span> <span class='ocrx_word' id='word_1_122' title='bbox 1195 1095 1197 1099; x_wconf 53' lang='lat'>&lt;</span> 
     </span>
    </p>
   </div>
   <div class='ocr_carea' id='block_1_8' title="bbox 183 1118 1171 1706">
    <p class='ocr_par' dir='ltr' id='par_1_9' title="bbox 183 1118 1171 1706">
     <span class='ocr_line' id='line_1_20' title="bbox 185 1118 1166 1167; baseline 0.003 -15"><span class='ocrx_word' id='word_1_123' title='bbox 185 1121 310 1153; x_wconf 90' lang='lat' dir='ltr'>dicare.</span> <span class='ocrx_word' id='word_1_124' title='bbox 355 1118 399 1153; x_wconf 90' lang='lat' dir='ltr'>Et</span> <span class='ocrx_word' id='word_1_125' title='bbox 419 1127 530 1153; x_wconf 89' lang='lat' dir='ltr'>totum</span> <span class='ocrx_word' id='word_1_126' title='bbox 548 1118 614 1153; x_wconf 90' lang='lat' dir='ltr'>hoc</span> <span class='ocrx_word' id='word_1_127' title='bbox 631 1121 684 1153; x_wconf 90' lang='lat' dir='ltr'>ius</span> <span class='ocrx_word' id='word_1_128' title='bbox 702 1122 888 1165; x_wconf 85' lang='lat' dir='ltr'>scriptum,</span> <span class='ocrx_word' id='word_1_129' title='bbox 916 1124 1009 1167; x_wconf 89' lang='lat' dir='ltr'>quod</span> <span class='ocrx_word' id='word_1_130' title='bbox 1030 1124 1166 1166; x_wconf 87' lang='lat' dir='ltr'>imperii</span> 
     </span>
     <span class='ocr_line' id='line_1_21' title="bbox 185 1171 1169 1216; baseline 0.001 -12"><span class='ocrx_word' id='word_1_131' title='bbox 185 1171 356 1204; x_wconf 78' lang='lat' dir='ltr'>autoritas</span> <span class='ocrx_word' id='word_1_132' title='bbox 392 1171 596 1213; x_wconf 84' lang='lat' dir='ltr'>gravissimo</span> <span class='ocrx_word' id='word_1_133' title='bbox 633 1172 780 1204; x_wconf 87' lang='lat' dir='ltr'>consilio</span> <span class='ocrx_word' id='word_1_134' title='bbox 819 1174 964 1216; x_wconf 75' lang='lat' dir='ltr'>recepit,</span> <span class='ocrx_word' id='word_1_135' title='bbox 1008 1175 1169 1206; x_wconf 81' lang='lat' dir='ltr'>nominat</span> 
     </span>
     <span class='ocr_line' id='line_1_22' title="bbox 186 1221 1169 1266; baseline 0.004 -14"><span class='ocrx_word' id='word_1_136' title='bbox 186 1221 349 1265; x_wconf 80' lang='lat' dir='ltr'>scriptam</span> <span class='ocrx_word' id='word_1_137' title='bbox 376 1221 602 1266; x_wconf 77' lang='lat' dir='ltr'>aequitatem:</span> <span class='ocrx_word' id='word_1_138' title='bbox 637 1222 718 1266; x_wconf 88' lang='lat' dir='ltr'>quia</span> <span class='ocrx_word' id='word_1_139' title='bbox 744 1223 833 1265; x_wconf 84' lang='lat' dir='ltr'>leges</span> <span class='ocrx_word' id='word_1_140' title='bbox 860 1224 896 1255; x_wconf 91' lang='lat' dir='ltr'>in</span> <span class='ocrx_word' id='word_1_141' title='bbox 928 1224 997 1256; x_wconf 90' lang='lat' dir='ltr'>illis</span> <span class='ocrx_word' id='word_1_142' title='bbox 1023 1225 1169 1264; x_wconf 79' lang='lat' dir='ltr'>casibus,</span> 
     </span>
     <span class='ocr_line' id='line_1_23' title="bbox 185 1271 1168 1318; baseline 0.003 -15"><span class='ocrx_word' id='word_1_143' title='bbox 185 1273 227 1303; x_wconf 93' lang='lat' dir='ltr'>de</span> <span class='ocrx_word' id='word_1_144' title='bbox 250 1271 379 1316; x_wconf 92' lang='lat' dir='ltr'>quibus</span> <span class='ocrx_word' id='word_1_145' title='bbox 403 1272 645 1315; x_wconf 83' lang='lat' dir='ltr'>principaliter</span> <span class='ocrx_word' id='word_1_146' title='bbox 675 1273 888 1317; x_wconf 86' lang='lat' dir='ltr'>loquuntur,</span> <span class='ocrx_word' id='word_1_147' title='bbox 923 1275 1168 1318; x_wconf 83' lang='lat' dir='ltr'>aequalitatem</span> 
     </span>
     <span class='ocr_line' id='line_1_24' title="bbox 185 1322 1171 1364; baseline 0.002 -11"><span class='ocrx_word' id='word_1_148' title='bbox 185 1322 282 1354; x_wconf 83' lang='lat' dir='ltr'>illam</span> <span class='ocrx_word' id='word_1_149' title='bbox 309 1322 487 1361; x_wconf 87' lang='lat' dir='ltr'>sanciunt,</span> <span class='ocrx_word' id='word_1_150' title='bbox 513 1334 617 1364; x_wconf 87' lang='lat' dir='ltr'>quam</span> <span class='ocrx_word' id='word_1_151' title='bbox 642 1335 722 1356; x_wconf 77' lang='lat' dir='ltr'>vera</span> <span class='ocrx_word' id='word_1_152' title='bbox 740 1325 992 1354; x_wconf 78' lang='lat' dir='ltr'>demonstratio</span> <span class='ocrx_word' id='word_1_153' title='bbox 1017 1325 1171 1355; x_wconf 82' lang='lat' dir='ltr'>ostendit</span> 
     </span>
     <span class='ocr_line' id='line_1_25' title="bbox 183 1371 1170 1415; baseline 0 -11"><span class='ocrx_word' id='word_1_154' title='bbox 183 1372 325 1411; x_wconf 67' lang='lat' dir='ltr'>artifici,</span> <span class='ocrx_word' id='word_1_155' title='bbox 352 1378 469 1415; x_wconf 89' lang='lat' dir='ltr'>postea</span> <span class='ocrx_word' id='word_1_156' title='bbox 494 1371 557 1403; x_wconf 84' lang='lat' dir='ltr'>ubi</span> <span class='ocrx_word' id='word_1_157' title='bbox 580 1371 617 1402; x_wconf 89' lang='lat' dir='ltr'>in</span> <span class='ocrx_word' id='word_1_158' title='bbox 642 1383 722 1403; x_wconf 91' lang='lat' dir='ltr'>casu</span> <span class='ocrx_word' id='word_1_159' title='bbox 743 1371 994 1404; x_wconf 84' lang='lat' dir='ltr'>dissimilitudo</span> <span class='ocrx_word' id='word_1_160' title='bbox 1020 1373 1170 1405; x_wconf 90' lang='lat' dir='ltr'>circum-</span> 
     </span>
     <span class='ocr_line' id='line_1_26' title="bbox 185 1420 1170 1465; baseline 0.002 -11"><span class='ocrx_word' id='word_1_161' title='bbox 185 1422 331 1455; x_wconf 87' lang='lat' dir='ltr'>stantiae</span> <span class='ocrx_word' id='word_1_162' title='bbox 349 1429 421 1461; x_wconf 88' lang='lat' dir='ltr'>est,</span> <span class='ocrx_word' id='word_1_163' title='bbox 448 1433 548 1464; x_wconf 84' lang='lat' dir='ltr'>saepe</span> <span class='ocrx_word' id='word_1_164' title='bbox 566 1421 658 1463; x_wconf 87' lang='lat' dir='ltr'>leges</span> <span class='ocrx_word' id='word_1_165' title='bbox 684 1422 778 1465; x_wconf 89' lang='lat' dir='ltr'>ipsae</span> <span class='ocrx_word' id='word_1_166' title='bbox 802 1423 937 1453; x_wconf 88' lang='lat' dir='ltr'>addunt</span> <span class='ocrx_word' id='word_1_167' title='bbox 965 1420 1170 1456; x_wconf 70' lang='grc' dir='ltr'>ἐπιείκειαιέ</span> 
     </span>
     <span class='ocr_line' id='line_1_27' title="bbox 184 1472 1171 1514; baseline 0 -9"><span class='ocrx_word' id='word_1_168' title='bbox 184 1480 222 1505; x_wconf 92' lang='lat' dir='ltr'>ut</span> <span class='ocrx_word' id='word_1_169' title='bbox 246 1474 288 1505; x_wconf 86' lang='lat' dir='ltr'>de</span> <span class='ocrx_word' id='word_1_170' title='bbox 307 1473 410 1505; x_wconf 87' lang='lat' dir='ltr'>caede</span> <span class='ocrx_word' id='word_1_171' title='bbox 427 1472 589 1512; x_wconf 83' lang='lat' dir='ltr'>fortuita,</span> <span class='ocrx_word' id='word_1_172' title='bbox 616 1472 658 1504; x_wconf 92' lang='lat' dir='ltr'>de</span> <span class='ocrx_word' id='word_1_173' title='bbox 674 1472 870 1514; x_wconf 83' lang='lat' dir='ltr'>ignorantia</span> <span class='ocrx_word' id='word_1_174' title='bbox 890 1473 989 1512; x_wconf 88' lang='lat' dir='ltr'>sacti,</span> <span class='ocrx_word' id='word_1_175' title='bbox 1017 1474 1060 1505; x_wconf 86' lang='lat' dir='ltr'>de</span> <span class='ocrx_word' id='word_1_176' title='bbox 1077 1474 1171 1513; x_wconf 88' lang='lat' dir='ltr'>dolo,</span> 
     </span>
     <span class='ocr_line' id='line_1_28' title="bbox 186 1519 1171 1567; baseline 0.001 -12"><span class='ocrx_word' id='word_1_177' title='bbox 186 1524 228 1555; x_wconf 91' lang='lat' dir='ltr'>de</span> <span class='ocrx_word' id='word_1_178' title='bbox 245 1523 365 1566; x_wconf 87' lang='lat' dir='ltr'>culpa,</span> <span class='ocrx_word' id='word_1_179' title='bbox 393 1523 437 1554; x_wconf 86' lang='lat' dir='ltr'>de</span> <span class='ocrx_word' id='word_1_180' title='bbox 452 1529 559 1555; x_wconf 90' lang='lat' dir='ltr'>metu.</span> <span class='ocrx_word' id='word_1_181' title='bbox 612 1519 660 1554; x_wconf 84' lang='lat' dir='ltr'>Et</span> <span class='ocrx_word' id='word_1_182' title='bbox 675 1534 853 1565; x_wconf 84' lang='lat' dir='ltr'>expressae</span> <span class='ocrx_word' id='word_1_183' title='bbox 877 1529 959 1555; x_wconf 90' lang='lat' dir='ltr'>sunt</span> <span class='ocrx_word' id='word_1_184' title='bbox 979 1523 1014 1555; x_wconf 86' lang='lat' dir='ltr'>in</span> <span class='ocrx_word' id='word_1_185' title='bbox 1034 1524 1171 1567; x_wconf 86' lang='lat' dir='ltr'>scriptis</span> 
     </span>
     <span class='ocr_line' id='line_1_29' title="bbox 186 1570 1170 1616; baseline 0.001 -11"><span class='ocrx_word' id='word_1_186' title='bbox 186 1573 319 1616; x_wconf 82' lang='lat' dir='ltr'>legibus</span> <span class='ocrx_word' id='word_1_187' title='bbox 345 1573 475 1605; x_wconf 90' lang='lat' dir='ltr'>multae</span> <span class='ocrx_word' id='word_1_188' title='bbox 507 1571 744 1615; x_wconf 87' lang='lat' dir='ltr'>mitigationes</span> <span class='ocrx_word' id='word_1_189' title='bbox 773 1573 896 1616; x_wconf 80' lang='lat' dir='ltr'>plenae</span> <span class='ocrx_word' id='word_1_190' title='bbox 925 1570 1170 1607; x_wconf 83' lang='lat' dir='ltr'>humanitatis:</span> 
     </span>
     <span class='ocr_line' id='line_1_30' title="bbox 187 1623 1171 1662; baseline 0.002 -7"><span class='ocrx_word' id='word_1_191' title='bbox 187 1631 223 1655; x_wconf 91' lang='lat' dir='ltr'>ut</span> <span class='ocrx_word' id='word_1_192' title='bbox 254 1635 332 1655; x_wconf 91' lang='lat' dir='ltr'>cum</span> <span class='ocrx_word' id='word_1_193' title='bbox 367 1623 490 1655; x_wconf 91' lang='lat' dir='ltr'>iubent</span> <span class='ocrx_word' id='word_1_194' title='bbox 519 1623 752 1655; x_wconf 83' lang='lat' dir='ltr'>manumissos</span> <span class='ocrx_word' id='word_1_195' title='bbox 778 1624 928 1655; x_wconf 82' lang='lat' dir='ltr'>retinere</span> <span class='ocrx_word' id='word_1_196' title='bbox 962 1624 1171 1662; x_wconf 86' lang='lat' dir='ltr'>libertatem,</span> 
     </span>
     <span class='ocr_line' id='line_1_31' title="bbox 187 1673 831 1706; baseline 0.003 -2"><span class='ocrx_word' id='word_1_197' title='bbox 187 1674 289 1706; x_wconf 69' lang='lat' dir='ltr'>etiam</span> <span class='ocrx_word' id='word_1_198' title='bbox 307 1674 335 1705; x_wconf 90' lang='lat' dir='ltr'>si</span> <span class='ocrx_word' id='word_1_199' title='bbox 355 1679 601 1705; x_wconf 89' lang='lat' dir='ltr'>testamentum</span> <span class='ocrx_word' id='word_1_200' title='bbox 619 1684 691 1705; x_wconf 88' lang='lat' dir='ltr'>non</span> <span class='ocrx_word' id='word_1_201' title='bbox 712 1673 831 1706; x_wconf 87' lang='lat' dir='ltr'>valuit.</span> 
     </span>
    </p>
   </div>
   <div class='ocr_carea' id='block_1_9' title="bbox 189 1729 1172 1824">
    <p class='ocr_par' dir='ltr' id='par_1_10' title="bbox 189 1729 1172 1824">
     <span class='ocr_line' id='line_1_32' title="bbox 287 1729 1172 1775; baseline 0.002 -13"><span class='ocrx_word' id='word_1_202' title='bbox 287 1729 333 1764; x_wconf 89' lang='lat' dir='ltr'>Et</span> <span class='ocrx_word' id='word_1_203' title='bbox 356 1730 629 1763; x_wconf 88' lang='lat' dir='ltr'>innumerabilia</span> <span class='ocrx_word' id='word_1_204' title='bbox 655 1731 811 1775; x_wconf 87' lang='lat' dir='ltr'>exempla</span> <span class='ocrx_word' id='word_1_205' title='bbox 833 1732 1091 1774; x_wconf 81' lang='lat' dir='ltr'>mitigationum</span> <span class='ocrx_word' id='word_1_206' title='bbox 1117 1733 1172 1765; x_wconf 89' lang='lat' dir='ltr'>in-</span> 
     </span>
     <span class='ocr_line' id='line_1_33' title="bbox 189 1781 992 1824; baseline 0.004 -11"><span class='ocrx_word' id='word_1_207' title='bbox 189 1781 316 1824; x_wconf 90' lang='lat' dir='ltr'>scripto</span> <span class='ocrx_word' id='word_1_208' title='bbox 335 1781 410 1813; x_wconf 91' lang='lat' dir='ltr'>iure</span> <span class='ocrx_word' id='word_1_209' title='bbox 428 1792 602 1824; x_wconf 86' lang='lat' dir='ltr'>expressa,</span> <span class='ocrx_word' id='word_1_210' title='bbox 630 1782 756 1824; x_wconf 86' lang='lat' dir='ltr'>passim</span> <span class='ocrx_word' id='word_1_211' title='bbox 775 1782 878 1814; x_wconf 67' lang='lat' dir='ltr'>obvia</span> <span class='ocrx_word' id='word_1_212' title='bbox 901 1790 992 1817; x_wconf 89' lang='lat' dir='ltr'>sunt.</span> 
     </span>
    </p>
   </div>
   <div class='ocr_carea' id='block_1_10' title="bbox 188 1889 1174 2440">
    <p class='ocr_par' dir='ltr' id='par_1_11' title="bbox 188 1889 1173 2185">
     <span class='ocr_line' id='line_1_34' title="bbox 188 1889 1170 1934; baseline 0.003 -12"><span class='ocrx_word' id='word_1_213' title='bbox 188 1890 247 1922; x_wconf 90' lang='lat' dir='ltr'>ubi</span> <span class='ocrx_word' id='word_1_214' title='bbox 274 1897 389 1923; x_wconf 85' lang='lat' dir='ltr'>tamen</span> <span class='ocrx_word' id='word_1_215' title='bbox 414 1889 587 1932; x_wconf 81' lang='lat' dir='ltr'>mitigatio</span> <span class='ocrx_word' id='word_1_216' title='bbox 603 1902 642 1923; x_wconf 82' lang='lat' dir='ltr'>ex</span> <span class='ocrx_word' id='word_1_217' title='bbox 666 1891 823 1923; x_wconf 88' lang='lat' dir='ltr'>fontibus</span> <span class='ocrx_word' id='word_1_218' title='bbox 849 1891 962 1934; x_wconf 85' lang='lat' dir='ltr'>legum</span> <span class='ocrx_word' id='word_1_219' title='bbox 981 1893 1170 1925; x_wconf 84' lang='lat' dir='ltr'>derivanda</span> 
     </span>
     <span class='ocr_line' id='line_1_35' title="bbox 189 1948 247 1973; baseline -0.017 0"><span class='ocrx_word' id='word_1_220' title='bbox 189 1948 247 1973; x_wconf 82' lang='lat' dir='ltr'>cst.</span> 
     </span>
     <span class='ocr_line' id='line_1_36' title="bbox 189 1990 1173 2034; baseline 0.005 -12"><span class='ocrx_word' id='word_1_221' title='bbox 189 1999 292 2023; x_wconf 87' lang='lat' dir='ltr'>tatem</span> <span class='ocrx_word' id='word_1_222' title='bbox 320 1991 516 2024; x_wconf 88' lang='lat' dir='ltr'>nominavit</span> <span class='ocrx_word' id='word_1_223' title='bbox 542 1990 754 2034; x_wconf 83' lang='lat' dir='ltr'>Imperator,</span> <span class='ocrx_word' id='word_1_224' title='bbox 786 1999 825 2025; x_wconf 88' lang='lat' dir='ltr'>ut</span> <span class='ocrx_word' id='word_1_225' title='bbox 852 1993 983 2025; x_wconf 87' lang='lat' dir='ltr'>iudices</span> <span class='ocrx_word' id='word_1_226' title='bbox 1004 1994 1115 2027; x_wconf 84' lang='lat' dir='ltr'>sciant</span> <span class='ocrx_word' id='word_1_227' title='bbox 1139 2007 1173 2028; x_wconf 88' lang='lat' dir='ltr'>se</span> 
     </span>
     <span class='ocr_line' id='line_1_37' title="bbox 189 2041 1173 2088; baseline 0.005 -15"><span class='ocrx_word' id='word_1_228' title='bbox 189 2043 348 2084; x_wconf 79' lang='lat' dir='ltr'>alligatos</span> <span class='ocrx_word' id='word_1_229' title='bbox 364 2053 436 2074; x_wconf 86' lang='lat' dir='ltr'>esse</span> <span class='ocrx_word' id='word_1_230' title='bbox 453 2042 496 2074; x_wconf 85' lang='lat' dir='ltr'>ad</span> <span class='ocrx_word' id='word_1_231' title='bbox 513 2041 567 2074; x_wconf 90' lang='lat' dir='ltr'>ius</span> <span class='ocrx_word' id='word_1_232' title='bbox 587 2042 766 2085; x_wconf 84' lang='lat' dir='ltr'>scriptum.</span> <span class='ocrx_word' id='word_1_233' title='bbox 804 2042 900 2085; x_wconf 86' lang='lat' dir='ltr'>Quid</span> <span class='ocrx_word' id='word_1_234' title='bbox 919 2044 1011 2076; x_wconf 88' lang='lat' dir='ltr'>enim</span> <span class='ocrx_word' id='word_1_235' title='bbox 1030 2046 1173 2088; x_wconf 85' lang='lat' dir='ltr'>prodes-</span> 
     </span>
     <span class='ocr_line' id='line_1_38' title="bbox 190 2091 1172 2139; baseline 0.005 -15"><span class='ocrx_word' id='word_1_236' title='bbox 190 2100 237 2125; x_wconf 80' lang='lat' dir='ltr'>set</span> <span class='ocrx_word' id='word_1_237' title='bbox 253 2091 380 2124; x_wconf 82' lang='lat' dir='ltr'>babere</span> <span class='ocrx_word' id='word_1_238' title='bbox 398 2092 452 2124; x_wconf 90' lang='lat' dir='ltr'>ius</span> <span class='ocrx_word' id='word_1_239' title='bbox 470 2092 656 2136; x_wconf 81' lang='lat' dir='ltr'>scriptum,</span> <span class='ocrx_word' id='word_1_240' title='bbox 684 2093 712 2125; x_wconf 85' lang='lat' dir='ltr'>si</span> <span class='ocrx_word' id='word_1_241' title='bbox 732 2093 850 2126; x_wconf 89' lang='lat' dir='ltr'>liceret</span> <span class='ocrx_word' id='word_1_242' title='bbox 866 2095 1037 2128; x_wconf 79' lang='lat' dir='ltr'>anteferre</span> <span class='ocrx_word' id='word_1_243' title='bbox 1056 2096 1172 2139; x_wconf 85' lang='lat' dir='ltr'>priva-</span> 
     </span>
     <span class='ocr_line' id='line_1_39' title="bbox 190 2142 468 2185; baseline -0.004 -10"><span class='ocrx_word' id='word_1_244' title='bbox 190 2151 238 2175; x_wconf 82' lang='lat' dir='ltr'>tas</span> <span class='ocrx_word' id='word_1_245' title='bbox 257 2142 468 2185; x_wconf 77' lang='lat' dir='ltr'>opiniones?</span> 
     </span>
    </p>

    <p class='ocr_par' dir='ltr' id='par_1_12' title="bbox 192 2200 1174 2440">
     <span class='ocr_line' id='line_1_40' title="bbox 290 2200 1173 2245; baseline 0.006 -13"><span class='ocrx_word' id='word_1_246' title='bbox 290 2200 360 2233; x_wconf 67' lang='lat' dir='ltr'>Nec</span> <span class='ocrx_word' id='word_1_247' title='bbox 385 2200 602 2242; x_wconf 84' lang='lat' dir='ltr'>intelligatur</span> <span class='ocrx_word' id='word_1_248' title='bbox 628 2212 757 2233; x_wconf 88' lang='lat' dir='ltr'>nomen</span> <span class='ocrx_word' id='word_1_249' title='bbox 774 2201 955 2245; x_wconf 89' lang='lat' dir='ltr'>aequitatis</span> <span class='ocrx_word' id='word_1_250' title='bbox 977 2209 1112 2236; x_wconf 85' lang='lat' dir='ltr'>tantum</span> <span class='ocrx_word' id='word_1_251' title='bbox 1132 2205 1173 2237; x_wconf 89' lang='lat' dir='ltr'>de</span> 
     </span>
     <span class='ocr_line' id='line_1_41' title="bbox 192 2250 1172 2295; baseline 0.006 -13"><span class='ocrx_word' id='word_1_252' title='bbox 192 2251 406 2283; x_wconf 73' lang='lat' dir='ltr'>correctione</span> <span class='ocrx_word' id='word_1_253' title='bbox 433 2251 546 2292; x_wconf 80' lang='lat' dir='ltr'>legum</span> <span class='ocrx_word' id='word_1_254' title='bbox 571 2263 644 2284; x_wconf 91' lang='lat' dir='ltr'>non</span> <span class='ocrx_word' id='word_1_255' title='bbox 661 2251 805 2295; x_wconf 86' lang='lat' dir='ltr'>scripta,</span> <span class='ocrx_word' id='word_1_256' title='bbox 832 2258 871 2285; x_wconf 88' lang='lat' dir='ltr'>ut</span> <span class='ocrx_word' id='word_1_257' title='bbox 887 2250 1093 2287; x_wconf 86' lang='lat' dir='ltr'>Aristoteles</span> <span class='ocrx_word' id='word_1_258' title='bbox 1119 2255 1172 2287; x_wconf 91' lang='lat' dir='ltr'>lo-</span> 
     </span>
     <span class='ocr_line' id='line_1_42' title="bbox 193 2300 1172 2348; baseline 0.006 -16"><span class='ocrx_word' id='word_1_259' title='bbox 193 2301 328 2346; x_wconf 85' lang='lat' dir='ltr'>quitur:</span> <span class='ocrx_word' id='word_1_260' title='bbox 353 2300 421 2334; x_wconf 89' lang='lat' dir='ltr'>Sed</span> <span class='ocrx_word' id='word_1_261' title='bbox 440 2300 654 2344; x_wconf 87' lang='lat' dir='ltr'>intelligatur</span> <span class='ocrx_word' id='word_1_262' title='bbox 671 2303 714 2334; x_wconf 87' lang='lat' dir='ltr'>de</span> <span class='ocrx_word' id='word_1_263' title='bbox 737 2303 962 2347; x_wconf 85' lang='lat' dir='ltr'>aequalitate,</span> <span class='ocrx_word' id='word_1_264' title='bbox 989 2317 1076 2348; x_wconf 90' lang='lat' dir='ltr'>quae</span> <span class='ocrx_word' id='word_1_265' title='bbox 1096 2306 1172 2339; x_wconf 88' lang='lat' dir='ltr'>ideo</span> 
     </span>
     <span class='ocr_line' id='line_1_43' title="bbox 193 2350 1173 2398; baseline 0.005 -14"><span class='ocrx_word' id='word_1_266' title='bbox 193 2352 317 2394; x_wconf 84' lang='lat' dir='ltr'>scripta</span> <span class='ocrx_word' id='word_1_267' title='bbox 344 2358 412 2388; x_wconf 76' lang='lat' dir='ltr'>est,</span> <span class='ocrx_word' id='word_1_268' title='bbox 441 2350 522 2395; x_wconf 86' lang='lat' dir='ltr'>quia</span> <span class='ocrx_word' id='word_1_269' title='bbox 546 2364 627 2384; x_wconf 84' lang='lat' dir='ltr'>vera</span> <span class='ocrx_word' id='word_1_270' title='bbox 653 2354 950 2386; x_wconf 86' lang='lat' dir='ltr'>demonstratione</span> <span class='ocrx_word' id='word_1_271' title='bbox 972 2367 1012 2387; x_wconf 82' lang='lat' dir='ltr'>ex</span> <span class='ocrx_word' id='word_1_272' title='bbox 1034 2356 1173 2398; x_wconf 89' lang='lat' dir='ltr'>opinio-</span> 
     </span>
     <span class='ocr_line' id='line_1_44' title="bbox 194 2401 1174 2440; baseline 0.006 -7"><span class='ocrx_word' id='word_1_273' title='bbox 194 2415 278 2434; x_wconf 83' lang='lat' dir='ltr'>num</span> <span class='ocrx_word' id='word_1_274' title='bbox 297 2401 496 2434; x_wconf 74' lang='lat' dir='ltr'>diversitate</span> <span class='ocrx_word' id='word_1_275' title='bbox 513 2409 609 2435; x_wconf 87' lang='lat' dir='ltr'>eruta</span> <span class='ocrx_word' id='word_1_276' title='bbox 631 2410 687 2436; x_wconf 89' lang='lat' dir='ltr'>est.</span> <span class='ocrx_word' id='word_1_277' title='bbox 746 2402 828 2436; x_wconf 72' lang='lat' dir='ltr'>Vult</span> <span class='ocrx_word' id='word_1_278' title='bbox 849 2405 942 2437; x_wconf 86' lang='lat' dir='ltr'>enim</span> <span class='ocrx_word' id='word_1_279' title='bbox 960 2404 1055 2438; x_wconf 86' lang='lat' dir='ltr'>Deus</span> <span class='ocrx_word' id='word_1_280' title='bbox 1072 2407 1174 2440; x_wconf 86' lang='lat' dir='ltr'>intel-</span> 
     </span>
    </p>
   </div>
   <div class='ocr_carea' id='block_1_11' title="bbox 194 2453 1173 2547">
    <p class='ocr_par' dir='ltr' id='par_1_13' title="bbox 194 2453 1173 2547">
     <span class='ocr_line' id='line_1_45' title="bbox 194 2453 1173 2501; baseline 0.007 -18"><span class='ocrx_word' id='word_1_281' title='bbox 194 2453 265 2494; x_wconf 80' lang='lat' dir='ltr'>ligi,</span> <span class='ocrx_word' id='word_1_282' title='bbox 282 2453 453 2486; x_wconf 86' lang='lat' dir='ltr'>iusticiam</span> <span class='ocrx_word' id='word_1_283' title='bbox 472 2453 714 2497; x_wconf 86' lang='lat' dir='ltr'>aequalitatem</span> <span class='ocrx_word' id='word_1_284' title='bbox 734 2466 822 2487; x_wconf 90' lang='lat' dir='ltr'>esse:</span> <span class='ocrx_word' id='word_1_285' title='bbox 841 2463 878 2488; x_wconf 90' lang='lat' dir='ltr'>ut</span> <span class='ocrx_word' id='word_1_286' title='bbox 893 2456 1042 2489; x_wconf 84' lang='lat' dir='ltr'>sciamus</span> <span class='ocrx_word' id='word_1_287' title='bbox 1061 2457 1173 2501; x_wconf 89' lang='lat' dir='ltr'>ipsum</span> 
     </span>
     <span class='ocr_line' id='line_1_46' title="bbox 194 2503 475 2547; baseline 0 -12"><span class='ocrx_word' id='word_1_288' title='bbox 194 2503 374 2547; x_wconf 84' lang='lat' dir='ltr'>aequalem</span> <span class='ocrx_word' id='word_1_289' title='bbox 393 2515 475 2538; x_wconf 82' lang='lat' dir='ltr'>esse.</span> 
     </span>
    </p>
   </div>
   <div class='ocr_carea' id='block_1_12' title="bbox 297 2561 1174 2605">
    <p class='ocr_par' dir='ltr' id='par_1_14' title="bbox 297 2561 1174 2605">
     <span class='ocr_line' id='line_1_47' title="bbox 297 2561 1174 2605; baseline 0.006 -11"><span class='ocrx_word' id='word_1_290' title='bbox 297 2562 482 2604; x_wconf 85' lang='lat' dir='ltr'>Quaerunt</span> <span class='ocrx_word' id='word_1_291' title='bbox 514 2561 620 2603; x_wconf 83' lang='lat' dir='ltr'>igitur</span> <span class='ocrx_word' id='word_1_292' title='bbox 653 2562 898 2605; x_wconf 83' lang='lat' dir='ltr'>legumlatores</span> <span class='ocrx_word' id='word_1_293' title='bbox 929 2566 1174 2600; x_wconf 85' lang='lat' dir='ltr'>eruditissimis</span> 
     </span>
    </p>
   </div>
   <div class='ocr_carea' id='block_1_13' title="bbox 195 2612 1202 2662">
    <p class='ocr_par' dir='ltr' id='par_1_15' title="bbox 195 2612 1202 2662">
     <span class='ocr_line' id='line_1_48' title="bbox 195 2612 1202 2662; baseline 0.006 -17"><span class='ocrx_word' id='word_1_294' title='bbox 195 2613 391 2646; x_wconf 87' lang='lat' dir='ltr'>rationibus</span> <span class='ocrx_word' id='word_1_295' title='bbox 405 2612 662 2657; x_wconf 83' lang='lat' dir='ltr'>aequalitatem,</span> <span class='ocrx_word' id='word_1_296' title='bbox 686 2625 773 2657; x_wconf 83' lang='lat' dir='ltr'>quae</span> <span class='ocrx_word' id='word_1_297' title='bbox 792 2627 864 2647; x_wconf 89' lang='lat' dir='ltr'>non</span> <span class='ocrx_word' id='word_1_298' title='bbox 882 2628 1018 2661; x_wconf 88' lang='lat' dir='ltr'>semper</span> <span class='ocrx_word' id='word_1_299' title='bbox 1034 2619 1176 2662; x_wconf 88' lang='lat' dir='ltr'>conspi—</span> <span class='ocrx_word' id='word_1_300' title='bbox 1201 2648 1202 2658; x_wconf 62' lang='grc'>,</span> 
     </span>
    </p>
   </div>
   <div class='ocr_carea' id='block_1_14' title="bbox 596 2661 2209 2715">
    <p class='ocr_par' dir='ltr' id='par_1_16' title="bbox 596 2661 2209 2715">
     <span class='ocr_line' id='line_1_49' title="bbox 596 2661 2209 2715; baseline 0.006 -20"><span class='ocrx_word' id='word_1_301' title='bbox 596 2661 801 2708; x_wconf 87' lang='lat' dir='ltr'>Aequalitas</span> <span class='ocrx_word' id='word_1_302' title='bbox 826 2673 894 2707; x_wconf 89' lang='lat' dir='ltr'>est,</span> <span class='ocrx_word' id='word_1_303' title='bbox 922 2674 960 2701; x_wconf 92' lang='lat' dir='ltr'>ut</span> <span class='ocrx_word' id='word_1_304' title='bbox 985 2668 1097 2702; x_wconf 85' lang='lat' dir='ltr'>solvat</span> <span class='ocrx_word' id='word_1_305' title='bbox 1114 2669 1174 2702; x_wconf 90' lang='lat' dir='ltr'>de-</span> <span class='ocrx_word' id='word_1_306' title='bbox 1200 2664 1203 2704; x_wconf 64' lang='grc' dir='ltr'><strong><em>ἶ</em></strong></span> <span class='ocrx_word' id='word_1_307' title='bbox 1229 2671 1310 2712; x_wconf 82' lang='lat' dir='ltr'>ciac,</span> <span class='ocrx_word' id='word_1_308' title='bbox 1338 2677 1471 2715; x_wconf 89' lang='lat' dir='ltr'>patrem</span> <span class='ocrx_word' id='word_1_309' title='bbox 1489 2678 1668 2704; x_wconf 84' lang='lat' dir='ltr'>aeternum</span> <span class='ocrx_word' id='word_1_310' title='bbox 1687 2667 1832 2703; x_wconf 87' lang='lat' dir='ltr'>Domini</span> <span class='ocrx_word' id='word_1_311' title='bbox 1848 2669 1959 2703; x_wconf 89' lang='lat' dir='ltr'>nostri</span> <span class='ocrx_word' id='word_1_312' title='bbox 1978 2668 2055 2703; x_wconf 89' lang='lat' dir='ltr'>Iesu</span> <span class='ocrx_word' id='word_1_313' title='bbox 2065 2668 2209 2711; x_wconf 86' lang='lat' dir='ltr'>Christi,</span> 
     </span>
    </p>
   </div>
   <div class='ocr_carea' id='block_1_15' title="bbox 194 2663 541 2708">
    <p class='ocr_par' dir='ltr' id='par_1_17' title="bbox 194 2663 541 2708">
     <span class='ocr_line' id='line_1_50' title="bbox 194 2663 541 2708; baseline 0.003 -12"><span class='ocrx_word' id='word_1_314' title='bbox 194 2664 284 2696; x_wconf 89' lang='lat' dir='ltr'>citur</span> <span class='ocrx_word' id='word_1_315' title='bbox 297 2665 341 2697; x_wconf 87' lang='lat' dir='ltr'>ab</span> <span class='ocrx_word' id='word_1_316' title='bbox 360 2663 541 2708; x_wconf 82' lang='lat' dir='ltr'>imperitis.</span> 
     </span>
    </p>
   </div>
   <div class='ocr_carea' id='block_1_16' title="bbox 304 1940 1200 1988">
    <p class='ocr_par' dir='ltr' id='par_1_18' title="bbox 304 1940 1200 1988">
     <span class='ocr_line' id='line_1_51' title="bbox 304 1940 1200 1988; baseline 0.006 -16"><span class='ocrx_word' id='word_1_317' title='bbox 304 1940 354 1973; x_wconf 79' lang='lat' dir='ltr'>Ac</span> <span class='ocrx_word' id='word_1_318' title='bbox 367 1940 541 1983; x_wconf 87' lang='lat' dir='ltr'>sapienter</span> <span class='ocrx_word' id='word_1_319' title='bbox 559 1941 596 1973; x_wconf 90' lang='lat' dir='ltr'>in</span> <span class='ocrx_word' id='word_1_320' title='bbox 614 1941 686 1983; x_wconf 84' lang='lat' dir='ltr'>lege</span> <span class='ocrx_word' id='word_1_321' title='bbox 700 1940 846 1980; x_wconf 80' lang='lat' dir='ltr'>Placuit,</span> <span class='ocrx_word' id='word_1_322' title='bbox 874 1943 1036 1985; x_wconf 80' lang='lat' dir='ltr'>scriptam</span> <span class='ocrx_word' id='word_1_323' title='bbox 1053 1945 1173 1988; x_wconf 84' lang='lat' dir='ltr'>aequi·</span> <span class='ocrx_word' id='word_1_324' title='bbox 1199 1948 1200 1962; x_wconf 72' lang='lat'>³</span> 
     </span>
    </p>
   </div>
   <div class='ocr_carea' id='block_1_17' title="bbox 1005 111 1570 148">
    <p class='ocr_par' dir='ltr' id='par_1_19' title="bbox 1005 111 1570 148">
     <span class='ocr_line' id='line_1_52' title="bbox 1005 111 1570 148; baseline 0.004 -2"><span class='ocrx_word' id='word_1_325' title='bbox 1005 111 1077 146; x_wconf 83' lang='lat' dir='ltr'>DE</span> <span class='ocrx_word' id='word_1_326' title='bbox 1111 112 1267 148; x_wconf 83' lang='lat' dir='ltr'>LEGE</span> <span class='ocrx_word' id='word_1_327' title='bbox 1304 113 1570 148; x_wconf 76' lang='lat' dir='ltr'>PLACUIT.</span> 
     </span>
    </p>
   </div>
   <div class='ocr_carea' id='block_1_18' title="bbox 1190 279 1192 291">
    <p class='ocr_par' dir='ltr' id='par_1_20' title="bbox 1190 279 1192 291">
     <span class='ocr_line' id='line_1_53' title="bbox 1190 279 1192 291; baseline 0 0"><span class='ocrx_word' id='word_1_328' title='bbox 1190 279 1192 291; x_wconf 78' lang='lat' dir='ltr'>l</span> 
     </span>
    </p>
   </div>
   <div class='ocr_carea' id='block_1_19' title="bbox 290 1785 1553 1885">
    <p class='ocr_par' dir='ltr' id='par_1_21' title="bbox 290 1785 1553 1885">
     <span class='ocr_line' id='line_1_54' title="bbox 1198 1785 1553 1833; baseline 0.006 -17"><span class='ocrx_word' id='word_1_329' title='bbox 1198 1826 1200 1833; x_wconf 20' lang='grc' dir='ltr'>χ</span> <span class='ocrx_word' id='word_1_330' title='bbox 1226 1792 1300 1817; x_wconf 89' lang='lat' dir='ltr'>tum</span> <span class='ocrx_word' id='word_1_331' title='bbox 1322 1785 1357 1817; x_wconf 92' lang='lat' dir='ltr'>in</span> <span class='ocrx_word' id='word_1_332' title='bbox 1375 1786 1553 1818; x_wconf 90' lang='lat' dir='ltr'>omnibus.</span> 
     </span>
     <span class='ocr_line' id='line_1_55' title="bbox 290 1838 1200 1885; baseline 0.004 -14"><span class='ocrx_word' id='word_1_333' title='bbox 290 1838 469 1872; x_wconf 89' lang='lat' dir='ltr'>lnterdum</span> <span class='ocrx_word' id='word_1_334' title='bbox 492 1838 638 1872; x_wconf 87' lang='lat' dir='ltr'>Praetor</span> <span class='ocrx_word' id='word_1_335' title='bbox 663 1852 725 1872; x_wconf 91' lang='lat' dir='ltr'>suo</span> <span class='ocrx_word' id='word_1_336' title='bbox 751 1840 897 1872; x_wconf 88' lang='lat' dir='ltr'>consilio</span> <span class='ocrx_word' id='word_1_337' title='bbox 916 1842 1049 1885; x_wconf 88' lang='lat' dir='ltr'>aliquid</span> <span class='ocrx_word' id='word_1_338' title='bbox 1076 1842 1173 1883; x_wconf 89' lang='lat' dir='ltr'>lenit,</span> <span class='ocrx_word' id='word_1_339' title='bbox 1199 1844 1200 1849; x_wconf 73' lang='grc'>’</span> 
     </span>
    </p>
   </div>
   <div class='ocr_carea' id='block_1_20' title="bbox 1191 203 1206 2640">
    <p class='ocr_par' dir='ltr' id='par_1_22' title="bbox 1191 203 1206 2640">
     <span class='ocr_line' id='line_1_56' title="bbox 1191 203 1206 2640; baseline 0 0"><span class='ocrx_word' id='word_1_340' title='bbox 1191 203 1206 2640; x_wconf 95' lang='lat' dir='ltr'> </span> 
     </span>
    </p>
   </div>
   <div class='ocr_carea' id='block_1_21' title="bbox 2126 115 2197 148">
    <p class='ocr_par' dir='ltr' id='par_1_23' title="bbox 2126 115 2197 148">
     <span class='ocr_line' id='line_1_57' title="bbox 2126 115 2197 148; baseline 0 0"><span class='ocrx_word' id='word_1_341' title='bbox 2126 115 2197 148; x_wconf 86' lang='grc'>100</span> 
     </span>
    </p>
   </div>
   <div class='ocr_carea' id='block_1_22' title="bbox 1217 199 2200 396">
    <p class='ocr_par' dir='ltr' id='par_1_24' title="bbox 1217 199 2200 396">
     <span class='ocr_line' id='line_1_58' title="bbox 1217 199 2197 242; baseline 0.001 -10"><span class='ocrx_word' id='word_1_342' title='bbox 1217 200 1310 234; x_wconf 90' lang='lat' dir='ltr'>hitor</span> <span class='ocrx_word' id='word_1_343' title='bbox 1333 199 1510 232; x_wconf 88' lang='lat' dir='ltr'>creditori.</span> <span class='ocrx_word' id='word_1_344' title='bbox 1564 200 1769 242; x_wconf 85' lang='lat' dir='ltr'>Quaesitum</span> <span class='ocrx_word' id='word_1_345' title='bbox 1796 207 1846 233; x_wconf 87' lang='lat' dir='ltr'>est</span> <span class='ocrx_word' id='word_1_346' title='bbox 1870 200 1996 242; x_wconf 86' lang='lat' dir='ltr'>igitur,</span> <span class='ocrx_word' id='word_1_347' title='bbox 2025 212 2069 233; x_wconf 90' lang='lat' dir='ltr'>an</span> <span class='ocrx_word' id='word_1_348' title='bbox 2096 201 2197 233; x_wconf 87' lang='lat' dir='ltr'>liceat</span> 
     </span>
     <span class='ocr_line' id='line_1_59' title="bbox 1218 251 2198 292; baseline 0 -9"><span class='ocrx_word' id='word_1_349' title='bbox 1218 251 1381 284; x_wconf 84' lang='lat' dir='ltr'>creditori</span> <span class='ocrx_word' id='word_1_350' title='bbox 1400 251 1594 292; x_wconf 84' lang='lat' dir='ltr'>irrumpere</span> <span class='ocrx_word' id='word_1_351' title='bbox 1611 251 1647 283; x_wconf 90' lang='lat' dir='ltr'>in</span> <span class='ocrx_word' id='word_1_352' title='bbox 1669 253 1769 285; x_wconf 81' lang='lat' dir='ltr'>aedes</span> <span class='ocrx_word' id='word_1_353' title='bbox 1789 251 1978 290; x_wconf 87' lang='lat' dir='ltr'>debitoris,</span> <span class='ocrx_word' id='word_1_354' title='bbox 2005 259 2037 284; x_wconf 88' lang='lat' dir='ltr'>et</span> <span class='ocrx_word' id='word_1_355' title='bbox 2062 251 2198 284; x_wconf 88' lang='lat' dir='ltr'>auferre</span> 
     </span>
     <span class='ocr_line' id='line_1_60' title="bbox 1218 300 2198 345; baseline 0.001 -12"><span class='ocrx_word' id='word_1_356' title='bbox 1218 309 1387 345; x_wconf 86' lang='lat' dir='ltr'>quantum</span> <span class='ocrx_word' id='word_1_357' title='bbox 1406 300 1575 333; x_wconf 79' lang='lat' dir='ltr'>debetur?</span> <span class='ocrx_word' id='word_1_358' title='bbox 1599 300 1760 342; x_wconf 83' lang='lat' dir='ltr'>probibet</span> <span class='ocrx_word' id='word_1_359' title='bbox 1780 300 1844 334; x_wconf 85' lang='lat' dir='ltr'>hoc</span> <span class='ocrx_word' id='word_1_360' title='bbox 1855 301 1993 344; x_wconf 86' lang='lat' dir='ltr'>sapiens</span> <span class='ocrx_word' id='word_1_361' title='bbox 2006 300 2198 344; x_wconf 82' lang='lat' dir='ltr'>Imperator</span> 
     </span>
     <span class='ocr_line' id='line_1_61' title="bbox 1218 351 2200 396; baseline -0.001 -12"><span class='ocrx_word' id='word_1_362' title='bbox 1218 352 1438 385; x_wconf 83' lang='lat' dir='ltr'>Antoninus:</span> <span class='ocrx_word' id='word_1_363' title='bbox 1467 352 1548 395; x_wconf 89' lang='lat' dir='ltr'>quia</span> <span class='ocrx_word' id='word_1_364' title='bbox 1564 352 1632 383; x_wconf 83' lang='lat' dir='ltr'>alia</span> <span class='ocrx_word' id='word_1_365' title='bbox 1651 353 1840 396; x_wconf 83' lang='lat' dir='ltr'>aequalitas</span> <span class='ocrx_word' id='word_1_366' title='bbox 1865 352 2001 394; x_wconf 88' lang='lat' dir='ltr'>publica</span> <span class='ocrx_word' id='word_1_367' title='bbox 2021 352 2132 395; x_wconf 90' lang='lat' dir='ltr'>pluris</span> <span class='ocrx_word' id='word_1_368' title='bbox 2148 351 2200 383; x_wconf 82' lang='lat' dir='ltr'>fa-</span> 
     </span>
    </p>
   </div>
   <div class='ocr_carea' id='block_1_23' title="bbox 1191 402 2200 486">
    <p class='ocr_par' dir='ltr' id='par_1_25' title="bbox 1191 402 2200 486">
     <span class='ocr_line' id='line_1_62' title="bbox 1191 402 2200 446; baseline -0.001 -12"><span class='ocrx_word' id='word_1_369' title='bbox 1191 429 1193 440; x_wconf 74' lang='grc'>,</span> <span class='ocrx_word' id='word_1_370' title='bbox 1219 403 1341 434; x_wconf 78' lang='lat' dir='ltr'>cienda</span> <span class='ocrx_word' id='word_1_371' title='bbox 1358 408 1425 441; x_wconf 82' lang='lat' dir='ltr'>est,</span> <span class='ocrx_word' id='word_1_372' title='bbox 1452 408 1490 434; x_wconf 83' lang='lat' dir='ltr'>ut</span> <span class='ocrx_word' id='word_1_373' title='bbox 1509 413 1568 434; x_wconf 81' lang='lat' dir='ltr'>sua</span> <span class='ocrx_word' id='word_1_374' title='bbox 1586 402 1711 446; x_wconf 88' lang='lat' dir='ltr'>cuique</span> <span class='ocrx_word' id='word_1_375' title='bbox 1733 403 1856 435; x_wconf 87' lang='lat' dir='ltr'>domus</span> <span class='ocrx_word' id='word_1_376' title='bbox 1880 404 2046 435; x_wconf 81' lang='lat' dir='ltr'>adversus</span> <span class='ocrx_word' id='word_1_377' title='bbox 2064 402 2200 434; x_wconf 87' lang='lat' dir='ltr'>violen-</span> 
     </span>
     <span class='ocr_line' id='line_1_63' title="bbox 1191 448 1473 486; baseline -0.007 -1"><span class='ocrx_word' id='word_1_378' title='bbox 1191 448 1193 460; x_wconf 47' lang='lat'>¹</span> <span class='ocrx_word' id='word_1_379' title='bbox 1219 453 1301 485; x_wconf 58' lang='lat' dir='ltr'>tiam</span> <span class='ocrx_word' id='word_1_380' title='bbox 1329 459 1399 484; x_wconf 83' lang='lat' dir='ltr'>tuta</span> <span class='ocrx_word' id='word_1_381' title='bbox 1418 452 1473 486; x_wconf 86' lang='lat' dir='ltr'>sit.</span> 
     </span>
    </p>
   </div>
   <div class='ocr_carea' id='block_1_24' title="bbox 1220 502 2204 850">
    <p class='ocr_par' dir='ltr' id='par_1_26' title="bbox 1220 502 2204 850">
     <span class='ocr_line' id='line_1_64' title="bbox 1323 502 2202 546; baseline 0 -12"><span class='ocrx_word' id='word_1_382' title='bbox 1323 502 1420 534; x_wconf 86' lang='lat' dir='ltr'>Iubet</span> <span class='ocrx_word' id='word_1_383' title='bbox 1446 502 1551 543; x_wconf 80' lang='lat' dir='ltr'>igitur</span> <span class='ocrx_word' id='word_1_384' title='bbox 1567 503 1773 535; x_wconf 78' lang='lat' dir='ltr'>creditorem</span> <span class='ocrx_word' id='word_1_385' title='bbox 1797 509 1933 545; x_wconf 86' lang='lat' dir='ltr'>petere,</span> <span class='ocrx_word' id='word_1_386' title='bbox 1959 510 1997 536; x_wconf 89' lang='lat' dir='ltr'>ut</span> <span class='ocrx_word' id='word_1_387' title='bbox 2019 503 2202 546; x_wconf 85' lang='lat' dir='ltr'>magistra-</span> 
     </span>
     <span class='ocr_line' id='line_1_65' title="bbox 1220 552 2202 597; baseline -0.001 -12"><span class='ocrx_word' id='word_1_388' title='bbox 1220 560 1274 586; x_wconf 83' lang='lat' dir='ltr'>tus</span> <span class='ocrx_word' id='word_1_389' title='bbox 1298 553 1414 585; x_wconf 83' lang='lat' dir='ltr'>iubeat</span> <span class='ocrx_word' id='word_1_390' title='bbox 1438 553 1632 585; x_wconf 86' lang='lat' dir='ltr'>debitorem</span> <span class='ocrx_word' id='word_1_391' title='bbox 1658 553 1803 585; x_wconf 87' lang='lat' dir='ltr'>solvere.</span> <span class='ocrx_word' id='word_1_392' title='bbox 1858 552 1916 585; x_wconf 86' lang='lat' dir='ltr'>Sic</span> <span class='ocrx_word' id='word_1_393' title='bbox 1939 553 2045 595; x_wconf 85' lang='lat' dir='ltr'>igitur</span> <span class='ocrx_word' id='word_1_394' title='bbox 2069 553 2202 597; x_wconf 87' lang='lat' dir='ltr'>inquit:</span> 
     </span>
     <span class='ocr_line' id='line_1_66' title="bbox 1220 601 2204 647; baseline -0.001 -12"><span class='ocrx_word' id='word_1_395' title='bbox 1220 603 1277 636; x_wconf 82' lang='lat' dir='ltr'>Tu</span> <span class='ocrx_word' id='word_1_396' title='bbox 1297 604 1366 635; x_wconf 85' lang='lat' dir='ltr'>vim</span> <span class='ocrx_word' id='word_1_397' title='bbox 1383 610 1484 647; x_wconf 88' lang='lat' dir='ltr'>putas</span> <span class='ocrx_word' id='word_1_398' title='bbox 1500 615 1570 636; x_wconf 85' lang='lat' dir='ltr'>esse</span> <span class='ocrx_word' id='word_1_399' title='bbox 1586 604 1713 643; x_wconf 90' lang='lat' dir='ltr'>solum,</span> <span class='ocrx_word' id='word_1_400' title='bbox 1741 604 1767 635; x_wconf 89' lang='lat' dir='ltr'>si</span> <span class='ocrx_word' id='word_1_401' title='bbox 1786 601 1944 635; x_wconf 79' lang='lat' dir='ltr'>homines</span> <span class='ocrx_word' id='word_1_402' title='bbox 1962 604 2204 636; x_wconf 79' lang='lat' dir='ltr'>vulnerentur.</span> 
     </span>
     <span class='ocr_line' id='line_1_67' title="bbox 1221 653 2204 698; baseline -0.002 -12"><span class='ocrx_word' id='word_1_403' title='bbox 1221 654 1284 686; x_wconf 62' lang='lat' dir='ltr'>Yis</span> <span class='ocrx_word' id='word_1_404' title='bbox 1302 661 1352 687; x_wconf 86' lang='lat' dir='ltr'>est</span> <span class='ocrx_word' id='word_1_405' title='bbox 1371 661 1402 686; x_wconf 90' lang='lat' dir='ltr'>et</span> <span class='ocrx_word' id='word_1_406' title='bbox 1427 661 1529 693; x_wconf 86' lang='lat' dir='ltr'>tuuc,</span> <span class='ocrx_word' id='word_1_407' title='bbox 1557 654 1693 698; x_wconf 88' lang='lat' dir='ltr'>quoties</span> <span class='ocrx_word' id='word_1_408' title='bbox 1713 654 1790 698; x_wconf 89' lang='lat' dir='ltr'>quis</span> <span class='ocrx_word' id='word_1_409' title='bbox 1813 655 1847 686; x_wconf 92' lang='lat' dir='ltr'>id</span> <span class='ocrx_word' id='word_1_410' title='bbox 1874 654 1967 697; x_wconf 86' lang='lat' dir='ltr'>quod</span> <span class='ocrx_word' id='word_1_411' title='bbox 1994 654 2113 686; x_wconf 87' lang='lat' dir='ltr'>deberi</span> <span class='ocrx_word' id='word_1_412' title='bbox 2136 653 2204 685; x_wconf 87' lang='lat' dir='ltr'>sibi</span> 
     </span>
     <span class='ocr_line' id='line_1_68' title="bbox 1220 704 2203 748; baseline -0.001 -12"><span class='ocrx_word' id='word_1_413' title='bbox 1220 711 1339 747; x_wconf 81' lang='lat' dir='ltr'>putat,</span> <span class='ocrx_word' id='word_1_414' title='bbox 1364 717 1436 737; x_wconf 88' lang='lat' dir='ltr'>non</span> <span class='ocrx_word' id='word_1_415' title='bbox 1461 716 1521 747; x_wconf 87' lang='lat' dir='ltr'>per</span> <span class='ocrx_word' id='word_1_416' title='bbox 1543 705 1692 737; x_wconf 91' lang='lat' dir='ltr'>iudicem</span> <span class='ocrx_word' id='word_1_417' title='bbox 1715 705 1874 748; x_wconf 85' lang='lat' dir='ltr'>reposcit.</span> <span class='ocrx_word' id='word_1_418' title='bbox 1928 704 1978 736; x_wconf 90' lang='lat' dir='ltr'>lta</span> <span class='ocrx_word' id='word_1_419' title='bbox 1997 704 2091 746; x_wconf 72' lang='lat' dir='ltr'>gravi</span> <span class='ocrx_word' id='word_1_420' title='bbox 2113 704 2203 735; x_wconf 87' lang='lat' dir='ltr'>deli-</span> 
     </span>
     <span class='ocr_line' id='line_1_69' title="bbox 1221 755 2203 799; baseline -0.001 -12"><span class='ocrx_word' id='word_1_421' title='bbox 1221 755 1400 787; x_wconf 87' lang='lat' dir='ltr'>beratione</span> <span class='ocrx_word' id='word_1_422' title='bbox 1418 755 1571 799; x_wconf 83' lang='lat' dir='ltr'>quaesita</span> <span class='ocrx_word' id='word_1_423' title='bbox 1590 763 1638 788; x_wconf 83' lang='lat' dir='ltr'>est</span> <span class='ocrx_word' id='word_1_424' title='bbox 1657 756 1846 799; x_wconf 85' lang='lat' dir='ltr'>aequalitas</span> <span class='ocrx_word' id='word_1_425' title='bbox 1865 755 1901 786; x_wconf 88' lang='lat' dir='ltr'>in</span> <span class='ocrx_word' id='word_1_426' title='bbox 1923 755 2072 798; x_wconf 89' lang='lat' dir='ltr'>scripto:</span> <span class='ocrx_word' id='word_1_427' title='bbox 2101 766 2117 786; x_wconf 88' lang='lat' dir='ltr'>a</span> <span class='ocrx_word' id='word_1_428' title='bbox 2136 766 2203 798; x_wconf 89' lang='lat' dir='ltr'>qua</span> 
     </span>
     <span class='ocr_line' id='line_1_70' title="bbox 1221 805 2203 850; baseline 0 -13"><span class='ocrx_word' id='word_1_429' title='bbox 1221 817 1299 838; x_wconf 91' lang='lat' dir='ltr'>cum</span> <span class='ocrx_word' id='word_1_430' title='bbox 1321 806 1532 845; x_wconf 85' lang='lat' dir='ltr'>disceditur,</span> <span class='ocrx_word' id='word_1_431' title='bbox 1567 806 1724 838; x_wconf 83' lang='lat' dir='ltr'>infinitae</span> <span class='ocrx_word' id='word_1_432' title='bbox 1751 805 1972 837; x_wconf 84' lang='lat' dir='ltr'>confusiones</span> <span class='ocrx_word' id='word_1_433' title='bbox 1995 811 2203 850; x_wconf 88' lang='lat' dir='ltr'>sequuntur.</span> 
     </span>
    </p>
   </div>
   <div class='ocr_carea' id='block_1_25' title="bbox 1222 863 2210 1508">
    <p class='ocr_par' dir='ltr' id='par_1_27' title="bbox 1222 863 2210 1508">
     <span class='ocr_line' id='line_1_71' title="bbox 1324 863 2204 908; baseline 0 -13"><span class='ocrx_word' id='word_1_434' title='bbox 1324 863 1546 907; x_wconf 87' lang='lat' dir='ltr'>Intelligatur</span> <span class='ocrx_word' id='word_1_435' title='bbox 1581 876 1662 906; x_wconf 81' lang='lat' dir='ltr'>ergo</span> <span class='ocrx_word' id='word_1_436' title='bbox 1698 864 1735 895; x_wconf 89' lang='lat' dir='ltr'>in</span> <span class='ocrx_word' id='word_1_437' title='bbox 1770 864 1843 906; x_wconf 83' lang='lat' dir='ltr'>lege</span> <span class='ocrx_word' id='word_1_438' title='bbox 1878 863 2015 896; x_wconf 84' lang='lat' dir='ltr'>Placuit</span> <span class='ocrx_word' id='word_1_439' title='bbox 2049 863 2204 908; x_wconf 82' lang='lat' dir='ltr'>aequitas</span> 
     </span>
     <span class='ocr_line' id='line_1_72' title="bbox 1222 913 2206 959; baseline 0 -13"><span class='ocrx_word' id='word_1_440' title='bbox 1222 914 1367 957; x_wconf 81' lang='lat' dir='ltr'>scripta,</span> <span class='ocrx_word' id='word_1_441' title='bbox 1396 916 1438 946; x_wconf 82' lang='lat' dir='ltr'>de.</span> <span class='ocrx_word' id='word_1_442' title='bbox 1466 913 1528 947; x_wconf 80' lang='lat' dir='ltr'>bac</span> <span class='ocrx_word' id='word_1_443' title='bbox 1554 915 1780 959; x_wconf 80' lang='lat' dir='ltr'>aequalitate,</span> <span class='ocrx_word' id='word_1_444' title='bbox 1813 926 1917 958; x_wconf 88' lang='lat' dir='ltr'>quam</span> <span class='ocrx_word' id='word_1_445' title='bbox 1943 914 2120 956; x_wconf 86' lang='lat' dir='ltr'>legislator</span> <span class='ocrx_word' id='word_1_446' title='bbox 2145 915 2206 946; x_wconf 92' lang='lat' dir='ltr'>de-</span> 
     </span>
     <span class='ocr_line' id='line_1_73' title="bbox 1222 963 2206 998; baseline -0.001 -2"><span class='ocrx_word' id='word_1_447' title='bbox 1222 965 1540 998; x_wconf 84' lang='lat' dir='ltr'>monstrationibus</span> <span class='ocrx_word' id='word_1_448' title='bbox 1558 972 1690 997; x_wconf 86' lang='lat' dir='ltr'>erutam</span> <span class='ocrx_word' id='word_1_449' title='bbox 1717 965 1841 998; x_wconf 81' lang='lat' dir='ltr'>sanxit.</span> <span class='ocrx_word' id='word_1_450' title='bbox 1893 964 1950 997; x_wconf 83' lang='lat' dir='ltr'>Sic</span> <span class='ocrx_word' id='word_1_451' title='bbox 1970 971 2001 997; x_wconf 87' lang='lat' dir='ltr'>et</span> <span class='ocrx_word' id='word_1_452' title='bbox 2026 965 2062 996; x_wconf 89' lang='lat' dir='ltr'>in</span> <span class='ocrx_word' id='word_1_453' title='bbox 2081 963 2206 996; x_wconf 84' lang='lat' dir='ltr'>defini-</span> 
     </span>
     <span class='ocr_line' id='line_1_74' title="bbox 1223 1015 2205 1059; baseline -0.001 -13"><span class='ocrx_word' id='word_1_454' title='bbox 1223 1015 1318 1047; x_wconf 86' lang='lat' dir='ltr'>tione</span> <span class='ocrx_word' id='word_1_455' title='bbox 1336 1015 1469 1048; x_wconf 88' lang='lat' dir='ltr'>dictum</span> <span class='ocrx_word' id='word_1_456' title='bbox 1489 1023 1556 1055; x_wconf 89' lang='lat' dir='ltr'>est,</span> <span class='ocrx_word' id='word_1_457' title='bbox 1584 1017 1637 1048; x_wconf 91' lang='lat' dir='ltr'>ius</span> <span class='ocrx_word' id='word_1_458' title='bbox 1656 1027 1727 1047; x_wconf 87' lang='lat' dir='ltr'>esse</span> <span class='ocrx_word' id='word_1_459' title='bbox 1744 1016 1829 1047; x_wconf 90' lang='lat' dir='ltr'>boni</span> <span class='ocrx_word' id='word_1_460' title='bbox 1847 1022 1878 1048; x_wconf 90' lang='lat' dir='ltr'>et</span> <span class='ocrx_word' id='word_1_461' title='bbox 1896 1015 1995 1059; x_wconf 89' lang='lat' dir='ltr'>aequi</span> <span class='ocrx_word' id='word_1_462' title='bbox 2013 1015 2205 1047; x_wconf 78' lang='lat' dir='ltr'>scientiam.</span> 
     </span>
     <span class='ocr_line' id='line_1_75' title="bbox 1223 1064 2206 1109; baseline -0.001 -12"><span class='ocrx_word' id='word_1_463' title='bbox 1223 1065 1363 1098; x_wconf 81' lang='lat' dir='ltr'>Bonum</span> <span class='ocrx_word' id='word_1_464' title='bbox 1381 1067 1561 1105; x_wconf 85' lang='lat' dir='ltr'>nominat,</span> <span class='ocrx_word' id='word_1_465' title='bbox 1589 1067 1626 1098; x_wconf 88' lang='lat' dir='ltr'>in</span> <span class='ocrx_word' id='word_1_466' title='bbox 1643 1078 1767 1109; x_wconf 82' lang='lat' dir='ltr'>genere</span> <span class='ocrx_word' id='word_1_467' title='bbox 1785 1064 1987 1098; x_wconf 78' lang='lat' dir='ltr'>honestum:</span> <span class='ocrx_word' id='word_1_468' title='bbox 2017 1072 2054 1097; x_wconf 91' lang='lat' dir='ltr'>ut</span> <span class='ocrx_word' id='word_1_469' title='bbox 2071 1065 2206 1097; x_wconf 80' lang='lat' dir='ltr'>honum</span> 
     </span>
     <span class='ocr_line' id='line_1_76' title="bbox 1224 1114 2207 1159; baseline -0.002 -11"><span class='ocrx_word' id='word_1_470' title='bbox 1224 1123 1291 1153; x_wconf 88' lang='lat' dir='ltr'>est,</span> <span class='ocrx_word' id='word_1_471' title='bbox 1314 1129 1386 1149; x_wconf 90' lang='lat' dir='ltr'>non</span> <span class='ocrx_word' id='word_1_472' title='bbox 1402 1117 1611 1159; x_wconf 86' lang='lat' dir='ltr'>prostituere</span> <span class='ocrx_word' id='word_1_473' title='bbox 1630 1116 1826 1159; x_wconf 85' lang='lat' dir='ltr'>coniugem,</span> <span class='ocrx_word' id='word_1_474' title='bbox 1852 1123 1890 1149; x_wconf 89' lang='lat' dir='ltr'>ut</span> <span class='ocrx_word' id='word_1_475' title='bbox 1905 1117 2030 1148; x_wconf 87' lang='lat' dir='ltr'>licebat</span> <span class='ocrx_word' id='word_1_476' title='bbox 2046 1116 2119 1157; x_wconf 86' lang='lat' dir='ltr'>lege</span> <span class='ocrx_word' id='word_1_477' title='bbox 2136 1114 2207 1148; x_wconf 91' lang='lat' dir='ltr'>La-</span> 
     </span>
     <span class='ocr_line' id='line_1_77' title="bbox 1224 1164 2208 1211; baseline -0.001 -13"><span class='ocrx_word' id='word_1_478' title='bbox 1224 1167 1354 1201; x_wconf 87' lang='lat' dir='ltr'>conica.</span> <span class='ocrx_word' id='word_1_479' title='bbox 1395 1166 1532 1199; x_wconf 89' lang='lat' dir='ltr'>Deinde</span> <span class='ocrx_word' id='word_1_480' title='bbox 1549 1168 1757 1211; x_wconf 84' lang='lat' dir='ltr'>aequitatem</span> <span class='ocrx_word' id='word_1_481' title='bbox 1774 1168 1944 1204; x_wconf 88' lang='lat' dir='ltr'>nominat,</span> <span class='ocrx_word' id='word_1_482' title='bbox 1973 1164 2064 1198; x_wconf 87' lang='lat' dir='ltr'>hanc</span> <span class='ocrx_word' id='word_1_483' title='bbox 2081 1177 2208 1210; x_wconf 83' lang='lat' dir='ltr'>aequa—</span> 
     </span>
     <span class='ocr_line' id='line_1_78' title="bbox 1225 1216 2208 1261; baseline -0.001 -13"><span class='ocrx_word' id='word_1_484' title='bbox 1225 1217 1355 1249; x_wconf 87' lang='lat' dir='ltr'>litatem</span> <span class='ocrx_word' id='word_1_485' title='bbox 1383 1218 1517 1249; x_wconf 89' lang='lat' dir='ltr'>ratione</span> <span class='ocrx_word' id='word_1_486' title='bbox 1544 1218 1743 1256; x_wconf 78' lang='lat' dir='ltr'>inventam,</span> <span class='ocrx_word' id='word_1_487' title='bbox 1772 1229 1858 1261; x_wconf 89' lang='lat' dir='ltr'>quae</span> <span class='ocrx_word' id='word_1_488' title='bbox 1881 1224 1930 1249; x_wconf 88' lang='lat' dir='ltr'>est</span> <span class='ocrx_word' id='word_1_489' title='bbox 1948 1216 2129 1249; x_wconf 68' lang='lat' dir='ltr'>vinculum</span> <span class='ocrx_word' id='word_1_490' title='bbox 2152 1227 2208 1247; x_wconf 73' lang='grc' dir='ltr'>εο-</span> 
     </span>
     <span class='ocr_line' id='line_1_79' title="bbox 1224 1264 2206 1311; baseline -0.002 -13"><span class='ocrx_word' id='word_1_491' title='bbox 1224 1267 1357 1300; x_wconf 83' lang='lat' dir='ltr'>cietatis</span> <span class='ocrx_word' id='word_1_492' title='bbox 1382 1265 1570 1301; x_wconf 82' lang='lat' dir='ltr'>humanae.</span> <span class='ocrx_word' id='word_1_493' title='bbox 1622 1267 1744 1311; x_wconf 65' lang='lat' dir='ltr'>Neque</span> <span class='ocrx_word' id='word_1_494' title='bbox 1768 1268 1861 1299; x_wconf 83' lang='lat' dir='ltr'>enim</span> <span class='ocrx_word' id='word_1_495' title='bbox 1887 1274 1998 1310; x_wconf 90' lang='lat' dir='ltr'>potest</span> <span class='ocrx_word' id='word_1_496' title='bbox 2021 1264 2206 1298; x_wconf 88' lang='lat' dir='ltr'>hominum</span> 
     </span>
     <span class='ocr_line' id='line_1_80' title="bbox 1224 1316 2208 1349; baseline -0.001 -1"><span class='ocrx_word' id='word_1_497' title='bbox 1224 1317 1293 1349; x_wconf 71' lang='lat' dir='ltr'>vita</span> <span class='ocrx_word' id='word_1_498' title='bbox 1330 1317 1529 1349; x_wconf 84' lang='lat' dir='ltr'>conservari</span> <span class='ocrx_word' id='word_1_499' title='bbox 1562 1317 1636 1348; x_wconf 86' lang='lat' dir='ltr'>sine</span> <span class='ocrx_word' id='word_1_500' title='bbox 1668 1317 1800 1348; x_wconf 86' lang='lat' dir='ltr'>mutuis</span> <span class='ocrx_word' id='word_1_501' title='bbox 1823 1317 1946 1347; x_wconf 79' lang='lat' dir='ltr'>officiis</span> <span class='ocrx_word' id='word_1_502' title='bbox 1969 1324 2002 1347; x_wconf 87' lang='lat' dir='ltr'>et</span> <span class='ocrx_word' id='word_1_503' title='bbox 2024 1316 2099 1347; x_wconf 90' lang='lat' dir='ltr'>sine</span> <span class='ocrx_word' id='word_1_504' title='bbox 2124 1327 2208 1347; x_wconf 90' lang='lat' dir='ltr'>con-</span> 
     </span>
     <span class='ocr_line' id='line_1_81' title="bbox 1225 1365 2210 1408; baseline 0 -10"><span class='ocrx_word' id='word_1_505' title='bbox 1225 1365 1404 1399; x_wconf 72' lang='lat' dir='ltr'>tractibus.</span> <span class='ocrx_word' id='word_1_506' title='bbox 1460 1365 1507 1400; x_wconf 72' lang='lat' dir='ltr'>Ut</span> <span class='ocrx_word' id='word_1_507' title='bbox 1522 1374 1636 1399; x_wconf 88' lang='lat' dir='ltr'>autem</span> <span class='ocrx_word' id='word_1_508' title='bbox 1655 1367 1699 1398; x_wconf 84' lang='lat' dir='ltr'>sit</span> <span class='ocrx_word' id='word_1_509' title='bbox 1720 1372 1962 1398; x_wconf 84' lang='lat' dir='ltr'>contractuum</span> <span class='ocrx_word' id='word_1_510' title='bbox 1987 1365 2210 1408; x_wconf 83' lang='lat' dir='ltr'>perpetuitas,</span> 
     </span>
     <span class='ocr_line' id='line_1_82' title="bbox 1224 1413 2208 1458; baseline 0.001 -12"><span class='ocrx_word' id='word_1_511' title='bbox 1224 1415 1468 1458; x_wconf 80' lang='lat' dir='ltr'>aequalitatem</span> <span class='ocrx_word' id='word_1_512' title='bbox 1487 1427 1558 1448; x_wconf 82' lang='lat' dir='ltr'>esse</span> <span class='ocrx_word' id='word_1_513' title='bbox 1581 1422 1748 1458; x_wconf 51' lang='lat' dir='ltr'>oporam,</span> <span class='ocrx_word' id='word_1_514' title='bbox 1762 1415 1894 1458; x_wconf 78' lang='lat' dir='ltr'>alioqui</span> <span class='ocrx_word' id='word_1_515' title='bbox 1921 1427 1999 1458; x_wconf 88' lang='lat' dir='ltr'>pars</span> <span class='ocrx_word' id='word_1_516' title='bbox 2020 1413 2208 1447; x_wconf 88' lang='lat' dir='ltr'>hominum</span> 
     </span>
     <span class='ocr_line' id='line_1_83' title="bbox 1225 1463 2060 1508; baseline 0.001 -11"><span class='ocrx_word' id='word_1_517' title='bbox 1225 1465 1333 1497; x_wconf 87' lang='lat' dir='ltr'>altera</span> <span class='ocrx_word' id='word_1_518' title='bbox 1349 1463 1513 1498; x_wconf 78' lang='lat' dir='ltr'>exhausta</span> <span class='ocrx_word' id='word_1_519' title='bbox 1533 1473 1592 1498; x_wconf 85' lang='lat' dir='ltr'>aut</span> <span class='ocrx_word' id='word_1_520' title='bbox 1608 1477 1769 1508; x_wconf 86' lang='lat' dir='ltr'>oppressa</span> <span class='ocrx_word' id='word_1_521' title='bbox 1788 1465 2060 1507; x_wconf 73' lang='lat' dir='ltr'>extingueretur.</span> 
     </span>
    </p>
   </div>
   <div class='ocr_carea' id='block_1_26' title="bbox 1225 1521 2210 1669">
    <p class='ocr_par' dir='ltr' id='par_1_28' title="bbox 1225 1521 2210 1669">
     <span class='ocr_line' id='line_1_84' title="bbox 1327 1521 2210 1557; baseline 0 -1"><span class='ocrx_word' id='word_1_522' title='bbox 1327 1522 1459 1556; x_wconf 88' lang='lat' dir='ltr'>Omnia</span> <span class='ocrx_word' id='word_1_523' title='bbox 1480 1530 1595 1556; x_wconf 85' lang='lat' dir='ltr'>autem</span> <span class='ocrx_word' id='word_1_524' title='bbox 1612 1521 1697 1556; x_wconf 88' lang='lat' dir='ltr'>haec</span> <span class='ocrx_word' id='word_1_525' title='bbox 1715 1524 1866 1557; x_wconf 89' lang='lat' dir='ltr'>iustitiae</span> <span class='ocrx_word' id='word_1_526' title='bbox 1883 1524 2046 1556; x_wconf 79' lang='lat' dir='ltr'>exercitia</span> <span class='ocrx_word' id='word_1_527' title='bbox 2059 1523 2210 1556; x_wconf 89' lang='lat' dir='ltr'>sciamus</span> 
     </span>
     <span class='ocr_line' id='line_1_85' title="bbox 1225 1573 2210 1616; baseline 0.001 -10"><span class='ocrx_word' id='word_1_528' title='bbox 1225 1586 1264 1607; x_wconf 92' lang='lat' dir='ltr'>eo</span> <span class='ocrx_word' id='word_1_529' title='bbox 1291 1574 1448 1607; x_wconf 85' lang='lat' dir='ltr'>instituta</span> <span class='ocrx_word' id='word_1_530' title='bbox 1474 1586 1562 1613; x_wconf 85' lang='lat' dir='ltr'>esse,</span> <span class='ocrx_word' id='word_1_531' title='bbox 1587 1581 1624 1606; x_wconf 91' lang='lat' dir='ltr'>ut</span> <span class='ocrx_word' id='word_1_532' title='bbox 1641 1573 1755 1606; x_wconf 86' lang='lat' dir='ltr'>Deum</span> <span class='ocrx_word' id='word_1_533' title='bbox 1776 1586 2003 1616; x_wconf 85' lang='lat' dir='ltr'>agnoscamus</span> <span class='ocrx_word' id='word_1_534' title='bbox 2022 1574 2152 1607; x_wconf 89' lang='lat' dir='ltr'>iustum</span> <span class='ocrx_word' id='word_1_535' title='bbox 2177 1581 2210 1608; x_wconf 87' lang='lat' dir='ltr'>et</span> 
     </span>
     <span class='ocr_line' id='line_1_86' title="bbox 1225 1625 2124 1669; baseline -0.001 -12"><span class='ocrx_word' id='word_1_536' title='bbox 1225 1625 1405 1669; x_wconf 84' lang='lat' dir='ltr'>aequalem</span> <span class='ocrx_word' id='word_1_537' title='bbox 1422 1637 1513 1665; x_wconf 82' lang='lat' dir='ltr'>esse,</span> <span class='ocrx_word' id='word_1_538' title='bbox 1541 1625 1633 1656; x_wconf 82' lang='lat' dir='ltr'>iuxta</span> <span class='ocrx_word' id='word_1_539' title='bbox 1653 1637 1813 1657; x_wconf 86' lang='lat' dir='ltr'>normam</span> <span class='ocrx_word' id='word_1_540' title='bbox 1832 1637 1935 1668; x_wconf 89' lang='lat' dir='ltr'>quam</span> <span class='ocrx_word' id='word_1_541' title='bbox 1954 1625 2124 1668; x_wconf 80' lang='lat' dir='ltr'>patefecit.</span> 
     </span>
    </p>
   </div>
   <div class='ocr_carea' id='block_1_27' title="bbox 1226 1681 2210 1971">
    <p class='ocr_par' dir='ltr' id='par_1_29' title="bbox 1226 1681 2210 1971">
     <span class='ocr_line' id='line_1_87' title="bbox 1316 1681 2208 1726; baseline -0.001 -10"><span class='ocrx_word' id='word_1_542' title='bbox 1316 1681 1484 1717; x_wconf 86' lang='lat' dir='ltr'>Ostendit</span> <span class='ocrx_word' id='word_1_543' title='bbox 1500 1696 1596 1716; x_wconf 88' lang='lat' dir='ltr'>suam</span> <span class='ocrx_word' id='word_1_544' title='bbox 1614 1684 1820 1726; x_wconf 83' lang='lat' dir='ltr'>sapientiam</span> <span class='ocrx_word' id='word_1_545' title='bbox 1837 1690 2012 1716; x_wconf 88' lang='lat' dir='ltr'>aeternam</span> <span class='ocrx_word' id='word_1_546' title='bbox 2034 1690 2066 1716; x_wconf 90' lang='lat' dir='ltr'>et</span> <span class='ocrx_word' id='word_1_547' title='bbox 2083 1683 2208 1716; x_wconf 89' lang='lat' dir='ltr'>immo-</span> 
     </span>
     <span class='ocr_line' id='line_1_88' title="bbox 1226 1731 2209 1778; baseline -0.001 -11"><span class='ocrx_word' id='word_1_548' title='bbox 1226 1742 1317 1774; x_wconf 88' lang='lat' dir='ltr'>tam,</span> <span class='ocrx_word' id='word_1_549' title='bbox 1345 1746 1433 1778; x_wconf 87' lang='lat' dir='ltr'>quae</span> <span class='ocrx_word' id='word_1_550' title='bbox 1460 1735 1514 1766; x_wconf 85' lang='lat' dir='ltr'>lex</span> <span class='ocrx_word' id='word_1_551' title='bbox 1538 1741 1606 1767; x_wconf 84' lang='lat' dir='ltr'>est:</span> <span class='ocrx_word' id='word_1_552' title='bbox 1635 1741 1666 1767; x_wconf 92' lang='lat' dir='ltr'>et</span> <span class='ocrx_word' id='word_1_553' title='bbox 1692 1735 1786 1767; x_wconf 76' lang='lat' dir='ltr'>iuxta</span> <span class='ocrx_word' id='word_1_554' title='bbox 1812 1731 1901 1766; x_wconf 85' lang='lat' dir='ltr'>hanc</span> <span class='ocrx_word' id='word_1_555' title='bbox 1922 1735 2065 1766; x_wconf 86' lang='lat' dir='ltr'>damnat</span> <span class='ocrx_word' id='word_1_556' title='bbox 2087 1746 2209 1777; x_wconf 90' lang='lat' dir='ltr'>pecca-</span> 
     </span>
     <span class='ocr_line' id='line_1_89' title="bbox 1602 1784 2209 1828; baseline 0.003 -12"><span class='ocrx_word' id='word_1_557' title='bbox 1602 1784 1739 1819; x_wconf 82' lang='lat' dir='ltr'>Rursus</span> <span class='ocrx_word' id='word_1_558' title='bbox 1762 1785 1885 1822; x_wconf 83' lang='lat' dir='ltr'>etiam,</span> <span class='ocrx_word' id='word_1_559' title='bbox 1913 1785 1989 1817; x_wconf 90' lang='lat' dir='ltr'>sine</span> <span class='ocrx_word' id='word_1_560' title='bbox 2015 1794 2209 1828; x_wconf 73' lang='grc' dir='ltr'><em>προσωπο-</em></span> 
     </span>
     <span class='ocr_line' id='line_1_90' title="bbox 1226 1833 2209 1881; baseline 0 -13"><span class='ocrx_word' id='word_1_561' title='bbox 1226 1833 1340 1881; x_wconf 72' lang='grc' dir='ltr'>ληψὶᾳ</span> <span class='ocrx_word' id='word_1_562' title='bbox 1365 1847 1486 1868; x_wconf 89' lang='lat' dir='ltr'>omnes</span> <span class='ocrx_word' id='word_1_563' title='bbox 1510 1835 1633 1878; x_wconf 90' lang='lat' dir='ltr'>recipit</span> <span class='ocrx_word' id='word_1_564' title='bbox 1656 1835 1825 1868; x_wconf 88' lang='lat' dir='ltr'>immensa</span> <span class='ocrx_word' id='word_1_565' title='bbox 1852 1835 2114 1875; x_wconf 88' lang='lat' dir='ltr'>misericordia,</span> <span class='ocrx_word' id='word_1_566' title='bbox 2147 1835 2209 1879; x_wconf 89' lang='lat' dir='ltr'>qui</span> 
     </span>
     <span class='ocr_line' id='line_1_91' title="bbox 1226 1884 2210 1930; baseline -0.001 -11"><span class='ocrx_word' id='word_1_567' title='bbox 1226 1888 1267 1919; x_wconf 81' lang='lat' dir='ltr'>ad</span> <span class='ocrx_word' id='word_1_568' title='bbox 1287 1887 1398 1919; x_wconf 85' lang='lat' dir='ltr'>filium</span> <span class='ocrx_word' id='word_1_569' title='bbox 1413 1887 1639 1919; x_wconf 85' lang='lat' dir='ltr'>mediatorem</span> <span class='ocrx_word' id='word_1_570' title='bbox 1659 1886 1875 1928; x_wconf 84' lang='lat' dir='ltr'>confugiunt.</span> <span class='ocrx_word' id='word_1_571' title='bbox 1928 1884 2030 1918; x_wconf 85' lang='lat' dir='ltr'>Hanc</span> <span class='ocrx_word' id='word_1_572' title='bbox 2052 1886 2210 1930; x_wconf 83' lang='lat' dir='ltr'>aequali-</span> 
     </span>
     <span class='ocr_line' id='line_1_92' title="bbox 1227 1932 2116 1971; baseline 0.001 -1"><span class='ocrx_word' id='word_1_573' title='bbox 1227 1945 1332 1970; x_wconf 86' lang='lat' dir='ltr'>tatem</span> <span class='ocrx_word' id='word_1_574' title='bbox 1351 1937 1576 1969; x_wconf 87' lang='lat' dir='ltr'>considerare</span> <span class='ocrx_word' id='word_1_575' title='bbox 1593 1932 1657 1969; x_wconf 76' lang='lat' dir='ltr'>no⁴s</span> <span class='ocrx_word' id='word_1_576' title='bbox 1673 1937 1708 1969; x_wconf 89' lang='lat' dir='ltr'>in</span> <span class='ocrx_word' id='word_1_577' title='bbox 1729 1934 1882 1969; x_wconf 88' lang='lat' dir='ltr'>Ecclesia</span> <span class='ocrx_word' id='word_1_578' title='bbox 1898 1947 2035 1969; x_wconf 89' lang='lat' dir='ltr'>necesse</span> <span class='ocrx_word' id='word_1_579' title='bbox 2054 1943 2116 1971; x_wconf 84' lang='lat' dir='ltr'>est.</span> 
     </span>
    </p>
   </div>
   <div class='ocr_carea' id='block_1_28' title="bbox 1227 1992 2209 2343">
    <p class='ocr_par' dir='ltr' id='par_1_30' title="bbox 1227 1992 2209 2343">
     <span class='ocr_line' id='line_1_93' title="bbox 1328 1992 2209 2035; baseline -0.001 -7"><span class='ocrx_word' id='word_1_580' title='bbox 1328 1995 1397 2028; x_wconf 87' lang='lat' dir='ltr'>Hic</span> <span class='ocrx_word' id='word_1_581' title='bbox 1413 2002 1528 2028; x_wconf 87' lang='lat' dir='ltr'>autem</span> <span class='ocrx_word' id='word_1_582' title='bbox 1545 2002 1576 2027; x_wconf 85' lang='lat' dir='ltr'>et</span> <span class='ocrx_word' id='word_1_583' title='bbox 1593 1992 1659 2027; x_wconf 87' lang='lat' dir='ltr'>hoc</span> <span class='ocrx_word' id='word_1_584' title='bbox 1678 1996 1974 2028; x_wconf 77' lang='lat' dir='ltr'>considerandum</span> <span class='ocrx_word' id='word_1_585' title='bbox 1991 2001 2059 2035; x_wconf 84' lang='lat' dir='ltr'>est,</span> <span class='ocrx_word' id='word_1_586' title='bbox 2087 1993 2209 2028; x_wconf 89' lang='lat' dir='ltr'>Evan-</span> 
     </span>
     <span class='ocr_line' id='line_1_94' title="bbox 1227 2043 2209 2090; baseline -0.001 -11"><span class='ocrx_word' id='word_1_587' title='bbox 1227 2047 1355 2090; x_wconf 83' lang='lat' dir='ltr'>gelium</span> <span class='ocrx_word' id='word_1_588' title='bbox 1373 2047 1551 2079; x_wconf 87' lang='lat' dir='ltr'>continere</span> <span class='ocrx_word' id='word_1_589' title='bbox 1560 2046 1796 2078; x_wconf 87' lang='lat' dir='ltr'>dulcissimam</span> <span class='ocrx_word' id='word_1_590' title='bbox 1814 2043 2005 2080; x_wconf 77' lang='grc' dir='ltr'><strong><em>ἐπιείκειαν</em></strong></span> <span class='ocrx_word' id='word_1_591' title='bbox 2019 2045 2103 2088; x_wconf 86' lang='lat' dir='ltr'>legis</span> <span class='ocrx_word' id='word_1_592' title='bbox 2118 2045 2209 2078; x_wconf 84' lang='lat' dir='ltr'>divi-</span> 
     </span>
     <span class='ocr_line' id='line_1_95' title="bbox 1228 2096 2208 2142; baseline -0.002 -12"><span class='ocrx_word' id='word_1_593' title='bbox 1228 2110 1304 2137; x_wconf 89' lang='lat' dir='ltr'>nae,</span> <span class='ocrx_word' id='word_1_594' title='bbox 1329 2109 1417 2142; x_wconf 89' lang='lat' dir='ltr'>quae</span> <span class='ocrx_word' id='word_1_595' title='bbox 1435 2097 1622 2131; x_wconf 85' lang='lat' dir='ltr'>iustissima</span> <span class='ocrx_word' id='word_1_596' title='bbox 1640 2104 1708 2130; x_wconf 83' lang='lat' dir='ltr'>est:</span> <span class='ocrx_word' id='word_1_597' title='bbox 1733 2103 1763 2129; x_wconf 87' lang='lat' dir='ltr'>et</span> <span class='ocrx_word' id='word_1_598' title='bbox 1780 2103 1897 2130; x_wconf 90' lang='lat' dir='ltr'>tamen</span> <span class='ocrx_word' id='word_1_599' title='bbox 1913 2096 2114 2129; x_wconf 81' lang='lat' dir='ltr'>admirabili</span> <span class='ocrx_word' id='word_1_600' title='bbox 2132 2108 2208 2128; x_wconf 88' lang='lat' dir='ltr'>mo-</span> 
     </span>
     <span class='ocr_line' id='line_1_96' title="bbox 1228 2147 2209 2191; baseline -0.003 -10"><span class='ocrx_word' id='word_1_601' title='bbox 1228 2150 1272 2181; x_wconf 91' lang='lat' dir='ltr'>do</span> <span class='ocrx_word' id='word_1_602' title='bbox 1292 2148 1399 2181; x_wconf 84' lang='lat' dir='ltr'>lenita</span> <span class='ocrx_word' id='word_1_603' title='bbox 1417 2155 1485 2188; x_wconf 85' lang='lat' dir='ltr'>est,</span> <span class='ocrx_word' id='word_1_604' title='bbox 1510 2148 1558 2180; x_wconf 92' lang='lat' dir='ltr'>sic</span> <span class='ocrx_word' id='word_1_605' title='bbox 1576 2154 1616 2180; x_wconf 88' lang='lat' dir='ltr'>ut</span> <span class='ocrx_word' id='word_1_606' title='bbox 1632 2148 1698 2191; x_wconf 74' lang='lat' dir='ltr'>legi</span> <span class='ocrx_word' id='word_1_607' title='bbox 1715 2148 1796 2181; x_wconf 86' lang='lat' dir='ltr'>satis</span> <span class='ocrx_word' id='word_1_608' title='bbox 1813 2148 1941 2180; x_wconf 84' lang='lat' dir='ltr'>faceret</span> <span class='ocrx_word' id='word_1_609' title='bbox 1958 2147 2068 2186; x_wconf 89' lang='lat' dir='ltr'>filius,</span> <span class='ocrx_word' id='word_1_610' title='bbox 2095 2153 2130 2180; x_wconf 87' lang='lat' dir='ltr'>et</span> <span class='ocrx_word' id='word_1_611' title='bbox 2145 2158 2209 2179; x_wconf 92' lang='lat' dir='ltr'>nos</span> 
     </span>
     <span class='ocr_line' id='line_1_97' title="bbox 1228 2196 2208 2243; baseline -0.003 -11"><span class='ocrx_word' id='word_1_612' title='bbox 1228 2199 1440 2243; x_wconf 85' lang='lat' dir='ltr'>recipiamur</span> <span class='ocrx_word' id='word_1_613' title='bbox 1465 2205 1605 2242; x_wconf 90' lang='lat' dir='ltr'>propter</span> <span class='ocrx_word' id='word_1_614' title='bbox 1627 2199 1756 2231; x_wconf 87' lang='lat' dir='ltr'>filium:</span> <span class='ocrx_word' id='word_1_615' title='bbox 1787 2205 1819 2231; x_wconf 88' lang='lat' dir='ltr'>et</span> <span class='ocrx_word' id='word_1_616' title='bbox 1837 2198 2007 2241; x_wconf 82' lang='lat' dir='ltr'>approbet</span> <span class='ocrx_word' id='word_1_617' title='bbox 2024 2196 2120 2230; x_wconf 89' lang='lat' dir='ltr'>Deus</span> <span class='ocrx_word' id='word_1_618' title='bbox 2140 2197 2208 2229; x_wconf 90' lang='lat' dir='ltr'>ini-</span> 
     </span>
     <span class='ocr_line' id='line_1_98' title="bbox 1229 2247 2208 2293; baseline -0.004 -10"><span class='ocrx_word' id='word_1_619' title='bbox 1229 2251 1276 2283; x_wconf 85' lang='lat' dir='ltr'>tia</span> <span class='ocrx_word' id='word_1_620' title='bbox 1300 2249 1521 2282; x_wconf 87' lang='lat' dir='ltr'>obedientiae</span> <span class='ocrx_word' id='word_1_621' title='bbox 1543 2249 1578 2281; x_wconf 90' lang='lat' dir='ltr'>in</span> <span class='ocrx_word' id='word_1_622' title='bbox 1602 2249 1723 2289; x_wconf 88' lang='lat' dir='ltr'>nobis,</span> <span class='ocrx_word' id='word_1_623' title='bbox 1749 2261 1838 2293; x_wconf 87' lang='lat' dir='ltr'>quae</span> <span class='ocrx_word' id='word_1_624' title='bbox 1857 2249 2048 2281; x_wconf 81' lang='lat' dir='ltr'>admodum</span> <span class='ocrx_word' id='word_1_625' title='bbox 2071 2247 2208 2280; x_wconf 81' lang='lat' dir='ltr'>infirma</span> 
     </span>
     <span class='ocr_line' id='line_1_99' title="bbox 1230 2299 2040 2343; baseline 0 -10"><span class='ocrx_word' id='word_1_626' title='bbox 1230 2307 1331 2340; x_wconf 90' lang='lat' dir='ltr'>sunt,</span> <span class='ocrx_word' id='word_1_627' title='bbox 1352 2307 1383 2333; x_wconf 84' lang='lat' dir='ltr'>et</span> <span class='ocrx_word' id='word_1_628' title='bbox 1400 2300 1521 2343; x_wconf 89' lang='lat' dir='ltr'>procul</span> <span class='ocrx_word' id='word_1_629' title='bbox 1541 2312 1558 2332; x_wconf 86' lang='lat' dir='ltr'>a</span> <span class='ocrx_word' id='word_1_630' title='bbox 1578 2300 1661 2342; x_wconf 76' lang='lat' dir='ltr'>legis</span> <span class='ocrx_word' id='word_1_631' title='bbox 1679 2300 1884 2342; x_wconf 88' lang='lat' dir='ltr'>impletione</span> <span class='ocrx_word' id='word_1_632' title='bbox 1901 2299 2040 2333; x_wconf 83' lang='lat' dir='ltr'>absunt.</span> 
     </span>
    </p>
   </div>
   <div class='ocr_carea' id='block_1_29' title="bbox 1227 2354 2210 2494">
    <p class='ocr_par' dir='ltr' id='par_1_31' title="bbox 1227 2354 2210 2494">
     <span class='ocr_line' id='line_1_100' title="bbox 1330 2354 2210 2399; baseline 0 -9"><span class='ocrx_word' id='word_1_633' title='bbox 1330 2356 1425 2390; x_wconf 83' lang='lat' dir='ltr'>Haec</span> <span class='ocrx_word' id='word_1_634' title='bbox 1441 2365 1490 2391; x_wconf 90' lang='lat' dir='ltr'>est</span> <span class='ocrx_word' id='word_1_635' title='bbox 1509 2370 1588 2390; x_wconf 84' lang='lat' dir='ltr'>vera</span> <span class='ocrx_word' id='word_1_636' title='bbox 1607 2354 1793 2396; x_wconf 75' lang='grc' dir='ltr'><strong><em>ἐπιείκεια,</em></strong></span> <span class='ocrx_word' id='word_1_637' title='bbox 1819 2356 1944 2399; x_wconf 82' lang='lat' dir='ltr'>scripta</span> <span class='ocrx_word' id='word_1_638' title='bbox 1962 2369 2034 2389; x_wconf 89' lang='lat' dir='ltr'>non</span> <span class='ocrx_word' id='word_1_639' title='bbox 2057 2356 2210 2397; x_wconf 85' lang='lat' dir='ltr'>Solonis,</span> 
     </span>
     <span class='ocr_line' id='line_1_101' title="bbox 1229 2407 2208 2451; baseline -0.004 -8"><span class='ocrx_word' id='word_1_640' title='bbox 1229 2416 1288 2443; x_wconf 83' lang='lat' dir='ltr'>aut</span> <span class='ocrx_word' id='word_1_641' title='bbox 1310 2408 1459 2451; x_wconf 85' lang='lat' dir='ltr'>Augusti</span> <span class='ocrx_word' id='word_1_642' title='bbox 1493 2409 1621 2448; x_wconf 80' lang='lat' dir='ltr'>literis,</span> <span class='ocrx_word' id='word_1_643' title='bbox 1654 2409 1714 2441; x_wconf 85' lang='lat' dir='ltr'>sed</span> <span class='ocrx_word' id='word_1_644' title='bbox 1738 2407 1907 2450; x_wconf 82' lang='lat' dir='ltr'>sanguine</span> <span class='ocrx_word' id='word_1_645' title='bbox 1933 2407 1995 2439; x_wconf 82' lang='lat' dir='ltr'>filii</span> <span class='ocrx_word' id='word_1_646' title='bbox 2023 2407 2099 2446; x_wconf 80' lang='lat' dir='ltr'>Dei.</span> <span class='ocrx_word' id='word_1_647' title='bbox 2152 2407 2208 2441; x_wconf 85' lang='lat' dir='ltr'>Fit</span> 
     </span>
     <span class='ocr_line' id='line_1_102' title="bbox 1227 2457 2210 2494; baseline -0.002 -1"><span class='ocrx_word' id='word_1_648' title='bbox 1227 2467 1343 2494; x_wconf 91' lang='lat' dir='ltr'>autem</span> <span class='ocrx_word' id='word_1_649' title='bbox 1363 2459 1534 2492; x_wconf 91' lang='lat' dir='ltr'>illustrior</span> <span class='ocrx_word' id='word_1_650' title='bbox 1556 2457 1680 2492; x_wconf 86' lang='lat' dir='ltr'>harum</span> <span class='ocrx_word' id='word_1_651' title='bbox 1698 2458 1927 2491; x_wconf 86' lang='lat' dir='ltr'>maximarum</span> <span class='ocrx_word' id='word_1_652' title='bbox 1944 2470 2062 2491; x_wconf 85' lang='lat' dir='ltr'>rerum</span> <span class='ocrx_word' id='word_1_653' title='bbox 2080 2459 2210 2492; x_wconf 86' lang='lat' dir='ltr'>doctri-</span> 
     </span>
    </p>
   </div>
   <div class='ocr_carea' id='block_1_30' title="bbox 1201 2507 2208 2551">
    <p class='ocr_par' dir='ltr' id='par_1_32' title="bbox 1201 2507 2208 2551">
     <span class='ocr_line' id='line_1_103' title="bbox 1201 2507 2208 2551; baseline -0.001 -8"><span class='ocrx_word' id='word_1_654' title='bbox 1201 2537 1203 2543; x_wconf 74' lang='grc'>,</span> <span class='ocrx_word' id='word_1_655' title='bbox 1229 2523 1292 2551; x_wconf 89' lang='lat' dir='ltr'>na,</span> <span class='ocrx_word' id='word_1_656' title='bbox 1326 2523 1404 2544; x_wconf 91' lang='lat' dir='ltr'>cum</span> <span class='ocrx_word' id='word_1_657' title='bbox 1428 2511 1644 2544; x_wconf 85' lang='lat' dir='ltr'>voluntatem</span> <span class='ocrx_word' id='word_1_658' title='bbox 1667 2507 1733 2542; x_wconf 90' lang='lat' dir='ltr'>Dei</span> <span class='ocrx_word' id='word_1_659' title='bbox 1759 2508 1795 2541; x_wconf 92' lang='lat' dir='ltr'>in</span> <span class='ocrx_word' id='word_1_660' title='bbox 1819 2509 1958 2541; x_wconf 89' lang='lat' dir='ltr'>iudiciis</span> <span class='ocrx_word' id='word_1_661' title='bbox 1983 2516 2016 2543; x_wconf 84' lang='lat' dir='ltr'>et</span> <span class='ocrx_word' id='word_1_662' title='bbox 2037 2509 2208 2543; x_wconf 81' lang='lat' dir='ltr'>exercitiis</span> 
     </span>
    </p>
   </div>
   <div class='ocr_carea' id='block_1_31' title="bbox 1229 2560 2208 2663">
    <p class='ocr_par' dir='ltr' id='par_1_33' title="bbox 1229 2560 2208 2663">
     <span class='ocr_line' id='line_1_104' title="bbox 1229 2560 1816 2596; baseline -0.002 -3"><span class='ocrx_word' id='word_1_663' title='bbox 1229 2562 1385 2596; x_wconf 85' lang='lat' dir='ltr'>iusticiae</span> <span class='ocrx_word' id='word_1_664' title='bbox 1404 2561 1440 2593; x_wconf 90' lang='lat' dir='ltr'>in</span> <span class='ocrx_word' id='word_1_665' title='bbox 1456 2562 1524 2594; x_wconf 86' lang='lat' dir='ltr'>vita</span> <span class='ocrx_word' id='word_1_666' title='bbox 1543 2560 1816 2594; x_wconf 86' lang='lat' dir='ltr'>consideramus.</span> 
     </span>
     <span class='ocr_line' id='line_1_105' title="bbox 1328 2618 2208 2663; baseline -0.001 -9"><span class='ocrx_word' id='word_1_667' title='bbox 1328 2618 1404 2654; x_wconf 91' lang='lat' dir='ltr'>Oro</span> <span class='ocrx_word' id='word_1_668' title='bbox 1422 2627 1537 2654; x_wconf 86' lang='lat' dir='ltr'>autem</span> <span class='ocrx_word' id='word_1_669' title='bbox 1554 2619 1679 2660; x_wconf 89' lang='lat' dir='ltr'>Deum,</span> <span class='ocrx_word' id='word_1_670' title='bbox 1703 2619 1833 2652; x_wconf 84' lang='lat' dir='ltr'>sontem</span> <span class='ocrx_word' id='word_1_671' title='bbox 1852 2619 2042 2663; x_wconf 81' lang='lat' dir='ltr'>sapientiae</span> <span class='ocrx_word' id='word_1_672' title='bbox 2060 2626 2093 2653; x_wconf 90' lang='lat' dir='ltr'>et</span> <span class='ocrx_word' id='word_1_673' title='bbox 2107 2620 2208 2653; x_wconf 84' lang='lat' dir='ltr'>iusti-</span> 
     </span>
    </p>
   </div>
  </div>
 </body>
</html>
