2324 2955
212 109 258 145 87

217 205 355 240 quoque
371 198 564 235 gustaturos
581 198 650 219 esse
668 185 755 217 illud
774 183 933 216 dixinum
952 189 1079 216 nectar.
1121 182 1190 216 lta-

217 257 284 290 que
301 252 333 277 et
348 242 581 275 definitionem
607 235 761 268 iusticiae
779 240 950 276 acceptam
968 234 1130 265 alicunde
1150 245 1189 265 ex

218 294 435 328 sermonibus
460 301 527 321 uon
556 288 775 318 indoctorum
802 281 1004 322 bominum,
1036 284 1191 316 detorse-

219 352 302 378 runt
320 344 360 375 ad
382 340 440 372 lias
459 350 536 370 suas
562 338 783 378 imposturas:
811 333 948 366 iusticia
975 340 1022 365 est
1048 334 1191 365 societas

219 406 295 427 cum
314 392 407 430 Deo,
437 401 514 421 cuin
532 386 749 430 aequalitate.
800 384 1006 416 Societatem
1028 395 1105 415 cum
1117 381 1191 415 Deo

221 441 539 484 iuterpretabantur
561 448 630 468 esse
651 436 728 467 illos
752 434 917 472 adflatus,
942 439 975 465 et
1002 433 1192 477 aequalita-

221 500 287 525 tem
305 491 430 523 deiude
455 487 714 528 intelligebant,
743 496 811 515 nou
835 483 1030 515 ordinatam
1049 484 1121 524 lege
1138 483 1192 514 di-

221 543 300 574 vina
325 540 589 584 aequalitatem,
613 537 670 568 sed
694 534 913 567 confusiones
936 533 1192 575 coniugiorum,

219 591 436 624 Platonicam
462 585 814 621 cumninminationem
846 583 1068 620 facultatum,
1102 583 1194 615 sedi-

221 642 331 674 tiones
349 647 466 672 contra
486 637 710 679 Magistratus
728 641 789 666 etc.

323 691 456 723 Tantos
490 689 625 720 furores
659 685 808 717 extitisse
849 684 918 716 illis
957 681 1194 716 foeliciaribus

221 741 458 784 temporibus,
482 750 559 770 cum
584 734 697 768 adbuc
720 735 895 776 xjiverent,
924 733 983 777 qui
1007 732 1195 776 Apostolos

221 792 429 825 audiverant
445 788 546 834 (nam
556 786 769 830 Polycarpus
783 784 923 816 auditur
937 783 1078 815 loannis
1097 780 1195 824 Apo-

221 842 301 874 stoli
318 835 647 880 viditMartionem)
667 835 719 866 vix
739 834 904 866 credibile
923 839 1026 873 esset,
1048 832 1115 864 nisi
1135 830 1195 863 lias

220 890 385 924 historias
405 888 587 921 recitarent
601 885 786 927 scriptores
804 884 899 926 digni
920 884 996 920 fide,
1024 882 1196 920 Clemens,

220 941 398 977 Iustinus,
433 934 654 981 Epiphanius
679 942 710 967 et
733 934 804 968 alii.
871 934 938 966 Sed
973 930 1060 976 proli
1095 932 1195 963 dolor

220 990 329 1024 multa
347 988 473 1021 similia
491 986 643 1029 exempla
663 985 749 1016 vidit
769 990 883 1016 nostra
902 990 1003 1015 aetas.
1045 981 1197 1025 Aliquo-

221 1041 286 1073 ties
305 1053 323 1073 a
341 1039 470 1072 talibus
487 1036 736 1080 impostoribus
756 1034 840 1066 salso
858 1040 1033 1075 praetextu
1053 1031 1195 1072 religio-

221 1091 278 1123 nis
298 1097 412 1123 motae
438 1094 517 1121 sunt
541 1086 746 1125 seditiones,
783 1090 815 1117 et
842 1084 982 1116 suerunt
1005 1083 1196 1114 multorum

222 1141 345 1183 tragici
377 1139 499 1172 exitus.
563 1136 708 1169 Necesse
733 1141 782 1168 est
804 1134 910 1175 igitur
936 1145 1035 1176 saepe
1061 1131 1197 1164 moneri

220 1191 380 1223 iuniores
399 1191 442 1222 de
461 1187 532 1221 suis
548 1194 578 1219 et
597 1185 746 1229 publicis
761 1184 935 1228 periculis.

322 1239 481 1272 Primum
510 1237 616 1280 igitur
641 1242 827 1278 agnoscant
855 1241 997 1267 naturae
1026 1230 1198 1265 humanae

222 1290 515 1328 imbecillitatem,
541 1287 668 1319 deinde
692 1292 725 1318 et
751 1285 971 1316 diabolorum
998 1283 1142 1315 insidias
1167 1288 1199 1313 et

222 1340 367 1373 rabiem.
417 1338 548 1370 Natura
569 1334 752 1366 hominum
771 1346 831 1374 per
847 1345 919 1363 sese
940 1333 1125 1373 impatiens
1150 1337 1200 1360 est

221 1390 330 1429 freni,
362 1394 401 1421 ut
424 1385 627 1419 mollissime
652 1383 781 1422 dicam,
816 1387 848 1414 et
872 1380 1001 1422 singuli
1023 1391 1084 1411 nos
1107 1378 1199 1421 ipsos

221 1450 394 1478 amamus,
422 1436 523 1469 nobis
537 1433 759 1472 blandimur,
787 1443 857 1463 non
878 1431 1011 1463 duriter
1027 1439 1198 1472 repugna-

223 1501 302 1522 mus
324 1487 452 1521 nostris
479 1483 751 1528 cupiditatibus,
795 1489 827 1515 et
855 1491 954 1522 aegre
978 1480 1122 1511 serimus
1144 1488 1199 1510 eas

223 1537 412 1573 coherceri.
471 1535 538 1568 Hic
563 1539 706 1566 naturae
731 1531 873 1564 morbus
897 1542 974 1562 cnm
998 1541 1069 1561 non
1088 1527 1199 1570 repri-

222 1589 334 1622 mitur
354 1585 555 1629 disciplina,
581 1589 614 1615 et
637 1594 713 1615 cum
738 1582 773 1615 fit
797 1579 1032 1620 contumacia,
1067 1577 1197 1610 diaboli

223 1644 397 1682 occupant
415 1636 538 1670 talium
561 1631 745 1665 hominum
774 1631 961 1673 impiorum
987 1636 1019 1662 et
1039 1628 1199 1671 petulan-

219 1689 313 1722 ‘tium
330 1694 485 1731 pectora,
513 1682 743 1716 reverentiam
762 1681 920 1713 omnium
938 1679 1051 1721 legum
1073 1678 1121 1710 eis
1142 1689 1199 1710 ex-

223 1738 382 1778 cutiunt,
431 1742 464 1769 et
495 1733 703 1767 confirmant
733 1731 867 1764 ordinis
897 1735 1133 1772 contemptum
1167 1733 1201 1760 et

224 1788 388 1821 licentiae
406 1796 577 1823 amorem,
603 1789 637 1816 et
653 1782 734 1814 odio
751 1780 816 1814 Dei
836 1787 869 1814 et
882 1778 1056 1813 Ecclesiae
1076 1777 1200 1821 impel-

178 1877 182 1879 μ
224 1839 305 1871 lunt
328 1837 415 1870 alios
437 1837 479 1868 ad
507 1833 693 1867 seditiones
717 1831 924 1869 movendas,
957 1830 1044 1861 alios
1073 1828 1114 1860 ad
1139 1828 1201 1860 ab-

173 1922 175 1926 ,
226 1888 331 1921 surda
356 1893 389 1920 et
412 1884 606 1929 perniciosa
629 1883 788 1924 dogmata
814 1880 1024 1923 spargenda,
1054 1885 1094 1911 nt
1117 1878 1201 1910 fiant

171 1941 187 1965 ⁸<
225 1938 376 1971 maiores
401 1934 665 1969 dilacerationes
685 1932 820 1975 generis
837 1929 1002 1969 humani,
1025 1929 1145 1961 caedes
1168 1934 1201 1960 et

180 2013 194 2024 ,.
224 1987 453 2026 vastationes,
480 1992 511 2018 et
530 1991 568 2017 ut
585 1984 682 2016 Deus
700 1980 921 2015 contumeliis
940 1979 1131 2012 adficiatur.

326 2036 416 2071 Cum
434 2035 540 2078 igitur
556 2032 785 2066 certissimum
805 2031 867 2071 sit,
893 2028 955 2062 bos
974 2035 1088 2062 tantos
1103 2029 1199 2061 suro-

188 2089 191 2094 ’
222 2099 279 2122 :res
296 2087 333 2120 in
347 2085 528 2120 haereticis
546 2091 578 2118 et
595 2082 767 2116 seditiosis
789 2079 993 2114 hominibus
1017 2092 1034 2112 a
1057 2079 1199 2111 diabolo

223 2138 331 2176 oriri,
358 2137 509 2181 primum
529 2146 608 2167 vera
634 2131 791 2165 doctrina
817 2130 986 2163 divinitus
1008 2129 1133 2162 tradita
1158 2130 1200 2161 de

225 2187 370 2231 politico
391 2186 514 2219 ordine
541 2192 571 2218 et
599 2182 806 2226 cogitatione
828 2182 871 2213 de
892 2180 1049 2213 fontibus
1075 2179 1200 2221 legum,

222 2236 409 2270 muniendi
431 2243 512 2269 sunt
536 2234 664 2274 animi,
700 2239 730 2265 et
750 2231 954 2264 discendum
979 2236 1047 2270 est,
1089 2229 1198 2271 legem

189 2300 193 2315 -·
224 2299 296 2320 esse
313 2285 379 2319 Dei
394 2285 619 2328 sapientiam,
655 2290 687 2316 et
710 2283 745 2315 in
770 2282 845 2326 ipso
863 2279 1037 2322 Decalogo
1062 2291 1197 2322 expres-

186 2380 189 2384 ,
222 2350 317 2376 sam,
344 2343 377 2369 et
395 2347 494 2378 saepe
514 2335 694 2377 repetitam
719 2332 914 2365 illustribus
933 2329 1138 2363 testimoniis
1160 2330 1195 2362 in

220 2386 376 2424 Ecclesia
389 2412 398 2426 ,
424 2392 456 2418 et
475 2385 614 2417 insitam
632 2396 649 2415 a
665 2382 738 2415 Deo
756 2380 918 2415 humanis
937 2380 1130 2419 mentibus,
1158 2387 1195 2413 ut

218 2443 364 2476 testetur
379 2447 451 2468 esse
468 2435 596 2474 Deum,
624 2445 661 2466 ac
678 2433 835 2465 ostendat
852 2431 963 2476 qualis
981 2430 1043 2470 sit,
1070 2430 1195 2461 videli-

184 2488 192 2511 f
218 2494 271 2525 eet.
289 2487 443 2529 sapiens,
469 2497 583 2523 verax,
609 2484 790 2522 beneficus,
818 2483 939 2521 iustus,
966 2487 1088 2519 castus,
1115 2480 1193 2510 viu-

180 2535 184 2548 ἶ
217 2545 282 2575 dex
305 2537 483 2570 scelernm.
536 2534 606 2567 Nec
630 2534 724 2567 aliud
748 2540 797 2565 est
822 2533 857 2564 in
884 2539 954 2564 tota
981 2530 1103 2563 mundi
1129 2542 1192 2562 na-

217 2600 291 2627 mra
318 2587 486 2618 illustrius
510 2584 747 2618 testimonium
773 2584 814 2614 de
829 2581 922 2620 Deo,
951 2593 1053 2626 quam
1072 2577 1108 2612 hi
1136 2592 1190 2612 ra-

779 98 937 135 DECL.
977 97 1051 133 DE
1090 96 1328 133 HIERON.
1364 94 1638 132 SCHURFF.

2160 98 2208 133 88

1239 189 1385 215 strantes
1402 182 1536 220 Deum,
1567 188 1598 214 et
1619 181 1853 215 discernentes
1873 179 2019 215 honesta
2037 188 2070 214 ct
2088 182 2214 226 turpia,

1240 240 1271 265 et
1289 232 1325 265 in
1343 231 1508 264 cordibus
1526 231 1637 271 dolor,
1663 239 1823 264 executor
1839 232 2019 271 scelerum,
2047 239 2214 276 tanquam

1241 283 1391 314 carnifex
1410 291 1500 312 ream
1519 286 1676 312 naturam
1695 282 1887 316 destruens.
1940 280 2035 314 Haec
2052 294 2123 314 non
2144 294 2215 315 esse

1241 344 1319 364 casu
1340 332 1383 363 ita
1402 336 1480 361 nata
1497 329 1719 362 manifestum
1741 339 1800 365 est.

1341 379 1429 413 Cum
1458 379 1563 421 igitur
1584 379 1618 410 in
1643 379 1724 421 ipsis
1747 381 1881 423 legibus
1896 380 2008 415 Deum
2026 392 2218 422 cernamus,

1243 442 1449 463 veneremur
1478 437 1653 469 autorem,
1699 436 1732 461 et
1762 431 1894 471 legibus
1930 438 2071 475 propter
2103 430 2218 465 Deum

1244 482 1482 523 obtemperare
1517 481 1726 513 studeamus.
1795 478 1931 513 Deinde
1968 489 2000 514 et
2035 493 2219 525 precemur

1245 532 1376 569 Deum,
1418 535 1455 561 nt
1488 529 1666 561 confirmet
1693 527 1828 561 animos
1861 537 2015 569 nostros,
2059 539 2098 565 ut
2128 530 2219 564 banc

1245 582 1356 613 lucem
1383 580 1573 619 intuentes,
1611 591 1836 621 agnoscamus
1861 580 1934 613 eius
1961 582 2164 625 sapientiam
2189 589 2221 616 et

1246 630 1435 668 iusticiam,
1464 636 1495 661 et
1514 629 1578 671 ipsi
1603 629 1805 661 obediamus
1833 637 1865 664 et
1892 643 1970 664 eum
1998 632 2222 672 celebremus,

1246 693 1308 712 nec
1331 680 1422 712 sinat
1442 690 1504 710 nos
1524 678 1624 711 sai-iis
1641 679 1823 711 diabolicis
1841 680 1971 726 impelli
1992 690 2110 716 contra
2132 682 2222 724 leges

1247 738 1280 764 et
1298 728 1482 762 honestum
1501 729 1660 761 ordinem
1679 729 1722 761 ab
1739 729 1813 772 ipso
1831 733 2023 766 conditum.
2077 730 2222 764 Mox-ea-

1247 792 1326 812 mur
1342 786 1373 813 et
1401 779 1538 822 poenis,
1564 791 1651 823 quae
1674 780 1799 813 ordine
1822 782 1991 815 divinitus
2015 782 2146 815 sancito
2170 793 2223 814 se-

1248 837 1406 875 quuntur
1433 829 1707 870 contumaciam,
1735 837 1774 863 ut
1798 831 1890 864 filius
1904 832 1969 865 Dei
1992 832 2122 876 inquit:
2152 831 2222 873 Qui

1248 881 1401 922 gladium
1420 879 1606 922 acceperit,
1634 880 1749 922 gladio
1769 881 1906 924 peribit.
1959 881 2004 915 Et
2019 883 2062 914 (le
2084 882 2223 914 incestis

1248 930 1456 962 libidinibus
1476 929 1590 974 iuquit
1608 942 1673 962 vox
1692 930 1830 963 divina:
1859 928 1987 964 Omnis
2005 932 2120 964 anima
2135 943 2222 975 quae

1248 981 1366 1014 fecerit
1382 978 1443 1013 lias
1459 980 1758 1019 abominationes,
1784 981 1913 1024 peribit
1934 982 1976 1013 de
1997 981 2127 1024 populo
2148 992 2223 1015 suo.

1248 1029 1336 1064 Cum
1356 1031 1462 1073 igitur
1480 1030 1708 1063 certissimum
1725 1030 1786 1070 sit,
1812 1030 1929 1063 omnia
1952 1031 2080 1064 atrocia
2098 1031 2224 1064 scelera

1249 1081 1407 1114 comitari
1432 1092 1579 1125 poenas,
1602 1080 1823 1113 manifestum
1848 1087 1917 1120 est,
1950 1078 2043 1114 hunc
2064 1081 2225 1113 ordinem

1249 1132 1370 1163 divino
1395 1130 1541 1164 consilio
1568 1130 1639 1171 regi
1661 1137 1693 1163 et
1715 1131 1924 1164 conservari.
1978 1129 2036 1163 Sic
2058 1137 2224 1174 perpetua

1250 1181 1464 1224 experientia
1488 1181 1590 1212 etiam
1614 1179 1768 1212 iudicare
1792 1181 1922 1222 co‘e'git,
1950 1187 1981 1213 et
1997 1181 2148 1213 ostendit
2167 1191 2225 1212 ve-

1250 1238 1303 1264 tus
1320 1232 1466 1264 dictum:
1496 1229 1618 1263 Cernit
1634 1228 1727 1262 Deus
1743 1230 1861 1262 omnia
1881 1230 2019 1266 vindex.

1351 1280 1424 1313 llas
1457 1279 1715 1312 admonitiones
1750 1291 1848 1322 saepe
1883 1280 2091 1322 repetimus,
2139 1279 2222 1324 quia

1249 1329 1344 1360 Deus
1370 1330 1441 1360 vult
1468 1340 1531 1360 nos
1556 1325 1647 1359 hauc
1670 1338 1768 1359 suam
1791 1328 1985 1359 doctrinam
2017 1339 2156 1369 sonare,
2194 1336 2227 1362 et

1251 1378 1349 1409 vobis
1366 1378 1592 1410 utilissimum
1619 1382 1686 1415 est,
1711 1377 1753 1408 de
1778 1377 1881 1408 rebus
1905 1377 2010 1409 tantis
2032 1385 2121 1411 recte
2145 1390 2226 1411 eru-

1249 1427 1332 1460 diri.
1367 1427 1418 1460 Ac
1428 1426 1541 1459 Deum
1559 1437 1758 1468 precamur,
1787 1432 1825 1458 ut
1844 1426 1881 1457 in
1899 1427 2090 1459 multorum
2108 1434 2226 1470 pecto-

1249 1477 1345 1509 ribus
1363 1477 1528 1508 accendat
1551 1475 1684 1514 lucem,
1711 1487 1778 1519 qua
1802 1475 1873 1518 ipse
1896 1483 1986 1508 recte
2009 1485 2226 1519 agnoscatur,

1249 1533 1283 1559 et
1314 1526 1483 1570 sapientia
1515 1524 1589 1558 eius
1618 1531 1810 1558 monstrata
1840 1525 1876 1558 in
1903 1525 2038 1568 legibus
2066 1528 2225 1560 conside-

1249 1584 1354 1611 retur.

1348 1626 1493 1668 Semper
1515 1631 1628 1658 autem
1653 1624 1689 1657 in
1715 1624 1870 1668 imperiis
1893 1626 2117 1660 mediocriter
2139 1640 2225 1661 con-

1249 1676 1378 1709 stitutis
1402 1675 1484 1708 certi
1510 1676 1653 1708 suerunt
1675 1675 1791 1718 legum
1815 1677 1992 1717 custodes,
2020 1684 2057 1710 ut
2076 1676 2225 1711 Athenis

1249 1733 1348 1759 erant
1372 1721 1658 1770 Ᾱόλιιυᾳύλακες,
1691 1725 1736 1758 ita
1759 1722 1825 1758 hoc
1846 1732 1999 1769 tempore
2022 1727 2058 1760 in
2081 1726 2224 1772 Europa

1249 1783 1330 1809 sunt
1356 1776 1447 1809 Iuris
1468 1774 1651 1815 Doctores,
1686 1776 1745 1820 qui
1769 1775 1921 1818 profecto
1946 1789 2109 1820 magnum
2135 1791 2225 1812 onus

1251 1827 1285 1858 in
1303 1825 1498 1869 Republica
1519 1826 1701 1860 sustinent.
1752 1824 1799 1857 Ili
1824 1827 2076 1861 controversias
2099 1829 2225 1861 diffici-

1250 1877 1350 1909 limas
1376 1877 1411 1908 in
1434 1877 1510 1908 soro
1534 1875 1750 1916 diiudicant,
1791 1873 1826 1908 hi
1854 1883 1975 1919 regunt
2004 1878 2223 1920 gravissimas

1250 1926 1519 1960 deliberationes
1546 1926 1580 1957 in
1612 1926 1726 1963 curia,
1751 1927 1794 1958 de
1817 1926 1909 1959 bello
1934 1933 1965 1960 et
1989 1929 2032 1960 de
2057 1940 2158 1971 pace,
2185 1941 2223 1962 ac

1251 1977 1441 2020 plurimum
1466 1975 1567 2008 refert
1591 1974 1837 2019 Reipublicae,
1862 1976 1898 2008 in
1922 1973 1987 2010 ltoc
2012 1979 2135 2011 ordine
2161 1990 2225 2022 gu-

1250 2029 1452 2060 bernatores
1480 2025 1707 2059 consiliorum
1745 2038 1817 2058 csse
1848 2026 1941 2059 viros
1970 2035 2060 2062 recte
2092 2030 2224 2071 doctos,

1250 2078 1370 2117 iustos,
1391 2074 1684 2115 timentcsDcum,
1711 2076 1883 2120 sapientes
1897 2083 1931 2110 et
1948 2078 2040 2122 pacis
2058 2087 2223 2121 amantes,

1250 2135 1282 2160 et
1307 2139 1454 2172 quorum
1480 2126 1666 2159 sententias
1691 2134 1822 2160 certum
1848 2127 1891 2160 sit
1916 2140 1955 2160 ex
1987 2128 2076 2161 veris
2106 2129 2221 2172 legum

1249 2179 1404 2210 sontibus
1422 2183 1575 2219 sumptas
1591 2188 1673 2209 esse.
1725 2176 1828 2210 Tales
1847 2175 2030 2210 habuimus
2047 2190 2164 2212 recens
2183 2180 2219 2212 in

1249 2227 1312 2261 liac
1331 2227 1470 2270 regione
1486 2228 1573 2259 duos
1590 2226 1682 2260 viros
1700 2227 1901 2260 excellentes
1918 2228 2125 2270 eruditione,
2149 2230 2221 2262 vir-

1248 2286 1340 2315 tute,
1373 2277 1561 2319 sapientia,
1594 2275 1779 2310 Doctorem
1797 2276 2052 2321 Hieronymum
2074 2277 2219 2313 Schurs-

1246 2330 1330 2362 sium
1358 2335 1390 2361 et
1407 2327 1592 2361 Doctorem
1614 2327 1831 2360 Ludovicum
1860 2325 2064 2369 Fachsium,
2101 2331 2160 2374 qui
2187 2337 2220 2365 et

1246 2379 1384 2412 oracula
1415 2379 1557 2411 suerunt
1589 2377 1625 2409 in
1655 2377 1856 2410 difficilimis
1881 2379 2145 2421 controversiis,
2184 2387 2220 2414 et

1245 2430 1402 2462 docendo
1422 2428 1536 2471 legum
1554 2428 1748 2461 doctrinam
1767 2428 1808 2460 ad
1835 2429 2068 2471 posteritatem
2091 2442 2218 2475 propa-

1244 2486 1422 2522 gaverunt.

1345 2529 1493 2562 Talibus
1515 2528 1598 2561 viris
1624 2540 1700 2561 cum
1723 2528 1843 2562 orbata
1869 2529 1912 2562 sit
1927 2528 2157 2574 Respublica,
2184 2537 2217 2565 et

1242 2591 1319 2612 cum
1345 2592 1406 2612 nos
1440 2579 1504 2622 ipsi
1531 2578 1813 2621 praeceptoribus
1835 2580 1937 2612 tantis
1958 2580 2069 2613 orbati
2098 2581 2217 2618 simus,

213 2644 261 2678 (lii
279 2637 465 2681 sapientiae
483 2636 622 2668 divinae
637 2635 673 2667 in
690 2633 864 2666 mentibus
882 2630 1059 2674 bumaniS,
1087 2643 1187 2664 mon-
1212 2654 1215 2675 1
1239 2642 1375 2673 graxein
1397 2641 1532 2663 causam
1555 2628 1686 2661 doloris
1715 2626 1892 2664 habemus.
1944 2630 2012 2663 Sed
2041 2630 2121 2675 quia
2140 2629 2214 2664 Deo
