2324 2955
191 126 261 166 851

197 220 320 252 Oratio
342 217 387 250 de
409 213 629 257 Gregorio
654 211 882 249 Pontum),
919 208 1028 241 Doct.
1053 209 1172 248 Iuris,

195 266 580 304 Cancellariovmnam
590 261 784 294 Samoniae
794 259 1022 298 Electorunz,
1045 257 1173 291 habita
1200 270 1201 280 1

194 333 215 354 α
247 322 326 354 l'ito
350 312 570 349 Winshemio
589 312 748 352 seniore,
775 312 868 343 artis
884 309 1050 343 'medicae
1068 311 1175 343 Doct.
1201 328 1203 334 ι

195 377 229 405 e!
250 377 412 415 φασι-(ιε
428 366 580 409 linguae
598 359 777 405 Profe-ss,
808 371 891 394 cum
909 360 1177 393 decerneretur

196 420 338 468 yrmlus·
350 417 522 450 Doctoris
539 415 635 447 artis
652 411 980 455 medicaec'aspa
994 422 1040 444 ro
1059 414 1115 445 Pe
1127 422 1149 444 ιι
1161 430 1178 434 -

365 478 491 509 cero,
526 463 750 504 Budtssino,
779 462 839 498 30.
858 465 1015 497 Ianuar.

197 550 250 589 Et
281 551 524 598 providentiae
558 548 700 582 divinae
733 546 931 581 testimonia
960 545 1112 590 plurima
1143 544 1179 576 in

198 604 431 638 medicatione
449 600 606 646 quotidie
633 598 828 637 cernimus,
855 609 934 629 cum
959 597 1120 629 ordinem
1144 595 1180 626 in

199 668 316 690 rerum
342 661 485 694 natura,
513 646 749 695 συμπαθείας
769 656 801 682 01
826 644 1071 684 ἀντιπαθείας
1094 657 1179 678 000-

200 706 431 750 templamur,
458 710 490 736 et
507 702 612 735 simul
630 701 806 743 ingentem
825 697 1010 731 hominum
1030 696 1179 729 iufirmi—

200 765 306 792 tatem
322 757 360 788 in
379 754 511 788 morbis
526 765 599 786 non
614 752 688 785 sine
706 762 830 793 magno
848 749 969 782 dolore
987 747 1184 791 aspicimus.

200 808 301 841 Hanc
325 804 429 839 liabet
450 805 606 836 medicus
629 802 804 835 assiduam
830 798 985 833 scholam
1019 797 1184 830 monitri—

202 870 275 892 cem
302 859 344 890 de
373 855 597 888 invocatione
614 853 690 886 Dei.
745 851 851 894 Quod
878 851 985 894 igitur
1009 861 1110 892 saepe
1129 848 1185 880 in-

200 918 300 944 tuens
321 913 478 950 aegrotos
496 905 586 937 veris
602 902 789 947 gemitibus
808 908 904 947 peto,
931 907 970 933 ut
986 900 1083 933 Deus
1101 911 1186 932 con—

202 961 297 994 ditor
325 957 462 1001 generis
494 954 641 989 humaui
673 954 776 986 uobis
809 964 910 996 opem
934 952 1041 990 ferat,
1078 950 1187 982 leniat

201 1021 408 1048 aerumnas,
433 1014 467 1040 et
485 1013 596 1039 servet
613 1004 749 1048 aliquos
767 1002 931 1036 1101105105
955 1008 987 1034 01
1016 1002 1090 1044 pios
1108 1012 1187 1033 coe-

718 120 873 156 DECL.
918 118 990 154 DE
1025 118 1345 156 GREGORIO
1384 118 1677 158 PONTANO.

202 1069 277 1101 tus,
304 1061 397 1093 idem
423 1070 518 1091 nunc
542 1067 682 1101 quoque
709 1067 850 1098 precor,
875 1061 914 1087 ut
939 1050 1029 1084 lianc
1051 1050 1188 1084 Acade-

202 1112 328 1151 miam,
356 1121 444 1154 quae
469 1121 487 1141 a
513 1108 627 1151 palam
655 1103 785 1145 atheis,
812 1112 844 1137 et
869 1117 886 1137 a
911 1103 1071 1135 fanaticis
1094 1102 1189 1133 varie

203 1168 447 1206 oppugnatur,
482 1159 670 1191 clementer
694 1157 865 1198 gubernet
889 1161 921 1186 et
945 1159 1120 1197 protegat,
1156 1157 1191 1184 et

203 1213 277 1247 Deo
302 1211 429 1255 gratias
450 1221 533 1252 ago,
568 1208 662 1253 quod
686 1204 854 1240 hactenus
877 1217 951 1238 eam
978 1210 1100 1236 contra
1124 1200 1190 1234 110-

204 1264 311 1297 5111110
331 1262 461 1295 rabiem
478 1259 648 1292 defendit.

304 1320 394 1354 Cum
424 1326 545 1352 autem
580 1318 738 1350 dicturus
765 1316 801 1347 in
824 1312 891 1347 1100
914 1315 990 1346 1000
1022 1314 1064 1344 (10
1088 1323 1191 1353 argu-

205 1379 325 1406 mento
344 1370 597 1407 deliberarem,
623 1373 657 1400 et
674 1364 740 1398 hoc
760 1366 836 1407 ipso
856 1372 1012 1407 tempore
1031 1374 1131 1405 saepe
1148 1361 1190 1393 ad

205 1424 459 1457 adolescentem
487 1419 598 1451 filium
627 1417 693 1449 viri
709 1415 894 1448 clarissimi
915 1413 1079 1456 Gregorii
1097 1411 1193 1444 Pon-

208 1474 281 1508 tani
301 1469 547 1505 medicationis
565 1479 666 1500 causa
683 1467 892 1504 accederem,
921 1464 1001 1508 quia
1023 1462 1132 1495 multa
1151 1462 1193 1493 de

208 1524 316 1569 patris
337 1522 466 1554 virtute
483 1526 518 1552 et
534 1518 668 1550 meritis
685 1516 879 1557 cogitabam
892 1539 900 1551 ‚
928 1526 999 1545 11011
1018 1512 1115 1545 aliud
1132 1523 1192 1542 ar·—

209 1579 412 1619 gumentum
430 1569 541 1614 ipsius
559 1566 725 1600 historiae
741 1565 1005 1598 anteferendum
1025 1574 1095 1595 esse
1113 1573 1194 1593 cen-

206 1625 272 1659 sui.
328 1622 477 1655 Prodest
493 1619 587 1652 enim
603 1617 756 1662 publice,
780 1616 869 1649 tanti
885 1615 964 1655 viri,
991 1614 1090 1646 cuius
1109 1624 1193 1644 con—

209 1675 291 1709 silio
311 1685 364 1706 res
382 1671 572 1708 maximae,
598 1681 686 1713 quae
704 1668 741 1699 111
766 1673 921 1699 nostram
941 1672 1085 1698 aetatem
1103 1662 1194 1695 inci-

207 1728 356 1764 derunt,
384 1723 597 1765 gubernatae
615 1726 716 1758 sunt,
745 1717 899 1761 exempla
918 1723 999 1748 nota
1017 1726 1101 1748 esse.
1149 1711 1195 1745 Et

210 1788 290 1810 01110
314 1786 387 1807 000
415 1773 527 1806 solum
551 1769 657 1803 huius
681 1769 823 1812 oppidi,
849 1767 1058 1800 Academiae
1076 1771 1108 1797 et
1126 1762 1195 1797 Ec—

208 1827 332 1860 clesiae
353 1824 438 1857 civis
453 1822 580 1862 suerit,
604 1821 663 1854 sed
683 1820 786 1853 etiam
805 1819 912 1851 multa
931 1816 1097 1850 beneficia
1113 1812 1196 1846 huic

208 1877 340 1921 oppido
352 1903 361 1916 ,
388 1872 597 1907 Academiae
615 1878 648 1905 et
664 1869 840 1904 Ecclesiae
855 1868 1037 1906 tribuerit,
1066 1866 1196 1898 iustum

209 1935 276 1968 est,
305 1932 439 1969 gratam
456 1925 499 1956 de
522 1923 597 1966 ipso
617 1920 984 1955 commemorationem
1007 1916 1147 1961 publice
1166 1922 1198 1948 et

210 1977 374 2023 privatim
398 1977 520 2008 facere.
573 1972 733 2016 Cumque
761 1970 932 2013 singulari
956 1966 1198 2001 benevolentia

207 2030 342 2062 multos
359 2038 398 2059 ex
415 2025 519 2058 nobis
535 2023 699 2068 privatim
716 2021 916 2065 complexus
937 2020 999 2059 sit,
1026 2016 1092 2051 1100
1107 2029 1198 2062 quo-

208 2092 275 2124 que
303 2080 416 2117 decet,
440 2075 692 2119 gratitudinem
711 2084 775 2106 suo
790 2072 866 2105 loco
887 2071 1083 2104 ostendere.

312 2136 387 2179 Ego
404 2147 501 2169 nunc
517 2132 700 2167 historiam
719 2131 794 2164 eius
818 2130 991 2170 recitabo,
1018 2140 1123 2173 quam
1141 2139 1199 2160 ex-

216 2196 287 2221 tare
307 2189 348 2220 ad
368 2198 508 2219 omnem
526 2184 764 2229 posteritatem
782 2181 868 2214 utile
894 2188 963 2220 est,
991 2192 1071 2219 nec,
1098 2185 1136 2211 ut
1163 2178 1200 2210 fit

218 2240 253 2271 iu
272 2237 505 2281 panegyricis,
524 2235 680 2269 attollam
698 2244 752 2266 res
769 2243 894 2276 parvas
911 2231 947 2263 in
964 2230 1087 2269 maius,
1105 2229 1200 2273 quod

216 2295 358 2333 propter
384 2287 515 2329 ingenii
538 2284 812 2318 imbecillitatem
845 2294 917 2314 0011
949 2292 1107 2325 possum,
1140 2280 1197 2311 sed

217 2351 271 2372 res
290 2339 400 2382 ipsaS,
426 2349 572 2381 quarum
601 2334 797 2378 amplitudo
815 2340 847 2366 et
870 2332 1037 2376 splendor
1061 2337 1201 2373 superat

219 2391 322 2423 ctiam
348 2387 587 2431 eloquentium
610 2385 829 2422 facultatem,
864 2383 976 2415 nudas
1000 2388 1033 2415 et
1048 2380 1201 2413 breviter

219 2450 400 2483 exponam.
452 2435 541 2469 Nam
567 2443 599 2468 et
623 2434 708 2468 haec
745 2434 998 2479 qualiscunque
1031 2431 1200 2475 expositio

217 2489 372 2523 ostendit
394 2499 473 2520 eum
496 2487 600 2518 fuisse
626 2487 895 2528 gubernatorem
918 2484 1104 2517 salutarem
1131 2480 1200 2514 Ec-

216 2540 338 2574 clesiae
356 2545 388 2571 et
406 2537 550 2581 patriae,
578 2537 688 2569 donec
707 2535 778 2579 ipse
793 2535 936 2580 quidem
954 2533 1049 2566 velut
1065 2532 1101 2565 in
1119 2532 1200 2564 navi

218 2592 354 2624 clavum
372 2588 496 2622 tenuit.
549 2585 604 2619 Ad
622 2583 687 2618 1100
706 2597 792 2628 opus
810 2585 1035 2629 praecipuum
1053 2583 1088 2615 in
1106 2594 1202 2615 com-

219 2640 320 2674 muni
344 2639 507 2672 societate
532 2634 656 2669 babuit
679 2635 858 2668 Pontanus
883 2648 955 2668 nou
980 2635 1039 2667 illa
1064 2640 1199 2667 tantum

221 2693 475 2730 iustrumenta,
499 2699 586 2733 quae
603 2685 755 2719 Pericles
773 2686 943 2730 requirit,
971 2681 1119 2719 σύνεσιν
1136 2696 1201 2718 πο-

2134 121 2209 157 352

1228 204 1366 251 tamisis
1397 202 1460 239 καὶ
1491 202 1656 251 δύναμιν
1687 204 1970 253 ἑρμηνευτικὴν,
2011 207 2069 240 5οᾶ
2103 207 2207 241 etiam

1230 258 1300 290 veri
1327 256 1390 289 Dei
1414 256 1689 296 invocationem,
1725 258 1880 290 veritatis
1912 269 2090 298 amorem,
2123 270 2208 291 con-

1228 308 1391 341 stantiam
1415 307 1452 338 in
1476 307 1567 339 veris
1590 308 1788 348 sententiis,
1815 308 2007 350 iusticiam,
2036 307 2106 340 irae
2131 320 2209 341 mo-

1231 358 1469 398 derationem,
1494 359 1701 398 candorem,
1724 366 1758 391 et
1775 366 1923 392 caeteras
1941 359 2097 399 virtuteS,
2123 370 2210 402 quae

1231 417 1309 442 suut
1331 408 1531 442 testimonia
1549 408 1761 452 praesentiae
1780 408 1866 449 Dei,
1889 417 1921 443 et
1944 409 2072 454 quibus
2088 420 2212 442 secun-

1231 462 1294 493 dos
1310 465 1454 492 eventus
1471 460 1594 492 tribuit
1607 458 1712 492 Deus.
1768 458 1926 492 Primum
1944 467 2058 493 autem
2077 460 2120 492 de
2137 466 2211 492 stu-

1232 512 1299 544 diis
1315 518 1347 543 et
1366 510 1538 555 tyrocinio
1558 510 1631 542 eius
1648 510 1780 549 dicam,
1808 510 1889 554 quia
1914 522 2050 543 necesse
2073 517 2122 543 est
2147 511 2213 543 do-

1233 562 1343 596 ctrina
1363 561 1516 593 excultos
1535 573 1606 593 esse
1622 573 1698 601 eos,
1724 561 1785 605 qui
1805 560 1951 593 consilia
1976 561 2013 592 in
2031 561 2107 594 foro
2125 567 2158 594 et
2175 561 2213 593 in

1233 613 1329 646 curia
1353 612 1561 654 gubernant.

1335 662 1443 695 Natus
1473 669 1523 695 est
1549 661 1744 705 Gregorius
1777 660 1959 694 Pontanus
1991 672 2030 693 ex
2059 657 2216 694 honestis

1236 713 1438 758 parentibus
1463 713 1499 745 in
1532 714 1663 756 oppido
1690 713 1807 745 vicino
1832 711 2084 754 W⁷itebergae‚
2118 711 2174 744 cui
2198 723 2217 743 a

1237 765 1347 798 Ponte
1374 776 1501 796 11001011
1530 770 1599 803 051,
1623 764 1684 796 ubi
1714 770 1747 796 et
1771 769 1867 806 pater
1898 763 1958 795 diu
1992 761 2219 806 praecipuum

1238 816 1476 857 magistratum
1503 815 1621 855 gessit,
1657 815 1717 858 qui
1742 820 1859 857 postea
1888 820 2003 846 tamen
2028 824 2132 845 senex
2162 809 2219 845 1110

1239 864 1396 898 habitare
1414 866 1549 905 maluit,
1574 872 1611 898 ut
1629 872 1716 898 esset
1734 864 1894 896 assiduus
1909 864 2049 896 auditor
2059 860 2220 900 Lutheri‚

1238 924 1272 949 et
1297 916 1506 958 cogitatione
1530 916 1753 948 dulcissimae
1780 914 1959 947 doctrinae
1991 915 2032 946 de
2057 914 2128 945 filio
2153 912 2219 946 Dei

1240 978 1310 999 sese
1336 966 1593 1006 consolaretur,
1621 973 1654 999 et
1682 967 1724 998 ad
1754 977 1871 998 veram
1903 964 2162 997 invocationem
2187 970 2221 996 et

1240 1017 1510 1049 celebrationem
1529 1017 1592 1050 Dei
1609 1017 1823 1049 accenderet.
1878 1014 2091 1060 Quanquam
2115 1014 2222 1056 igitur

1239 1076 1271 1101 et
1296 1074 1432 1100 senecta
1461 1075 1493 1100 et
1517 1068 1650 1100 morbis
1676 1066 1952 1110 impediebatur,
1981 1073 2095 1098 tamen
2122 1076 2222 1107 saepe

1242 1116 1308 1150 1100
1344 1119 1486 1160 longum
1512 1117 1579 1150 iter
1602 1130 1620 1150 a
1647 1118 1719 1149 suis
1752 1117 1899 1149 aedibus
1931 1117 1973 1148 ad
2007 1115 2223 1148 auditorium

1240 1180 1351 1212 usque
1377 1168 1567 1212 cupiditate
1591 1167 1759 1201 audiendi
1786 1166 2005 1199 Psalmorum
2031 1165 2225 1198 enarratio-

1242 1231 1321 1251 nem
1339 1219 1579 1252 emetiebatur.
1634 1218 1727 1260 Quia
1746 1230 1828 1250 vero
1846 1224 1880 1250 et
1896 1217 1968 1260 ipse
1995 1216 2132 1249 iuvenis
2151 1227 2226 1248 me—

1243 1269 1410 1301 diocriter
1425 1269 1597 1302 didicerat
1614 1269 1714 1301 initia
1736 1268 1988 1307 doctrinarum,
2010 1267 2147 1299 amabat
2163 1267 2228 1298 do-

1243 1319 1392 1357 ctrinas,
1420 1325 1453 1351 et
1478 1330 1557 1350 cum
1582 1329 1654 1350 rem
1672 1317 1882 1350 familiarem
1900 1318 2053 1359 amplam
2073 1314 2228 1355 haberet,

1244 1369 1358 1401 tribus
1382 1368 1463 1401 filiis
1488 1369 1603 1401 studia
1629 1368 1826 1407 distribuit,
1854 1367 1899 1399 ita
1926 1374 1963 1399 ut
1988 1378 2098 1399 unum
2123 1367 2228 1399 vellet

1246 1419 1432 1462 procedere
1451 1419 1487 1450 111
1503 1419 1661 1451 doctrina
1675 1416 1862 1457 Ecclesiae,
1879 1418 2071 1449 secundum
2090 1417 2126 1448 in
2141 1417 2229 1457 iure,

1245 1468 1388 1502 tertium
1414 1469 1450 1500 in
1474 1475 1548 1501 arte
1574 1468 1719 1500 medica.
1772 1466 1912 1499 Horum
1935 1467 2088 1498 filiorum
2113 1467 2229 1499 studia

1245 1519 1452 1562 aliquandiu
1484 1518 1558 1550 seni
1591 1517 1763 1560 voluptati
1795 1518 1957 1554 fuerunt,
2000 1517 2058 1548 sed
2091 1517 2229 1550 duobus

1246 1568 1423 1608 extinctIs,
1450 1567 1662 1610 Gregorius,
1689 1568 1749 1612 qui
1768 1568 1821 1600 ius
1840 1567 1942 1599 civile
1967 1567 2141 1607 discebat,
2167 1579 2226 1600 su-

1246 1626 1375 1663 perstes
1402 1619 1478 1653 fuit.
1533 1618 1599 1652 llic
1624 1619 1777 1662 primum
1800 1618 1837 1650 in
1861 1616 2049 1650 Academia
2074 1616 2230 1650 Franco-

1246 1669 1407 1702 sordiana
1441 1670 1555 1702 virum
1593 1669 1816 1701 excellentem
1855 1668 2054 1700 eruditione
2089 1675 2122 1701 et
2157 1668 2230 1701 elo-

1247 1720 1388 1765 quentia
1415 1720 1603 1753 Doctorem
1627 1719 1923 1761 Plankebergium
1958 1719 2114 1759 audivit,
2159 1731 2229 1763 quo

1249 1779 1422 1814 tempore,
1451 1784 1530 1803 cum
1554 1770 1822 1803 Francosordiae
1840 1769 2030 1802 mediocria
2046 1769 2160 1802 studia
2178 1781 2231 1802 es—

1247 1829 1325 1854 sent
1345 1821 1482 1864 linguae
1498 1821 1660 1861 Latinae,
1696 1821 1769 1864 ipse
1792 1832 1931 1864 quoque
1955 1821 1996 1852 ad
2024 1819 2109 1853 iuris
2131 1820 2233 1853 initia

1249 1872 1407 1904 adiunxit
1424 1872 1584 1905 exercitia
1601 1872 1692 1916 styli,
1716 1871 1856 1914 scripsit
1874 1882 2014 1903 carmen
2032 1878 2063 1904 et
2081 1871 2232 1904 solutam

1250 1923 1465 1960 orationem,
1492 1924 1573 1967 quia
1598 1930 1724 1955 natura
1746 1923 1789 1954 ad
1809 1921 2047 1965 eloquentiam
2065 1928 2097 1954 et
2114 1921 2233 1965 splen-

1250 1974 1370 2006 dorem
1395 1973 1430 2005 in
1454 1974 1603 2006 dicendo
1630 1974 1789 2012 incitata,
1818 1972 1968 2004 lectione
1989 1978 2021 2004 et
2039 1972 2234 2005 imitatione

1252 2024 1433 2056 Ciceronis
1460 2031 1493 2057 et
1515 2024 1654 2066 Virgilii
1679 2023 1929 2057 delectabatur.
1991 2022 2105 2056 Senex
2131 2023 2234 2056 etiam

1252 2075 1406 2114 dicebat,
1446 2087 1481 2107 se
1514 2075 1692 2107 interdum
1718 2073 1860 2117 Virgilii
1891 2085 2031 2106 carmen
2062 2073 2234 2115 legentem

1252 2138 1324 2158 non
1342 2126 1417 2158 siue
1437 2126 1615 2169 voluptate
1633 2126 1801 2168 imagines
1819 2124 2025 2168 Principum
2049 2131 2083 2157 et
2107 2123 2234 2156 veteris

1253 2177 1390 2220 imperii
1415 2177 1564 2209 sormam
1591 2177 1627 2209 in
1653 2188 1691 2209 eo
1720 2175 1960 2218 contemplari.
2020 2173 2096 2207 Etsi
2120 2181 2236 2207 autem

1254 2228 1545 2269 Plankebergium
1563 2235 1704 2271 propter
1718 2226 1953 2271 eloquentiam
1972 2225 2155 2267 diligebat:
2185 2232 2236 2258 ta-

1253 2291 1333 2310 men
1351 2291 1428 2311 cum
1445 2276 1513 2311 11110
1538 2291 1576 2311 ex
1594 2277 1759 2311 Erfordia
1787 2277 1966 2318 migrasset
1984 2275 2118 2308 Doctor
2134 2274 2236 2308 Hen-

1253 2329 1400 2371 ningus,
1427 2329 1518 2362 fama
1537 2328 1794 2367 iurisconsulti,
1820 2328 1862 2358 ad
1880 2338 1982 2371 quem
2003 2337 2126 2359 omnes
2143 2326 2237 2359 diffi-

1253 2380 1408 2412 cillimae
1431 2392 1554 2413 causae
1578 2381 1649 2413 fere
1674 2379 1780 2412 totius
1799 2376 2011 2409 Germaniae
2030 2377 2237 2410 desereban-

1254 2438 1326 2470 tur,
1361 2438 1476 2463 motus
1499 2430 1681 2464 Pontanus
1703 2427 1771 2462 huc
1797 2428 1916 2465 venit,
1957 2440 2030 2461 non
2055 2428 2170 2460 solum
2198 2433 2237 2460 ut

1254 2481 1393 2525 publice
1418 2483 1600 2514 docentem
1623 2480 1779 2518 audiret,
1816 2479 1875 2511 sed
1894 2479 2004 2511 multo
2022 2478 2130 2521 magis
2146 2484 2186 2511 ut
2201 2477 2238 2509 in

1253 2533 1326 2565 eius
1345 2533 1580 2566 familiaritate
1596 2535 1819 2574 cognosceret
1837 2529 1944 2573 ipsius
1960 2529 2109 2569 iudicia,
2132 2535 2166 2562 et
2183 2528 2236 2560 le-

1252 2595 1333 2625 gum
1365 2583 1627 2627 applicationes.
1681 2580 1849 2614 Libenter
1883 2579 2110 2622 Henningus,
2156 2591 2235 2611 cum

1256 2634 1448 2675 ingenium,
1475 2633 1676 2666 aviditatem
1694 2632 1731 2663 in
1749 2632 1927 2671 discendo,
1950 2638 1983 2663 et
2001 2629 2236 2675 eloquentiam

1256 2684 1291 2715 in
1311 2696 1350 2718 eo
1368 2684 1629 2723 considerasset,
1645 2682 1787 2715 admisit
1803 2694 1882 2715 eum
1899 2682 1934 2714 10
1954 2681 2238 2719 familiaritatem,
