2324 2955
176 112 269 151 1059
415 106 621 146 SCRIPTA
646 105 722 140 PH.
748 101 864 139 MEL.
892 101 958 138 AD
985 102 1112 140 HIST.
1136 101 1280 142 PROF.
1304 102 1371 139 ET
1396 100 1585 140 PHILOS.
1613 101 1931 141 SPECTANTIA.
2074 105 2170 140 1060

275 194 438 243 Quintus
465 204 524 226 rex
548 190 865 233 Longobardorum
897 187 990 221 filius
1014 185 1150 231 Egilol-
1173 190 1177 206 ¹
1201 190 1317 222 redem
1334 187 1545 221 Lutbertum
1571 189 1676 222 duces
1700 187 1907 233 Asprandus
1936 195 1971 224 et
1993 187 2176 230 Rhotaris‚

178 248 240 295 phi
259 237 463 284 ΑἱίοαΙόιις,
487 242 547 287 qui
571 240 727 283 regnavit
750 251 828 273 cum
852 245 961 271 matre
983 236 1152 272 Theude-
1174 219 1177 265 l
1204 246 1236 272 et
1254 249 1332 272 cum
1350 249 1514 281 magnum
1532 239 1701 282 praelium
1719 241 1762 272 ad
1780 239 1946 273 Ticinum
1969 239 2098 273 factum
2121 251 2176 273 es-

180 299 296 334 linda,
342 305 430 339 quae
471 301 504 326 et
541 298 686 336 propter
714 289 779 324 filii
817 288 1085 322 adolescentiam
1118 295 1153 322 et
1202 297 1263 329 set,
1278 288 1468 321 Lutbertus
1483 288 1581 331 regni
1596 286 1841 333 baerescaptus
1857 296 1923 330 est,
1949 295 1981 323 et
1996 289 2175 334 aliquanto

178 353 319 393 propter
337 345 422 378 alias
434 353 555 376 causas
570 342 660 374 bella
680 339 816 374 moveri
833 339 955 379 voluit,
981 339 1041 371 sed
1058 350 1152 371 mor·
1175 329 1179 366 ,¹
1203 345 1282 383 post
1307 338 1518 372 interfectus.
1572 338 1726 381 Fugiens
1747 340 1783 372 in
1806 339 1992 373 Bavariam
2017 339 2176 382 Aspran-

177 407 236 432 tua
260 407 299 429 ea
322 394 483 428 Adoaldo
508 391 754 434 Longohardi,
787 389 935 434 pertaesi
956 388 1031 422 eius
1054 388 1153 433 igna-
1176 375 1179 410 Ῑ
1203 390 1269 422 dus
1286 388 1334 421 ibi
1352 400 1463 421 annos
1480 400 1604 421 novem
1622 389 1748 422 exulat.
1802 388 1889 423 Inde
1905 390 2045 424 adiutus
2060 400 2079 422 a
2095 389 2176 422 Dit-

179 447 290 487 viam,
316 456 462 488 regnum
479 443 696 476 ademerunt.
1203 440 1302 472 berto
1327 437 1496 471 Bavarico
1524 439 1612 471 duce
1641 439 1731 472 redit
1756 438 1794 471 in
1818 438 2118 482 Longobardiam,
2145 445 2180 472 et

280 492 415 528 Sextus
431 491 749 535 Longobardorum
765 501 826 524 rex
848 485 1063 523 Arioaldus.
1203 500 1330 532 magno
1360 488 1493 532 praelio
1526 488 1634 521 vincit
1657 495 1846 534 tyrannum
1866 489 2089 528 Aribertum,
2116 489 2177 533 qui

280 543 465 592 Septimus
502 541 820 585 Longobardorum
859 551 920 573 rex
958 535 1155 573 Rotharis.
1177 562 1180 567 ,
1204 539 1242 572 in
1258 539 1338 582 fuga
1355 538 1392 571 in
1409 537 1535 571 Ticino
1555 539 1669 582 periit.

180 596 291 639 Leges
316 595 475 628 condidit
498 591 765 635 Longobardis‚
789 597 822 624 et
845 589 929 623 vicit
953 587 1155 623 Exarchum
1306 586 1467 634 Quintus
1494 585 1650 621 decimus
1682 600 1741 622 rex
1768 585 1988 636 Asprandus
2021 599 2179 622 reversus

184 644 414 679 Theodorum
431 643 611 677 trucidatis
629 648 706 675 octo
723 640 893 682 millibus,
917 648 950 675 et
964 640 1068 674 urbes
1089 639 1155 672 ali·
1205 652 1245 673 ex
1266 638 1415 672 Bavaria
1439 639 1551 672 tenuit
1573 650 1720 682 regnum
1749 645 1818 673 tres
1843 650 1992 680 menses,
2017 639 2180 683 princeps

181 702 268 742 quot
286 707 392 738 regno
408 694 723 736 Longobardorum
747 691 885 725 adiecit.
1205 689 1334 730 iustus,
1360 695 1392 722 et
1408 689 1468 734 qui
1485 688 1522 722 in
1540 690 1647 723 tutela
1663 689 1765 722 fidem
1781 689 2009 734 praestiterat,
2035 689 2180 734 reliquit

283 741 444 778 Octavus
485 756 544 776 rex
579 742 896 785 Longobardorum
927 735 1155 774 Radoaldus
1205 750 1435 773 successorem
1458 738 1705 773 Lutbrandum
1727 739 1861 780 filium,
1887 739 1949 785 qui
1962 739 2107 773 caeteris
2123 750 2179 772 re-

181 795 384 831 interfectus
400 795 437 827 in
453 792 637 826 adulterio.
1205 790 1307 834 gibus
1320 789 1641 832 Longohardorum
1657 790 1823 823 omnibus
1849 790 2063 823 antecelluit.

283 842 417 879 [Venus
443 856 502 876 rex
523 842 837 885 Longobardorum
854 837 1044 873 Aribertus
1063 839 1155 873 filius
1304 837 1509 873 Sedecimus
1545 851 1605 872 rex
1639 839 1956 883 Longobardorum
1987 836 2181 873 Lutbran-

181 895 298 929 fratris
314 893 591 928 Theudelindae.
630 891 722 925 Huic
740 893 810 925 duo
826 891 889 924 filii
904 896 1155 929 successerunt,
1207 887 1275 924 dus
1286 917 1295 931 ,
1321 890 1479 933 regnavit
1495 901 1607 923 annos
1624 890 1756 935 viginti¹
1770 891 1870 925 duos.
1911 889 2016 924 Initia
2032 890 2182 933 gloriosa

183 945 405 980 Godebertus
429 954 577 987 regnans
605 941 740 982 Ticini,
765 948 798 975 et
819 940 998 974 Bertarius
1015 940 1155 974 Medio-—
1206 939 1342 975 habuit.
1371 939 1492 974 Movet
1509 940 1641 973 bellum
1663 938 2049 979 adversusExarchum‚
2065 947 2103 974 ut
2119 940 2180 972 de-

183 996 256 1029 lani
275 1006 442 1038 regnans:
469 1001 545 1027 orta
571 1000 685 1026 autem
712 993 804 1025 iuter
827 992 1062 1024 adolescentes
1082 989 1154 1020 fra-
1205 987 1574 1031 senderetEpiscopos‚
1595 1002 1682 1033 quos
1693 989 1819 1024 Graeci
1834 997 1977 1035 propter
1989 991 2183 1034 εἶκονομα-

181 1053 251 1080 tres
273 1045 468 1082 discordia,
492 1042 714 1076 Godehertus
739 1039 882 1072 accersit
907 1037 1155 1071 Grimoaldum
1206 1036 1293 1081 χίαν
1303 1037 1511 1081 spoliabant.
1539 1036 1842 1071 CumRavennam
1854 1041 2038 1073 obsidione
2049 1041 2183 1073 frustra

179 1097 303 1129 ducem
326 1093 612 1126 Beneventanum
626 1115 635 1129 ,
670 1096 710 1122 ut
725 1087 869 1122 haberet
887 1087 1015 1121 auxilia
1034 1093 1156 1120 contra
1207 1086 1413 1132 aliquandiu
1429 1087 1613 1129 fatigasset,
1638 1087 1738 1122 duxit
1754 1089 1940 1122 exercitum
1957 1089 1994 1121 in
2005 1088 2183 1127 Tusciam,

180 1147 336 1179 fratrem.
389 1141 616 1176 Grimoaldus
632 1139 776 1172 veniens
792 1137 960 1171 Ticinum
979 1136 1154 1170 interfecit
1206 1138 1269 1171 ubi
1286 1136 1444 1171 Clusium
1462 1137 1497 1169 vi
1514 1143 1653 1181 captum
1670 1138 1858 1171 crudeliter
1873 1138 2032 1182 diripuit.
2073 1139 2184 1171 Auxi-

184 1195 424 1229 Godebertum
443 1198 474 1225 et
491 1191 564 1224 eius
583 1190 712 1229 filium,
739 1196 771 1222 et
789 1200 860 1221 sese
879 1199 995 1231 regem
1013 1187 1156 1229 Longo·
1207 1188 1255 1221 lia
1271 1188 1313 1220 ad
1332 1187 1455 1220 urbem
1472 1185 1625 1221 Romam
1642 1186 1805 1221 Pontifici
1831 1188 1942 1226 misit,
1971 1199 2058 1232 quae
2073 1187 2184 1221 Exar-

181 1247 374 1279 bardorum
393 1243 483 1275 fecit.
534 1240 712 1273 Bertarius
728 1239 815 1282 fugit
833 1239 985 1282 primurn
1003 1238 1045 1270 ad
1063 1235 1156 1270 Cha·
1208 1235 1314 1272 chum
1344 1248 1384 1270 eo
1414 1237 1612 1270 venientem
1643 1238 1859 1281 repulerunt.
1925 1237 2048 1272 Postea
2064 1237 2184 1272 Bono-

182 1307 309 1338 ganum
327 1305 441 1335 regem
457 1291 670 1324 Hunnorum
682 1317 691 1329 ,
716 1296 832 1331 postea
849 1289 892 1321 ad
909 1299 1024 1331 regem
1044 1286 1157 1320 Fran-
1207 1289 1322 1328 niam,
1349 1286 1481 1320 Forum
1496 1286 1609 1327 Livii,
1635 1287 1825 1320 Auximum
1854 1295 1886 1322 et
1907 1289 1991 1322 alias
2018 1291 2186 1333 quasdam

182 1346 293 1379 cicum
311 1342 547 1385 Dagobertum
559 1367 567 1379 ‚
594 1347 626 1373 et
643 1340 754 1373 abfuit
770 1339 849 1372 exul
867 1339 978 1371 donec
1000 1337 1157 1380 regnavit
1208 1339 1313 1372 urbes
1331 1337 1524 1381 occupavit.
1577 1336 1666 1370 Pace
1682 1338 1810 1371 deinde
1826 1339 1913 1372 sacta
1929 1351 2006 1372 cum
2025 1337 2184 1372 Exarcho

182 1391 426 1429 Grimoaldas
471 1389 625 1424 decimus
657 1401 715 1423 rex
753 1400 867 1422 annus
909 1400 1035 1421 novem
1047 1414 1056 1428 ‚
1096 1387 1157 1432 qui
1207 1386 1366 1428 Erithio‚
1393 1388 1592 1431 impetravit
1606 1387 1798 1422 aRomano
1808 1388 1995 1429 Pontifice‚
2021 1395 2060 1423 ut
2070 1387 2184 1422 Exar-

183 1458 261 1479 cum
286 1450 388 1487 rupta
419 1454 506 1474 vena
535 1440 715 1483 sanguinis
749 1440 847 1472 fluxu
876 1446 1034 1473 mortuus
1061 1444 1158 1478 esset,
1209 1437 1315 1473 chum
1336 1439 1502 1471 liberaret
1518 1439 1890 1473 excommunicatione.
1937 1438 2037 1472 Misit
2054 1439 2185 1472 auxilia

182 1496 286 1529 rediit
309 1490 523 1531 Bertarius,
559 1503 661 1535 quem
691 1501 806 1532 regem
834 1486 1063 1523 undecimum
1088 1500 1158 1521 nu·
1210 1489 1336 1525 Carolo
1359 1487 1522 1523 Martello
1547 1488 1681 1532 gerenti
1705 1489 1846 1523 difficile
1868 1490 2001 1523 bellum
2024 1501 2103 1523 cum
2121 1488 2186 1522 Sa-

182 1558 296 1585 mero,
331 1545 429 1578 cuius
464 1542 600 1575 iusticia
630 1547 664 1574 et
689 1541 797 1584 pietas
821 1540 1022 1574 laudantur.
1089 1538 1158 1572 Sed
1210 1540 1363 1580 racenis‚
1390 1551 1540 1585 quorum
1558 1545 1710 1573 trecenta
1724 1540 1835 1573 millia
1852 1540 1888 1573 in
1900 1539 2054 1573 Galliam
2070 1540 2187 1572 infusa

183 1608 262 1629 mox
288 1602 365 1639 post
383 1606 462 1627 eum
486 1604 596 1625 novae
616 1591 809 1624 discordiae
833 1590 925 1623 inter
947 1599 1160 1622 successores
1209 1591 1359 1625 fuerant.
1412 1589 1459 1623 Ut
1474 1595 1589 1622 autem
1605 1596 1686 1623 suut
1707 1590 1893 1623 mutabiles
1916 1590 2092 1622 sociorum
2109 1589 2187 1622 ani-

184 1653 278 1679 ortae
304 1652 396 1679 sunt.
433 1642 522 1677 Cum
546 1647 723 1685 regnasset
740 1652 851 1674 annos
868 1646 945 1674 octo
967 1638 1159 1677 Remmius,
1210 1641 1276 1680 mi,
1314 1640 1515 1683 praesertim
1554 1638 1795 1673 Romanorum
1830 1639 2061 1679 Pontificum,
2109 1650 2188 1671 cum

184 1694 344 1729 successit
359 1695 450 1725 filius
465 1694 549 1722 eluS.
1210 1690 1437 1719 Lutbrandus
1464 1689 1647 1728 Spoletum
1680 1689 1789 1731 capit,
1821 1696 1860 1722 ut
1883 1694 2049 1731 cognatos
2073 1689 2189 1721 rebel-

285 1739 532 1776 Duodecimus
557 1751 616 1771 rex
648 1737 962 1779 Longobardorum
988 1733 1160 1769 euniber-
1211 1736 1260 1769 les
1283 1736 1325 1768 ad
1351 1735 1504 1768 officium
1530 1745 1686 1775 revocet,
1713 1738 1873 1771 Pontifex
1890 1737 2074 1772 Romanus
2090 1739 2188 1772 addit

186 1800 242 1827 ius
258 1792 409 1826 Bertarii
429 1791 519 1823 tilius
538 1789 658 1832 pulsus
681 1799 787 1830 regno
813 1788 856 1820 ab
882 1783 1048 1819 Alachiso
1073 1786 1161 1818 duce
1215 1786 1401 1818 exercitum
1436 1784 1516 1817 duci
1548 1784 1739 1828 Spoletano
1781 1793 1902 1820 contra
1930 1787 2188 1827 Luffirandum,

184 1843 418 1880 Tridentino,
456 1852 558 1885 quem
591 1839 663 1882 ipse
695 1843 908 1876 servaverat,
945 1848 1024 1869 curn
1063 1842 1160 1879 pater
1213 1836 1275 1869 ubi
1300 1835 1365 1869 etsi
1389 1846 1467 1878 pars
1494 1835 1671 1878 copiarum
1695 1834 1893 1869 Lutbrandi
1924 1837 2094 1871 trucidata
2121 1845 2188 1871 est:

184 1894 364 1927 Bertarius
382 1904 460 1924 eum
479 1889 723 1923 interfecturus
742 1893 839 1920 esset.
893 1886 962 1919 Sed
978 1897 1056 1918 curn
1075 1884 1161 1918 Ala·
1211 1893 1329 1920 tamen
1344 1885 1513 1928 singulari
1530 1896 1645 1929 pugna
1656 1883 1813 1919 Rachisii
1831 1887 1928 1920 ducis
1937 1886 2189 1921 Foroiuliensis

186 1942 302 1977 cliisus
325 1942 565 1976 crudelitatem
590 1939 625 1971 in
659 1938 853 1971 sacerdotes
877 1942 1070 1975 exerceret,
1106 1946 1162 1968 re-
1213 1937 1326 1970 victus
1345 1942 1393 1969 est
1415 1935 1638 1978 spoletanus.
1691 1934 1805 1970 Iratus
1830 1937 1936 1980 igitur
1960 1937 2188 1971 Lutbrandus

184 1995 327 2027 ducitur
358 1991 588 2029 cunibertus,
627 1995 658 2022 et
689 2000 765 2021 cum
798 1987 930 2030 praelio
956 1983 1161 2018 Alachisum
1213 1985 1376 2021 Romano
1392 1985 1555 2019 Pontifici
1573 1985 1725 2020 Romam
1741 1987 1841 2021 duxit
1861 1987 2067 2028 exercitum,
2094 2000 2189 2021 eam-

185 2045 340 2083 vicisset‚
367 2048 469 2085 caput
489 2048 520 2073 et
539 2040 640 2083 pedes
657 2039 687 2071 ei
705 2038 882 2081 praecidit.
916 2035 1074 2069 Moriens
1092 2035 1163 2069 Cu·
1214 2049 1280 2081 que
1299 2037 1483 2069 obsidione
1505 2036 1633 2079 cingit,
1658 2037 1707 2070 ibi
1725 2036 1906 2079 Pontifex,
1933 2038 2014 2083 quia
2038 2050 2101 2072 nec
2125 2051 2190 2082 po-

188 2095 347 2127 niliertus
365 2091 507 2136 reliquit
528 2102 672 2133 parvum
690 2089 798 2121 filium
809 2087 1031 2128 hubertum,
1059 2098 1161 2130 quem
1213 2094 1304 2120 terat
1325 2099 1344 2120 a
1367 2086 1486 2120 Leone
1515 2086 1726 2130 imperatore
1765 2088 1934 2121 auxilium
1966 2099 2121 2132 sperare,
2154 2094 2187 2121 et

189 2144 375 2188 Aspraudo
391 2142 471 2174 duci
499 2139 768 2173 commendavit.
823 2138 892 2171 Sed
917 2133 1162 2181 Reginberins
1212 2149 1338 2180 magna
1360 2143 1444 2171 tunc
1466 2138 1633 2171 autoritas
1658 2144 1731 2171 erat
1754 2136 1868 2172 Caroli
1893 2138 2069 2179 Martelli‚
2104 2138 2188 2182 petit

190 2192 464 2227 Taurinensium
482 2192 550 2224 dux
572 2190 702 2222 bellum
727 2200 835 2232 puero
851 2194 884 2220 et
903 2186 1088 2231 Asprando
1107 2186 1163 2219 in-
1214 2199 1232 2220 a
1248 2187 1373 2222 Carolo
1385 2186 1568 2228 Martello,
1588 2194 1626 2221 ut
1643 2188 1698 2221 vel
1715 2189 1900 2222 autoritate
1920 2189 1973 2222 vel
1989 2189 2094 2221 armis
2110 2200 2188 2232 per-

188 2245 268 2284 fert,
302 2250 334 2276 et
358 2244 468 2275 victor
492 2253 526 2274 se
550 2251 663 2282 regem
695 2239 786 2272 facit.
854 2237 948 2271 Huic
976 2234 1163 2270 tredecimo
1214 2237 1323 2278 ficiat,
1349 2244 1387 2271 ut
1403 2236 1629 2271 Lutbrandus
1645 2238 1690 2271 ab
1712 2239 1800 2271 urbe
1818 2238 1932 2273 Roma
1959 2239 2129 2276 discedat,
2156 2245 2188 2271 et

186 2294 255 2335 regi
271 2321 279 2331 ‚
313 2294 371 2338 qui
398 2293 524 2325 iniuste
545 2302 689 2332 regnum
706 2295 953 2332 occupaverat,
979 2288 1073 2332 quod
1088 2299 1163 2320 non
1187 2290 1190 2307 '
1214 2286 1388 2322 Ecclesiae
1403 2287 1585 2322 Romanae
1603 2289 1764 2332 adempta
1784 2289 1952 2322 restituat.

190 2344 321 2375 diutius
338 2355 408 2375 uno
423 2354 517 2376 anno
536 2341 666 2379 tenuit,
694 2339 854 2372 successit
871 2339 961 2371 filius
978 2336 1163 2372 Ariberlus
1314 2338 1450 2372 Recens
1468 2337 1612 2371 Carolus
1631 2338 1814 2372 Martellus
1840 2339 2021 2382 profligato
2046 2337 2188 2372 Sarace-

188 2394 369 2426 secundus,
1214 2388 1294 2421 nico
1315 2388 1466 2421 exercitu
1485 2395 1719 2422 trecentorum
1739 2389 1888 2421 millium
1908 2388 2040 2431 ingenti
2058 2395 2189 2421 terrore

293 2440 457 2487 Quat-Ius
481 2439 636 2473 decimus
658 2451 716 2473 rex
742 2438 1058 2481 Longobardorum
1076 2435 1162 2470 Ari-
1217 2438 1370 2472 Galliam
1397 2445 1429 2471 et
1455 2437 1590 2471 Italiam
1617 2439 1844 2478 liberaverat,
1875 2445 1907 2471 et
1930 2438 2085 2472 amicicia
2117 2445 2190 2471 erat

193 2492 313 2526 herlus
331 2492 520 2530 secundus,
548 2491 627 2534 qui,
653 2502 852 2535 quanquam
870 2501 1015 2532 regnum
1033 2500 1051 2521 a
1068 2495 1163 2532 patre
1188 2461 1191 2528 l
1216 2501 1350 2521 summa
1367 2489 1459 2521 inter
1483 2486 1545 2521 hos
1564 2490 1651 2522 duos
1667 2488 1840 2533 principes
1858 2489 2025 2522 Carolum
2042 2487 2187 2521 Martel-

191 2544 319 2576 iniuste
335 2547 539 2584 occupatum
556 2540 661 2572 armis
679 2540 822 2573 retinuit
833 2551 943 2572 annos
961 2539 1163 2572 duodecim:
1187 2529 1191 2582 1
1216 2539 1288 2571 lum
1306 2546 1338 2572 et
1354 2539 1619 2579 Lutbrandum,
1646 2551 1794 2583 quorum
1814 2539 1922 2572 virtus
1939 2545 2032 2572 tanta
2050 2538 2127 2577 suit,
2151 2544 2190 2572 ut

191 2602 304 2627 tamen
327 2592 464 2624 tandem
487 2601 612 2633 poenas
638 2590 752 2629 dedit,
779 2597 810 2623 et
835 2590 938 2622 simul
962 2601 1106 2632 regnum
1132 2596 1164 2622 et
1187 2584 1191 2633 l
1215 2589 1317 2632 longe
1344 2589 1588 2622 antecellerent
1611 2589 1777 2621 omnibus
1804 2589 1944 2631 regibus
1968 2596 1999 2621 et
2019 2588 2189 2632 principi-

191 2644 295 2676 vitam
321 2641 445 2675 amisit.
514 2639 707 2673 Reducturi
735 2647 832 2672 erant
857 2640 1050 2682 legitimum
1080 2637 1163 2672 hae—
1215 2639 1280 2672 bus
1301 2640 1374 2673 eius
1392 2639 1520 2673 aetatis.
1574 2638 1738 2681 Impetrat
1758 2639 1862 2682 igitur
1881 2639 2026 2674 Carolus
2044 2638 2191 2672 Martel-
