2324 2955
118 79 191 116 753
803 79 832 116 1.

217 163 306 198 Cum
332 162 470 198 Amasis
495 164 662 199 tenuisset
680 162 829 210 Aegypti
863 177 1008 208 regnum
1033 177 1096 198 an-

115 226 180 248 nos
209 215 441 259 quadraginta
471 223 638 261 quatuor,
674 222 712 249 ut
739 216 859 249 scribit
884 216 1097 254 herodotus,

114 265 276 298 successit
293 266 385 299 filius
401 263 755 307 Psammenilus,
784 264 848 299 hoc
865 273 931 307 est,
958 267 1097 312 clypeus

113 315 320 357 inclinatus,
347 317 502 361 quicum
523 329 579 350 sex
603 329 738 350 menses
758 325 951 360 regnasset,
977 324 1095 361 captus

112 372 164 400 east
185 377 205 399 a
230 365 419 411 Cambyse,
454 378 532 410 rege
555 366 715 408 Persico,
751 375 783 400 et
807 368 989 412 aliquanto
1018 374 1094 412 post

110 416 323 450 interfectus.
376 416 537 462 Suntque
555 420 647 462 apud
670 418 890 451 Herodotum
913 421 954 451 de
972 418 1092 451 Psam—

111 467 243 500 menito
267 464 334 500 hae
366 469 602 509 narrationes,
636 470 761 512 dignae
784 470 969 502 memoria:
1003 468 1092 502 Cum

108 517 181 550 fitia
204 517 391 551 duceretur
417 519 509 553 inter
533 520 686 563 captivas
704 519 822 552 servili
844 517 984 558 babitu,
1009 520 1090 551 mis-

109 578 163 600 sas
178 568 222 600 ad
238 580 365 613 aquam
383 570 561 602 serendam
573 597 582 611 ,
607 570 696 603 sedit
721 577 818 614 pater
835 569 1090 603 Psanunenitus

109 617 202 652 inter
230 625 366 663 captos,
407 620 530 653 videns
564 627 843 664 praetereuntem
877 621 1004 661 filiam,
1052 632 1089 652 ac

106 668 249 702 caeteris
273 670 496 713 plorantibus
523 670 595 715 ipse
627 672 753 705 tacitus
776 672 882 712 sedit,
915 671 1026 704 oculis
1052 671 1088 703 in

106 725 237 752 terram
259 720 391 752 defixis.
438 719 563 755 Postea
579 734 657 755 cum
676 723 767 755 filius
795 723 981 755 duceretur
997 722 1089 754 inter

105 775 259 802 caeteros
276 770 557 813 interficiendus,
585 773 673 806 sedit
691 774 812 806 eodem
830 774 934 805 modo
952 772 1086 806 tacitus.

103 817 188 852 Post
209 817 272 853 hos
295 832 373 854 cum
397 821 580 856 familiaris
607 823 751 868 quidam
784 824 971 856 duceretur
995 823 1087 855 inter

103 869 278 913 captivos,
313 871 452 914 plorare
484 880 517 907 et
546 881 649 918 caput
671 874 775 907 ferire
805 874 930 917 coepit.
991 872 1086 905 Haec

101 931 180 953 cum
204 921 507 956 animadvertisset
531 922 739 968 Cambyses,
766 923 977 965 interrogari
1005 935 1083 955 eum

100 970 220 1010 iussit,
255 983 317 1004 cur
342 984 437 1005 nunc
462 973 632 1016 ploraret,
660 986 739 1006 cum
764 980 864 1005 antea
887 974 1012 1006 tacitus
1028 974 1083 1005 vi·-

100 1020 207 1054 disset
240 1022 322 1054 duci
352 1022 459 1054 filiam
491 1030 523 1056 et
560 1022 698 1055 filium?
750 1021 967 1066 Respondit,
1009 1023 1083 1056 Do-

97 1070 239 1103 mestica
254 1072 342 1104 mala
360 1072 492 1104 maiora
511 1084 583 1105 esse
607 1073 788 1117 lacrymis,
815 1074 874 1105 sed
901 1074 1004 1105 amici
1026 1086 1081 1106 ca-

99 1120 289 1154 lamitatem
315 1133 415 1164 posse
438 1122 602 1166 lacrymis
629 1123 832 1165 significari.
884 1122 996 1156 Aiunt
1021 1136 1083 1156 au-

98 1176 167 1204 tem
179 1197 188 1211 ,
211 1169 381 1204 Croesum
398 1172 459 1216 qui
474 1172 581 1205 simul
598 1173 728 1213 adfuit,
755 1179 787 1205 et
799 1172 980 1216 Principes
997 1173 1082 1206 Per-

98 1221 187 1254 sicos
204 1221 458 1266 illacrymasse,
485 1229 519 1255 et
536 1221 732 1267 Cambysen
750 1223 987 1257 misericordia
1005 1237 1081 1256 mo-

96 1278 171 1304 tum
199 1271 339 1305 iussisse
371 1272 484 1306 filium
513 1273 545 1306 ei
579 1274 714 1307 restitui
743 1273 967 1308 incolumem.
1023 1273 1079 1308 Ad

97 1333 201 1366 quem
226 1323 465 1355 reducendum
489 1335 568 1356 cum
594 1324 718 1357 nuncii
743 1324 983 1365 mitterentur,
1011 1325 1079 1358 iam

97 1372 299 1405 adolescens
316 1373 519 1407 interfectus
536 1380 621 1407 erat.
677 1373 746 1418 Ipsi
770 1382 884 1408 tamen
901 1374 1080 1407 Psauunc-

96 1422 172 1455 nito
189 1429 272 1455 tunc
291 1423 396 1456 vitam
413 1424 559 1457 donavit
574 1423 780 1470 Cambyses,
807 1432 840 1458 et
857 1433 929 1458 erat
952 1427 982 1458 ei
999 1428 1079 1459 red-

94 1472 232 1505 diturus
250 1470 469 1518 Aegyptum,
495 1481 536 1508 ut
559 1486 634 1507 eam
659 1481 826 1519 tauquam
846 1476 961 1518 regius
980 1488 1079 1520 prae-

93 1522 202 1556 sectus
225 1524 448 1566 gubernaret.
508 1523 578 1557 Sed
608 1537 687 1558 cum
711 1524 970 1558 Psammenitus
1006 1538 1078 1559 non

93 1573 304 1618 quiesceret,
339 1580 373 1607 et
396 1574 600 1608 sollicitaret
625 1573 816 1619 Aegyptios
840 1577 884 1608 ad
910 1576 1077 1610 defectio-

92 1634 192 1662 nem,
219 1624 319 1657 iussit
336 1636 416 1657 eum
434 1632 551 1668 postea
569 1624 756 1671 Cambyses
778 1626 937 1659 interfici.

194 1672 366 1718 Deinceps
392 1674 589 1720 Aegyptum
614 1676 838 1709 retinuerunt
860 1676 990 1708 Persici
1022 1689 1077 1708 re-

92 1735 150 1768 ges
174 1736 285 1769 usque
310 1726 353 1757 ad
369 1723 517 1757 Darium
538 1723 714 1765 Notlium,
742 1726 841 1758 cuius
867 1739 960 1759 anno
979 1733 1075 1760 sexto

91 1774 282 1820 Amyrteus
308 1773 420 1808 Saites
436 1774 562 1807 defecit
585 1787 603 1808 a
627 1774 760 1815 Persis,
794 1782 826 1809 et
855 1777 892 1808 in
915 1774 1074 1821 Aegypto

91 1825 260 1868 regnavit.
313 1822 359 1857 Et
377 1831 454 1868 post
477 1821 572 1858 hunc
594 1822 819 1868 Nepherites‚
847 1825 1015 1867 Achai-is,
1043 1834 1075 1860 et

90 1875 309 1909 Nectanebos
336 1876 433 1919 prior
461 1881 494 1908 et
524 1876 716 1918 posterior,
750 1888 854 1921 quem
879 1878 1011 1920 expulit
1034 1889 1074 1910 ex

91 1938 198 1970 reguo
220 1925 381 1959 Persicus
416 1938 475 1958 rex
500 1923 643 1966 Ochus,
676 1927 737 1971 qui
762 1926 897 1961 Sidone
930 1928 1072 1961 incensa

90 1988 292 2021 progressus
316 1977 535 2020 recuperavit
559 1977 768 2022 Aegyptum.
833 1977 985 2020 Fugiens
1010 1990 1074 2011 au-

90 2035 160 2062 tem
185 2026 404 2061 Nectanehos
436 2027 474 2060 in
505 2024 752 2072 Aethiopiam,
787 2029 865 2062 exul
893 2029 944 2062 ibi
977 2041 1072 2062 mor-

90 2085 171 2112 tuus
189 2084 249 2111 est.

189 2128 328 2163 Deinde
349 2134 427 2172 post
452 2139 564 2162 annos
590 2128 662 2162 fere
686 2128 812 2173 viginti
835 2136 1001 2174 occupata
1022 2136 1071 2163 est

89 2179 268 2225 Aegyptus
292 2181 336 2213 ab
354 2178 577 2220 Alexandro,
604 2188 683 2223 post
708 2193 811 2225 quem
836 2182 910 2215 nati
933 2193 972 2214 ex
992 2180 1071 2214 Ma—

90 2231 255 2265 cedonica
279 2231 388 2274 stirpe
411 2242 508 2273 reges
523 2229 674 2276 Aegypti
693 2231 852 2271 suerunt,
879 2233 922 2265 de
941 2232 1070 2277 quibus

90 2281 181 2314 infra
197 2282 351 2316 dicemus
370 2281 405 2314 in
424 2282 524 2315 tertia
543 2279 760 2315 monarchia.

191 2331 294 2366 Nunc
326 2339 481 2366 veterum
514 2344 633 2375 regum
660 2331 913 2378 Aegyptiorum
938 2332 1067 2366 catalo-

89 2394 172 2426 gum
203 2383 383 2424 contexui,
417 2390 457 2417 ut
485 2383 604 2428 aliquo
634 2385 740 2416 modo
767 2384 921 2428 conspici
946 2383 1067 2427 possit,

88 2434 265 2478 quomodo
282 2433 387 2466 series
403 2445 520 2467 rerum
540 2433 831 2480 Aegyptiacarum
854 2436 896 2467 ad
916 2434 1065 2478 primam

89 2490 121 2517 et
141 2485 329 2518 secundam
354 2482 615 2524 monarchiam,
648 2492 680 2518 et
703 2486 747 2518 ad
772 2485 931 2528 politiam
959 2483 1064 2517 lsrael

89 2541 269 2578 congruat.
327 2532 502 2568 Excelluit
528 2542 644 2569 autem
670 2534 849 2581 Aegyptus
876 2535 1009 2568 artibus
1031 2540 1065 2567 et

89 2584 241 2627 legibus,
272 2590 306 2618 et
329 2585 580 2630 aliquantisper
610 2587 769 2620 doctriua
794 2583 918 2630 loseph
941 2583 1063 2618 Eccle-

87 2635 173 2669 siam
203 2635 253 2669 ihi
282 2635 510 2679 plantaverat.

878 76 1169 115 CHRONICON
1196 77 1441 118 CARIONIS.

2053 91 2124 125 754

1149 164 1249 206 plena
1268 166 1332 199 fuit
1348 166 1526 213 Aegyptus
1545 172 1803 206 teterrimorum
1821 173 2016 213 idolorum,
2045 176 2122 209 ideo

1148 216 1278 247 crebris
1294 220 1547 254 mutationibus
1564 223 1673 265 regni,
1699 230 1732 257 et
1750 225 1855 257 variis
1872 226 2125 259 calamitatibus

1147 266 1268 307 punita
1285 275 1345 303 est.
1397 269 1586 315 Postquam
1605 281 1718 306 autem
1735 275 1776 306 de
1791 273 1986 316 Chaldaeis,
2013 275 2122 322 Assy·

1146 315 1206 348 riis
1230 323 1261 349 et
1287 316 1467 364 Aegyptiis
1492 323 1666 364 diximus,
1702 325 1739 356 in
1759 325 1886 369 quibus
1902 327 2016 368 regnis
2034 334 2120 360 tem-

1145 378 1227 409 pore
1259 369 1391 410 primae
1428 371 1653 407 monarchiae
1684 375 1814 408 multae
1843 378 2056 409 mutationes
2088 384 2121 411 et

1143 419 1352 452 vastationes
1383 423 1595 457 acciderunt.
1655 424 1758 458 'Nunc
1782 438 1902 459 rursus
1932 428 1974 459 de
1998 428 2121 471 politia

1144 465 1250 500 Isra'e'l
1269 470 1442 512 dicemus,
1470 480 1502 506 et
1527 475 1680 508 breviter
1700 477 1892 519 catalogum
1912 476 2071 511 Iudicum
2087 485 2121 512 et

1141 516 1278 560 Regum
1306 520 1513 556 inseremus:
1549 537 1629 557 nam
1655 537 1707 557 res
1724 533 1835 568 gestae
1854 528 2017 569 legendae
2039 536 2119 562 sunt

1140 568 1177 599 iu
1206 568 1410 613 prophetica
1442 572 1606 613 historia,
1639 582 1670 609 et
1695 577 1800 609 simul
1826 577 2119 611 considerandum

1139 625 1205 657 est,
1236 622 1349 664 qualis
1374 623 1423 654 ibi
1449 625 1554 657 suerit
1583 623 1757 666 Ecclesia,
1785 626 1884 668 Quae
1910 628 1980 661 siut
2007 640 2023 660 a
2042 629 2119 661 Deo

1139 669 1287 703 illustria
1307 673 1506 707 testimonia
1530 682 1684 713 ostensa,
1714 676 1784 718 Qui
1802 675 1999 720 Prophetae
2021 679 2118 710 missi

1137 720 1225 758 sint,
1256 720 1354 763 Quae
1373 724 1478 758 suerit
1494 726 1602 757 forma
1622 727 1900 768 gubernationis,
1930 727 2117 770 Quomodo

1135 771 1276 804 defensa
1301 773 1344 806 sit
1367 775 1488 816 politia
1516 775 1624 809 lsrael
1649 785 1791 821 propter
1808 777 2018 819 Ecclesiam,
2045 792 2116 811 non

1136 817 1300 855 humanis
1332 826 1505 864 consiliis,
1541 829 1599 859 sed
1628 840 1646 860 a
1670 826 1752 860 Deo
1783 829 1932 861 subinde
1963 830 2116 863 excitatis

1134 872 1303 913 ducibus,
1339 875 1429 908 sicut
1456 883 1488 909 et
1513 875 1701 911 Zatharias
1727 879 1827 911 dicit:
1856 878 1935 912 Non
1960 879 1996 911 in
2020 892 2116 912 exer-

1131 921 1226 1003 ἕω,
1263 936 1332 956 non
1361 925 1395 957 in
1421 927 1566 967 robore,
1601 930 1659 961 sed
1691 929 1727 961 in
1753 929 1888 973 Spiritu
1907 942 2005 970 mco,
2032 930 2116 963 dicit

1163 972 1330 1007 ‘ominum

1363 1087 1532 1120 ludices
1563 1092 1705 1131 populi
1736 1093 1887 1125 lsrael.

1233 1153 1322 1187 Cum
1341 1153 1386 1188 Is
1398 1168 1446 1189 ra
1458 1155 1543 1189 elit
1555 1170 1577 1190 a
1589 1170 1604 1191 e
1623 1162 1855 1204 qnadraginta
1872 1175 1983 1196 annos
2002 1165 2036 1197 in
2055 1167 2114 1198 de-

1130 1210 1220 1237 serto
1240 1204 1406 1247 fuissent,
1437 1206 1618 1241 ssloises
1645 1212 1811 1252 moritur,
1849 1216 2113 1258 quadragesimo

1129 1266 1222 1287 anno
1240 1263 1317 1299 post
1337 1258 1467 1290 exitum
1486 1271 1523 1291 ex
1543 1258 1719 1305 Aegypto,
1749 1275 1826 1295 cum
1844 1264 1984 1299 vixisset
2003 1279 2114 1300 annos

1129 1312 1267 1338 centum
1286 1314 1318 1340 et
1334 1308 1471 1350 viginti.

1230 1365 1323 1398 Huic
1347 1368 1509 1400 successit
1537 1366 1700 1411 Ionan,
1728 1372 1788 1417 qui
1811 1373 1876 1406 fuit
1894 1373 1964 1406 dux
1990 1376 2112 1419 populi

1102 1416 1103 1424 ¹
1130 1413 1256 1454 Israel,
1284 1429 1395 1449 annos
1414 1419 1557 1460 triginta
1574 1422 1672 1454 duos.

1229 1473 1309 1507 Non
1341 1477 1408 1509 fuit
1437 1484 1552 1510 autem
1587 1480 1756 1513 successio
1781 1481 1911 1514 ducum
1945 1495 1984 1515 ex
2018 1492 2109 1519 certa

1126 1525 1251 1568 stirpe,
1278 1532 1338 1558 aut
1364 1527 1486 1559 electio
1511 1529 1597 1561 certi
1619 1529 1785 1571 Senatus,
1819 1533 1879 1564 sed
1903 1533 1998 1567 velut
2023 1533 2108 1568 Ari-

1125 1575 1288 1608 stocratia
1314 1583 1386 1610 erat
1411 1576 1600 1612 Seniorum
1626 1580 1662 1612 in
1686 1581 1833 1623 singulis
1857 1582 2041 1628 tribubus,
2077 1594 2109 1620 et

1124 1637 1260 1659 summa
1277 1627 1447 1660 autoritas
1467 1636 1540 1662 erat
1566 1629 1650 1673 legis
1675 1631 1834 1669 divinae,
1868 1645 1972 1677 quam
1995 1646 2109 1669 sacer-

1125 1677 1223 1707 dotes
1246 1677 1406 1718 quotidie
1429 1680 1620 1719 docebant,
1647 1679 1693 1714 Et
1717 1679 1754 1713 hi
1772 1684 2047 1719 consulebantur
2065 1687 2109 1720 de

1124 1725 1339 1767 gravissimis
1363 1728 1533 1770 negociis,
1566 1736 1604 1762 ut
1630 1730 1667 1762 in
1694 1732 1973 1767 Deuteronomio
2006 1748 2108 1769 man-

1124 1777 1243 1808 datum
1281 1783 1365 1809 erat.
1438 1776 1490 1810 Ita
1533 1777 1594 1813 lex
1629 1778 1710 1814 Del
1747 1789 1819 1815 erat
1861 1784 2025 1824 domina,
2073 1794 2107 1821 et

1122 1826 1248 1858 rectrix
1286 1823 1391 1860 huius
1427 1829 1568 1872 populi,
1603 1843 1668 1864 nec
1702 1833 1887 1877 quisquam
1922 1837 2107 1879 appetebat

1122 1888 1290 1918 regnum,
1318 1878 1398 1921 quia
1424 1879 1597 1921 sciebant,
1622 1879 1718 1915 hunc
1736 1884 1905 1926 populum
1923 1882 2002 1918 Dei
2023 1899 2107 1929 esse,

1122 1933 1155 1959 et
1182 1938 1199 1959 a
1222 1924 1304 1958 Deo
1328 1929 1481 1971 protegi,
1514 1941 1577 1963 nec
1600 1928 1764 1965 humanis
1781 1934 1938 1967 consiliis
1953 1936 2103 1971 sormam

1121 1977 1387 2019 gubernationis
1417 1991 1546 2011 novam
1579 1982 1862 2016 constituendam
1891 1996 1980 2026 esse,
2014 1987 2103 2022 sicut

1122 2027 1269 2060 Gedeon
1293 2028 1426 2072 inquit:
1461 2028 1542 2063 Non
1565 2032 1777 2066 dominabor
1800 2034 1923 2075 vestri,
1951 2047 2013 2069 nec
2036 2038 2102 2071 do-

1119 2078 1313 2111 minabitur
1330 2080 1435 2112 vestri
1453 2080 1545 2113 filius
1562 2093 1678 2121 meus,
1706 2084 1763 2117 sed
1784 2084 2026 2119 dominabitur
2042 2100 2101 2121 ve-

1119 2129 1182 2162 stri
1220 2127 1420 2163 Dmnz'nus.
1495 2131 1555 2165 Sic
1592 2133 1763 2168 divinitus
1808 2144 2010 2170 conservata
2050 2146 2101 2174 est

1120 2177 1204 2212 haec
1229 2179 1460 2214 Aristocratia
1483 2193 1595 2216 annos
1618 2191 1696 2227 post
1714 2184 1822 2218 'losue
1846 2193 2018 2220 trecentos
2043 2190 2099 2222 vi-

1118 2231 1206 2273 ginti
1228 2231 1402 2276 quinque,
1430 2243 1540 2277 usque
1561 2234 1604 2266 ad
1630 2241 1777 2268 mortem
1801 2233 1872 2270 Eli.
1924 2235 2100 2274 Excitavit

1117 2289 1231 2316 autem
1258 2282 1356 2315 Deus
1380 2283 1466 2315 alias
1487 2283 1610 2316 exalia
1637 2285 1732 2318 tribu
1750 2285 1890 2319 soelices
1912 2288 2035 2329 duces,
2058 2297 2099 2324 ut

1117 2334 1332 2373 ostenderet,
1358 2334 1479 2366 divina
1505 2334 1661 2376 potentia
1685 2335 1804 2378 colligi
1821 2342 1854 2369 et
1879 2339 2008 2371 servari
2027 2337 2097 2374 Ec-

1116 2384 1272 2424 clesiam,
1308 2395 1372 2417 nec
1404 2383 1563 2416 soeliccm
1589 2395 1661 2417 esse
1684 2386 1993 2428 gubernationem,
2026 2391 2097 2424 nisi

1113 2431 1196 2467 Deo
1220 2434 1371 2470 iuvante.
1423 2433 1539 2467 Simul
1564 2442 1679 2468 autern
1702 2436 1915 2471 defensionis
1941 2439 2094 2476 miracu-

1113 2484 1145 2518 la
1162 2485 1359 2518 testimonia
1377 2485 1518 2518 fuerunt
1538 2485 1581 2517 de
1601 2486 1758 2520 doctrina
1778 2484 1859 2521 huic
1883 2491 2005 2533 populi
2023 2498 2094 2525 tra-

1112 2535 1203 2575 dita,
1239 2542 1270 2568 et
1301 2536 1529 2568 ostenderunt
1559 2535 1595 2568 in
1628 2533 1695 2570 hoc
1720 2538 1851 2582 populo
1881 2551 1961 2573 vere
1988 2541 2094 2575 fuisse

1110 2583 1302 2619 Ecclesiam
1330 2584 1416 2623 Dei,
1451 2592 1485 2619 et
1509 2594 1725 2629 praesentem
1749 2588 1786 2621 iu
1812 2600 1851 2623 ea
1876 2601 1947 2623 esse
1964 2589 2090 2625 Deum.

566 2635 636 2670 Sed
669 2637 814 2683 reliquis
845 2635 1061 2681 temporibus
1109 2633 1161 2669 Ac
1178 2638 1283 2669 duces
1299 2642 1375 2680 post
1393 2635 1493 2670 losua
1511 2637 1670 2671 suerunt:
