2324 2955
110 144 177 180 141

204 226 333 261 Differt
357 226 464 270 igitur
487 237 567 259 vera
594 223 758 270 Synodus
777 226 913 258 duabus
939 225 1042 257 rebus
1062 237 1080 257 a

103 277 235 311 iudicio
253 277 406 321 politico.
457 275 564 309 Iudex
589 276 751 319 politicus
769 277 831 309 etsi
854 276 926 319 ipse
942 287 1080 320 quoque

102 340 170 361 vox
188 326 254 360 Dei
279 334 344 366 est,
372 333 403 359 et
426 326 579 369 primum
605 338 728 359 sonare
746 327 948 368 decalogum
967 326 1080 365 debet,

100 389 165 411 nec
189 377 401 411 contrarium
422 382 572 410 statuere
596 383 724 419 potest,
752 383 867 409 tamen
892 383 924 409 et
946 377 988 408 de
1010 376 1079 408 cir-

102 427 319 461 cumstantiis
338 426 512 469 probabili
541 427 675 459 ratione
699 427 825 458 addere
851 427 939 468 leges
958 432 1079 468 potest,

101 484 133 511 et
149 477 310 519 ambigua
328 477 560 520 interpretari,
583 485 615 510 et
632 477 721 509 valet
738 476 978 519 interpretatio
997 488 1078 518 pro-

99 534 178 571 pter
191 527 410 561 autoritatem
428 527 556 570 regiam
574 538 631 559 seu
649 526 871 568 praetoriam,
900 533 932 559 et
948 527 981 557 vi
1001 537 1078 558 cor-

100 578 214 621 porali
229 577 437 611 sententiam
458 583 583 610 tuetur.
625 574 673 608 At
693 575 858 620 Synodus
874 577 921 609 sie
939 576 1078 617 alligata

100 634 150 660 est
166 626 370 670 Evangelio,
390 634 427 660 ut
443 638 513 658 non
531 626 640 669 possit
656 626 782 658 addere
800 639 889 659 nova
906 628 1078 668 dogmata,

100 690 164 710 nec
188 678 299 710 valeat
324 677 562 719 interpretatio
588 683 729 719 propter
753 677 887 709 ordinis
908 676 1077 709 autorita-

100 734 187 768 tem,
213 739 276 760 nec
294 727 327 758 vi
346 727 518 770 corporali
537 727 745 760 sententiam
763 734 889 760 tuetur.

201 785 268 819 Sed
294 784 350 818 hic
375 785 561 818 Pontifices
587 786 766 819 clamitant
794 786 901 818 incidi
928 797 1075 818 nervum

98 836 310 869 iudiciorum
326 843 359 869 et
373 836 594 868 autoritatem
612 836 731 874 deleri,
760 836 788 868 si
805 849 875 869 non
894 837 1006 868 valeat
1023 836 1077 867 in-

97 886 298 929 terpretatio
319 893 483 930 tanquam
509 887 601 928 regia
621 887 674 918 vel
693 887 864 930 praetoria
881 887 1077 920 autoritate.

98 936 193 979 Quid
213 936 319 979 igitur
336 943 386 969 est
405 936 571 980 inquiunt
587 937 757 969 sententia
775 937 812 968 in
830 936 972 982 Synodo
985 939 999 968 Ρ

196 1001 408 1046 Quanquam
434 1001 625 1046 tyrannicis
650 1001 800 1044 ingeniis
828 1000 911 1034 haec
942 1002 1076 1045 ingrata

97 1057 193 1091 sunt,
219 1058 335 1084 tamen
370 1063 507 1084 necesse
537 1057 587 1084 est
620 1051 695 1094 pios
725 1050 788 1084 hac
812 1054 854 1084 de
883 1064 919 1084 re
948 1053 1076 1086 doceri.

96 1101 185 1134 Cum
211 1101 388 1134 incidisset
417 1102 651 1135 controversia
677 1098 788 1145 ρήτου
812 1100 874 1137 καὶ
899 1099 1074 1142 dimotae,

96 1163 200 1196 quam
226 1151 337 1185 movit
360 1151 606 1185 Samosatenus
631 1153 674 1184 de
698 1153 770 1184 filio
788 1153 875 1193 Dei,
901 1165 945 1185 an
970 1150 1077 1199 λόγος

96 1202 140 1235 sit
155 1198 422 1247 ὑφιστάμενος,
451 1210 690 1237 convenerunt
706 1201 874 1248 Episcopi
897 1215 937 1235 cx
957 1203 1076 1236 multis

95 1253 268 1296 gentibus.

196 1311 245 1343 Hi
270 1312 507 1354 pronunciant
532 1310 643 1356 λόγον
660 1323 731 1343 esse
748 1310 1016 1355 ὑφισῑάλιιενον,
1042 1319 1074 1345 et

96 1361 247 1393 refutant
264 1373 301 1392 ac
319 1360 519 1402 improbant
537 1366 647 1392 astute
665 1361 848 1401 cogitatam
868 1362 1074 1404 interpreta-

97 1412 225 1443 tionem
243 1410 471 1442 Samosateni.
522 1408 615 1440 llaec
631 1409 808 1452 Synodus,
836 1423 907 1441 non
928 1418 964 1443 nt
984 1411 1074 1452 poli-

96 1461 183 1492 ticus
209 1459 328 1498 iudex,
356 1458 475 1490 delinit
500 1458 763 1498 ambiguitatem
781 1459 873 1500 regia
897 1470 956 1491 seu
977 1471 1073 1502 prae-

94 1510 183 1543 toria
207 1508 413 1548 autoritate,
439 1508 498 1540 sed
522 1506 651 1549 singuli
675 1518 756 1540 suae
782 1508 860 1540 fidei
884 1510 1074 1541 consessio-

94 1571 173 1592 nem
199 1559 407 1598 ostendunt,
432 1564 464 1591 et
489 1569 528 1590 ex
550 1557 687 1600 scriptis
710 1556 921 1601 propheticis
941 1565 973 1591 et
990 1571 1073 1602 apo-

92 1609 223 1643 stolicis
247 1608 448 1642 testimonia
473 1607 664 1640 ostendunt
688 1619 769 1641 suae
795 1608 893 1649 fidei,
920 1609 967 1642 ita
994 1620 1073 1641 sen-

92 1660 200 1694 tentia
217 1658 354 1704 Synodi
378 1670 417 1691 ac
441 1658 638 1698 decretum,
666 1665 714 1690 est
739 1665 874 1691 tantum
900 1660 1071 1692 consessio

93 1710 330 1753 singulorum,
356 1721 423 1753 qua
440 1708 490 1752 pii
509 1708 782 1742 commonefiunt
803 1715 836 1742 et
860 1710 1072 1743 confirman-

93 1768 161 1796 tur.
214 1759 283 1793 Sed
301 1760 447 1792 credunt
464 1760 506 1792 de
523 1770 558 1791 re
574 1764 667 1791 tanta
685 1770 756 1791 non
775 1767 918 1803 propter
935 1760 1070 1805 Synodi

92 1812 290 1850 decretum,
325 1811 383 1842 sed
413 1815 556 1852 propter
580 1809 779 1842 testimonia
812 1808 1014 1853 prophetica
1041 1817 1073 1844 et

92 1861 291 1905 apostolica.
345 1858 512 1902 Quotidie
527 1859 562 1891 in
581 1859 801 1892 invocatione
819 1861 880 1892 filii
897 1860 961 1893 Dci
979 1862 1073 1903 cogi-

92 1918 188 1951 tans,
224 1911 308 1955 quid
349 1910 529 1951 invocem,
569 1916 601 1942 et
630 1910 658 1942 si
688 1911 898 1953 profuerunt
926 1911 1072 1957 Synodi,

93 1959 313 1996 Antiochena
343 1968 376 1994 et
403 1960 572 1999 Nicaeum,
608 1961 650 1992 ad
684 1962 1071 2001 commonefactioneni,

90 2014 208 2046 'tamen
229 2012 271 2043 de
294 2023 330 2044 re
354 2018 448 2044 tanta
472 2011 574 2043 credo
599 2022 669 2043 non
690 2018 830 2055 propter
845 2011 1070 2057 Synodoruin

94 2064 241 2101 decreta,
264 2063 321 2093 sed
342 2068 484 2105 propter
500 2067 590 2094 certa
611 2061 806 2095 testimonia
826 2063 958 2102 divina,
984 2075 1071 2107 quae

92 2119 209 2145 extant
226 2112 262 2143 in
282 2109 467 2155 Prophetis
484 2119 515 2144 et
529 2111 716 2154 Apostolis.
749 2111 883 2146 Nititur
901 2114 981 2146 tides
999 2126 1070 2146 non

92 2163 317 2208 Synodoruni
343 2162 597 2203 congressibus.
651 2162 738 2195 Nam
763 2164 848 2196 aliae
871 2164 1006 2208 Synodi
1033 2171 1070 2197 nt

91 2212 328 2251 Ariminensis
351 2219 383 2245 et
405 2212 616 2257 syrmiensis
640 2213 815 2246 diversum
839 2215 1071 2255 tradiderunt,

93 2264 151 2297 sed
169 2275 252 2296 voce
268 2263 400 2296 divina.

194 2320 263 2353 Nec
290 2320 424 2366 Synodi
446 2320 559 2354 Deum
584 2323 692 2355 alium
713 2323 880 2356 Ecclesiae
901 2325 1070 2357 fabricare

92 2378 256 2416 possunt,
283 2378 319 2404 ut
345 2370 469 2404 Graeci
495 2372 702 2411 llercnlem,
735 2380 792 2406 aut
816 2374 972 2416 Quirites
996 2374 1069 2409 lio-

93 2423 228 2455 mnlum
248 2422 338 2454 iuter
355 2421 447 2455 Deos
466 2424 673 2456 retulerunt.

194 2479 267 2512 Nisi
303 2481 460 2513 arassetis
497 2482 604 2514 vitula
641 2492 733 2520 mea,
769 2482 883 2526 inquit
910 2484 1071 2523 Samson,

93 2542 165 2563 non
185 2530 414 2564 invenissetis.
469 2530 665 2564 Audiamus
683 2532 788 2573 igitur
805 2534 986 2566 docentem
1003 2532 1071 2566 Ec-

93 2580 251 2620 clesiam,
279 2588 309 2613 et
329 2583 585 2615 commonetieri
607 2594 670 2614 nos
693 2594 710 2614 a
731 2582 796 2625 piis
815 2582 968 2628 Synodis
987 2583 1070 2614 wti-

93 2642 188 2669 mus,
216 2632 272 2662 sed
292 2631 375 2662 sides
394 2631 570 2665 intueatur
590 2634 730 2664 verbum
750 2631 834 2671 Dei,
862 2636 955 2678 quod
976 2634 1071 2666 astir-

95 2687 163 2713 mat
190 2680 298 2714 lilium
327 2680 393 2714 Dei
421 2682 563 2716 missum
595 2695 665 2717 esse
695 2683 737 2716 ad
765 2681 957 2718 Ecclesiam
991 2684 1070 2716 inde

641 139 799 176 DECL.
842 139 914 175 DE
949 138 1196 175 IUDICIIS
1230 139 1560 176 ECCLESIAE.

2042 144 2111 180 142

1133 235 1244 269 usque
1267 225 1311 258 ab
1332 226 1455 266 initio,
1490 234 1521 261 et
1546 238 1617 260 esse
1640 228 1934 272 omnipotentem,
1968 239 2006 261 ac
2030 240 2110 261 vere

1132 286 1274 307 cernere
1290 282 1322 309 et
1338 277 1500 309 exaudire
1517 278 1664 320 gemitus
1681 285 1830 314 nostros.
1882 278 2037 312 Persicos
2055 291 2107 311 re-

1131 335 1188 367 ges
1213 324 1249 356 in
1276 326 1413 369 pompis
1437 327 1735 370 splendidioribus
1759 330 1984 362 antecedebat
1999 339 2108 373 equus

1130 381 1267 417 gestans
1283 387 1377 408 aram
1395 388 1454 409 seu
1470 378 1597 418 focum,
1614 378 1649 410 in
1669 391 1737 422 quo
1753 386 1825 412 erat
1843 379 1932 422 ignis
1950 390 2054 419 sacer,
2069 384 2109 411 ut

1131 425 1197 468 ipsi
1213 426 1445 459 nominabant
1464 425 1667 465 Orimasda,
1695 429 1755 472 qui
1772 428 1866 462 Deus
1881 441 1951 462 esse
1968 429 2108 462 diceba-

1130 481 1197 509 tur.
1250 474 1343 509 Num
1366 476 1400 508 id
1417 478 1629 510 credendum
1644 479 1726 517 suit,
1753 479 1833 522 quia
1850 479 1985 512 Persica
2002 479 2109 512 colle-

1130 525 1184 568 gia
1209 526 1257 558 sic
1285 527 1521 561 decreverant.
1575 527 1702 560 Procul
1729 539 1746 559 a
1774 529 1876 560 nobis
1904 530 1980 562 talis
2010 529 2109 561 furor

1130 575 1232 610 absit.
1277 575 1374 618 Quid
1391 584 1504 610 autem
1525 577 1674 610 similius
1691 584 1740 610 est
1758 578 1810 609 illi
1830 577 1987 611 Persicae
2008 590 2109 622 pom-

1131 637 1211 669 pae,
1243 638 1347 671 quam
1381 628 1538 661 adoratio
1573 628 1608 659 in
1641 627 1965 669 circumgestatione
1997 629 2109 672 panis,

1131 676 1265 721 Synodi
1290 678 1427 711 decreto
1458 677 1686 711 confirmata?
1737 676 1817 709 Non
1843 678 1950 719 igitur
1972 678 2108 722 Synodi

1130 727 1318 767 autoritas,
1343 729 1400 760 sed
1418 740 1482 760 vox
1502 728 1622 760 diviua
1640 727 1765 760 rectrix
1783 727 1826 760 sit
1845 728 1938 761 fidei.

1231 793 1280 828 At
1303 795 1486 840 inquiunt,
1513 795 1644 828 multae
1668 795 1829 828 incidunt
1852 795 2110 828 controversiae

1129 847 1196 879 τοῦ
1214 841 1324 890 &stov
1342 844 1402 879 καὶ
1420 842 1596 882 διανοίας.
1641 843 1792 888 Oportet
1810 857 1890 888 ergo
1907 857 1978 878 esse
1997 846 2110 879 inter-

1130 903 1254 940 pretes.
1317 894 1364 929 Et
1394 896 1462 927 nisi
1495 896 1608 928 valeat
1646 896 1884 939 interpretatio
1914 896 2111 936 autoritate,

1131 959 1203 979 non
1222 952 1272 979 est
1289 946 1368 978 finis
1385 946 1622 978 dissidiorum.
1672 945 1767 978 Ilaec
1785 946 1896 978 oratio
1913 946 2109 990 plausibilis

1130 1003 1196 1036 est,
1223 1003 1254 1029 et
1279 1002 1415 1039 sumpta
1439 1008 1457 1028 a
1483 996 1633 1039 politicis
1652 996 1806 1035 iudiciis,
1834 997 1892 1028 sed
1910 997 2053 1028 dissidia
2072 996 2108 1028 in

1130 1045 1294 1080 Ecclesiis
1316 1047 1384 1078 alio
1409 1047 1513 1078 modo
1533 1046 1725 1083 tolluntur,
1751 1047 2004 1090 Apostolorum
2025 1058 2110 1078 con-

1130 1109 1269 1130 sensum
1287 1098 1329 1129 de
1347 1096 1430 1138 legis
1448 1096 1674 1137 abrogatione
1692 1103 1887 1140 sequuntur
1904 1097 1952 1139 pii
1972 1096 2110 1129 caeteri.

1130 1147 1196 1180 Hic
1214 1154 1331 1180 coetus
1356 1153 1405 1178 est
1425 1145 1598 1184 Ecclesia,
1625 1147 1683 1178 alii
1703 1158 1783 1179 vero
1810 1147 1910 1180 multi
1929 1146 2111 1179 dissentie-

1129 1199 1212 1230 bant
1241 1204 1273 1230 et
1305 1198 1473 1230 nolebant
1510 1196 1606 1228 illam
1640 1194 1910 1240 pulcherrimam
1950 1196 2109 1241 politiam

1129 1248 1273 1281 destrui.

1219 1313 1294 1346 Hos
1312 1314 1452 1346 tandem
1469 1314 1594 1347 refutat
1612 1313 1705 1347 Deus
1723 1314 1857 1346 excidio
1877 1313 2111 1360 ierosolymae

1129 1370 1161 1395 et
1185 1364 1332 1394 aliarum
1354 1363 1498 1394 urbium
1522 1369 1554 1394 et
1578 1364 1685 1395 totius
1709 1364 1819 1405 gentis
1847 1364 2002 1397 interitu.
2058 1363 2108 1397 Ita

1129 1413 1261 1444 cineres
1280 1418 1311 1444 et
1330 1412 1454 1444 rudera
1473 1412 1614 1444 urbium
1632 1419 1802 1445 testantur
1820 1413 1997 1446 decretum
2010 1412 2108 1457 Apo-

1129 1462 1299 1494 stolorum
1323 1472 1443 1493 verum
1466 1472 1555 1498 esse,
1583 1468 1615 1493 et
1639 1462 1824 1494 dissidium
1848 1464 1987 1496 tandem
2012 1465 2108 1497 tolli-

1128 1518 1194 1544 tur.
1248 1509 1306 1542 Sic
1324 1522 1402 1542 cum
1428 1510 1519 1542 edita
1541 1517 1589 1542 est
1608 1510 1743 1554 Synodi
1769 1513 1958 1552 confessio,
1985 1520 2018 1547 et
2041 1514 2109 1546 im-

1130 1561 1175 1603 pii
1194 1560 1422 1601 dogmatistae
1439 1571 1477 1592 ex
1495 1557 1649 1593 Ecclesia
1669 1561 1805 1603 piorum
1825 1562 1922 1594 eiecti
1936 1569 2029 1603 sunt,
2053 1576 2108 1596 ec-

1127 1610 1337 1643 clesiasticus
1360 1610 1463 1642 iudex
1488 1622 1560 1642 non
1583 1610 1660 1642 aliis
1684 1611 1796 1643 modis
1818 1612 1939 1645 tollere
1965 1612 2108 1646 dissidia

1129 1667 1257 1704 potest,
1285 1672 1348 1692 nec
1371 1667 1420 1692 est
1445 1660 1564 1699 lictor,
1590 1662 1647 1693 sed
1666 1660 1759 1693 Deus
1785 1662 1856 1704 ipse
1879 1663 2041 1696 defensor
2059 1670 2109 1697 est

1127 1711 1301 1748 veritatis,
1341 1716 1373 1743 et
1405 1711 1543 1742 tandein
1578 1711 1670 1744 delet
1705 1711 1829 1754 impias
1861 1720 1986 1753 sectaS‚
2019 1712 2107 1747 sicut

1126 1760 1316 1806 Aegyptios
1341 1761 1487 1798 delevit,
1524 1766 1556 1793 et
1580 1772 1680 1804 saepe
1703 1763 1872 1804 oppressit
1896 1761 2021 1796 Iudeos
2052 1764 2108 1795 in-

1126 1819 1342 1845 stauraturos
1361 1823 1457 1843 suam
1479 1811 1651 1853 politiam,
1678 1819 1710 1844 et
1726 1812 1813 1845 sicut
1829 1813 1968 1846 sustulit
1986 1813 2106 1846 Mani—

1126 1860 1269 1901 cheum,
1298 1873 1400 1906 quem
1433 1861 1607 1894 interfecit
1632 1873 1688 1894 rex
1713 1861 1887 1903 Persicus,
1916 1876 1993 1896 cum
2021 1870 2108 1898 esset

1128 1913 1296 1956 impostor
1320 1912 1423 1944 titulo
1449 1912 1592 1952 medici,
1620 1918 1652 1944 et
1674 1912 1763 1945 sicut
1783 1912 1927 1946 Arrium
1951 1914 2108 1955 extinxit,

1126 1964 1181 1995 cui
1206 1963 1302 1995 velut
1329 1961 1436 1994 Iudae
1456 1962 1573 1994 subito
1598 1962 1753 1994 cruciatu
1778 1963 1885 1996 effusa
1910 1970 1991 1997 sunt
2016 1971 2106 1997 exta.

1126 2012 1175 2046 Ac
1193 2013 1343 2045 subinde
1360 2012 1413 2043 vel
1432 2012 1537 2044 iidem
1559 2023 1694 2044 errores
1712 2013 1945 2055 repullulant,
1972 2014 2026 2045 vel
2045 2014 2105 2046 alii

1124 2063 1306 2103 oriuntur,
1340 2069 1379 2095 ut
1404 2062 1509 2095 nimis
1533 2074 1611 2094 vere
1638 2062 1770 2096 dictum
1803 2069 1852 2096 est
1878 2063 1915 2096 in
1942 2063 2106 2097 Timonis

1126 2125 1242 2148 versu:

1251 2168 1343 2210 ([οιτᾶ
1368 2167 1386 2209 ἡ
1409 2167 1608 2210 βροτόλοιγος
1631 2167 1690 2209 ἶρις
1713 2168 1812 2199 κενεὸν
1835 2169 1976 2200 λελακῦα.

1126 2230 1314 2264 Martionis
1337 2231 1432 2263 virus
1455 2236 1570 2262 ortum
1595 2237 1660 2269 est,
1688 2236 1839 2272 tempore
1857 2229 1969 2263 'Marci
1992 2229 2104 2264 Anto-

1125 2282 1211 2316 nini.
1267 2281 1304 2314 ld
1323 2293 1440 2313 semen
1468 2281 1529 2313 suit
1553 2280 1678 2324 delyrii
1699 2278 1984 2320 Manicheurum,
2008 2283 2102 2326 quod

1127 2340 1245 2365 natum
1275 2333 1310 2364 in
1334 2331 1492 2369 Perside,
1530 2330 1687 2371 contagia
1718 2331 1842 2374 sparsit
1875 2331 1910 2362 in
1934 2332 2104 2371 Africam,

1125 2395 1213 2427 quae
1241 2383 1287 2415 ibi
1321 2379 1434 2414 adlmc
1464 2379 1652 2422 Augustini
1687 2387 1843 2424 tempore
1876 2383 2102 2423 vagabantur.

1125 2434 1215 2466 Sunt
1234 2440 1348 2465 antem
1366 2444 1384 2463 a
1407 2431 1524 2463 Marco
1541 2428 1722 2463 Antonino
1740 2433 1781 2463 ad
1803 2432 1989 2473 Augustini
2008 2444 2102 2464 inor-

1125 2491 1191 2516 tem
1227 2484 1309 2516 anni
1345 2483 1414 2514 sere
1447 2480 1599 2514 trecenti.
1651 2480 1810 2513 'l'andem
1841 2493 1921 2513 vere
1952 2483 2101 2515 extincta

1124 2541 1224 2573 sunt,
1251 2541 1289 2566 ut
1312 2533 1451 2565 tandem
1478 2530 1649 2563 evanescit
1673 2532 1913 2569 mendacium,
1948 2533 2008 2564 etsi
2035 2533 2101 2565 alia

1124 2584 1274 2616 subinde
1299 2588 1500 2615 nascuntur.
1553 2580 1675 2613 Servat
1700 2588 1813 2614 autem
1840 2582 1929 2614 lilius
1948 2581 2012 2614 Dei
2039 2583 2102 2614 ali-

1124 2645 1210 2678 quas
1242 2645 1339 2666 verae
1369 2630 1538 2664 Ecclesiae
1567 2631 1749 2675 reliquias,
1784 2637 1816 2664 et
1847 2639 1954 2675 gestat
1982 2633 2015 2664 in
2041 2643 2101 2664 sua

1125 2685 1261 2722 dextra,
1289 2691 1325 2718 ut
1351 2682 1479 2725 inquit:
1507 2680 1617 2715 Nemo
1632 2682 1742 2725 rapiet
1760 2694 1841 2715 oves
1860 2693 1951 2715 meas
1968 2694 2005 2713 ex
2030 2694 2103 2714 nia-
