2324 2955
155 118 248 156 1055

259 202 300 235 In
318 200 458 235 caeteris
472 196 717 230 controversiis
742 193 848 228 huius
865 192 1000 238 Synodi
1016 193 1133 226 minus
1159 207 1161 252 j

161 261 209 288 est
227 250 450 287 difficultatis.
503 247 585 281 Ideo
605 245 662 279 hic
681 258 736 279 eas
760 256 833 278 non
851 250 981 287 repeto.

214 353 320 386 Anno
352 348 473 382 mundi
500 354 621 392 quater
646 345 833 378 millesimo
858 342 1136 389 quingentesimo

366 399 530 432 vicesimo
547 404 680 430 octavo.

217 450 322 484 Anno
352 449 486 484 Romae
514 447 700 481 millesimo
734 445 975 479 trecentesimo
1006 443 1139 476 decimo

368 500 527 543 septimo.

220 551 325 585 Anno
342 549 474 584 Christi
491 547 769 594 quingentesimo
786 545 996 588 sexagesimo
1015 550 1121 578 sexto.

537 628 770 664 Iustinus.

273 696 443 732 Iustinus
457 697 638 731 Secundus
661 707 768 739 nepos
788 693 975 727 Iustiniani
999 705 1037 725 ex
1061 692 1143 730 filia,

173 751 363 794 imperator
387 750 497 781 sactus
514 760 531 780 a
551 746 745 779 Iustiniano
770 745 925 784 vivente,
950 743 1060 777 tenuit
1077 743 1144 774 im-

172 800 308 844 perium
326 810 437 831 annos
455 798 649 830 duodecim.
690 795 735 830 Ut
753 795 889 838 imperii
906 794 1047 828 initium
1067 804 1145 836 gra-

173 851 242 883 tius
260 856 363 890 esset,
389 849 489 882 leniit
506 848 636 881 tributa
655 853 688 879 et
704 857 843 886 usuras,
867 851 899 878 et
916 844 1068 877 coniunx
1079 843 1145 876 So-

174 898 257 945 phia
283 900 451 944 quaedam
472 899 587 931 debita
614 909 651 929 ex
678 897 747 929 suis
772 895 997 928 facultatibus
1030 893 1145 933 solvit,

176 950 274 984 brevi
294 957 410 983 tamen
427 955 504 993 post
521 959 612 981 nova
625 947 756 980 tributa
774 945 904 978 indicta
921 951 1013 978 sunt.
1064 943 1144 977 Non

174 1001 285 1034 multa
303 1012 364 1043 per
381 1011 452 1033 sese
468 999 657 1042 imperator
675 996 808 1029 morbis
826 996 1015 1038 impeditus
1031 992 1146 1024 admi-

177 1050 358 1087 nistravit,
391 1050 523 1082 bellum
547 1059 625 1080 cum
649 1045 763 1078 Persis
783 1043 1018 1088 quadriennio
1043 1041 1146 1084 gessit
1170 1058 1172 1065 ι

176 1112 239 1145 per
262 1100 386 1132 ducem
408 1097 624 1137 Blartinum‚
659 1096 696 1127 in
718 1107 786 1138 quo
812 1093 978 1137 utrinque
999 1102 1145 1134 magnae

178 1151 292 1184 clades
317 1154 473 1192 acceptae
497 1153 588 1180 sunt.
641 1145 708 1179 Sed
737 1157 814 1178 cum
834 1144 973 1176 tandem
992 1142 1075 1175 victi
1093 1152 1146 1173 es-

180 1207 256 1234 sent
280 1198 425 1239 Persae,
465 1207 586 1231 rursus
607 1195 859 1240 aliquantisper
882 1205 947 1237 pax
971 1193 1060 1225 sacta
1087 1197 1147 1225 est.

177 1250 277 1284 Duae
299 1261 352 1282 res
377 1249 478 1281 valde
502 1247 627 1289 dignae
651 1245 819 1278 memoria
846 1244 882 1275 in
900 1242 1004 1276 liuius
1022 1241 1148 1275 lustini

178 1299 466 1343 gubernationem
499 1297 672 1329 incidunt:
706 1295 810 1329 Initia
837 1290 1086 1327 Erarclzatas
1112 1292 1149 1324 in

177 1350 292 1390 Italia,
309 1355 342 1383 et
357 1349 457 1381 initia
474 1347 571 1390 regni
584 1345 842 1389 Longobardici
858 1345 895 1376 in
913 1344 1024 1378 Italia.
1058 1342 1150 1376 Fue-

180 1407 264 1434 runt
282 1402 402 1433 'autem
429 1394 605 1431 Exarclzi
629 1397 724 1430 velut
740 1395 873 1428 Vicarii
898 1395 1150 1437 imperatorum

181 1463 220 1484 ex
236 1448 544 1492 Constantinopoli
561 1447 667 1482 missi.

181 1501 340 1535 bernatio
364 1506 441 1544 post
457 1498 590 1532 Narsen
612 1508 723 1530 annos
744 1502 884 1529 centum
909 1502 942 1529 et
963 1494 1151 1537 sexaginta.

184 1550 258 1585 Arx
280 1557 396 1584 autem
421 1556 453 1582 et
483 1550 580 1582 sedes
605 1545 847 1580 Exarchorum
872 1545 1044 1580 Ravenna
1076 1544 1153 1579 suit.

182 1601 324 1634 Priores
345 1601 436 1633 bella
461 1611 539 1633 cum
566 1597 810 1641 Longobardis
837 1597 1012 1629 insoelicia
1043 1606 1155 1638 gesse-

184 1658 279 1684 runt.
331 1650 520 1684 Postremis
549 1649 644 1681 varia
668 1647 857 1681 certamina
880 1659 959 1680 cum
982 1645 1155 1680 Romanis

185 1700 416 1734 Pontificibus
439 1701 599 1736 fuerunt,
625 1699 735 1728 donec
758 1697 985 1736 Longobordi
1009 1696 1155 1725 urbibus·
1181 1701 1182 1707 ¹

186 1751 274 1790 illis,
314 1760 399 1794 quas
430 1745 582 1780 Exarchi
622 1745 775 1789 reliquas
810 1750 1013 1782 tenuerant,
1054 1740 1156 1785 potiti

187 1807 287 1839 sunt,
316 1810 401 1843 quas
424 1804 540 1831 tamen
564 1796 763 1839 relinquere
784 1793 1036 1836 Longobardos
1053 1789 1158 1837 Pipi-

187 1861 255 1883 nus
279 1849 401 1891 coegit.

289 1898 372 1932 fuit
392 1904 508 1930 autem
542 1895 676 1939 primus
697 1892 878 1927 Exarchus
900 1905 918 1926 a
944 1892 1078 1925 Iustino
1105 1904 1158 1925 se-
1183 1886 1185 1911 3

189 1950 304 1984 cundo
327 1949 364 1981 in
381 1947 516 1981 Italiam
539 1946 664 1978 missus
684 1941 902 1989 Longinus,
922 1943 1029 1985 'cuius
1045 1955 1159 1977 mores
1184 1959 1186 1993 }

189 2001 238 2034 ita
263 1999 528 2035 describuntur,
561 2003 599 2029 ut
622 2008 693 2029 non
715 1996 758 2028 sit
788 1995 918 2027 mirum
944 1993 1097 2027 Graecos
1122 1994 1156 2025 in

187 2050 300 2083 maius
316 2049 437 2082 odium
453 2047 598 2081 venisse.

187 2151 315 2184 bilium
332 2150 419 2182 filias
435 2149 478 2181 ad
494 2148 606 2191 ipsum
624 2144 875 2190 pertraherent.
925 2145 1028 2178 Prius
1045 2152 1158 2180 autem

191 2213 246 2234 res
268 2199 554 2243 Longobardicae
579 2197 731 2230 breviter
753 2197 950 2231 recitandae
974 2203 1073 2237 sunt,
1097 2209 1160 2240 po-

194 2258 262 2284 stea
288 2251 390 2283 series
408 2246 648 2283 Exarchornm
679 2248 840 2281 addenda
868 2247 950 2286 erit,
979 2246 1027 2280 ita
1051 2248 1159 2291 magis

189 2301 370 2345 perspicua
386 2300 451 2333 erit
468 2298 632 2332 narratio.

452 2417 517 2449 De
558 2411 891 2460 Lonyobardis.

290 2494 426 2530 Omitto
466 2496 640 2529 fabulosas
686 2495 884 2539 ineptorum
928 2493 1184 2530 narrationes,v

397 114 599 153 SCRIPTA
633 111 707 148 PII.
734 109 850 147 MEL.
877 108 943 144 AD
968 107 1092 144 HIST.
1120 107 1261 145 PROF.
1290 106 1354 141 ET
1380 103 1573 140 PHILOS.
1601 104 1919 142 SPECTANTIA.

719 1445 937 1490 Duravitque
951 1456 1070 1478 eorum
1089 1455 1153 1486 gu·
1178 1472 1179 1475 ,

667 2044 805 2079 Dicitur
828 2045 953 2078 aluisse
971 2056 1160 2090 γαιάικοι-
1185 2062 1186 2070 1

188 2100 331 2147 ἕρεικας,
348 2099 409 2143 qni
426 2098 460 2130 vi
474 2104 509 2131 et
523 2096 706 2130 fraudibus
723 2097 854 2129 alienas
865 2096 1027 2137 coniuges
1045 2102 1078 2129 et
1095 2108 1159 2128 no-
1185 2088 1186 2097 ¹

1185 2352 1186 2360 ¹
1212 2344 1305 2377 bere.

1185 2405 1186 2430 3
1212 2400 1306 2427 tatur
1332 2391 1613 2426 Helmechildum
1643 2393 1797 2426 nobilem
1821 2391 2114 2432 Longobardum,
2141 2399 2180 2424 ut

2062 108 2156 142 1056

1186 198 1218 225 et
1239 190 1366 224 diserte
1390 189 1506 233 inquit
1524 189 1744 229 ptolemeus,
1771 190 2086 234 Longobardorum
2107 203 2159 224 se—

1187 243 1264 275 dem
1289 240 1332 272 ad
1354 240 1509 272 medium
1527 240 1629 272 Albis
1649 252 1737 282 esse,
1764 241 1823 285 qui
1851 248 1980 274 tractus
2007 253 2099 274 nunc
2115 243 2159 274 ad

1187 291 1370 325 Dioeceses
1402 288 1732 332 Meideburgensem
1766 298 1800 324 et
1838 290 2159 324 Halberstatensem

1189 341 1351 386 pertinet.
1404 338 1435 372 E
1455 340 1598 382 regione
1623 341 1728 373 fuisse
1747 340 1905 374 Senonas
1925 341 1962 373 in
1980 353 2018 373 eo
2038 347 2162 379 tractu,

1191 391 1251 437 qui
1268 402 1362 423 nnnc
1381 396 1480 423 vetus
1497 388 1656 423 Marchia
1673 391 1868 434 appellatur
1885 391 1988 424 etiam
2006 403 2044 423 ex
2062 397 2162 424 utro-

1193 453 1259 487 que
1277 441 1445 483 scriptore
1462 440 1611 483 intelligi
1629 447 1752 484 potest.
1803 440 1874 473 Nec
1891 441 2018 474 limites
2035 443 2162 473 immo-

1191 500 1245 526 tos
1268 491 1452 524 constituo.
1505 490 1686 524 Interdum
1721 491 1860 533 longius
1887 489 1951 523 hae
1979 491 2163 524 bellicosae

1194 548 1309 585 gentes
1333 551 1532 584 progressae
1554 547 1652 582 suut,
1694 541 1872 574 interdum
1902 552 2090 583 regressae,
2125 549 2162 573 ut

1194 594 1335 625 fortuna
1353 592 1527 624 bellorum
1548 598 1630 625 erat.
1668 589 1720 624 Ex
1738 589 1802 624 hae
1821 602 1881 624 sua
1900 591 2011 634 patria
2023 590 2166 633 Longo-

1168 669 1170 679 ,
1195 642 1294 676 bardi
1319 642 1355 674 in
1380 642 1450 674 illis
1477 641 1693 674 terribilibus
1719 641 1876 684 gentium
1897 641 2166 684 migrationibus

1195 698 1412 726 accesserunt
1437 704 1515 724 cum
1540 692 1684 724 familiis
1710 692 1781 725 suis
1804 692 1848 724 ad
1872 703 1946 724 eam
1962 691 2167 724 Pannoniae

1197 754 1313 782 oram,
1352 754 1440 786 quae
1465 741 1584 776 ltaliae
1610 742 1755 786 propior
1778 748 1846 781 est,
1880 742 1941 774 ubi
1965 748 2168 774 manserunt

1196 804 1307 826 annos
1333 793 1562 837 quadraginta
1586 793 1683 825 duos.
1737 790 1789 825 Ae
1813 792 1895 824 inde
1916 792 1959 825 ab
1975 792 2023 823 eis
2041 791 2169 824 auxilia

1196 844 1361 876 adversus
1379 842 1504 876 Gottos
1521 843 1557 874 in
1573 842 1709 875 Italiam
1719 842 1843 875 Narses
1859 841 2049 876 accersivit.
2080 840 2169 874 Got-

1170 920 1172 928 .
1196 894 1241 927 tis
1265 904 1304 926 ex
1332 892 1428 926 ltalia
1451 892 1603 936 expulsis
1637 893 1816 937 aliquanto
1842 898 1919 936 post
1942 892 2168 934 Longobardi

1196 944 1269 976 sive
1286 954 1304 975 a
1321 943 1428 976 Narse
1444 943 1602 983 invitati,
1628 949 1666 975 ut
1682 943 1792 987 aliqui
1808 948 1962 982 narrant,
1987 942 2060 974 sive
2075 943 2169 986 quod

1197 990 1306 1031 magis
1323 991 1489 1022 credibile
1507 999 1567 1031 est,
1593 993 1785 1034 conspectis
1805 999 1904 1026 antea
1924 989 2171 1036 pulcherrimis

1198 1040 1318 1073 Italiae
1341 1040 1489 1072 urbibus
1515 1048 1548 1073 et
1581 1041 1784 1083 splendore,
1824 1043 1919 1074 ultro
1947 1041 2082 1074 Italiam
2112 1042 2170 1073 in—

1197 1089 1304 1132 gressi
1319 1096 1401 1122 sunt
1417 1101 1510 1123 anno
1520 1087 1650 1123 Christi
1665 1091 1943 1134 quingentesimo
1961 1090 2171 1133 sexagesimo

1198 1146 1338 1180 octavo,
1374 1151 1452 1172 cum
1478 1139 1669 1183 imperator
1695 1148 1782 1174 esset
1805 1140 1960 1174 Iustinus
1979 1139 2171 1175 Secundus,

1200 1189 1408 1223 Tenuerunt
1434 1200 1579 1232 regnum
1608 1189 1645 1221 in
1669 1201 1706 1223 ea
1727 1189 1846 1223 Italiae
1868 1197 1984 1234 parte,
2011 1202 2098 1234 quae
2123 1197 2171 1223 est

1200 1240 1293 1273 inter
1311 1239 1418 1283 Alpes
1441 1246 1474 1272 et
1491 1238 1695 1284 Apeninum
1721 1252 1831 1273 annos
1855 1241 2022 1273 ducentos
2039 1247 2070 1273 et
2088 1252 2173 1285 qua—

1200 1297 1292 1331 tuor,
1317 1292 1410 1323 unde
1427 1288 1541 1323 adhuc
1558 1302 1595 1323 ea
1616 1302 1693 1333 pars
1709 1303 1837 1324 nomen
1856 1288 1960 1324 habet
1972 1290 2175 1333 Longobar—

1203 1341 1300 1381 diae,
1327 1341 1417 1373 acin
1437 1340 1555 1374 Italica
1573 1341 1792 1384 expeditione
1814 1341 1940 1374 mixtos
1957 1340 2061 1373 fuisse
2078 1340 2175 1373 Lon-

1203 1391 1367 1434 gobardis
1390 1390 1543 1425 Saxones
1568 1397 1600 1424 et
1624 1390 1774 1431 Suevos,
1816 1392 1852 1424 id
1877 1398 1927 1425 est
1949 1389 2175 1430 Pomeranos,

1205 1440 1350 1474 historia
1365 1441 1529 1476 ostendit.
1582 1440 1822 1475 vastationem
1837 1441 1957 1476 Italiae
1982 1441 2173 1474 denuncia-

1205 1498 1332 1525 verunt
1353 1492 1464 1526 multa
1490 1491 1666 1535 prodigia:
1699 1490 1914 1536 Conspectae
1946 1497 2027 1524 sunt
2055 1491 2176 1534 igneae

1179 1551 1181 1589 ζ
1205 1542 1295 1575 acies
1315 1542 1351 1574 in
1368 1550 1446 1576 aere
1471 1543 1694 1576 dimicantes:
1720 1541 1870 1585 Sanguis
1897 1555 1935 1575 ex
1955 1547 2045 1575 terra
2065 1549 2097 1575 et
2114 1553 2176 1584 pa-

1206 1592 1353 1626 rietibus
1369 1593 1578 1633 scaturiens,
1605 1599 1637 1625 et
1659 1592 1726 1625 alia
1743 1593 1872 1631 multa,
1899 1599 1938 1625 ut
1956 1602 2089 1634 semper
2104 1602 2177 1624 ma-

1207 1654 1294 1686 gnae
1311 1643 1521 1676 calamitates
1537 1642 1704 1686 prodigiis
1721 1643 1990 1675 denunciantur.
2041 1640 2178 1673 Nomen

1208 1705 1226 1721 a
1245 1693 1358 1731 lungts
1376 1693 1579 1732 cuspidibus
1593 1693 1647 1724 vel
1668 1692 1880 1734 bipennibus
1906 1693 2077 1725 deducere
2095 1702 2179 1723 con—

1182 1770 1184 1789 ε
1209 1738 1348 1772 cinnius
1366 1745 1434 1776 est,
1459 1751 1562 1783 quam
1581 1750 1598 1770 a
1621 1742 1750 1773 barbis.

1311 1785 1459 1821 Primus
1484 1801 1543 1821 rex
1568 1788 1884 1830 Longobardorum
1915 1790 1952 1821 in
1984 1790 2082 1823 Italia
2112 1792 2179 1824 suit

1210 1836 1412 1880 Alboinus,
1435 1839 1592 1882 regnavit
1611 1850 1721 1872 annos
1739 1845 1897 1883 quatuor.
1952 1838 2059 1872 Initio
2078 1852 2181 1873 occu-

1211 1889 1305 1934 pavit
1331 1889 1552 1923 Vincentiam
1576 1897 1609 1923 et
1632 1888 1821 1924 Veronam.
1873 1887 2011 1922 Deinde
2035 1890 2077 1922 ad
2101 1890 2180 1922 Mo-

1211 1940 1393 1973 diolanum
1411 1941 1570 1979 accessit,
1598 1941 1691 1984 quod
1709 1940 1874 1973 suadente
1892 1938 2074 1973 Honorato
2092 1939 2181 1983 Ept—

1211 2002 1314 2033 scopo
1339 1991 1554 2023 ‹leditionem
1578 1991 1669 2025 fecit.
1720 1989 1810 2023 Nam
1833 1996 1866 2023 et
1889 1990 2180 2034 propter‘famem

1212 2041 1348 2074 obsidio
1381 2041 1521 2074 tolerari
1552 2053 1624 2073 non
1653 2047 1799 2084 poterat.
1851 2039 2017 2073 Ticinum
2044 2036 2138 2085 quod
2163 2052 2181 2073 a

1211 2091 1373 2133 Longino
1394 2092 1566 2135 praesidio
1583 2091 1758 2124 munitum
1775 2092 1897 2129 suerat,
1915 2091 2067 2124 triennio
2081 2091 2182 2124 obse-

1212 2142 1276 2182 dit,
1302 2143 1396 2186 quod
1417 2154 1494 2175 cum
1512 2142 1652 2175 tandem
1669 2142 1824 2185 cepisset,
1851 2141 1988 2174 rediens
2006 2140 2179 2174 Veronam

1213 2192 1248 2224 in
1269 2193 1448 2233 convivio,
1476 2192 1576 2225 iussit
1592 2192 1708 2224 afferri
1725 2192 1888 2235 poculum
1905 2192 2031 2224 factum
2050 2203 2088 2224 ex
2104 2203 2179 2223 cra-

1212 2243 1272 2275 nio
1298 2242 1535 2283 Cunimundi,
1562 2254 1665 2287 quem
1688 2243 1878 2282 occiderat,
1905 2249 1937 2275 et
1960 2241 2071 2283 co'e'git
2094 2253 2179 2273 con·

1212 2293 1327 2336 iugem
1352 2294 1458 2325 filiam
1476 2292 1694 2326 Cunimundi
1720 2305 1758 2325 ex
1786 2293 1904 2324 cranio
1928 2291 2035 2334 patris
2054 2291 2107 2323 sui
2124 2291 2178 2324 bi—

1361 2342 1422 2376 llla
1447 2350 1530 2376 tunc
1553 2343 1772 2376 dissimulato
1795 2343 1931 2380 dolore,
1960 2347 2076 2383 postea
2095 2338 2178 2373 hor-

1212 2442 1406 2477 Alboinum
1451 2444 1653 2483 interficiat,
1699 2450 1732 2476 et
1765 2441 1936 2486 promittit
1955 2441 1986 2473 ei
2022 2452 2177 2484 regnum.

1210 2492 1478 2527 Helmeehildus
1511 2494 1741 2527 dormientem
1763 2490 1957 2525 Alboinum
1996 2491 2177 2529 interfecit,

190 2559 278 2596 quae
294 2546 546 2589 Longobardos
567 2558 605 2578 ex
625 2546 749 2578 insulis
767 2544 903 2579 Arctois
919 2546 1092 2583 educunt,
1124 2550 1156 2576 et
1181 2534 1184 2598 J
1211 2545 1338 2577 deinde
1365 2551 1502 2577 coactus
1529 2545 1648 2586 sugere
1676 2554 1753 2576 cum
1778 2542 1999 2576 Rosimunda
2031 2541 2177 2584 coniuge

190 2609 316 2643 sequor
331 2596 514 2629 Strabonis
533 2607 571 2627 ac
588 2595 776 2628 Ptolemaei
801 2595 1067 2638 descriptiones,
1096 2606 1155 2637 qui
1180 2607 1183 2662 μ

185 2648 436 2692 Longobardos
461 2653 494 2680 et
511 2645 667 2680 Senonas
692 2645 728 2678 in
753 2645 837 2690 ripis
852 2646 954 2681 Albis
971 2645 1143 2680 collocant

1209 2594 1356 2628 Alboini
1388 2595 1527 2627 accessit
1549 2593 1755 2628 Ravennam
1783 2594 1824 2625 ad
1856 2591 2075 2635 Longinum,
2115 2591 2175 2624 uhi

1208 2657 1285 2679 cum
1319 2645 1523 2690 aliquandiu
1554 2643 1717 2682 fuissent,
1750 2642 1933 2686 Longinus
1965 2653 2072 2675 novas
2101 2652 2176 2684 spes
