2324 2955
174 129 271 164 1067

177 211 292 258 σύγῃ,
320 213 393 245 sine
413 209 572 243 avaricia.
617 208 714 242 Nova
734 210 904 254 quaedam
923 209 1054 242 tributa
1071 209 1156 241 abo·
1181 236 1184 268 1

178 265 271 298 levit.
326 264 424 294 Adeo
443 260 551 293 multa
570 259 748 292 distribuit
764 261 807 292 ad
825 260 967 292 alendas
990 271 1158 303 pauperes

177 314 346 351 familias,
374 318 411 344 ut
430 323 446 343 a
465 308 597 353 Sophia
619 309 742 342 lustiui
762 310 866 342 vidua
886 308 1159 353 reprehendere-

177 373 242 398 tur.
296 362 366 396 Sed
383 360 476 394 Deus
494 360 645 392 vicissim
662 361 693 392 ei
710 366 742 393 et
760 371 842 403 opes
858 361 951 393 auxit
964 387 972 400 ‚
1001 367 1032 393 et
1049 360 1158 393 victo-

410 124 618 162 SCRIPTA
646 124 720 158 PH.
747 123 862 158 MEL.
888 122 955 158 AD
983 122 1109 160 HIST.
1137 120 1279 158 PROF.
1305 120 1370 156 ET
1397 118 1588 158 PHILOS,
1615 121 1933 158 SPECTANTIA.

2099 124 2195 160 1068

1210 220 1286 252 pam
1299 234 1308 248 ‚
1335 213 1367 240 et
1383 207 1554 240 exercitus
1571 219 1611 241 ex
1629 207 1730 253 Syria
1748 208 1899 241 revocati
1917 215 1999 242 sunt
2016 210 2058 242 ad
2084 210 2197 253 repri-

1211 258 1380 291 mendum
1416 269 1529 300 regem
1557 256 1714 291 Avarum
1749 257 1939 301 Cagauum.
2016 258 2084 292 Sed
2118 266 2198 292 ante

1210 307 1314 341 huius
1333 308 1414 340 novi
1435 308 1518 340 belli
1537 309 1678 341 initium
1700 309 1906 342 domesticas
1925 321 1980 342 res
1996 310 2194 342 constituit:

1210 359 1325 391 filium
1354 356 1595 392 Theodosium
1629 359 1874 402 imperatorem
1899 367 2008 399 creat,
2036 371 2139 404 quem
2165 367 2199 393 et

179 415 246 447 rias
265 412 414 459 egregias
434 411 591 444 donavit.
633 409 726 443 Dum
745 412 837 443 euim
859 422 1000 443 auream
1021 423 1157 443 crucem
1183 408 1186 444 l
1210 406 1414 442 Patriarcha
1433 406 1609 443 lohannes
1633 409 1813 442 Ieiunator
1838 410 1875 442 in
1898 408 2066 444 Paschate
2093 421 2194 442 coro-

179 463 347 497 marmori
375 463 539 494 insertam
567 461 604 492 in
629 468 720 494 terra
748 462 855 493 levari
885 462 998 499 iubet,
1036 462 1158 494 nolens

179 526 253 547 eam
275 514 421 557 pedibus
440 511 583 550 calcari,
610 524 752 553 magnos
770 510 951 545 thesauros
968 513 1032 545 sub
1049 525 1087 545 ea
1105 524 1158 544 re-

1185 557 1187 569 ³
1212 560 1390 593 Hactenus
1409 560 1514 593 foelix
1533 567 1567 594 et
1584 561 1734 603 gloriosa
1750 561 1818 594 fuit
1836 560 2002 594 Mauricii
2020 561 2197 604 guberna-

179 564 278 609 perit.
347 563 587 596 pervenerunt
613 564 656 594 ad
681 575 760 595 euin
791 569 824 596 et
857 560 1032 603 thesauri,
1073 574 1160 607 quos

180 614 308 649 Narses
325 626 365 646 ex
385 613 484 646 Italia
512 613 663 645 miserat.
715 612 804 646 Cum
832 613 1076 656 Lougobardis
1100 625 1160 656 pa-

181 677 253 698 cem
268 664 361 698 fecit.
413 662 544 696 Contra
561 662 682 696 Persas
699 664 793 697 misit
811 665 933 696 ducem
947 663 1158 697 Mauricium

179 714 422 759 Cappadocem
435 738 444 751 ‚
472 713 533 758 qui
550 714 721 747 foeliciter
738 715 837 747 victis
862 714 975 747 Persis
994 714 1158 757 Mesopo-

180 766 323 799 tamiam
351 764 488 806 recepit.
557 762 722 806 Captivos
755 765 895 797 vestitos
922 764 1089 797 Tiberius
1124 765 1160 796 iu

181 815 335 849 Persiam
368 814 512 848 remisit.
573 813 748 847 Mauricio
772 827 910 847 reverso
935 816 1030 848 dedit
1054 815 1158 847 filiam

182 865 449 899 Constantinam
468 876 628 904 uxorem,
656 878 804 910 eumque
822 865 944 897 vivens
971 866 1160 910 imperato-

181 928 254 949 rem
272 916 351 948 secit
370 915 550 947 laudatum
574 917 732 948 oratione
757 928 817 947 sua
843 917 933 958 apud
960 917 1160 949 exercitum.

182 966 240 1000 Sic
258 978 336 999 cum
354 965 567 1008 relinqueret
586 975 815 998 successorem
841 976 1007 1007 generum
1030 966 1159 997 iudicio

182 1017 372 1053 delectum,
407 1015 587 1059 aliquanto
615 1023 689 1059 post
711 1017 835 1049 morbo
865 1027 903 1047 ex
933 1013 996 1047 hac
1021 1015 1160 1047 mortali

183 1067 253 1100 vita
275 1067 407 1110 placide
431 1065 588 1098 decessit.

235 1175 340 1208 Auno
372 1174 494 1207 mundi
520 1180 642 1218 quater
665 1174 851 1207 millesimo
883 1174 1161 1219 quingentesimo

386 1225 651 1270 quadragesimo
675 1232 781 1258 sextO.

235 1294 340 1326 Anno
357 1292 493 1327 Romae
507 1291 692 1326 millesimo
718 1293 960 1326 trecentesimo
988 1292 1162 1326 tricesimo

388 1351 525 1388 quarto.

238 1409 345 1443 Anno
398 1406 531 1443 Christi
592 1407 874 1453 quingentesimo
928 1409 1163 1452 octuagesimo

387 1467 522 1504 quarto.

386 1540 662 1577 Illaurz’cius
696 1541 960 1587 Cappadox.

284 1615 494 1650 Blauricius
512 1610 724 1662 Cappadox
746 1628 851 1659 gener
869 1616 1006 1649 Tiberii
1029 1629 1161 1651 succes-

183 1670 226 1702 sit
253 1680 372 1701 socero
407 1667 521 1701 tenuit
554 1667 740 1710 imperium
776 1679 887 1700 annos
919 1668 1061 1710 viginti,
1105 1681 1162 1700 co—

184 1726 331 1752 ronatus
355 1731 371 1751 a
390 1715 593 1750 patriarcha
620 1715 777 1749 lohauue
803 1716 1012 1749 Ieiunatore.
1082 1718 1159 1747 fuit

182 1769 292 1802 scriba
308 1766 606 1803 lustiniSecuudi‚
634 1777 672 1797 ac
691 1771 832 1807 propter
850 1765 1058 1797 iudustriam
1077 1777 1159 1797 con-

182 1819 260 1851 silio
293 1815 445 1860 Sophiae
478 1817 587 1848 factus
618 1823 667 1848 est
698 1827 812 1847 comes
837 1814 1158 1847 Praetoriauorum.

180 1869 321 1903 Deinde
349 1866 515 1899 Tiberius
547 1878 625 1898 eum
670 1865 834 1908 praefecit
866 1866 1029 1898 exercitui
1056 1865 1160 1897 misso

181 1926 302 1952 contra
328 1917 462 1951 Persas.
525 1915 628 1948 Initia
667 1914 790 1948 habuit
822 1916 987 1958 gloriosa:
1024 1915 1159 1948 Tiberii

181 1977 336 2013 tempore
358 1968 485 2000 vicerat
510 1966 633 1999 Persas
657 1977 718 1999 suo
743 1967 862 2001 ductu.
919 1965 1057 1998 Deinde
1081 1979 1158 1998 cum

181 2026 266 2053 esset
286 2019 493 2062 imperator,
522 2017 614 2050 misit
639 2025 758 2050 contra
785 2028 842 2049 eos
875 2017 997 2049 ducem
1022 2014 1159 2059 Philip-

181 2071 317 2114 picum,
352 2068 408 2101 cui
442 2074 550 2111 nupta
581 2074 654 2100 erat
680 2067 814 2100 Gordia
856 2079 955 2100 soror
979 2066 1159 2101 Mauririi.

180 2119 254 2154 Etsi
274 2126 387 2153 autem
404 2119 519 2151 variae
538 2118 626 2150 vices
643 2125 739 2150 erant
764 2118 799 2149 iu
824 2130 863 2150 eo
889 2118 1000 2157 bello,
1027 2124 1058 2150 et
1085 2130 1159 2150 cre-

180 2171 262 2203 brae
290 2169 503 2202 exercituum
528 2169 732 2201 seditiones:
761 2175 877 2201 tamen
904 2168 1056 2202 Romani
1080 2175 1158 2202 tan-

180 2222 256 2253 dem
276 2221 418 2253 fuerunt
435 2220 582 2252 victores
598 2227 740 2263 propter
755 2219 945 2252 discordias
960 2218 1159 2259 Persarum,

181 2271 239 2315 qui
270 2282 331 2303 suo
358 2270 428 2312 regi
448 2268 638 2302 Orimasda
665 2270 785 2302 oculos
808 2270 1025 2309 effoderunt,
1053 2282 1155 2314 quem

182 2328 216 2354 et
240 2321 330 2352 filius
345 2319 494 2353 Cosroe's
517 2327 632 2362 postea
658 2321 770 2353 occidi
794 2320 902 2354 iussit.
956 2319 1105 2363 Propter
1121 2321 1155 2352 id

180 2371 407 2415 parricidium
423 2382 501 2403 cum
513 2368 660 2403 Cosroes
679 2372 720 2403 ad
738 2370 919 2404 Romanos
937 2371 1158 2413 confugisset,

181 2421 218 2453 iu
236 2419 289 2453 his
314 2420 496 2452 discordiis
512 2419 636 2452 Persae
662 2420 743 2453 victi
767 2428 860 2454 sunt.
921 2419 967 2454 Et
990 2422 1070 2465 quia
1098 2434 1157 2454 rex

180 2471 327 2505 cosroes
346 2471 385 2501 ad
398 2469 575 2502 Romanos
592 2471 746 2511 fugerat,
772 2471 946 2514 sapienter
963 2471 1157 2504 Mauricius

182 2533 298 2565 pacem
325 2517 388 2552 hac
426 2520 604 2551 occasione
629 2521 723 2553 fecit:
754 2522 905 2554 restituit
935 2521 1093 2555 Cosroe'u
1119 2523 1155 2554 in

181 2583 347 2614 reguum,
374 2569 545 2602 limitibus
568 2570 793 2613 imperiorum
811 2572 996 2612 distinctis,
1024 2579 1056 2605 et
1075 2585 1155 2616 pace

180 2622 345 2665 utrinque
364 2619 550 2664 promissa,
577 2632 664 2664 quae
679 2622 818 2655 duravit
836 2633 944 2667 usque
958 2623 999 2655 ad
1017 2621 1155 2656 Phocae

180 2672 332 2705 initium.
384 2669 610 2703 Translatum
628 2676 677 2703 est
696 2671 802 2713 igitur
824 2673 956 2706 bellum
983 2673 1019 2705 in
1037 2671 1155 2706 Euro-

1212 460 1326 499 navit,
1361 471 1399 492 ac
1430 460 1499 492 filia
1526 459 1696 493 Germani
1722 459 1867 493 Patricii
1890 467 1971 493 nata
2003 473 2043 493 ex
2076 472 2197 493 sorore

1213 510 1373 552 coniugis
1415 509 1581 543 Mauricii
1624 508 1828 543 Theodosio
1881 511 2089 554 desponsata
2134 518 2194 544 est.

1214 612 1280 651 tio,
1315 623 1462 655 sequens
1491 618 1628 655 tempus
1656 624 1728 644 non
1764 612 1879 644 solum
1919 612 2114 655 exemplum
2146 619 2198 645 est

1213 662 1454 695 instabilitatis
1479 662 1658 703 fortunae,
1685 663 1743 695 sed
1769 662 1871 695 etiam
1902 662 1940 694 in
1956 662 2115 706 principe
2139 661 2197 705 pio

1213 712 1452 745 conversionis
1494 724 1553 745 seu
1586 713 1823 757 poenitentiae
1860 713 2009 746 maxime
2049 712 2196 754 dignum

1215 763 1507 798 consideratione.
1560 764 1719 809 Apparet
1736 770 1852 796 autem
1875 764 1910 795 in
1928 763 1988 796 illa
2006 762 2197 805 indulgen-

1214 814 1260 846 tia
1293 814 1454 846 fortunae
1484 826 1599 846 mores
1628 815 1736 847 factos
1771 826 1842 846 esse
1872 813 2084 857 asperiores,
2118 824 2198 846 cum

1214 864 1315 896 initio
1334 865 1453 897 fuisset
1472 864 1595 903 iustus,
1623 872 1655 897 et
1675 872 1711 898 ut
1728 865 1878 907 scriptor
1891 863 2045 897 Graecus
2063 863 2196 907 inquit:

1215 912 1444 959 συγκεράσας
1460 913 1528 959 τὴν
1545 911 1749 960 σεμνότητα
1765 913 1827 949 καὶ
1844 911 2032 959 πραότητα
2050 910 2194 948 ἐλεύθε-

1215 977 1275 1007 ρος
1290 967 1351 1006 τῆς
1368 963 1580 1009 ὑπεροιχιίας.
1634 965 1756 998 Postea
1782 965 1985 999 iracundior
2009 966 2120 998 factus
2147 970 2196 997 est

1215 1022 1247 1047 et
1265 1013 1441 1054 suspicax,
1474 1020 1507 1046 et
1524 1016 1632 1056 magis
1647 1016 1855 1057 contempsit
1872 1027 1953 1048 suos
1970 1022 2003 1048 et
2020 1015 2167 1048 alienos.

1315 1061 1451 1094 Eodem
1476 1070 1632 1105 tempore
1655 1064 1786 1096 bellum
1808 1064 1928 1096 intulit
1951 1064 2088 1098 duabus
2114 1076 2197 1107 gen—

1216 1113 1308 1145 tibus
1324 1113 1518 1153 bellicosis,
1543 1112 1787 1156 Longoliardis
1806 1114 1842 1145 in
1861 1113 1961 1146 ltalia
1985 1121 2017 1147 et
2036 1114 2196 1156 UngariS.

1215 1161 1293 1196 Etsi
1317 1170 1432 1196 autem
1460 1163 1685 1206 Longobardi
1727 1171 1867 1207 propter
1897 1174 1975 1196 suas
2004 1164 2197 1197 discordias

1217 1215 1387 1258 quaedam
1411 1215 1539 1257 oppida
1562 1214 1769 1248 amiserunt:
1798 1221 1912 1248 tamen
1929 1226 2000 1247 non
2026 1221 2108 1248 sunt
2132 1215 2196 1247 do-

1217 1264 1314 1307 miti,
1349 1271 1382 1297 et
1407 1263 1544 1298 Italiam
1568 1262 1741 1304 Examhi,
1775 1272 1814 1298 ut
1842 1276 1947 1307 supra
1973 1265 2105 1298 dictum
2137 1271 2199 1304 est,

1218 1327 1289 1347 nou
1306 1315 1427 1348 leviter
1443 1315 1656 1348 afflixerunt.
1708 1314 1848 1348 Bellum
1866 1314 2081 1357 Ung.=ricum
2101 1321 2196 1348 atro-

1219 1365 1291 1398 cius
1309 1365 1385 1399 fuit.
1437 1364 1513 1399 Rex
1536 1363 1694 1399 Avarum
1722 1378 1782 1399 seu
1799 1365 2052 1409 Hungarorum
2069 1361 2198 1410 Caga-

1219 1428 1287 1448 nus
1329 1416 1550 1457 nominatus,
1584 1417 1683 1450 cuius
1721 1428 1845 1460 magua
1881 1417 1947 1450 fuit
1977 1417 2133 1460 potentia
2165 1423 2199 1449 et

1218 1478 1364 1509 magnus
1381 1479 1463 1500 usus
1478 1467 1636 1500 militiae.
1687 1466 1776 1501 Nam
1792 1468 1829 1500 in
1846 1466 1928 1500 Asia
1945 1467 2077 1500 bellurn
2095 1474 2197 1500 antea

1219 1530 1297 1550 cum
1324 1517 1450 1551 Turcis
1475 1524 1642 1561 gesserat,
1683 1530 1832 1562 quorum
1876 1530 2006 1551 nomen
2030 1516 2199 1550 BIauricii

1219 1575 1374 1612 tempore
1403 1569 1554 1612 primum
1585 1569 1620 1601 in
1646 1566 1792 1602 historia
1824 1569 1969 1610 legitur,
2005 1569 2047 1601 de
2071 1568 2200 1612 quibus

1219 1626 1335 1662 postea
1351 1619 1388 1650 in
1405 1620 1508 1651 rebus
1524 1618 1739 1652 Saracenicis
1755 1620 1921 1653 dicemus.
1949 1617 2017 1651 Hic
2032 1616 2193 1661 Caganus

1217 1676 1385 1712 occupato
1409 1668 1540 1703 Sirmio
1572 1670 1737 1713 processit
1771 1670 1811 1702 ad
1837 1666 2071 1708 Anchialum,
2107 1679 2196 1712 quae

1217 1720 1276 1746 aut
1305 1719 1418 1745 &arna
1452 1727 1521 1750 (M,
1556 1726 1613 1750 ant
1649 1721 1817 1759 oppidum
1855 1719 2010 1751 vicinum
2044 1718 2196 1752 Varnae.

1218 1763 1303 1796 lnde
1332 1762 1526 1796 Mauricius
1550 1774 1751 1806 progressus
1775 1766 1915 1796 obviam
1942 1766 2031 1796 host}
2065 1769 2195 1809 recepit

1217 1811 1448 1853 Anchialum,
1476 1820 1505 1845 et
1525 1812 2008 1857 rediensConstantinopolin
2031 1814 2113 1847 fecit
2129 1815 2197 1848 du—

1216 1876 1288 1897 cem
1319 1864 1489 1897 exercitus
1512 1863 1688 1904 Priscum,
1718 1865 1776 1908 qui
1809 1870 1887 1908 post
1909 1864 2043 1909 aliquot
2066 1865 2197 1909 praelia

1216 1914 1376 1947 inducias
1404 1927 1481 1947 cum
1509 1913 1650 1957 Cagano
1682 1915 1763 1948 fecit
1794 1915 1900 1947 misso
1934 1922 2094 1955 oratore,
2134 1916 2195 1960 qui

1215 1963 1277 1998 hac
1295 1965 1495 1999 narratione
1514 1976 1628 2007 regem
1637 1965 1787 1998 ferocius
1804 1966 2073 2009 respondentem
2083 1966 2194 2000 flexit:

1214 2015 1311 2049 Dixit
1336 2016 1420 2048 olim
1436 2016 1647 2060 Aegyptium
1672 2027 1785 2058 regem
1802 2015 1976 2049 Sesostriu
2004 2014 2082 2048 vehi
2110 2017 2195 2050 soli-

1213 2073 1287 2100 tum
1305 2066 1340 2098 in
1361 2077 1466 2099 aureo
1484 2078 1606 2106 curru,
1633 2066 1694 2111 qui
1720 2079 1735 2098 a
1753 2073 1904 2111 quatuor
1922 2066 2062 2109 regilius
2080 2067 2195 2099 domi-

1213 2118 1256 2151 tis
1274 2115 1489 2151 trahebatur.
1543 2116 1630 2150 (Tum
1653 2123 1768 2150 autem
1786 2129 1878 2149 unus
1897 2129 1935 2149 ex
1961 2117 2030 2149 iltis
2053 2117 2193 2160 regibus

1212 2180 1310 2212 saepe
1326 2167 1512 2211 respiciens
1540 2174 1651 2200 rotam
1678 2168 1892 2206 intueretur,
1920 2167 2110 2211 interrogat
2131 2167 2194 2201 Se-

1213 2218 1350 2252 sostris:
1375 2230 1437 2251 cur
1453 2218 1553 2250 toties
1569 2218 1755 2262 respiciat?
1784 2217 1928 2251 lntueus
1954 2218 2069 2262 iuquit
2094 2225 2191 2251 rotae

1211 2269 1480 2308 volubilitatem,
1506 2268 1541 2301 in
1560 2281 1628 2314 qua
1645 2269 1713 2302 cito
1732 2281 1769 2302 ea
1787 2280 1876 2314 quae
1893 2280 2026 2302 summa
2041 2268 2192 2309 fuerant,

1211 2320 1299 2352 fiunt
1318 2320 1405 2352 ima:
1434 2319 1546 2362 cogito
1563 2321 1605 2352 de
1623 2327 1739 2354 nostra
1764 2320 1916 2353 fortuna.
1969 2317 2043 2351 Hac
2068 2319 2191 2352 admo—

1211 2370 1346 2404 nitione
1372 2376 1487 2403 motus
1510 2369 1677 2404 Sesostris
1711 2371 1822 2404 factus
1846 2375 1896 2402 est
1921 2369 2131 2410 modestior,
2158 2376 2191 2403 et

1210 2432 1310 2464 reges
1326 2420 1497 2453 liberavit.
1551 2419 1751 2454 Delectatus
1772 2418 1835 2453 hac
1859 2420 2060 2452 narratione
2078 2418 2189 2461 Caga-

1210 2483 1276 2504 uus
1296 2472 1376 2504 fecit
1400 2471 1575 2515 inducias,
1610 2484 1699 2514 quae
1725 2478 1837 2504 tamt-n
1856 2470 1953 2502 brevi
1979 2473 2054 2513 post
2079 2471 2189 2502 viola-

1210 2529 1263 2555 tae
1287 2529 1388 2562 sunt‚
1415 2531 1448 2554 et
1474 2522 1578 2555 duces
1603 2520 1768 2554 Mauricii
1794 2521 2016 2554 trucidarunt
2043 2520 2187 2563 triginta

1210 2572 1318 2605 millia
1336 2570 1512 2611 Avarum,
1539 2571 1743 2605 Sclavorum
1765 2578 1794 2603 et
1812 2569 2050 2614 Gepidarum,
2076 2578 2108 2604 et
2132 2583 2187 2603 ce—

1207 2629 1334 2666 perunt
1351 2622 1517 2655 tredecim
1535 2622 1644 2654 millia
1661 2618 1845 2654 hominum
1857 2647 1866 2661 ‚
1892 2632 1980 2666 quos
1991 2620 2186 2654 Mauricius

1207 2674 1250 2706 ad
1269 2672 1449 2716 caganum
1466 2671 1612 2705 remisit.
1654 2669 1794 2706 Deinde
1810 2669 1972 2715 Caganus
1988 2671 2078 2716 cepit
2096 2672 2186 2705 duo-
