2324 2955
110 93 185 131 555

109 185 297 224 conspectu
328 186 462 219 vestro,
497 184 530 211 et
562 177 667 210 simul
703 177 807 211 fidem
832 178 1093 212 accendendam

109 242 198 264 esse.
232 241 321 274 quae
345 236 439 274 petat
464 227 727 269 remissionem,
762 234 795 262 et
827 228 980 264 luctetur
1012 241 1092 262 cum

108 280 318 326 pavoribus,
353 286 387 313 et
410 278 606 324 acquiescat
631 277 668 311 in
698 279 912 320 mediatore,
950 280 1091 313 accedat

107 332 150 365 ad
175 331 314 372 Deum,
345 330 501 370 invocet,
528 335 562 363 et
585 336 724 374 accepta
747 330 972 371 remissione,
1001 330 1091 364 cele-

106 383 183 416 bret
197 380 321 421 Deum,
349 392 387 413 ac
403 386 533 414 statuat
550 391 585 414 se
602 381 711 426 recipi
734 387 768 416 et
782 393 863 414 vere
879 393 951 415 esse
967 378 1089 415 haere-

105 434 184 467 dem
201 431 294 464 vitae
310 437 484 467 aeternae.

204 481 265 516 37.
292 480 394 515 Hanc
411 480 689 516 consolationem
707 481 893 515 universae
910 479 1087 516 Ecclesiae

103 531 332 566 necessariam
359 544 431 566 esse
454 544 529 565 non
549 533 698 566 dubium
719 538 779 566 est.
821 530 870 566 Et
884 544 1086 578 quanquam

101 580 187 616 haec
205 582 397 617 clarissime
414 583 539 618 tradita
556 589 640 616 sunt
658 583 694 615 in
712 580 927 628 propheticis
949 590 981 617 et
997 595 1083 628 apo-

99 634 231 668 stolicis
248 634 508 674 monumentis,
535 639 653 667 tamen
669 641 702 668 et
718 634 918 668 communis
934 645 1083 667 consen-

98 695 156 718 sus
170 684 330 718 omnium
347 685 498 729 piorum,
523 684 584 729 qui
602 684 804 728 intelligunt
821 684 981 718 exercitia
1000 696 1084 729 poe-

96 735 265 769 nitentiae
286 742 320 769 et
342 734 576 769 invocationis
606 735 644 768 in
665 733 839 776 Ecclesia,
872 735 1083 778 suffragatur

97 786 211 820 nobis.
236 785 308 820 Nec
324 786 583 820 contemnimus
597 797 698 819 verae
706 784 884 820 Ecclesiae
898 786 1081 822 iudicium.

197 835 258 872 38.
300 836 446 870 Dictum
472 843 523 870 est
545 834 796 870 Chrisostomi:
829 833 942 872 οὐδὲν
965 834 1082 876 οὕτως

94 884 162 921 τὸν
184 884 279 922 θεὸν
301 887 399 922 ἵλεον
421 888 533 928 ποιεῖ,
557 885 608 926 ὥς
630 885 672 921 τὸ
689 884 735 921 τὰ
751 887 866 922 οἰκεῖα
885 885 1080 935 ὁμολογεῖν

94 934 364 984 ἁμαρτήματα,
386 936 477 971 nihil
491 938 607 972 Deum
625 938 712 970 adeo
726 938 900 982 placatum
917 938 1017 979 facit,
1042 945 1081 972 ut

92 989 319 1034 propriorum
331 989 539 1023 delictorum
556 987 742 1022 confessio.
769 986 865 1021 Haec
880 988 908 1019 si
923 989 1004 1032 quis
1019 1000 1080 1022 su-

91 1039 289 1083 perstitiose
303 1040 346 1072 ad
364 1038 664 1073 enumerationem
681 1049 797 1071 coram
809 1037 998 1072 Sacerdote
1016 1040 1078 1071 de-

91 1096 252 1135 torqueat
265 1117 274 1131 ,
301 1101 426 1134 magna
442 1090 507 1123 erit
522 1088 732 1123 absurditas.
782 1087 873 1122 Nam
891 1100 1078 1122 enumera-

89 1140 140 1175 tio
163 1140 225 1173 illa
247 1152 321 1174 non
347 1147 504 1175 meretur
534 1139 795 1180 remissionem,
836 1140 896 1173 sed
931 1139 1078 1173 virtutes

90 1191 192 1224 valde
208 1198 326 1234 gratae
341 1198 423 1225 sunt
440 1191 514 1225 Deo
526 1217 536 1232 ‚
562 1190 600 1223 in
623 1189 855 1233 contritione,
883 1197 918 1224 et
938 1189 975 1222 in
991 1202 1077 1234 poe-

89 1241 146 1274 nis
171 1239 247 1274 Deo
272 1242 413 1275 laudem
436 1240 594 1274 iusticiae
615 1239 790 1280 tribuere,
821 1246 854 1273 et
876 1252 950 1273 non
972 1240 1076 1274 irasci

89 1290 186 1330 Deo,
224 1298 264 1324 ut
287 1290 372 1325 Saul
398 1291 562 1324 irascitur
586 1287 661 1322 Deo
686 1289 846 1322 iudicans
870 1302 905 1323 se
928 1290 1074 1334 indigna

89 1341 175 1386 pati.
226 1339 343 1375 David
361 1353 442 1375 vero
460 1341 584 1374 tolerat
599 1350 729 1384 poenas
752 1340 871 1386 aliquo
889 1342 994 1374 modo
1011 1354 1075 1375 vo-

89 1392 182 1433 lens,
209 1398 241 1425 et
257 1392 363 1425 iustas
381 1403 453 1426 esse
473 1392 611 1425 fatetur.

189 1441 250 1477 39.
291 1440 344 1475 De
368 1439 432 1475 hac
458 1442 585 1476 virtute
616 1441 706 1474 illud
734 1442 868 1476 dictum
898 1443 1072 1487 loquitur:

88 1491 201 1526 Taxat
213 1492 413 1536 superbiam
430 1499 462 1526 et
475 1491 703 1536 pertinaciam
717 1489 992 1537 hypocritarum,
1011 1494 1072 1538 qui

85 1542 168 1576 irati
194 1542 322 1576 iniusta
349 1554 384 1575 se
408 1542 479 1587 pati
497 1542 673 1582 iudicant,
700 1548 733 1575 et
749 1542 874 1576 volunt
893 1540 1071 1586 perhiberi

85 1592 268 1637 sapientes,
295 1593 390 1634 iusti,
415 1593 537 1634 sancti,
556 1600 588 1627 et
606 1591 742 1626 lumina
760 1593 896 1636 generis
913 1591 1069 1628 hnmani.

186 1643 250 1678 40.
276 1643 347 1677 Nec
362 1644 557 1688 impediant
569 1643 846 1677 consolationem
863 1653 1070 1688 argumenta

85 1693 209 1727 iudicii
227 1691 396 1734 humani,
423 1695 466 1727 de
483 1694 713 1737 indignitate,
737 1702 799 1727 aut
818 1696 861 1725 de
879 1693 1069 1736 particula—

85 1744 203 1778 ritate:
230 1742 278 1776 Es
295 1744 472 1785 indignus,
500 1752 559 1775 aut
577 1756 649 1774 non
666 1752 701 1774 es
719 1744 755 1774 in
774 1755 924 1776 numero
940 1744 1068 1778 electo-

84 1805 175 1834 rum,
202 1794 260 1826 sed
278 1793 481 1826 deducenda
499 1798 549 1826 est
566 1803 664 1825 mens
680 1793 723 1825 ad
739 1805 857 1826 vocem
867 1792 1067 1838 Evangelii.

83 1842 136 1878 Ac
150 1843 252 1878 aliter
268 1843 424 1877 iudicare
438 1844 481 1877 de
498 1843 567 1876 Dei
585 1842 775 1882 voluntate,
803 1856 908 1889 quam
923 1845 1012 1880 sicut
1029 1846 1067 1879 in

80 1893 275 1938 Evangelio
292 1894 459 1937 patefacta
475 1901 545 1935 est,
571 1904 693 1937 magna
711 1894 870 1938 impietas
888 1903 948 1930 est.

183 1944 244 1981 41.
270 1944 506 1989 Evangelium
525 1944 686 1978 adfirmat
705 1952 847 1990 propter
865 1947 975 1980 filium
989 1945 1065 1989 Dei,

80 1996 188 2040 gratis
212 1996 343 2030 remitti
379 2003 528 2041 peccata.
582 1994 666 2029 Ideo
692 2008 764 2030 non
795 1998 969 2032 deterreat
1000 2010 1064 2032 nos

79 2046 272 2089 indignitas
302 2053 432 2080 nostra.
484 2045 530 2080 Et
559 2046 756 2081 firmissima
789 2048 960 2083 sententia
994 2056 1062 2084 est:

80 2097 204 2131 GratIa
223 2098 388 2132 exuberat
403 2110 506 2142 snpra
526 2104 715 2142 peccatum.
770 2097 920 2133 Etiamsi
946 2097 1062 2134 borri-

76 2148 159 2183 bilis
176 2155 226 2182 est
242 2149 448 2192 magnitudo
466 2155 702 2193 peccatorum,
731 2156 846 2183 tamen
864 2151 1062 2185 anteferen-

75 2200 143 2234 dus
158 2205 208 2233 est
225 2199 317 2232 filius
333 2198 410 2237 Dei,
438 2206 471 2233 et
487 2200 712 2233 anteferenda
729 2200 983 2235 misericordia.

177 2249 236 2284 42.
276 2248 413 2284 Deinde
439 2263 518 2284 cum
546 2250 731 2294 promissio
760 2253 1060 2287 reconciliationis
1084 2272 1086 2282 ›

74 2301 119 2336 sit
134 2301 360 2341 universalis,
386 2308 419 2335 et
443 2314 515 2335 non
540 2300 689 2334 dubium
713 2302 756 2336 sit
772 2304 975 2337 mandatum
991 2302 1060 2337 Dei

74 2364 167 2391 esse,
195 2358 233 2384 ut
249 2363 369 2386 omnes
390 2349 552 2385 homines
569 2352 734 2386 obediant
754 2353 825 2387 filio
842 2354 919 2396 Dei,
944 2355 1057 2388 inclu-
1082 2391 1083 2394 Ἰ

741 91 1000 127 PHILIPPI
1034 90 1484 133 MELANTHONIS.

2060 105 2134 141 554

1244 179 1303 215 44.
1331 180 1532 216 Damnandi
1544 185 1742 229 suntigitur
1751 183 2011 228 Enthusiastae,
2028 187 2128 223 Ana-

1141 229 1310 274 baptistae
1335 240 1368 267 et
1392 233 1538 276 similes,
1575 237 1635 281 qui
1658 238 1786 271 omisso
1812 237 2024 283 Evangelio,
2055 241 2128 274 suis

1140 282 1458 325 speculationibus,
1485 293 1659 330 quaerunt
1681 289 1899 323 voluntatem
1925 288 2012 331 Dei,
2047 303 2128 324 cum

1139 330 1235 365 Deus
1261 333 1431 368 immensa
1455 336 1609 371 bonitate
1626 350 1746 372 vocem
1762 337 1948 383 Evangelii
1965 342 2126 385 promul-

1139 383 1289 425 gaverit,
1317 392 1349 419 et
1374 386 1418 418 ad
1442 383 1532 420 hanc
1557 388 1642 422 velit
1667 389 1824 432 alligatas
1848 402 1919 424 esse
1936 399 2070 426 mentes
2089 392 2127 426 in

1138 439 1211 467 toto
1228 445 1354 477 genere
1373 433 1541 473 humano.
1595 438 1691 472 Haec
1714 452 1779 473 vox
1804 441 1993 475 ministerii
2017 455 2126 477 evan-

1137 483 1239 527 gelici
1268 486 1443 520 audienda
1476 496 1545 529 est,
1585 496 1617 524 et
1643 490 1708 522 fide
1733 491 1992 534 amplectenda,
2028 495 2125 539 quod

1136 546 1216 567 cum
1234 535 1283 578 fit,
1309 546 1525 573 concurrunt
1540 537 1604 573 hae
1620 551 1755 582 causae,
1783 553 1849 574 vox
1866 542 1941 585 ipsa
1957 540 2124 588 Evange-

1134 584 1196 627 lii,
1231 593 1263 620 et
1284 586 1438 632 Spiritus
1463 597 1602 625 sanctus
1629 602 1774 624 movens
1798 604 1860 635 per
1877 590 2125 637 Evangelium,

1138 642 1171 670 et
1186 637 1350 672 voluntas
1367 640 1578 683 adsentiens,
1595 653 1673 674 cum
1692 641 1837 686 quidem
1856 649 1942 676 tunc
1959 650 1991 677 et
2007 656 2024 677 a
2043 644 2127 689 Spi-

1133 686 1205 721 ritu
1223 696 1342 724 sancto
1360 690 1565 733 adiuvetur,
1592 703 1681 737 quae
1700 692 1726 725 si
1744 704 1888 737 prorsus
1905 693 2022 727 ociosa
2039 702 2127 729 esset

1133 744 1171 771 ut
1189 745 1319 779 statua,
1348 742 1446 774 nulla
1465 742 1558 776 lucta
1576 749 1675 779 esset.

1232 797 1294 834 45.
1334 798 1400 833 His
1423 800 1664 835 fundamentis
1689 801 1910 844 constitutis,
1937 810 2123 839 teneantur

1133 847 1357 883 definitiones
1380 857 1412 884 et
1431 851 1636 885 discrimina
1653 852 1922 897 praecipuarum
1940 854 2126 892 virtutum.

1234 907 1295 944 46.
1341 908 1446 943 Fides
1466 917 1517 944 est
1543 912 1714 945 adsentiri
1732 912 1831 944 omni
1850 913 1955 946 verbo
1972 912 2039 948 Dei
2056 926 2125 948 no·

1130 957 1185 991 bis
1201 959 1354 998 tradito,
1380 967 1413 993 et
1438 961 1475 993 in
1498 959 1583 1000 hoc,
1612 963 1839 1006 promissioni
1858 961 2061 1007 Evangelii,
2089 973 2123 999 et

1131 1015 1181 1042 est
1198 1009 1325 1043 fiducia
1343 1010 1567 1056 acquiescens
1593 1012 1631 1045 in
1657 1013 1870 1053 mediatore,
1898 1021 1932 1047 et
1954 1017 2123 1049 accedens

1130 1060 1175 1091 ad
1190 1058 1324 1101 Deum,
1352 1061 1522 1093 invocans
1540 1069 1572 1094 et
1589 1063 1759 1096 clamans:
1789 1062 1892 1097 Abba
1910 1071 2020 1109 pater.

1233 1116 1293 1152 47.
1331 1117 1419 1162 Spes
1443 1127 1493 1154 est
1518 1120 1711 1165 expectatio
1738 1128 1830 1155 certa
1853 1129 2013 1156 aeternae
2030 1125 2122 1159 vitae

1127 1175 1272 1212 propter
1286 1170 1533 1210 mediatorem,
1562 1178 1594 1205 et
1611 1172 1802 1215 expectatio
1826 1173 1969 1213 auxilii,
1998 1182 2029 1208 et
2052 1177 2122 1208 mi-

1126 1219 1307 1262 tigationis
1326 1220 1564 1255 calamitatum
1583 1222 1620 1255 in
1639 1220 1704 1257 hac
1720 1223 1802 1266 vita,
1820 1223 1914 1258 iuxta
1933 1226 2121 1261 consilium

1125 1268 1204 1305 Dei.

1227 1319 1290 1356 48.
1316 1321 1496 1357 Differunt
1511 1329 1627 1356 autem
1646 1324 1730 1357 fides
1746 1331 1778 1358 et
1801 1337 1897 1370 spes,
1924 1327 2006 1372 quia
2032 1328 2117 1361 fides

1125 1382 1288 1415 praesens
1311 1372 1521 1406 beneficium
1547 1374 1689 1418 accipit,
1716 1375 1847 1410 scilicet
1870 1377 2117 1411 remissionem

1125 1428 1347 1465 peccatorum
1373 1435 1433 1456 seu
1456 1425 1791 1462 reconciliationem.
1845 1426 1932 1472 Spes
1956 1440 2038 1462 vero
2066 1436 2117 1464 est

1124 1473 1315 1516 expectatio
1333 1473 1473 1506 futurae
1498 1474 1732 1512 liberationis.

1228 1521 1291 1556 49.
1335 1522 1487 1557 Dilectio
1509 1531 1559 1557 est
1575 1526 1720 1559 obedire
1738 1527 1905 1560 omnibus
1921 1531 2117 1574 praeceptis

1123 1570 1193 1605 Dei
1218 1572 1255 1605 in
1280 1585 1362 1607 vera
1389 1574 1475 1616 fide,
1508 1575 1754 1620 principaliter
1779 1584 1817 1611 ut
1842 1578 1957 1622 ipsum
1979 1577 2116 1614 honore

1123 1623 1337 1658 adficiamus.

1224 1674 1286 1708 50.
1319 1674 1373 1706 De
1385 1675 1684 1710 satisfactionibus
1700 1679 1895 1719 canonicis,
1922 1691 2008 1725 quas
2026 1682 2113 1714 defi-

1120 1720 1227 1756 niunt
1242 1735 1346 1767 opera
1364 1723 1535 1766 indebita,
1552 1726 1711 1760 facienda
1727 1728 1770 1760 ad
1790 1731 2113 1773 compensationem

1118 1783 1252 1816 paenae
1269 1781 1450 1814 aeternae,
1478 1776 1674 1810 doctrinam
1693 1777 1952 1814 monachorum
1966 1782 2108 1826 plenam

1119 1834 1192 1857 esse
1209 1836 1369 1859 errorum
1381 1852 1390 1867 ‚
1418 1827 1644 1861 manifestum
1662 1835 1724 1865 est,

1219 1882 1280 1920 51.
1324 1883 1571 1918 Certissimum
1596 1894 1646 1921 est
1669 1889 1802 1922 remitti
1820 1890 1959 1934 culpam
1977 1898 2008 1924 et
2027 1904 2109 1936 poe-

1120 1945 1202 1966 nam
1219 1942 1395 1968 aeternam
1411 1943 1555 1980 propter
1580 1938 1691 1970 filium
1710 1938 1775 1972 Dei
1797 1941 1915 1982 gratis.
1969 1940 2016 1976 Et
2040 1943 2109 1974 mi·-

1116 1985 1267 2018 randum
1283 1986 1523 2020 testimonium
1538 1994 1588 2021 est
1607 1988 1678 2021 irae
1696 1995 1730 2022 et
1748 1990 1904 2023 iusticiae
1913 1990 1991 2029 Dei,
2011 1994 2105 2036 quod

1115 2037 1273 2080 oportuit
1297 2043 1367 2070 tam
1392 2037 1588 2081 preciosum
1616 2036 1841 2085 ἀντίλυτρον
1856 2052 1927 2074 esse
1945 2054 2008 2086 pro
2025 2055 2106 2086 pec-

1115 2087 1200 2121 catis
1215 2087 1352 2131 generis
1370 2085 1516 2121 humani
1528 2115 1537 2129 ,
1565 2089 1695 2123 scilicet
1715 2090 1830 2134 ipsum
1848 2092 1959 2125 filium
1976 2091 2055 2129 Dei.

1215 2146 1274 2182 52.
1316 2146 1388 2180 Nec
1411 2147 1641 2182 discernenda
1664 2156 1714 2183 est
1737 2151 1895 2184 remissio
1912 2152 2058 2196 culpae,
2085 2165 2104 2186 a

1113 2197 1320 2231 remissione
1349 2209 1482 2241 poenae
1518 2206 1688 2234 aeternae.
1743 2200 1812 2234 Sed
1840 2214 1920 2234 vera
1946 2209 1978 2236 et
2005 2203 2103 2237 utilis

1112 2254 1162 2282 est
1187 2249 1367 2283 distinctio
1390 2249 1608 2282 remissionis
1639 2251 1778 2295 culpae,
1819 2260 1851 2285 et
1887 2253 2103 2287 remissionis

1111 2311 1244 2342 poenae
1260 2299 1470 2343 temporalis.
1502 2299 1632 2333 verum
1650 2308 1699 2334 est
1717 2302 1811 2335 enim
1832 2303 1867 2335 in
1885 2309 1957 2336 toto
1972 2315 2099 2347 genere

1110 2347 1265 2384 humano
1282 2350 1398 2394 vagari
1415 2350 1542 2383 multas
1559 2358 1589 2383 et
1608 2364 1750 2394 magnas
1765 2353 1987 2395 calamitates,
2011 2368 2100 2401 quae

71 2404 134 2437 das
158 2409 191 2436 te
215 2414 355 2447 quoque
379 2402 415 2436 in
441 2403 710 2447 promissionem
741 2404 992 2445 universalem,
1020 2413 1054 2440 et
1080 2396 1083 2452 J
1109 2408 1190 2435 sunt
1208 2414 1341 2446 POenae
1358 2407 1533 2434 certorum
1554 2402 1775 2437 delictorum.

71 2454 158 2488 scias
176 2453 390 2487 teterrimam
408 2453 664 2489 contumaciam
682 2466 772 2494 esse,
799 2456 894 2489 nolle
912 2457 1057 2490 obedire

69 2505 142 2538 filio
157 2503 235 2540 Dei.

173 2554 233 2590 43.
262 2553 302 2588 ln
323 2554 417 2589 dicto
438 2554 605 2590 lobannis
622 2556 780 2601 asperior
795 2564 843 2591 est
863 2554 1054 2601 reprehen-

70 2606 141 2647 sio,
170 2605 231 2652 qui
257 2606 386 2640 nolunt
407 2608 545 2641 credere
567 2605 780 2652 Evangelio,
807 2609 923 2643 Deum
949 2620 1052 2642 accu-

69 2663 147 2692 sant
171 2656 356 2692 mendacii.

1210 2459 1270 2495 53.
1316 2460 1420 2494 Tales
1444 2472 1577 2504 poenae
1595 2461 1802 2504 mitigantur
1820 2470 1890 2498 tota
1910 2467 2095 2509 poeniten-

1106 2511 1172 2552 tia,
1215 2524 1287 2544 non
1323 2509 1498 2556 hypocrisi
1525 2511 1800 2547 satisfactionum
1813 2539 1823 2553 ‚
1856 2523 1893 2550 ut
1927 2517 2095 2560 scriptum

1106 2569 1176 2596 est:
1201 2562 1464 2597 Convertimini
1481 2563 1523 2596 ad
1543 2574 1612 2604 me,
1636 2570 1670 2598 et
1687 2576 1747 2608 ego
1765 2573 1949 2600 convertar
1964 2569 2005 2601 ad
2024 2579 2095 2601 vos.
