2324 2955
137 121 232 157 1057
688 124 716 158 1.

137 206 295 250 concepit
318 205 513 250 potiturum
537 218 573 240 se
603 215 635 240 et
665 208 813 242 muliere
835 208 1058 243 Rosimunda
1083 215 1115 242 et

138 256 454 299 Longobardorum
471 258 649 298 societate,
677 270 781 303 quam
802 261 954 303 ¹adeptus
974 259 1055 293 velit
1078 270 1114 291 se

771 122 1061 160 CHROMCON
1088 122 1336 161 CARIONIS.
1388 123 1512 160 PARS
1541 123 1586 160 11.

2046 126 2138 160 3058

1165 209 1264 243 duxit
1289 209 1396 242 filiam
1424 209 1513 252 regis
1534 208 1751 242 Bavarorum
1770 207 1955 242 Garibaldi
1973 207 2136 241 Theode-

1164 259 1296 292 lindam
1317 261 1523 293 celebratam
1543 271 1561 292 a
1582 257 1753 301 Gregorio
1780 271 1925 302 magno,
1953 271 2040 304 quae
2057 272 2135 292 cuin

138 307 322 340 nominare
353 319 469 349 regem
495 306 631 347 Italiae,
666 311 851 352 persuadet
878 310 1041 350 mulieri,
1075 315 1114 342 ut
1136 339 1139 345 .
1163 310 1218 351 pie
1235 318 1435 352 agnosceret
1451 316 1483 343 et
1500 310 1625 342 coleret
1642 308 1832 341 Dominum
1851 316 2008 342 nostrum
2021 308 2135 342 Iesum

139 368 312 390 venenum
337 358 395 391 det
410 355 674 399 Helmechihlo,
702 360 801 404 eique
827 360 1000 403 promittit
1029 372 1113 392 con-

137 407 281 450 iugium.
333 406 398 440 Illa
414 408 556 450 praebet
574 409 699 442 marito
726 410 915 453 egrtdienti
932 423 970 442 ex
986 410 1111 443 balneo

135 468 330 498 venenum,
356 459 450 502 quod
469 469 547 490 eum
564 458 665 492 avide
681 457 868 498 hausisset,
894 461 1023 494 veneni
1040 460 1110 491 vini

135 507 288 542 sentiens
324 507 416 550 cogit
451 507 710 542 Ilosimundam
745 511 921 555 reliquum
957 508 1110 546 haurire,

134 569 223 602 quae
239 558 345 591 simul
364 570 443 591 cum
459 557 705 592 Helmec'nildo
726 562 873 593 extincta
897 566 957 593 est.

237 607 279 641 In
304 605 369 641 hac
399 609 499 642 brevi
526 606 671 642 historia
703 611 811 644 multa
839 617 920 644 sunt
959 608 1109 651 insignia

134 659 309 703 exempla,
335 658 465 701 singuli
489 671 631 692 suorum
659 661 827 693 scelerum
854 671 982 704 poenas
1005 660 1111 691 dede-

134 715 232 742 runt:
258 707 335 743 Rex
353 707 549 749 Affioinus,
577 710 704 743 mulier
723 710 926 755 perfidiam,
954 717 984 742 et
1003 709 1109 741 mini-

134 765 204 792 ster
219 759 379 792 mulieris
399 760 610 802 perfidiosae.
664 759 759 794 Haec
779 761 919 795 suerunt
939 760 1037 793 initia
1055 770 1110 791 re-

134 809 193 851 gni
209 808 468 851 Longohardici
484 810 521 842 in
540 809 650 846 Italia.

236 856 424 892 Secundus
453 872 513 893 rex
536 859 851 903 Longobardorum
878 857 1028 907 (Blephes
1054 871 1109 892 re-

134 909 252 951 gnavit
281 921 414 942 annum
438 922 549 944 unum
576 918 609 945 et
631 924 687 944 sex
713 922 865 951 menses,
893 912 1007 944 statim
1033 916 1109 953 post

135 959 354 994 interfectum
374 961 569 994 Atboinum
588 961 735 1000 electus,
765 961 862 1004 pulsa
881 961 1028 1001 coniuge
1046 960 1109 991 Ai-

133 1009 246 1045 boini.
299 1009 414 1044 Multa
432 1009 551 1044 ltaliae
571 1011 698 1053 oppida
724 1009 922 1052 occupavit,
946 1010 1004 1041 sed
1029 1020 1108 1041 cum

132 1060 171 1092 in
187 1060 346 1092 subditos
362 1067 395 1093 et
409 1059 619 1092 domesticos
632 1059 782 1092 crudelis
795 1066 892 1099 esset,
908 1059 1108 1092 interfectus

134 1115 219 1143 esta
236 1108 312 1141 viro
338 1109 544 1153 praecipuae
567 1109 781 1149 nobilitatis,
807 1109 868 1153 qui
896 1110 933 1141 in
959 1110 1031 1142 eius
1055 1109 1108 1141 sa-

133 1159 231 1192 milia
253 1159 330 1193 suit.
382 1158 466 1192 Post
489 1159 563 1192 eius
593 1166 740 1192 mortem
774 1159 1012 1202 interregnum
1043 1158 1109 1191 suit

132 1219 245 1242 annos
260 1209 408 1249 ‘decem‚
442 1209 479 1241 in
502 1221 573 1253 quo
598 1209 740 1252 triginta
771 1210 876 1242 duces
901 1209 1108 1254 aliquandiu

132 1258 302 1292 mediocri
319 1259 505 1292 concordia
521 1271 594 1292 non
609 1260 722 1292 solum
746 1271 819 1292 eam
838 1258 958 1293 Italiae
976 1266 1108 1303 partem

133 1316 315 1350 rexerunt,
342 1321 429 1354 quae
449 1310 545 1353 prius
568 1321 587 1342 a
608 1310 746 1343 duobus
777 1310 916 1352 regibus
942 1315 1108 1353 occupata

134 1360 218 1400 fuit,
245 1360 303 1392 sed
329 1363 502 1404 progressi
526 1359 629 1393 etiam
658 1360 694 1393 in
714 1359 911 1401 Umbriam,
938 1359 1107 1393 Picenum

134 1416 169 1444 et
183 1408 413 1454 Campaniam
429 1410 538 1444 multa
555 1410 682 1454 oppida
700 1418 935 1455 occuparunt,
963 1418 996 1444 et
1015 1411 1108 1443 dire-

134 1460 272 1505 ptiones
292 1472 433 1504 magnas
452 1471 627 1494 sacrarum
651 1468 684 1494 et
702 1459 965 1505 prophanarum
990 1472 1107 1494 reruni

133 1512 302 1551 fecerunt,
328 1517 470 1555 propter
485 1521 570 1556 quas
584 1512 756 1555 nominati
776 1519 857 1545 sunt
875 1512 981 1545 veteri
994 1522 1108 1544 exem-

134 1561 193 1604 plo
201 1558 378 1605 Triginta
388 1558 573 1606 Tyranni.
600 1561 672 1594 Nec
687 1562 748 1594 diu
763 1562 829 1595 snit
845 1562 938 1596 inter
952 1573 1009 1595 eos
1025 1573 1108 1595 con-

135 1610 272 1651 cordia,
299 1611 388 1644 sicut
403 1611 550 1645 dicitur:
579 1609 647 1645 οὐκ
663 1609 815 1658 ἀγαθὸν
837 1609 1108 1657 πολυκοιρανίη.
1133 1645 1135 1651 χ

134 1659 269 1695 Defecit
291 1661 334 1693 ad
349 1660 551 1703 Longinum
569 1661 770 1695 Exarchum
795 1674 887 1696 unus
904 1675 944 1695 ex
965 1662 1110 1704 triginta

135 1710 272 1744 Suevus
287 1710 431 1743 nomine
446 1708 595 1744 Dotrula
612 1724 690 1744 cum
705 1712 847 1756 oppidis
870 1723 959 1752 quae
984 1712 1110 1745 tenuit,

135 1761 195 1806 qui
219 1760 374 1794 vicinum
399 1772 511 1793 unum
535 1772 574 1792 ex
597 1761 740 1800 triginta
764 1758 978 1792 Feroaldum
1010 1758 1111 1801 cepit,
1134 1763 1136 1804 ζ

135 1817 167 1845 et
185 1810 313 1844 occidit
330 1809 514 1853 profligato
539 1808 702 1842 exercitu.

233 1860 276 1893 In
292 1857 357 1892 hac
371 1857 517 1892 historia
532 1858 740 1891 nominatim
754 1857 792 1892 fit
802 1855 997 1891 Saxonum
1011 1869 1111 1890 men-

137 1912 203 1952 tio,
228 1909 291 1956 qni
308 1921 387 1943 cum
403 1909 549 1942 fuissent
566 1907 928 1950 inLongobardorum
947 1908 1110 1948 exercitu,

135 1972 236 2005 aegre
252 1961 402 1994 ferentes
429 1971 549 1993 eorum
576 1958 852 1992 dominationem
877 1958 1056 1992 redierunt
1074 1959 1109 1990 in

135 2012 284 2056 patriam
301 2010 414 2044 adiuti
429 2023 446 2043 a
470 2021 548 2051 rege
566 2007 734 2042 Francico
752 2006 956 2053 Sz'geberlo,
983 2015 1015 2042 ct
1036 2021 1109 2041 non

138 2063 212 2095 sine
235 2061 369 2104 magnis
400 2060 539 2103 praeliis
570 2065 720 2092 veterem
754 2060 900 2102 patriam
927 2071 1110 2103 recupera—

138 2119 274 2147 verunt.
327 2110 419 2153 Quia
435 2110 553 2151 suevi,
581 2110 613 2142 id
634 2117 694 2149 est,
723 2109 909 2143 Pomerani
926 2110 962 2142 in
981 2121 1020 2142 ea
1036 2110 1110 2143 loca

137 2162 356 2197 transierant.
409 2160 492 2194 Ideo
510 2160 734 2203 Longobardi
754 2160 883 2192 bellum
902 2158 1040 2192 Galliae
1057 2160 1109 2192 vi-

138 2213 234 2247 cinae
254 2211 475 2246 Narbonensi
493 2211 700 2244 intnlerunt.
756 2209 795 2242 lu
816 2208 870 2243 his
893 2209 1110 2243 difficultati-

138 2254 203 2297 bus
227 2274 307 2296 cum
331 2263 490 2296 viderent
513 2262 618 2294 duces
657 2272 728 2294 uno
759 2261 992 2303 gubernatore
1022 2272 1108 2304 opus

139 2325 210 2347 esse
223 2340 232 2354 ,
257 2324 378 2346 rursus
393 2319 598 2346 creaverunt
617 2323 742 2354 regem.

240 2360 387 2396 Tertius
403 2375 460 2396 rex
478 2362 791 2405 Langobardorum
805 2358 995 2394 Autharus
1019 2361 1110 2393 lilius

138 2411 300 2457 clephis,
327 2413 486 2456 regnavit
501 2424 611 2446 annos
627 2424 701 2450 sex,
728 2411 848 2445 mitior
864 2418 977 2454 patre,
1006 2418 1038 2444 et
1056 2412 1110 2444 iu-

139 2464 226 2498 stior
246 2463 281 2495 in
300 2463 572 2506 gubernatione,
598 2462 749 2496 conditis
765 2462 899 2505 legibus
922 2462 1013 2494 inter
1029 2473 1110 2494 suos

140 2514 321 2548 latrocinia
338 2511 531 2557 prohibuit.
562 2512 721 2558 Cumque
737 2519 939 2556 recuperato
955 2511 1109 2544 Brixello

139 2563 325 2598 Πομ-11111111
344 2563 498 2597 Suevum
523 2564 724 2607 expulisset,
761 2563 950 2605 fugientem
968 2562 1109 2596 Raven-

142 2626 239 2654 nam,
268 2615 425 2647 inducias
444 2614 522 2647 secit
538 2627 614 2647 cum
633 2610 792 2646 Exarclio
811 2612 1018 2654 Smaragdo:
1049 2624 1110 2656 pa-

139 2677 212 2698 cem
243 2665 345 2699 etiam
370 2664 449 2699 secit
473 2676 551 2697 cum
586 2676 663 2707 rege
696 2663 879 2697 Francico:

1162 357 1352 400 Christum,
1380 361 1455 393 viro
1474 361 1515 392 ad
1531 359 1702 392 iusticiam
1721 366 1751 393 et
1767 360 1860 403 pacis
1879 360 2033 393 studium
2051 357 2135 391 hor—

1162 411 1264 442 tatrix
1290 412 1368 444 suit.
1420 410 1486 444 Sed
1514 422 1584 442 non
1612 410 1779 442 diuturna
1804 410 1870 443 suit
1896 407 1979 443 haec
1993 408 2135 451 Longo—

1161 460 1350 493 bardorum
1376 460 1621 503 tranquillitas.
1682 458 1770 492 Nam
1795 457 1975 493 Autharus
2000 471 2133 491 veneno

1161 511 1330 544 extinctus
1349 521 1420 543 esse
1439 510 1557 543 Ticini
1577 510 1751 544 scribitur.

1261 574 1427 622 Quartus
1465 588 1524 608 rex
1554 574 1869 617 Longobardorum
1901 573 2127 620 Egilolplzus

1160 634 1327 670 cognatus
1352 623 1520 665 Authari,
1554 625 1713 666 regnavit
1741 636 1851 657 annos
1878 625 2024 668 viginti,
2057 638 2135 658 cnm

1160 679 1229 710 dux
1257 676 1486 709 Taurinensis
1520 682 1624 715 esset,
1667 675 1819 708 delectus
1850 681 1901 708 est
1925 686 1943 708 a
1969 673 2134 707 Theode-

1161 728 1257 760 linda
1279 728 1321 759 ad
1345 726 1544 768 coniugium
1572 731 1603 758 et
1631 736 1793 767 regnum,
1835 725 1915 769 quia
1940 731 2036 757 tanta
2067 725 2133 756 fuit

1160 776 1426 810 'sliendelindae
1451 776 1578 815 virtus,
1613 782 1650 808 ut
1675 775 1901 817 Longobardi
1924 775 2134 812 dubitantes,

1160 840 1262 871 quem
1310 827 1493 869 eligerent,
1542 825 1687 858 arbitrio
1726 826 1850 857 viduae
1893 825 2134 868 permitterent

1161 878 1377 912 electionem.
1452 876 1546 909 Haec
1578 873 1768 918 Egilotpho
1799 883 1831 908 et
1868 874 2068 917 coniugium
2101 883 2133 907 et

1158 940 1304 971 regnum
1322 927 1466 967 obtulit,
1494 932 1526 960 et
1543 926 1614 958 nati
1633 933 1712 958 sunt
1728 938 1766 958 ex
1783 926 1830 958 eis
1849 925 2045 962 Adoaldus,
2073 926 2132 965 qui

1159 985 1274 1020 postea
1292 978 1328 1007 in
1352 989 1458 1018 regno
1477 976 1638 1009 successit
1651 1003 1658 1013 ,
1685 983 1715 1008 et
1734 976 1919 1018 (iutbirga.

1259 1041 1364 1074 Initio
1392 1039 1604 1083 Egilolphus
1628 1052 1745 1083 pacem
1772 1053 1848 1074 cum
1875 1041 2018 1074 Francis
2044 1041 2134 1077 seca,

1158 1093 1219 1138 qui
1236 1098 1267 1125 et
1285 1092 1439 1135 captivos
1458 1091 1698 1124 reddiderunt.
1749 1090 1832 1122 Mox
1848 1097 1880 1122 et
1897 1091 1933 1122 in
1949 1101 2010 1122 suo
2027 1101 2133 1132 regno

1158 1145 1262 1177 duces
1285 1142 1431 1176 rebelles
1450 1140 1672 1184 compescuit.
1722 1140 1817 1174 Fecit
1835 1146 1866 1173 et
1882 1151 1961 1173 cum
1974 1137 2133 1172 Exarcho

1158 1193 1327 1228 inducias.
1395 1190 1561 1225 Ecclesiis
1601 1192 1761 1234 adempta
1804 1190 1940 1224 restitui
1983 1191 2132 1223 curavit:

1157 1243 1310 1278 abolevit
1349 1242 1547 1275 barbaricas
1592 1240 1870 1284 superstitiones,
1911 1251 1995 1284 quas
2032 1247 2132 1272 antea

1158 1292 1385 1336 Longobardi
1419 1304 1456 1325 ex
1488 1291 1610 1335 patriis
1637 1291 1794 1323 moribus
1827 1290 2065 1327 retinuerant,
2101 1301 2132 1323 -2t

1157 1343 1393 1377 Christianam
1427 1342 1622 1375 doctrinam
1654 1342 1777 1373 docere
1807 1340 1958 1379 curavit,
1993 1340 2131 1384 qualem

1159 1394 1350 1437 Gregorius
1368 1392 1551 1427 Romanus
1573 1390 1768 1435 Episcopus
1786 1390 2052 1435 praescribebat.

1259 1460 1346 1494 Cum
1364 1465 1478 1493 autem
1496 1455 1675 1491 Exarclius
1694 1456 1883 1491 Callinicus
1896 1456 2055 1489 Parmam
2075 1467 2132 1488 ce-

1158 1513 1283 1556 pisset,
1309 1518 1342 1544 et
1365 1511 1448 1542 inde
1471 1509 1576 1541 filiam
1605 1504 1785 1550 Egitolphi
1812 1513 1928 1539 natam
1952 1506 1990 1538 in
2014 1508 2131 1548 priore

1160 1561 1343 1604 coniugio,
1378 1567 1409 1593 et
1437 1560 1511 1592 eius
1532 1558 1696 1591 maritum
1721 1557 1941 1598 abduxisset,
1975 1556 2132 1589 irritatus

1159 1620 1254 1646 tanta
1285 1610 1433 1650 iniuria,
1466 1616 1499 1642 et
1529 1609 1740 1641 liberaturus
1771 1606 1880 1640 filiam
1906 1613 1936 1640 et
1966 1617 2130 1649 generunt

1159 1659 1370 1706 Egilolphus
1385 1660 1516 1693 bellum
1539 1660 1702 1691 adversus
1723 1655 1923 1690 Exarchum
1947 1657 2076 1691 movit.
2100 1665 2130 1688 et

1160 1713 1315 1753 primum
1344 1712 1386 1740 nd
1412 1710 1534 1739 urbem
1560 1708 1741 1737 Patavium
1773 1708 1934 1745 accessit,
1968 1706 2005 1737 in
2028 1716 2132 1749 quam

1161 1771 1239 1792 cum
1265 1758 1355 1790 faces
1385 1756 1512 1789 multas
1538 1754 1706 1787 iaculatus
1741 1761 1844 1795 esset,
1885 1765 2008 1797 magna
2036 1762 2132 1798 parte

1163 1808 1401 1842 aedificiorum
1423 1805 1584 1838 incendio
1601 1811 1825 1847 consumpta,
1850 1804 1938 1838 facta
1958 1811 2007 1837 est
2033 1806 2132 1837 dedi-

1160 1860 1222 1893 tio.
1276 1857 1380 1901 Quod
1407 1856 1581 1900 reliquum
1604 1855 1668 1887 suit
1699 1855 1796 1887 urbis
1823 1854 1974 1887 dimissis
1998 1854 2132 1887 civibus

1161 1909 1380 1943 combustum
1415 1914 1464 1940 est
1503 1917 1595 1937 anno
1633 1904 1820 1938 centesimo
1849 1911 1881 1938 et
1913 1904 2133 1946 octogesimo,

1162 1966 1343 2003 postquam
1360 1957 1403 1990 ab
1423 1955 1531 1989 Attila
1558 1956 1667 1987 suerat
1691 1954 1812 1989 deleta.
1864 1953 2001 1988 Rursus
2028 1954 2132 1995 igitur

1162 2021 1283 2052 inagna
1304 2007 1494 2040 multitudo
1514 2005 1595 2037 inde
1612 2005 1766 2045 migrans
1781 2005 1876 2038 auxit
1888 2004 2054 2038 Venetam
2071 2016 2131 2036 ur-

1160 2061 1250 2094 bem.
1303 2057 1424 2091 Postea
1441 2055 1649 2090 Cremonam
1675 2055 1812 2088 delevit.
1863 2054 2008 2088 Mantua
2033 2054 2131 2086 dedi-

1160 2110 1256 2143 tione
1271 2114 1404 2141 servata
1422 2114 1471 2140 cst
1484 2134 1492 2146 ,
1520 2106 1577 2138 sed
1597 2107 1725 2138 nudata
1744 2106 1938 2145 moenibus,
1990 2103 2130 2137 Deinde

1161 2160 1267 2194 totius
1283 2158 1403 2192 Italiae
1419 2156 1604 2200 imperium
1631 2167 1771 2199 sperans
1794 2156 1983 2189 exercitum
2009 2155 2050 2186 ad
2071 2166 2129 2186 ur-

1134 2212 1238 2243 'bem
1266 2208 1416 2243 Romam
1449 2207 1613 2244 adduxit,
1655 2218 1758 2250 qnam
1792 2208 1965 2248 integrum
1998 2216 2129 2236 annum

1160 2267 1324 2305 perpetua
1343 2257 1526 2291 obsidione
1541 2256 1716 2296 fatigavit,
1745 2257 1801 2288 sed
1828 2256 1966 2289 tandem
1990 2262 2130 2298 propter

1160 2311 1266 2343 malas
1283 2314 1497 2352 tempestates
1516 2314 1547 2339 ct
1572 2307 1662 2338 luem
1688 2306 1818 2349 ubique
1842 2311 2053 2348 grassantem
2069 2305 2130 2336 ah-

1161 2361 1259 2393 dnxit
1287 2358 1493 2395 exercitum,
1534 2356 1775 2399 deprecatione
1821 2356 1924 2389 etiam
1965 2355 2128 2395 Gregorii

1159 2409 1324 2454 Episcopi
1343 2407 1495 2443 Romani
1513 2414 1646 2445 motus,
1673 2406 1733 2450 qui
1751 2406 1938 2449 perfecerat
1952 2432 1961 2444 ‚
1983 2404 2128 2437 111511111-

1161 2462 1287 2504 ragdus
1304 2456 1484 2492 Exarchus
1501 2457 1696 2489 restitueret
1716 2462 1747 2488 et
1773 2457 1879 2489 liliam
1908 2461 1938 2488 et
1964 2466 2128 2497 generunt

1160 2518 1193 2544 et
1216 2512 1337 2544 urbem
1362 2508 1535 2541 Parmam.
1601 2505 1754 2539 Domum
1785 2507 1921 2539 rediens
1945 2505 2126 2547 despondit

1161 2561 1232 2594 silio
1250 2571 1392 2593 uxorem
1417 2558 1523 2591 liliam
1542 2556 1629 2598 rogis
1653 2554 1832 2595 Francici,
1858 2563 1888 2589 et
1912 2566 2026 2598 pacem
2052 2565 2126 2585 cuni

1160 2609 1275 2644 Plioca
1293 2611 1500 2653 imperatore
1525 2607 1619 2646 facit,
1647 2618 1714 2651 qua
1740 2607 1925 2641 constituta
1949 2605 2127 2646 aliquanto

927 2663 1109 2706 coniugem
1161 2668 1237 2706 post
1254 2667 1413 2694 mortuus
1430 2666 1488 2693 est.
