2324 2955
110 106 179 140 361

402 100 559 140 DECL.
592 99 667 137 DE
707 98 1164 138 EXPLICATIONE
1206 99 1550 139 APHORISMI
1591 106 1722 144 XLII.
1755 119 1835 144 mc.

2052 114 2124 148 362

111 190 218 229 vitae,
245 187 283 220 in
299 187 618 221 communicatione
633 194 753 221 mutua
767 185 994 222 honestorum
1011 187 1090 221 offi-
1145 186 1304 220 membra
1319 188 1430 221 motui
1447 201 1486 222 ac
1504 192 1621 225 sensui
1640 194 1811 228 destinata
1838 196 1948 229 traiici
1974 206 2124 241 nequeat

109 240 243 272 ciorum
262 245 292 272 et
312 238 565 271 sententiarum
581 237 692 271 amica
708 238 905 280 collatione,
931 238 1090 282 singulo-
1142 234 1215 282 (vel
1238 234 1301 271 διὰ
1323 237 1568 287 φλεγ,ιιονώδη
1592 241 1675 277 τίνα
1698 241 1869 280 διάθεσιν
1893 246 1932 281 ἐν
1949 245 2052 293 αὐτῷ
2069 251 2124 293 τῷ

108 301 187 324 rum
205 289 369 333 privatim
387 299 464 331 erga
483 300 537 320 me
556 288 717 322 eximiam
735 289 1016 324 benevolentiam
1032 301 1089 323 ar—

107 340 284 383 gumentis
302 351 373 372 non
392 338 551 372 obscuris
567 340 744 384 perspexi,
771 347 805 374 et
829 340 941 384 reipsa
957 341 1088 374 multo-

107 392 172 425 ties
198 402 275 423 sum
297 395 479 433 expertus,
515 390 614 423 cuius
638 402 694 423 me
717 390 897 434 opinionis
925 391 1087 425 de'vobis

106 441 258 474 fructum
273 446 311 473 ut
325 439 503 483 percipere
518 440 650 481 sinatis,
667 447 700 474 et
717 441 847 474 referre
864 453 904 474 ex
918 439 988 476 hox
1002 454 1088 476 con-

106 501 200 525 sessu
217 488 343 530 hodie,
372 501 434 523 vos
452 488 678 525 vehementer
694 503 759 535 pro
779 503 854 525 mea
873 503 951 536 erga
966 493 1087 536 singu-

103 542 158 574 los
180 540 403 574 observantia
432 553 506 575 oro.
564 539 654 575 Cum
676 548 793 575 autem
818 554 932 588 neque
955 554 1017 586 ego
1041 544 1083 576 ad

103 591 293 625 dicendum
312 592 376 624 sim
393 592 601 630 instructus,
629 598 664 625 et
686 601 932 636 argumentum
955 595 998 627 de
1014 606 1084 638 quo

103 642 229 675 disseri
245 639 452 675 scholastico
469 653 565 674 more
582 648 739 686 oportet,
766 655 840 676 non
856 650 924 677 tam
941 656 1085 688 compo-

103 692 188 726 sitae
204 692 375 726 orationis
396 691 495 736 copia
520 698 553 726 et
575 693 764 736 splendore
787 694 957 728 illustrari
980 701 1084 740 atque

102 742 293 784 ostentari,
319 754 425 788 quam
451 742 653 777 orationum
677 744 918 778 fundamentis
946 745 1084 787 discuti,

102 801 137 827 et
160 793 290 838 absque
311 793 429 826 ocioso
458 800 586 827 ornatu
610 794 762 838 simplici
786 795 946 829 oratione
969 796 1081 839 expli-

101 844 174 877 cari
189 844 293 885 velit,
319 850 359 877 ut
374 843 412 877 fit
429 843 467 876 in
480 843 799 889 disputationibus,
826 858 899 880 non
923 858 981 880 ero
999 858 1082 890 pro-

100 894 203 929 lixus.

200 942 325 977 Dicam
344 955 425 987 ergo
443 955 552 989 pauca
569 946 613 978 de
635 946 902 990 quadragesimo
925 948 1079 980 secundo

99 992 318 1039 Aphorismo
343 995 451 1038 partis
484 996 674 1037 secundae,
717 996 816 1030 cuius
845 997 951 1030 verba
981 1004 1079 1030 sunt:

98 1043 241 1079 Fortem
251 1043 482 1089 Apoplexiam
500 1045 635 1080 solvere
652 1047 870 1090 impossibile
887 1053 947 1089 est,
969 1047 1082 1081 imbe-

97 1094 215 1128 cillem
231 1095 342 1128 facile.
395 1092 628 1130 Occasionem
645 1098 689 1130 de
705 1098 886 1142 apoplexia
903 1098 1081 1142 cogitandi

97 1145 313 1187 accuratius,
346 1146 587 1191 praebuerunt
609 1145 716 1188 mihi,
756 1160 845 1193 quae
880 1156 1082 1192 grassantur

97 1196 222 1239 vulgo,
257 1203 290 1230 et
313 1196 486 1240 plurimos
509 1204 686 1242 correptos
707 1198 936 1238 interimunt,
971 1200 1081 1243 epile-

96 1246 210 1290 pticae
225 1253 258 1280 et
273 1247 506 1291 apoplecticae
523 1248 736 1289 affectiones,
757 1261 906 1294 quarum
926 1256 960 1283 et
979 1250 1082 1283 inva-

99 1296 215 1329 siones
231 1304 313 1329 sunt
331 1304 400 1328 tam
418 1298 625 1339 praecipites
643 1309 683 1330 ac
703 1299 857 1338 subitae,
884 1307 917 1332 et
933 1300 1081 1342 impres-

98 1345 214 1379 siones
241 1352 312 1379 tam
339 1343 563 1379 vehementes
587 1358 626 1380 ac
650 1358 787 1386 saevae,
823 1354 862 1381 ut
893 1348 1081 1381 videantur

97 1396 194 1430 velut
218 1391 391 1439 ἐπιδήμιοι
421 1393 633 1439 νοσήματα,
677 1409 696 1429 a
729 1398 896 1440 peculiari
930 1398 1018 1430 coeli
1047 1404 1081 1431 et

96 1446 186 1479 aeris
207 1444 458 1478 constitutione
484 1446 698 1477 commoveri
724 1447 762 1478 in
793 1446 835 1479 iis
860 1447 1078 1490 corporibus,

95 1495 226 1540 quibus
256 1494 348 1527 inest
374 1494 534 1537 aptitudo
559 1495 732 1539 quaedam
759 1507 798 1528 ac
821 1497 1010 1539 propensio
1035 1498 1079 1529 ad

95 1546 232 1579 easdem
250 1556 289 1577 ex
305 1544 522 1587 languefacta
539 1545 674 1577 cerebri
690 1545 820 1579 virtute
845 1551 877 1578 et
896 1557 1079 1579 coacerva-

94 1604 211 1630 torum
238 1595 342 1638 longo
371 1602 528 1638 tempore
556 1595 813 1639 superfluorum
842 1597 1078 1631 reduntantia.

93 1646 216 1691 Neque
231 1646 393 1689 improbo
412 1645 630 1678 coniecturas
646 1657 780 1686 eorum,
809 1647 869 1691 qui
886 1647 998 1680 causis
1016 1644 1079 1680 ha-

95 1708 173 1730 rum
198 1696 460 1739 aegritudinum
484 1707 525 1728 ex
541 1694 686 1729 Saturni
710 1704 742 1730 et
760 1696 887 1730 Martis
914 1698 1079 1738 infausto,

94 1748 201 1781 noxio
218 1754 250 1781 et
268 1746 397 1780 minaci
416 1746 531 1790 positu
556 1746 694 1790 petitis,
720 1748 903 1792 aliquanto
929 1755 1009 1781 ante
1033 1749 1077 1781 de

95 1809 216 1831 earum
252 1797 416 1841 periculis
448 1804 673 1830 monuerunt.
737 1797 805 1831 Sed
841 1796 930 1842 proh
965 1799 1078 1839 dolor,

94 1855 268 1894 quantum
295 1847 469 1891 ingluvie,
501 1848 668 1891 crapulis,
704 1848 958 1892 intempestivis
982 1861 1079 1882 com-

93 1898 386 1938 messationibus,
420 1895 474 1930 his
497 1898 610 1931 causis
636 1899 788 1932 externis
813 1906 846 1933 et
869 1900 1078 1933 coelestibus

94 1949 300 1983 instruimus
317 1956 350 1983 et
369 1949 591 1982 cumulamus
607 1960 668 1982 ceu
688 1961 782 1993 penu
807 1950 974 1983 materiae
999 1950 1077 1983 ido·-

95 2012 179 2034 neae
203 2001 238 2032 in
263 2000 472 2044 corporibus
503 1999 659 2033 nostris?
711 1999 872 2042 Quantas
902 2001 1077 2042 addimus,

93 2063 171 2083 cum
189 2057 369 2093 stupemus
388 2050 567 2090 ebrietate,
593 2056 654 2083 aut
669 2050 866 2084 insanimus
881 2051 1075 2085 ambitione

93 2109 126 2135 et
147 2102 258 2141 odiis,
285 2109 346 2135 aut
374 2101 408 2133 in
434 2100 570 2143 magnis
596 2100 723 2134 animis
752 2102 938 2135 doloribus
964 2103 1076 2145 impa-

93 2152 233 2189 tientia,
271 2152 323 2183 vel
357 2153 392 2184 in
417 2151 543 2184 subitis
567 2151 866 2186 commotionibus
892 2153 1075 2197 praecipiti

92 2215 130 2237 ac
141 2202 280 2236 fervida
302 2202 484 2235 iracundia
504 2208 598 2235 extra
615 2212 679 2236 nos
702 2203 880 2246 rapimur,
908 2211 992 2237 tunc
1019 2203 1075 2236 in—

93 2266 196 2298 quam
228 2260 375 2298 quantas
411 2253 678 2296 suppeditamus
719 2254 917 2288 occasiones
950 2254 1073 2287 iisdem

93 2304 223 2342 causis,
250 2311 289 2337 ut
307 2304 345 2336 in
362 2315 426 2337 nos
445 2304 615 2337 invadant
636 2304 778 2348 vimque
800 2312 1006 2349 expromant
1024 2311 1076 2338 at-

94 2367 162 2400 que
178 2361 358 2387 exerceant
376 2354 501 2388 suam?
528 2353 596 2387 Sed
614 2353 822 2388 coelestibus
838 2356 950 2390 causis
967 2356 1074 2389 omis-

95 2406 157 2446 sis,
184 2406 228 2439 de
248 2405 474 2448 propioribus
491 2412 525 2439 et
543 2405 647 2438 nobis
664 2404 777 2438 insitis
804 2407 975 2450 quaedam
1000 2407 1073 2439 dis-

93 2467 261 2490 seramus.
316 2455 473 2489 Galenus
498 2462 591 2490 recte
617 2463 650 2489 et
681 2456 855 2489 concinne
888 2458 1074 2490 universas

94 2519 194 2540 verae
218 2505 420 2550 apoplexiae
445 2507 622 2550 proximas
645 2517 764 2539 causas
796 2508 997 2551 complexus
1025 2514 1076 2541 est

95 2558 231 2590 duobus
249 2556 452 2600 generibus,
479 2569 558 2590 cum
576 2557 709 2602 inquit:
738 2556 834 2589 Fieri
856 2558 1073 2602 apoplexiam

94 2619 134 2640 ex
150 2607 285 2641 defectu
304 2618 426 2640 sensus
443 2613 475 2640 et
491 2613 606 2641 motus
624 2608 661 2640 in
677 2618 823 2651 corpore
838 2607 1017 2650 universo,
1033 2620 1074 2642 eo

93 2659 189 2703 quod
223 2657 333 2692 virtus
363 2657 525 2692 animalis
555 2658 710 2695 diffundi
735 2658 775 2693 in
798 2669 945 2700 nervos,
978 2666 1012 2695 et
1036 2659 1074 2694 in

1140 284 1331 334 ἐγκεφάλῳ
1359 286 1614 335 συστήσασαν,
1649 295 1704 327 vel
1730 294 1855 331 αὐτῶν
1878 300 1953 331 τῶν
1974 300 2122 332 κοιλιῶν

1139 337 1453 383 ἐμπιμπλαμένων
1475 338 1677 388 ὑγρότητος
1700 345 2005 394 φλεγματώδοις)
2028 349 2122 381 scili-

1139 395 1191 422 cet
1206 389 1370 430 cerebro,
1398 391 1453 423 vel
1471 393 1611 427 obsesso
1636 396 1761 429 affectu
1786 405 1923 441 praeter
1947 406 2121 439 naturam,

1138 439 1198 484 qui
1217 439 1262 473 sit
1279 440 1552 476 inflammationi
1571 445 1713 487 similis,
1740 448 1793 480 vel
1810 449 1950 492 oppleto
1975 450 2120 483 obtura-

1138 495 1243 535 toque
1259 488 1502 534 phlegmaticis
1520 491 1729 529 humoribus
1758 498 1869 539 intus,
1896 512 1964 544 qua
1988 501 2120 533 ventri-

1138 541 1299 574 culorum
1319 542 1429 583 alvei,
1456 550 1488 577 et
1507 546 1729 579 anfractuum
1755 549 1967 592 multiplices
1990 561 2028 583 ac
2051 549 2120 582 mi·

1137 592 1250 624 rando
1270 599 1434 626 contextu
1451 594 1615 638 impliciti
1643 597 1787 637 ductus,
1815 605 1847 631 et
1870 611 1932 632 ceu
1955 600 2057 633 incisi
2081 600 2119 633 in

1137 642 1369 676 substantiam
1387 643 1496 688 ipsius
1515 652 1635 679 tennes
1653 648 1747 690 pori,
1775 648 1804 681 si
1819 649 1862 682 ab
1882 649 2033 682 infarctu
2052 647 2120 683 hu—

1135 704 1275 726 morum
1302 693 1407 728 liberi
1431 696 1517 734 sint,
1552 703 1673 740 patent
1697 698 1908 741 agitatorum
1930 700 2119 744 spirituum

1135 743 1310 777 discursui
1332 751 1364 778 et
1382 746 1591 780 traiectioni.

1235 792 1311 827 Hae
1328 807 1450 829 causae
1464 797 1553 830 fiunt
1573 798 1803 843 illustriores,
1829 812 1908 834 cum
1932 808 1965 835 et
1992 800 2119 834 discri-

1135 855 1215 876 men
1232 855 1271 877 ac
1289 846 1393 878 series
1413 854 1625 882 caeterarum
1637 876 1645 889 ‚
1674 862 1762 894 quae
1780 849 1842 884 has
1859 852 2035 895 proximas
2052 864 2120 886 an-

1134 895 1316 935 tecedunt,
1349 897 1514 939 gignunt,
1547 899 1658 939 cient,
1695 901 1904 944 impellunt,
1945 909 1979 936 et
2003 902 2114 946 ipsius

1134 945 1250 978 morbi
1275 945 1374 988 origo
1398 948 1641 982 consideratur
1666 963 1705 983 ac
1733 958 1868 985 natura.
1920 951 2118 997 Apoplexia

1134 995 1171 1027 in
1200 995 1344 1029 illorum
1371 1003 1421 1030 est
1448 999 1653 1032 morborum
1680 1012 1847 1040 numero,
1877 1014 1965 1046 quos
1987 1014 2027 1035 ex
2050 1002 2119 1034 im·

1134 1045 1239 1089 pulsu
1264 1045 1384 1091 aliquo
1411 1047 1565 1089 incitati,
1593 1062 1633 1083 ac
1657 1063 1735 1084 cum
1757 1052 1970 1086 defluxionis
1986 1053 2120 1096 impetu

1133 1103 1274 1130 ruentes
1300 1094 1486 1140 humoreS,
1521 1112 1626 1145 seque.
1657 1101 1695 1135 in
1715 1103 1897 1136 cerebrum
1919 1103 2121 1140 inferentes,

1133 1153 1166 1180 et
1183 1147 1284 1190 lapsu
1302 1148 1477 1183 concitato
1493 1161 1531 1183 ac
1549 1151 1667 1185 subito
1684 1153 1738 1185 vel
1755 1153 1793 1186 in
1811 1165 1892 1187 cava
1912 1154 1985 1187 eius
2002 1153 2118 1197 spacia

1132 1198 1266 1230 excussi
1290 1205 1395 1243 atque
1416 1199 1563 1243 ingesti,
1602 1203 1656 1235 vel
1681 1204 1813 1237 detrusi
1839 1204 2051 1249 impactique
2081 1203 2120 1235 in

1133 1259 1239 1280 venas
1264 1255 1297 1281 et
1322 1249 1485 1291 arterias,
1522 1253 1651 1296 quibus
1674 1260 1708 1287 et
1730 1255 1953 1288 membranea
1985 1253 2120 1287 cerebri

1136 1297 1318 1331 involucra
1342 1299 1475 1334 intexta
1497 1310 1598 1342 sunt,
1640 1311 1673 1337 et
1696 1311 1891 1347 pertextum
1917 1311 1967 1338 est
1991 1314 2119 1349 corpus

1133 1346 1259 1389 ipsum,
1287 1359 1409 1391 parere
1426 1360 1701 1386 consueverunt.
1755 1354 1950 1388 Causarum
1968 1354 2116 1397 gignen-

1133 1396 1221 1429 tium
1246 1408 1316 1430 una
1339 1405 1389 1432 est
1413 1406 1554 1434 externa
1588 1409 1619 1436 et
1650 1403 1807 1437 evidens:
1842 1405 1951 1438 altera
1978 1405 2118 1438 interna

1133 1452 1166 1478 et
1199 1447 1407 1489 corporibus
1442 1449 1566 1483 insita:
1607 1453 1727 1493 tertia,
1770 1466 1876 1498 quam
1911 1457 2045 1500 συνεχῆ
2084 1462 2118 1487 et

1133 1498 1314 1539 προσεχῆ,
1341 1498 1376 1528 id
1395 1504 1464 1538 est,
1491 1500 1732 1535 continentem
1756 1511 1892 1538 vocant.
1946 1503 2120 1538 Externa-

1132 1556 1211 1577 rum
1230 1547 1400 1590 quaedam
1417 1559 1479 1591 per
1497 1561 1570 1583 sese
1586 1551 1662 1595 ipso
1681 1553 1817 1587 insultu
1842 1554 1897 1586 vel
1918 1555 2014 1587 illisu
2032 1566 2117 1598 apo-

1131 1595 1280 1638 plexiam
1307 1597 1460 1636 faciunt,
1490 1607 1527 1633 ut
1551 1613 1629 1634 curn
1654 1603 1824 1636 validiore
1851 1604 1920 1638 ictu
1942 1605 2062 1638 fractis
2086 1611 2118 1637 et

1131 1645 1262 1678 collisis
1285 1647 1423 1680 ossibus
1447 1651 1565 1683 cranei
1593 1659 1626 1685 et
1651 1654 1785 1686 cerebri
1809 1666 1930 1699 'massa
1954 1667 1993 1688 ea
2018 1667 2115 1687 com-

1132 1697 1311 1739 pressione
1331 1706 1447 1732 coacta
1466 1707 1570 1745 atque
1586 1711 1771 1743 coarctata,
1789 1712 1848 1738 aut
1866 1706 1990 1750 laqueo
2007 1705 2117 1738 inter-

1132 1747 1237 1779 clusis
1263 1748 1318 1780 vel
1344 1751 1550 1794 compressis
1573 1752 1616 1786 iis
1641 1755 1759 1795 venis,
1787 1767 1875 1800 quae
1900 1753 2117 1803 σᾳαγίτιὸες

1132 1804 1164 1830 et
1179 1797 1358 1841 iugulares
1378 1801 1628 1844 nominantur,
1655 1806 1818 1848 protinus
1836 1813 1989 1840 cessante
2005 1813 2117 1845 motu,

1131 1859 1191 1881 cor
1216 1849 1448 1892 respiratione
1472 1852 1634 1887 intercisa
1669 1856 1872 1892 suffocatur.
1932 1857 2116 1899 Quaedam

1130 1909 1252 1931 rursus
1271 1900 1426 1934 internas
1442 1913 1562 1936 causas
1583 1906 1637 1938 vel
1654 1906 1823 1948 gignunt,
1850 1915 1976 1950 augent
1995 1920 2033 1940 ac
2053 1919 2114 1940 co-

1129 1956 1292 1983 acervant
1309 1951 1402 1984 velut
1420 1952 1549 1995 pabulo
1567 1957 1800 1999 suppeditato,
1817 1959 1912 2001 quod
1929 1959 1997 1991 vita
2015 1969 2114 2000 prae-

1132 2005 1197 2033 stat
1214 1999 1312 2033 luxui
1332 2003 1450 2035 dedita
1474 2010 1580 2048 atque
1604 2003 1900 2046 helluationibus,
1929 2009 1982 2040 vel
2006 2007 2114 2040 colle-

1129 2056 1198 2083 ctas
1219 2057 1301 2083 ante
1329 2052 1578 2087 alterationum
1613 2058 1835 2100 quarundam
1868 2057 2113 2091 immutatione

1128 2109 1359 2145 praeparant,
1400 2109 1440 2136 ut
1479 2115 1558 2137 cum
1598 2104 1811 2141 exhalitibus
1827 2108 1944 2141 crudis
1977 2108 2113 2141 densati

1129 2151 1309 2196 coactique
1331 2150 1497 2187 humores
1521 2162 1553 2188 et
1577 2156 1668 2190 intra
1691 2170 1855 2190 craneum
1871 2159 2003 2192 detenti
2022 2171 2040 2191 a
2056 2170 2113 2191 ca-

1128 2203 1203 2235 lore
1221 2203 1393 2236 lentorem
1413 2205 1582 2248 paulatim
1600 2206 1815 2241 contrahunt
1832 2215 1864 2241 et
1881 2210 2113 2246 tenacitatem,

1128 2254 1183 2286 vel
1206 2254 1359 2297 genitas,
1392 2264 1573 2298 congestas
1604 2269 1643 2291 ac
1674 2265 1897 2302 praeparatas
1923 2260 2109 2303 impellunt

1127 2304 1348 2350 agitantque,
1376 2313 1413 2339 ut
1430 2318 1509 2340 cum
1527 2308 1637 2351 quieti
1657 2305 1823 2342 humores
1843 2316 1901 2343 aut
1922 2308 2111 2343 veliemen-

1127 2355 1171 2389 tis
1191 2355 1392 2389 iracundiae
1411 2358 1548 2390 fervore
1568 2358 1622 2390 vel
1638 2359 1730 2392 a'e'ris
1747 2360 1949 2394 circumfusi
1974 2361 2111 2394 ardori-

1126 2406 1191 2439 bus
1208 2407 1370 2441 dissoluti
1387 2419 1426 2440 ac
1442 2407 1508 2440 susi
1521 2434 1531 2448 ‚
1557 2415 1617 2442 aut
1633 2410 1786 2453 expressi
1805 2417 1839 2444 et
1863 2411 1959 2445 velut
1979 2412 2109 2444 exclusi

1127 2457 1331 2491 astrictione
1350 2465 1527 2491 meatuum
1542 2458 1588 2491 ab
1603 2460 1779 2503 asperiore
1797 2461 1945 2504 frigore,
1973 2470 2031 2495 aut
2050 2475 2109 2494 co—

1126 2508 1183 2552 pia
1211 2508 1288 2540 elisi
1312 2508 1452 2541 irruunt
1476 2509 1514 2540 in
1538 2510 1733 2546 cerebrum.
1794 2511 1957 2546 lnternae
1990 2524 2109 2545 causa(-

1125 2570 1211 2603 quas
1243 2556 1523 2604 npoqyotgue'zsac
1555 2567 1589 2594 et
1613 2563 1856 2596 antecedentes
1887 2571 2032 2600 vocant,
2078 2571 2107 2595 ct

1126 2621 1275 2654 quarum
1292 2610 1336 2641 ab
1351 2610 1504 2643 externis
1521 2610 1619 2654 origo
1636 2618 1705 2650 est,
1731 2620 1814 2647 sunt
1832 2611 2016 2651 humores,
2048 2613 2109 2657 qui

1126 2660 1181 2694 vel
1204 2660 1240 2692 in
1263 2659 1349 2704 ipsis
1374 2661 1498 2695 rivulis
1521 2672 1693 2697 venarum
1714 2664 1857 2708 capitis,
1893 2662 1947 2696 his
1979 2663 2106 2696 scilicet
