2324 2955
117 104 187 140 161
696 99 853 137 DECL.
893 99 965 136 DE
1000 98 1232 135 SCHOLA
1265 99 1552 141 ROSTOCH.
2069 119 2140 154 152

116 199 218 222 verae
242 187 445 228 doctrinae,
479 193 519 224 et
535 187 578 220 ad
602 197 721 220 veram
745 186 1003 220 invocationem
1023 184 1100 226 Dei,
1152 185 1326 219 maiorum
1351 195 1552 223 nostrorum
1577 191 1677 225 dictis
1701 200 1733 228 et
1760 195 1858 230 factis
1880 201 2138 244 conspicimus?

115 245 147 272 et
179 238 369 282 petendum
400 245 450 271 est
480 244 518 271 ut
541 237 640 270 Deus
670 248 734 270 nos
764 238 952 280 gubernet,
986 242 1099 269 servet
1152 234 1222 268 Ubi
1246 237 1409 270 firmioris
1436 246 1469 272 et
1493 241 1605 274 virilis
1627 245 1747 278 aetatis
1772 246 1855 279 fides
1878 255 1910 282 et
1929 254 2134 294 constantia,

114 288 208 321 inter
222 300 286 321 nos
302 286 494 320 Ecclesiam
506 311 514 325 ‚
540 294 572 320 et
589 299 718 331 poenas
735 288 880 331 mitiget.

215 337 302 371 Vult
327 335 410 370 haec
434 337 506 381 peti
520 336 633 378 Deus,
660 338 742 382 quia
764 338 840 371 vult
857 336 1007 380 intelligi
1024 348 1097 369 non

111 385 277 421 humanis
299 387 454 420 consiliis
479 394 511 420 et
534 387 717 431 praesidiis
741 388 870 420 servari
891 386 1097 428 Ecclesiam,

111 444 144 472 et
160 438 288 481 depelli
306 435 422 470 hostes
438 438 599 471 diabolos
616 444 648 470 et
663 449 792 480 organa
808 438 1043 471 diabolorum.

211 486 368 530 Vagatur
382 486 536 521 Ecclesia
556 488 648 521 inter
666 487 846 528 diabolos,
873 495 905 522 et
919 490 1010 522 inter
1027 488 1093 520 im-

107 537 166 582 pia
189 538 336 581 imperia
360 538 396 569 in
419 539 570 578 mundo,
596 538 685 570 sicut
706 537 848 580 exiguus
873 550 953 581 grex
973 538 1092 572 ovium

108 588 201 621 inter
218 588 326 621 multa
346 588 510 631 luporum
529 587 684 629 agmina,
710 599 773 620 nec
792 589 1008 622 defensorem
1028 586 1091 621 ha-

106 639 166 672 bet
190 645 321 671 certum
345 638 412 670 nisi
432 638 543 670 filium
559 636 626 669 Dei
642 637 834 670 Dominum
857 646 1014 672 nostrum
1036 637 1090 671 Ie-

107 699 184 721 sum
203 686 403 727 Christum,
431 687 631 720 crucifixum
656 699 720 731 pro
740 689 842 721 nobis
857 696 890 722 et
904 689 1088 722 resuscita-

106 745 206 780 tum,
234 738 294 782 qui
318 737 448 782 inquit:
476 737 588 770 Nemo
611 738 721 781 rapiet
749 750 830 771 oves
846 751 938 772 meas
957 751 996 772 ex
1013 751 1087 772 ma-

105 789 212 822 nibus
229 789 325 822 meis.

206 837 312 871 Hunc
341 839 452 872 filium
476 837 543 872 Dei
574 837 685 886 λόγον
713 837 774 873 καὶ
804 836 927 874 εἰκόνα
949 837 1085 882 ἀΐδιον,

105 884 229 922 ἀϊδίου
252 887 406 933 πατρὸς,
441 901 503 922 oro
528 896 599 922 toto
618 898 776 932 pectore,
803 897 842 923 ut
858 891 930 934 ipse
945 898 1086 934 propter

103 949 201 972 suam
219 939 366 981 gloriam
384 951 448 972 nos
464 946 637 983 protegat,
665 951 708 972 ne
724 939 881 973 Turcicis
898 948 957 974 aut
972 941 1086 973 civili-

102 989 170 1021 bus
198 989 300 1022 bellis
332 989 368 1021 in
399 987 452 1022 liis
482 990 702 1031 regionibus,
738 991 917 1024 barbarica
944 991 1084 1024 vastitas

101 1038 171 1072 fiat.
224 1038 293 1072 Sed
316 1047 429 1073 servet
452 1039 545 1072 inter
568 1051 632 1072 nos
648 1037 839 1072 Ecclesiam
862 1041 976 1084 ipsum
993 1048 1084 1074 recte

102 1088 337 1129 invocantem,
366 1096 398 1122 et
413 1096 507 1132 regat
522 1096 654 1122 mentes
671 1091 884 1130 docentium,
909 1098 948 1125 ut
964 1103 1083 1125 omnes

101 1151 213 1172 unum
232 1139 269 1172 in
288 1139 363 1183 ipso
381 1139 506 1179 simus,
534 1139 660 1175 Amen.
712 1139 805 1174 Dixi.

103 1337 168 1372 No.
191 1336 273 1372 153.

891 1351 937 1369 an.
964 1341 1058 1372 1556.

336 1446 411 1486 De
439 1446 602 1487 Schola
633 1445 840 1486 Rostoele.

170 1541 290 1568 Prodiit:
319 1541 447 1573 „Causae
473 1548 522 1564 cur
547 1538 652 1564 scholae
677 1538 776 1572 phiIOS.
802 1538 930 1571 praefecti
950 1540 975 1564 in
997 1539 1082 1564 Acad.

198 1574 326 1601 flestoch.
349 1574 376 1600 in
400 1574 540 1607 disciplina
559 1573 728 1597 resarcienda
748 1572 912 1598 elaboraiint
935 1588 961 1591 —
983 1574 1082 1606 scripta

200 1610 286 1635 oratio
301 1610 335 1634 ab
349 1608 473 1634 Arnoldo
483 1606 615 1635 Burenio,
635 1615 697 1631 cum
712 1606 795 1639 praef.
810 1607 896 1631 Mel.’'
914 1606 1082 1634 Viiet›.1556.

200 1645 226 1670 4.
250 1645 267 1668 4
286 1643 322 1678 pl.
352 1655 387 1661 —
424 1642 559 1666 Recusum
587 1645 623 1665 est
649 1640 699 1665 hoc
730 1640 861 1672 scriptum
888 1650 947 1666 cum
976 1642 1082 1673 praefa-

198 1677 273 1702 tione
298 1676 364 1702 Met.
391 1675 417 1700 in
443 1676 489 1700 sel.
515 1674 592 1699 Dect.
617 1674 647 1701 T.
663 1673 709 1699 IV·
737 1675 830 1706 p.176
850 1684 924 1708 sqq.,
957 1675 1081 1700 nichard.

201 1711 233 1736 T.
250 1712 282 1738 ll.
307 1709 404 1744 p.369.
430 1714 455 1734 et
481 1709 596 1733 Servest.
623 1707 654 1733 T.
671 1708 716 1732 lV.
742 1716 765 1740 p.
781 1708 835 1733 161.
885 1709 1080 1734 Praefationem

198 1746 266 1771 Mel.
285 1745 406 1770 dedimus
425 1743 452 1767 in
468 1742 593 1776 Epistolis
613 1741 694 1767 (1.25.
710 1742 809 1768 Decbr.
828 1743 901 1767 1554.
924 1758 950 1761 —
973 1743 1001 1768 ln
1018 1744 1080 1777 Epi-

201 1779 276 1805 stolis
308 1778 369 1804 satis
397 1776 572 1812 perspicitur,
609 1775 813 1802 Melanthonem
839 1776 990 1802 elaborasse
1014 1777 1082 1803 hanc

201 1814 361 1839 orationem.

101 1906 225 1938 Oratio
254 1899 454 1936 Arnozclz·
474 1901 667 1933 Bureniae·
695 1897 740 1932 tle
760 1897 959 1943 disciplina
976 1898 1083 1934 30]ιο-

407 1952 466 1985 lae
482 1947 774 1984 Rostochianae.

99 2034 147 2074 In
185 2035 251 2071 hac
288 2043 439 2070 extrema
472 2033 598 2067 mundi
627 2039 761 2066 senecta
793 2046 872 2066 vere
905 2034 1082 2077 languida,

102 2089 222 2124 omnia
253 2087 392 2120 ruinam
419 2097 491 2117 non
516 2085 661 2117 obscure
686 2084 917 2125 denunciant,
953 2087 1082 2120 inultae

101 2139 213 2174 malae
235 2145 344 2177 artes,
371 2143 403 2169 et
429 2135 523 2168 varia
546 2145 684 2166 morum
706 2134 808 2174 vitia,
835 2142 867 2168 et
886 2138 1083 2170 communis

101 2191 193 2234 vitae
215 2187 452 2231 corruptelae,
479 2185 592 2217 indies
613 2184 722 2227 magis
739 2196 776 2217 ac
793 2185 902 2228 magis
917 2187 1082 2220 exoriun-

100 2248 178 2283 tur,
205 2246 245 2273 ut
265 2244 298 2271 et
314 2237 401 2271 boni
418 2236 486 2269 viri
503 2245 623 2268 omnes
642 2246 712 2266 uno
729 2247 787 2267 ore
806 2245 1083 2280 conqueruntur,

103 2298 137 2324 et
163 2300 277 2323 mores
301 2286 488 2321 hominum
514 2284 628 2318 omnis
652 2286 785 2327 generis
807 2287 918 2319 multo
945 2288 1081 2332 clarius,

104 2352 209 2386 quam
232 2339 370 2384 publice
392 2336 548 2380 expedit,
574 2342 756 2370 testantur.
808 2335 896 2368 Nam
920 2338 946 2369 si
972 2339 1082 2380 placet

104 2390 385 2433 circumspicere,
413 2394 445 2420 et
470 2387 594 2423 xitam,
623 2392 655 2418 ct
679 2397 792 2417 mores
811 2396 1007 2428 praesentes
1029 2390 1084 2421 in..

104 2441 216 2480 tueri,
240 2439 317 2484 quis
339 2438 458 2471 aetatis
483 2438 609 2479 gradus
633 2448 704 2468 non
730 2436 829 2467 valde
852 2444 1004 2471 mutatus
1025 2447 1084 2480 est,

105 2499 138 2526 et
155 2489 344 2535 superioris
357 2488 462 2522 seculi
481 2487 629 2519 multum
646 2486 849 2518 dissimilis?
881 2486 970 2529 Quis
985 2491 1084 2529 ordo,

106 2550 139 2576 et
156 2548 262 2575 status
280 2538 462 2572 hominum
479 2538 522 2569 de
539 2537 714 2570 curriculo
730 2537 920 2575 maiorum,
941 2546 973 2571 et
990 2547 1085 2573 vete-

106 2604 185 2626 rum
207 2589 376 2624 institutis
393 2600 463 2621 non
483 2588 584 2630 longe
600 2587 738 2620 dessexit
756 2593 788 2618 et
808 2588 927 2629 procul
945 2589 1084 2623 aberra-

107 2642 180 2676 vit'?
233 2640 303 2675 Ubi
326 2639 444 2672 senilis
465 2638 522 2671 illa
544 2637 694 2680 gravitas
715 2643 748 2670 et
772 2637 900 2676 virtus,
927 2651 1031 2682 quan)
1047 2642 1083 2674 in

155 2694 332 2726 ΜειΑΝ-Ηι.
359 2691 460 2723 Ormi.
487 2690 569 2721 VoL.
586 2688 662 2720 XII.

1151 297 1256 342 quam
1283 287 1442 330 superius
1466 292 1619 324 seculum
1647 294 1683 326 in
1707 296 1791 328 viris
1811 298 1865 330 sui
1883 302 2051 344 temporis
2069 304 2132 336 ad-

1149 342 1320 393 miratur,
1358 344 1390 370 et
1425 341 1668 382 praedicatur?
1730 345 1830 387 Quae
1865 355 1914 382 est
1949 352 2130 391 mollicies,

1149 397 1237 442 quae
1253 386 1392 428 levium,
1419 401 1506 432 quae
1522 391 1652 433 libido,
1679 396 1721 427 ad
1740 408 1845 440 quam
1861 398 2019 434 florentis
2035 410 2130 437 aeta-

1147 442 1191 468 tis
1218 448 1351 477 moreS,
1387 439 1445 482 qui
1469 447 1548 474 ante
1573 447 1782 479 verecundia
1806 454 1839 481 et
1864 451 1997 490 pudore
2024 454 2127 487 nobis

1146 488 1500 528 commendabantur,
1529 504 1600 524 non
1622 493 1690 526 sint
1709 495 1933 539 impudenter
1950 503 2127 547 prolapsi?

1145 535 1234 578 Quis
1257 539 1344 570 ordo
1369 550 1388 570 a
1414 540 1542 574 virtute
1566 549 1740 582 veterum,
1769 553 1801 578 et
1825 547 1926 581 laude
1949 553 2125 586 maiorum

1143 598 1217 619 non
1247 589 1397 632 turpiter
1427 591 1669 633 degeneravit,
1701 600 1733 626 et
1761 595 1930 637 flagitiose
1955 601 2124 637 descivit?

1141 644 1202 670 aut
1231 639 1317 682 quid
1349 640 1501 685 denique
1532 642 1570 674 in
1600 642 1670 675 vita
1696 646 1875 678 communi
1905 656 1936 681 et
1964 653 2123 687 moribus

1140 684 1325 721 hominum
1355 701 1502 735 usquam
1533 692 1696 735 simplex,
1731 694 1905 739 integrum
1939 706 1970 732 et
1993 712 2120 744 purum

1139 744 1189 771 est
1205 739 1389 772 relictum?

1243 788 1469 834 Quapropter
1490 803 1640 836 peropus
1665 802 1715 829 est
1739 795 1965 840 Magistratus
1988 814 2120 842 omnes,

1138 845 1172 872 et
1203 839 1310 882 alios,
1346 841 1406 885 qui
1436 841 1613 886 aliquibus
1644 846 1808 889 privatim
1840 858 1921 884 sunt
1944 853 2120 895 praefecti,

1137 887 1204 922 hoc
1228 891 1493 934 corruptissimo
1518 894 1652 936 seculo,
1684 903 1715 929 et
1738 898 1958 942 iniquissimo
1981 915 2119 937 morum

1137 947 1295 984 tempore
1319 941 1484 983 evigilare
1501 943 1636 984 studio,
1663 953 1697 979 et
1715 951 1918 991 expergisci,
1946 960 1977 986 et
1994 954 2037 986 de
2051 962 2121 988 sta-

1136 990 1251 1031 tione,
1285 992 1323 1023 in
1346 1003 1414 1035 qua
1438 992 1609 1027 dix-initus
1634 1003 1715 1029 sunt
1739 999 1914 1041 collocati,
1942 1015 1986 1035 ne
2010 1004 2119 1037 mini·

1136 1052 1232 1073 mum
1255 1041 1398 1085 quidem
1417 1042 1594 1076 discedere
1607 1071 1616 1085 ,
1643 1052 1675 1078 et
1693 1048 1810 1081 omnia
1828 1051 1927 1094 quasi
1947 1065 1964 1084 e
1979 1055 2118 1096 specula

1136 1091 1418 1134 circumspicere,
1446 1099 1479 1125 et
1503 1094 1660 1128 animum
1684 1096 1720 1128 in
1742 1109 1856 1132 mores
1873 1101 1979 1135 veluti
1999 1115 2118 1136 arcum

1136 1141 1310 1174 intentum
1334 1153 1470 1185 semper
1490 1143 1637 1184 habere,
1663 1153 1696 1180 et
1713 1148 1796 1180 vitia
1813 1152 2003 1193 speculari,
2031 1160 2061 1186 et
2080 1155 2117 1187 in

1136 1192 1178 1224 iis
1200 1192 1365 1224 tollendis
1387 1204 1475 1237 quae
1500 1194 1569 1226 iam
1593 1195 1630 1228 in
1651 1196 1721 1230 vita
1745 1205 1776 1231 et
1800 1201 1956 1235 moribus
1979 1203 2117 1237 insede-

1134 1248 1236 1282 runt,
1271 1249 1303 1275 et
1326 1254 1415 1286 pene
1438 1243 1699 1287 inveterarunt,
1732 1249 1784 1282 uti
1808 1253 1990 1286 severitate
2013 1255 2117 1297 plane

1135 1292 1292 1324 censoria
1307 1319 1315 1332 ,
1342 1304 1430 1336 quae
1453 1293 1529 1326 iure
1549 1296 1694 1338 pudoris
1713 1304 1744 1330 et
1761 1301 1950 1335 modestiae
1968 1301 2117 1338 habetur

1135 1341 1316 1381 magistra,
1343 1348 1375 1373 et
1400 1343 1520 1380 malis,
1548 1356 1636 1387 quae
1655 1347 1807 1388 plurima
1829 1361 1869 1382 ex
1895 1349 1958 1385 liae
1978 1354 2117 1388 levitate

1136 1396 1168 1422 et
1182 1390 1331 1422 libidine
1347 1390 1502 1434 quotidie
1518 1401 1742 1436 enascuntur,
1767 1400 1977 1434 medicinam
1996 1415 2117 1437 recen-

1136 1439 1246 1477 tibus,
1280 1441 1372 1482 quod
1400 1441 1490 1473 valet
1511 1442 1726 1485 plurimum,
1751 1446 1930 1484 adhibere.
1982 1452 2117 1495 Quem-

1134 1488 1324 1520 admodum
1355 1495 1486 1522 veteres
1516 1490 1873 1535 Rerumpublicarum
1904 1502 2116 1543 gubernato-

1134 1547 1188 1569 res
1211 1537 1353 1577 fecisse,
1380 1535 1448 1570 hoc
1471 1539 1625 1581 dictum,
1653 1546 1747 1587 quod
1770 1558 1865 1581 nunc
1890 1552 1994 1595 vulgo
2013 1565 2117 1588 usur-

1134 1594 1251 1630 patur:
1279 1585 1333 1619 Ex
1358 1588 1459 1620 malis
1483 1590 1643 1624 moribus
1666 1593 1780 1628 honae
1804 1597 1895 1641 leges
1912 1611 2116 1643 nascuntur,

1134 1643 1250 1680 aperte
1271 1637 1445 1676 declarat,
1468 1645 1499 1672 et
1516 1640 1610 1683 ipsos
1627 1643 1681 1676 sui
1698 1648 1854 1681 muneris
1870 1651 2043 1686 rationem
2060 1667 2116 1688 re—

1133 1687 1253 1730 ligiose
1268 1684 1432 1720 habuisse
1449 1689 1630 1732 significat.

1216 1736 1326 1794 ‘Quis
1348 1738 1444 1770 enim
1469 1751 1544 1773 non
1567 1742 1680 1782 videt,
1706 1743 1743 1776 in
1766 1742 1832 1780 hoc
1854 1760 1872 1781 a
1889 1748 1963 1785 Deo
1981 1755 2115 1798 optimo

1133 1799 1284 1845 marimo
1302 1788 1524 1846 magistratus
1540 1792 1797 1837 rebuspublicis
1815 1809 1886 1832 esse
1903 1805 2118 1844 praefectos?

1134 1845 1166 1870 et
1185 1849 1245 1877 iis,
1271 1845 1302 1871 et
1319 1846 1461 1872 caeteris
1477 1853 1617 1875 morum
1635 1844 1807 1886 magistris
1824 1850 1868 1881 ab
1885 1853 2006 1886 eodem
2025 1856 2115 1891 leues

1133 1887 1316 1931 Decalogi‚
1344 1890 1442 1933 quasi
1460 1903 1600 1925 normas
1615 1893 1704 1926 vitae
1719 1892 1894 1933 humanae
1910 1914 1980 1936 esse
1996 1882 2118 1940 datgs'?

1133 1939 1177 1970 ad
1201 1950 1286 1982 quas
1310 1939 1363 1971 illi
1384 1951 1527 1973 suorum
1552 1942 1682 1976 civium
1705 1951 1738 1978 et
1759 1947 2012 1993 discipulorum
2038 1968 2117 1990 mo-

1134 2000 1204 2028 res,
1231 2001 1303 2021 non
1328 1990 1429 2022 aliter
1451 1991 1488 2022 in
1511 1989 1566 2023 his
1591 1993 1681 2026 vitae
1696 1997 1848 2031 tenebris
1866 2007 1898 2033 et
1916 2005 2040 2037 mundi
2057 2018 2114 2040 ca-

1134 2039 1241 2081 ligine
1265 2040 1480 2082 derigerent,
1508 2053 1546 2074 ac
1570 2050 1694 2076 nautae
1719 2045 1755 2076 in
1775 2058 1873 2082 caeca
1890 2059 1991 2086 nocte
2010 2067 2113 2090 suum

1134 2101 1273 2122 cursum
1302 2091 1345 2122 ad
1378 2088 1524 2123 llolicen
1552 2099 1584 2125 et
1614 2093 1823 2130 clarissimos
1849 2098 2114 2144 Septentriones

1134 2140 1259 2172 solent.
1320 2138 1351 2172 A
1374 2152 1442 2184 qua
1466 2141 1571 2173 officii
1592 2155 1692 2182 cura,
1723 2146 1784 2190 qui
1810 2156 1870 2182 aut
1892 2153 2113 2198 voluptatum

1135 2190 1327 2229 illecebris,
1349 2197 1381 2222 et
1403 2191 1560 2224 dulcium
1578 2205 1694 2226 rerum
1711 2198 1858 2241 aucupio
1871 2226 1881 2241 ,
1907 2209 1967 2236 aut
1984 2206 2114 2248 privati

1134 2240 1310 2273 commodi
1341 2241 1474 2281 studio,
1505 2249 1563 2275 aut
1593 2243 1672 2285 suga
1695 2244 1857 2281 laborum
1879 2258 1912 2285 et
1935 2255 2113 2291 molestia-

1134 2303 1211 2323 rum
1245 2291 1486 2331 abducuntur,
1517 2290 1553 2324 hi
1587 2293 1700 2326 locum
1732 2295 1767 2328 in
1794 2311 1863 2342 quo
1886 2313 1904 2333 a
1929 2302 2004 2337 Deo
2030 2315 2113 2342 suut

1134 2341 1293 2373 collocati
1325 2342 1509 2378 deserunt,
1544 2349 1576 2375 et
1604 2345 1808 2380 mandatum
1832 2348 1896 2383 Dei
1922 2355 2026 2395 primi
2051 2370 2111 2401 pa-

1134 2391 1242 2424 rentis
1265 2391 1374 2423 instar
1390 2392 1587 2435 negligunt,
1613 2401 1644 2426 et
1663 2395 1898 2433 obedientiam
1918 2403 2111 2450 Cvclopum

1135 2452 1231 2474 more
1257 2442 1444 2479 abiiciunt,
1472 2442 1600 2486 quibus
1620 2444 1731 2477 divini
1749 2452 1905 2484 muneris
1922 2443 2112 2496 proditori-

1134 2492 1218 2531 bus,
1244 2490 1357 2530 Deus,
1381 2492 1439 2535 qui
1462 2492 1570 2525 iustus
1587 2501 1653 2534 est,
1680 2507 1752 2529 non
1771 2501 1880 2542 magis
1897 2506 2034 2539 veniam
2053 2510 2113 2541 de-

1136 2542 1210 2575 licti
1233 2542 1377 2574 daturus
1403 2549 1471 2580 est,
1499 2555 1601 2586 quam
1627 2543 1766 2580 Adamo
1788 2561 1869 2584 suae
1896 2553 1978 2597 legis
2000 2563 2112 2591 trans-

1136 2593 1284 2635 gressori
1309 2592 1420 2631 dedit,
1447 2590 1494 2626 Et
1518 2594 1544 2625 si
1570 2591 1626 2627 hic
1652 2596 1757 2630 unius
1778 2603 1905 2642 peccati
1924 2606 2021 2647 culpa
2043 2614 2110 2640 tam

1137 2643 1313 2682 acerbam,
1341 2648 1480 2687 tamque
1502 2643 1760 2681 formidabilem
1783 2654 1914 2685 aeterni
1937 2654 2000 2688 Dei
2025 2657 2110 2691 iram

1561 2697 1602 2728 11
