2324 2955
206 92 255 127 95

213 177 279 212 Nn.
300 176 382 211 143.

218 224 385 239 m

1023 184 1071 204 eii.
1089 174 1181 206 1554.

487 273 560 313 De
585 273 688 324 Iege
717 268 914 311 Placuit.

286 365 315 389 ln
329 362 416 387 select.
432 359 553 385 Deciani.
570 357 599 381 T.
612 355 660 381 lV.
679 365 703 388 p.
715 356 762 381 150
773 364 843 390 sqq„
860 354 974 382 seri-esi.
990 354 1023 380 T.
1035 355 1084 381 tv.
1102 364 1129 390 p.
1139 356 1197 385 137.

320 401 345 421 et
361 392 486 420 l'iichard.
505 392 538 418 Τ.
549 391 580 417 ll.
602 400 627 425 p.
641 389 698 415 556.

220 477 345 510 Oratio
371 472 416 507 de
441 473 519 518 leye
533 471 702 512 Placuit,
729 468 813 504 Cocl.
829 468 873 503 de
895 467 1062 503 Iudiciis.
1087 467 1197 505 1554.

221 549 345 590 Dlulta
363 559 444 586 sunt
467 551 615 585 illustria
637 549 834 583 testimonia
857 549 899 581 de
916 548 1008 588 Deo,
1035 548 1200 592 impressa

221 613 381 640 naturae:
411 610 449 636 ut
464 603 550 635 ordo
569 612 754 644 corporum
771 599 906 638 mundi,
933 599 1023 641 leges
1041 605 1198 632 motuum

222 654 444 693 coelestium,
471 663 586 685 annua
610 658 719 683 terrae
744 649 975 687 foecunditas,
1003 648 1092 681 vices
1114 655 1201 681 tem-

223 717 367 751 porum,
393 703 628 736 remediorum
644 700 801 734 varietas.
844 698 912 732 Sed
929 699 1087 730 omnium
1105 699 1200 732 testi-

223 756 424 789 moniorum
455 754 497 784 de
520 750 594 784 Deo
621 750 769 782 maxime
799 748 1019 792 perspicuum
1043 755 1109 789 est,
1143 750 1201 782 lux

223 808 284 839 illa
302 806 337 837 iii
352 803 546 841 mentibus,
574 812 660 844 quae
678 807 726 832 est
742 799 869 832 noticia
890 799 1044 836 immota,
1072 799 1202 832 discer-

223 867 312 889 nens
329 853 471 886 honesta
486 859 517 884 et
534 850 668 894 turpia,
695 850 783 882 iusta
799 856 829 881 et
850 849 993 881 iniusta:
1019 861 1106 892 quae
1123 861 1200 882 cum

225 906 409 939 nobiscnm
427 907 597 938 nascatur,
626 907 658 933 et
674 900 718 932 sit
734 898 972 938 immutabilis,
999 910 1135 932 necesse
1154 906 1202 931 est

224 967 289 989 nos
312 963 513 996 agnoscere,
540 951 583 983 ab
600 950 769 982 immenso
792 948 913 991 opifice
938 960 1012 980 eam
1034 948 1200 992 singulari

226 1005 374 1040 consilio
398 1001 603 1036 hominibus
630 999 769 1032 insitam
795 1010 882 1031 esse:
917 1005 950 1031 et
971 999 1107 1031 radium
1131 1011 1202 1032 esse

227 1054 416 1099 sapientiae
436 1052 592 1091 divinae,
619 1050 858 1083 ostendentem
878 1055 909 1082 et
927 1049 1011 1093 quid
1037 1049 1080 1082 sit
1098 1049 1203 1089 Deus,

226 1114 259 1140 et
277 1104 387 1149 qualis
405 1103 461 1136 sit:
490 1101 651 1134 videlicet
667 1101 758 1144 quod
776 1099 819 1131 sit
834 1099 980 1142 sapiens,
1006 1111 1120 1139 verax,
1143 1101 1202 1132 be-

226 1157 373 1194 neficus,
404 1154 532 1192 iustus,
567 1158 600 1184 et
628 1151 716 1183 iusta
739 1150 880 1187 volens,
915 1156 1047 1189 castus,
1083 1150 1203 1182 volens

226 1217 290 1239 nos
313 1205 379 1249 ipsi
394 1203 590 1237 conformes
607 1212 678 1233 esse
691 1228 699 1240 ‚
727 1206 759 1232 et
778 1199 927 1243 puniens
942 1199 1080 1232 scelera.

328 1263 402 1296 llas
425 1261 571 1295 noticias
593 1260 668 1292 vult
688 1258 782 1292 Deus
805 1264 838 1291 et
855 1257 1204 1290 commonefactiones

227 1318 270 1349 de
294 1325 365 1347 sese
390 1323 480 1351 esse,
506 1318 539 1344 et
558 1321 697 1342 normas
713 1309 813 1341 vitae.
866 1307 937 1340 Nee
960 1304 1065 1339 habet
1089 1305 1205 1339 homi-

225 1377 311 1399 num
327 1369 449 1395 natura
464 1360 649 1405 quicquain
668 1355 848 1400 pulchrius
864 1354 927 1386 hac
942 1354 1120 1397 sapientia,
1145 1366 1203 1386 seu

224 1414 281 1449 liis
305 1413 411 1446 radiis
431 1410 570 1443 divinae
593 1407 680 1440 lucis
706 1407 742 1438 in
759 1416 822 1437 nos
844 1404 988 1447 sparsis:
1017 1405 1058 1436 de
1077 1405 1204 1448 quibus

225 1472 265 1499 ut
287 1474 385 1507 saepe
405 1461 611 1504 cogitemus,
639 1458 827 1490 admonent
850 1465 912 1486 nos
930 1453 1133 1498 quotidiana
1150 1455 1205 1486 vi-

225 1524 280 1550 tae
298 1512 439 1555 negocia
467 1517 498 1542 et
516 1507 651 1542 adsidui
669 1511 876 1538 contractus.
920 1503 1091 1536 Universa
1111 1504 1204 1536 enim

226 1564 414 1598 hominum
443 1559 585 1593 societas
614 1555 668 1590 liis
699 1555 828 1597 regulis
859 1554 1085 1596 gubernatur.
1138 1553 1205 1586 Sed

228 1626 301 1648 non
327 1619 461 1646 tantum
487 1615 629 1653 propter
651 1616 836 1650 corporum
856 1610 1055 1636 nostrorum
1075 1604 1206 1636 utilita-

227 1673 298 1699 tem
328 1673 427 1705 saepe
454 1657 707 1693 consideranda
735 1662 784 1688 est
815 1652 899 1687 haec
926 1653 1110 1696 sapientia:
1148 1655 1205 1686 sed

227 1715 338 1748 multo
372 1710 499 1754 magis,
536 1715 574 1741 ut
607 1715 832 1750 agnoscamus
863 1715 936 1736 eam
968 1703 1206 1736 testimonium

229 1777 301 1799 esse
320 1764 360 1796 de
375 1760 471 1800 Deo,
500 1765 532 1792 et
556 1756 797 1791 adsensionem
815 1755 857 1787 de
881 1753 1103 1797 providentia
1124 1766 1207 1786 con-

228 1816 416 1848 firmemus.
458 1810 604 1852 Propter
620 1805 710 1839 hanc
727 1804 964 1849 gravissimam
982 1815 1117 1836 causam
1135 1815 1207 1836 sae-

229 1878 271 1909 pe
296 1864 431 1896 animos
465 1860 649 1892 excitemus
680 1857 723 1889 ad
751 1854 994 1898 cogitationem
1022 1855 1064 1886 de
1093 1854 1206 1897 legum

228 1915 386 1948 fontibus
403 1918 434 1944 et
450 1910 570 1944 causis.

314 1971 390 2006 Etsi
408 1977 521 2003 autem
539 1966 713 2000 humanae
731 1970 862 1997 mentes
881 1963 1092 2006 intelligunt,
1119 1961 1208 1997 lianc

229 2023 423 2058 naturalem
442 2019 618 2055 noticiam,
647 2017 903 2048 discernentem
920 2011 1066 2046 honesta
1083 2020 1114 2046 et
1133 2021 1209 2047 tur-

229 2078 305 2120 pia,
334 2083 404 2106 esse
427 2070 564 2103 radium
586 2067 725 2100 divinae
751 2064 941 2108 sapientiae
962 2065 997 2096 in
1014 2076 1077 2096 nos
1096 2071 1207 2098 trans-

229 2128 360 2159 susum:
389 2130 504 2156 tamen
526 2125 564 2152 ut
588 2119 622 2150 id
648 2116 780 2149 firmins
801 2122 1047 2154 statueremus,
1075 2127 1209 2159 semper

230 2172 468 2208 addiditDeus
484 2181 603 2202 vocem
621 2178 716 2199 suain
734 2166 769 2197 iii
781 2163 949 2198 Ecclesia:
972 2172 1004 2197 et
1021 2176 1098 2197 cum
1114 2166 1208 2206 alias,

230 2232 305 2258 tum
329 2234 409 2255 vero
430 2223 472 2253 de
494 2231 580 2263 rupe
604 2217 700 2251 Sinai
725 2216 906 2248 manifesta
931 2227 1032 2252 voce,
1070 2228 1140 2248 non
1165 2218 1206 2249 ad

229 2284 378 2320 paucos,
405 2272 463 2304 sed
484 2272 523 2303 ad
544 2280 704 2311 magnam
727 2265 989 2299 multitudinem
1014 2262 1208 2307 hominum,

232 2325 342 2357 edidit
362 2321 444 2354 liaec
461 2320 533 2364 ipsa
550 2319 660 2362 capita
679 2318 810 2359 legum,
839 2327 925 2360 quae
945 2322 1044 2348 antea
1064 2317 1208 2360 scripse-

231 2383 284 2409 rat
313 2375 347 2406 in
372 2371 546 2404 mentibus
570 2366 768 2400 liomiiiiiiii:
798 2373 830 2399 et
852 2372 1032 2410 postquam
1060 2378 1096 2399 ea
1126 2380 1208 2411 pro-

230 2425 474 2460 nunciaverat,
507 2420 560 2452 liis
583 2418 718 2461 scripsit
745 2418 781 2449 in
805 2416 931 2449 tabulis
955 2416 1080 2456 saxeis,
1117 2424 1148 2449 et
1172 2424 1208 2451 ut

230 2483 362 2509 certum
387 2478 493 2510 esset,
517 2467 608 2502 lianc
631 2480 748 2500 vocem
776 2468 932 2499 divinam
957 2478 1045 2498 esse:
1072 2468 1209 2501 addidit

230 2533 282 2560 tot
298 2527 384 2558 facta
402 2529 495 2554 extra
514 2519 674 2552 ordinem
691 2525 851 2557 naturae,
877 2517 1094 2550 ostendentia
1112 2530 1209 2560 prae-

231 2575 378 2610 sentiam
405 2571 488 2610 Dei,
513 2577 544 2602 et
569 2568 784 2602 testificantia
808 2566 919 2601 Deum
943 2579 1013 2600 esse
1035 2568 1210 2611 potentio-

234 2638 306 2660 rem
325 2623 390 2658 hoc
406 2622 528 2656 ordine
546 2626 700 2653 naturae.

829 82 984 122 DECL.
1024 81 1097 120 DE
1135 84 1291 123 LEGE
1331 86 1595 128 PLACUIT.

2174 86 2222 122 96

1347 172 1429 206 Ideo
1446 179 1560 206 autem
1573 173 1667 208 Deus
1683 174 1846 219 praefecit
1866 173 2085 218 magistratus
2103 173 2222 217 generi

1246 222 1400 257 humano
1411 250 1420 263 ,
1440 229 1480 256 ut
1495 220 1585 256 hanc
1597 225 1707 268 ipsam
1723 236 1842 258 vocem
1858 225 1971 267 legum
1984 224 2149 268 Decalogi
2166 236 2223 257 so-

1247 280 1331 307 nent
1347 274 1384 306 in
1399 284 1524 316 genere
1540 270 1710 307 humano:
1740 281 1773 308 et
1788 286 1844 308 eos
1860 275 1965 307 armis
1988 281 2021 307 et
2043 274 2223 317 praesidiis

1248 323 1430 364 instruxit,
1456 329 1496 357 ut
1511 330 1763 367 contemptores
1781 325 1896 368 legum
1914 322 2139 364 coherceant,
2165 330 2225 357 aut

1249 374 1464 416 extinguant.
1517 372 1674 418 Vultque
1695 375 1916 417 magistratus
1939 374 2075 413 fideles,
2110 381 2226 406 custo-

1251 425 1310 457 des
1344 430 1375 456 et
1406 430 1651 468 propagatores
1682 435 1754 456 esse
1778 423 1881 457 huius
1905 431 2064 458 aeternae
2087 423 2225 467 sapien-

1250 474 1336 514 tiae,
1363 474 1549 516 patefactae
1574 473 1795 508 hominibus:
1822 481 1854 506 et
1871 474 2083 507 severissime
2105 471 2226 517 prohi-

1251 524 1326 556 buit
1338 551 1347 564 ,
1372 525 1544 557 contraria
1564 523 1646 559 huic
1664 525 1806 559 divinae
1821 523 2008 566 sapientiae
2025 523 2202 557 constitui·

1353 572 1421 606 Sed
1450 575 1644 618 sapientum
1669 577 1943 619 gubernatorum
1974 581 2106 607 mentes
2134 585 2225 606 sem-

1253 635 1314 667 per
1334 624 1427 657 flexit
1443 622 1537 657 Deus
1556 626 1598 657 ad
1622 626 1847 659 illustrandas
1864 624 1953 666 leges
1969 621 2153 665 Decalogi‚
2180 623 2228 655 ⁵50

1252 681 1289 706 ut
1314 674 1385 717 ipsa
1411 686 1476 706 vox
1500 673 1664 718 Decalogi
1686 688 1808 709 norma
1834 675 1877 708 sit
1903 674 2045 707 immota
2071 673 2229 705 omnium

1253 724 1560 763 constitutionum,
1595 725 1632 757 in
1668 726 1795 770 quibus
1830 726 2051 767 magistratus
2083 722 2230 755 circum-

1253 774 1398 807 stantiae
1432 774 1578 807 alicuitis
1611 776 1937 809 determinationem
1976 775 2122 807 addunt.
2183 770 2231 805 [ft

1254 836 1331 856 cum
1353 824 1406 856 lex
1424 824 1543 857 divina
1561 825 1693 869 inquit:
1720 823 1802 857 Non
1819 826 1951 858 furtum
1966 825 2090 865 facies,
2115 821 2231 856 mani-

1253 874 1336 906 feste
1355 874 1465 906 sancit
1481 875 1718 908 dominiorum
1736 875 2006 907 distinctionem.

1356 922 1422 955 Hic
1452 925 1671 966 magistratus
1701 925 1866 957 discernit
1896 925 2023 966 gradus
2052 922 2231 956 dominioe

1255 985 1350 1013 rum,
1398 973 1566 1007 directum
1592 975 1790 1007 dominium
1825 980 1857 1007 et
1877 974 1979 1007 utile:
2015 980 2047 1007 et
2067 973 2231 1010 ostendit,

1255 1023 1313 1067 qui
1329 1024 1474 1065 gradus,
1501 1025 1543 1056 ad
1562 1036 1648 1068 quos
1665 1024 1869 1068 pertineant.

1356 1072 1595 1107 Certissimum
1612 1081 1663 1107 est
1678 1074 1794 1116 igitur,
1819 1071 1909 1106 hanc
1925 1073 2119 1107 doctrinam
2135 1072 2233 1112 iuris,

1256 1124 1352 1157 cuius
1380 1124 1581 1167 propagatio
1610 1131 1729 1157 nostro
1763 1124 1879 1156 ordini
1905 1124 2145 1156 commendata
2170 1129 2233 1160 est,

1255 1185 1325 1206 esse
1348 1180 1380 1206 et
1403 1172 1566 1216 Decalogi
1591 1186 1708 1206 vocem
1737 1180 1770 1207 et
1795 1174 1990 1217 sapientum
2023 1174 2234 1215 gubernato-

1256 1235 1332 1255 rum
1349 1224 1543 1263 decretum,
1574 1224 1701 1268 quibus
1716 1222 1809 1256 Deus
1831 1223 1943 1256 voluit
1968 1235 2028 1266 per
2052 1223 2234 1264 magistra-

1257 1285 1310 1306 tus
1334 1273 1416 1305 addi
1441 1273 1636 1316 aliquarum
1660 1273 1997 1306 circumstantiarum
2022 1271 2234 1305 determina—-

1256 1323 1384 1360 tiones,
1410 1322 1568 1354 collectas
1586 1333 1624 1353 ex
1643 1320 1835 1363 Decalogo‚
1860 1322 1914 1352 vel
1932 1322 2072 1363 optimis
2089 1323 2235 1353 demon-

1257 1370 1502 1410 mationibus,
1528 1371 1583 1403 vel
1607 1371 1782 1413 probabili
1806 1370 1942 1403 ratione
1968 1382 2039 1403 non
2057 1376 2236 1413 pugnante

1256 1431 1334 1452 cum
1350 1418 1535 1461 DecalogO.

1358 1468 1409 1501 Ac
1435 1480 1655 1514 nequaquam
1678 1469 1947 1502 existimandum
1976 1476 2043 1509 est,
2078 1466 2144 1501 hoc
2169 1481 2236 1501 no-

1256 1525 1367 1551 strum
1386 1519 1439 1551 ius
1457 1519 1510 1551 vel
1530 1518 1709 1564 tyrannica
1726 1519 1870 1552 arbitria
1887 1531 1978 1560 8558,
2003 1526 2041 1552 ut
2058 1519 2159 1551 multi
2177 1531 2236 1552 su-

1259 1569 1376 1612 perbi,
1408 1568 1469 1613 qui
1494 1569 1606 1609 legum
1626 1569 1765 1601 vincula
1790 1570 1957 1610 oderunt,
1984 1569 2234 1602 vociferantum

1259 1619 1313 1651 vel
1337 1629 1408 1650 esse
1437 1619 1589 1661 argutias
1620 1629 1678 1650 seu
1710 1619 1929 1662 praestigias,
1966 1618 2172 1661 excogitatas
2197 1626 2236 1652 ut

1259 1668 1411 1700 serviant
1446 1668 1696 1711 cupiditatibus
1730 1669 1962 1710 litigantium,
1995 1676 2034 1702 ut
2068 1669 2170 1701 multi
2198 1669 2236 1701 in

1260 1719 1363 1761 vulgo
1382 1718 1588 1762 loquuntur.
1627 1718 1694 1752 Sed
1713 1730 1748 1750 re
1765 1731 1844 1751 vera
1861 1716 1927 1751 lioc
1944 1725 2100 1752 nostrum
2119 1719 2173 1752 ius
2187 1726 2236 1751 est

1260 1781 1325 1801 vox
1341 1767 1522 1811 Decalogi,
1549 1776 1581 1801 et
1605 1780 1644 1800 er.
1661 1768 1833 1811 Decalogo
1851 1775 2024 1802 extructae
2041 1769 2238 1802 conclusio·

1261 1831 1341 1858 nes,
1378 1819 1470 1850 bona
1499 1819 1742 1863 consequentia
1779 1831 1841 1862 per
1868 1819 2102 1861 magistratus:
2149 1831 2235 1863 quos

1259 1867 1353 1902 Deus
1379 1869 1562 1902 autoritate
1585 1876 1617 1902 et
1640 1869 1809 1911 sapientia
1834 1869 2000 1909 armavit,
2034 1877 2071 1903 ut
2094 1876 2237 1913 propter

1261 1919 1560 1952 confirmationem
1583 1920 1718 1961 generis
1741 1917 1885 1952 liumaiii
1915 1931 1975 1962 per
2004 1931 2060 1952 eos
2090 1920 2236 1962 imperia

1261 1969 1566 2009 constituerentur,
1594 1976 1625 2002 et
1642 1970 1886 2002 defenderetur
1901 1969 2043 2013 politica
2059 1969 2214 2004 societas.

1364 2018 1484 2063 ltaque
1502 2026 1644 2063 propter
1658 2017 1770 2052 Deum
1788 2020 1985 2052 veneranda
2002 2026 2050 2052 est
2068 2019 2238 2062 sapientia

1261 2069 1364 2102 iuris:
1391 2070 1470 2113 quia
1490 2070 1707 2102 verissimum
1725 2076 1773 2103 est
1796 2077 1827 2103 et
1847 2070 1938 2113 ipsas
1957 2070 2066 2112 leges,
2091 2077 2125 2107 ,et
2147 2070 2237 2113 poli-

1261 2120 1366 2153 ticum
1396 2120 1555 2152 ordinem
1587 2132 1690 2164 opera
1715 2131 1785 2152 esse
1808 2120 1997 2164 sapientiae
2021 2127 2051 2153 et
2081 2119 2236 2152 iusticiae

1261 2169 1345 2208 Dei,
1371 2177 1403 2202 et
1427 2170 1624 2204 testimonia
1649 2171 1889 2214 providentiae
1909 2171 1952 2203 de
1966 2168 2041 2203 Deo
2059 2169 2095 2201 in
2113 2181 2237 2212 genere

1261 2218 1426 2254 humano.

1362 2269 1408 2303 Et
1428 2270 1469 2303 sit
1494 2270 1652 2303 omnium
1677 2271 1802 2304 animis
1826 2270 1928 2302 infixa
1955 2282 2020 2303 vox
2045 2270 2236 2313 sapientiae

1261 2320 1420 2360 divinae,
1449 2333 1536 2364 quae
1559 2323 1649 2364 apud
1676 2321 1897 2354 Salomonem
1924 2320 2054 2365 inquit:
2091 2319 2156 2352 Per
2184 2333 2238 2354 ine

1261 2369 1372 2412 Reges
1389 2378 1544 2413 regnant,
1571 2379 1602 2404 et
1613 2371 1791 2414 Principes
1808 2370 1894 2402 iusta
1912 2371 2114 2404 decernunt.
2167 2369 2239 2404 Ex-

1260 2421 1416 2464 periinur
1433 2421 1467 2453 in
1486 2418 1549 2454 hac
1566 2422 1732 2464 pravitate
1752 2427 1893 2453 naturae
1911 2418 2100 2460 humanae,
2125 2421 2237 2454 odisse

1262 2482 1335 2502 eam
1360 2472 1466 2514 leges,
1498 2479 1660 2517 tanquam
1686 2482 1878 2510 carcerem,
1914 2478 1945 2504 et
1969 2471 2072 2504 malle
2094 2472 2237 2504 concedi

1263 2521 1435 2554 infinitam
1462 2522 1638 2555 licentiam
1663 2521 1807 2554 ludendi
1836 2521 1988 2555 vanitate
2019 2521 2238 2564 opinionum,

1262 2577 1294 2603 et
1319 2572 1479 2615 explendi
1499 2583 1600 2615 vagas
1626 2571 1840 2614 cupiditates.
1894 2571 1994 2604 Hanc
2010 2578 2153 2604 naturae
2174 2584 2239 2604 no-

1263 2627 1351 2655 strae
1368 2623 1605 2656 infirmitatem
1633 2621 1708 2655 vult
1732 2633 1794 2654 nos
1811 2621 1904 2655 Deus
1919 2633 2118 2665 agnoscere:
2147 2628 2179 2655 et
2198 2629 2235 2655 ut
