2324 2955
87 121 162 158 353

93 208 266 238 monstrat
289 201 563 242 controversias,
587 212 675 246 quae
698 202 743 234 ad
765 212 800 234 se
814 200 1071 240 deferebantur,

88 254 199 288 multa
223 265 302 287 cum
331 265 371 286 co
395 252 566 296 disputat,
599 263 699 295 saepe
726 252 828 285 etiam
860 252 1069 284 instructum

87 304 249 338 consiliis
264 304 372 337 mittit
387 304 428 335 ad
450 302 586 335 erudita
603 301 807 346 Principum
824 302 963 336 iudicia.
998 300 1070 334 Ta-

89 356 161 388 lem
184 367 262 388 cum
291 352 431 387 haberet
450 354 641 386 Ductorem
667 360 701 386 et
721 353 931 387 monitorem
958 363 1069 385 annos

86 406 245 450 aliquot,
279 411 318 437 ut
341 404 576 447 Papinianum
603 403 794 447 Llpianus,
830 410 863 436 et
888 403 993 436 simul
1013 400 1069 435 hic

85 456 223 489 audiret
248 454 390 497 ingenio
419 461 451 487 et
475 455 670 487 eruditione
696 454 920 487 excellentem
938 452 1069 487 Docto-

85 517 159 538 rem
182 504 441 550 Hieronymum
466 503 698 545 Schursfium,
732 505 818 537 adeo
848 505 885 537 in
911 502 977 537 hoc
1002 504 1067 536 do-

84 556 216 589 ctrinae
240 567 365 598 genere
390 556 573 599 processit,
600 562 639 588 ut
664 567 683 587 a
710 554 937 599 Principibus
962 555 1064 588 etiam

87 606 350 647 consuleretur,
373 604 449 640 ὅττι
465 603 579 639 καλὸν
592 602 703 650 φίλον
720 603 816 650 ἐστὶ,
844 605 965 639 Musas
980 604 1069 637 ceci-

86 656 177 691 nisse
196 657 232 689 in
251 657 382 700 nuptiis
392 656 516 689 Cadmi
533 655 787 689 etHarmonies
804 656 942 690 dicitur.
977 653 1066 688 Cum

86 714 206 741 autem
235 708 277 740 ad
310 707 563 747 eruditionem,
603 707 845 750 prudentiam,
887 705 1068 746 iusticiam,

87 758 250 791 adiuncta
272 764 321 790 est
340 758 559 802 eloquentia,
580 755 672 790 nihil
690 770 727 790 ea
749 757 971 802 copulatione
988 756 1068 800 pul—

84 806 204 842 chrius
229 815 298 848 est,
330 820 418 852 quae
447 820 525 841 cum
550 808 587 840 in
612 807 770 842 Pontano
795 808 1067 851 conspiceretur,

83 859 202 902 plures
226 870 305 891 eum
331 858 511 901 Principes
538 865 570 891 et
589 858 744 892 civitates
761 859 1000 898 accersebant‚
1027 869 1065 889 ac

83 911 127 941 de
143 909 289 942 caeteris
307 909 518 949 virtutibus,
549 920 638 953 quae
654 909 763 952 magis
783 910 819 941 in
838 907 1069 950 gubernatio-

87 970 133 992 ne
149 966 353 1003 conspectae
371 966 453 993 sunt
467 986 474 999 ‚
502 966 619 1002 postea
637 959 762 994 dicam.
815 959 918 991 Prius
934 960 977 991 de
996 958 1068 991 elo-

86 1009 241 1054 quentia,
258 1020 347 1054 quae
363 1011 394 1042 ei
412 1009 573 1053 patefecit
585 1009 719 1042 aditum
735 1011 775 1042 ad
787 1008 1068 1053 Rempublicam,

83 1060 273 1093 dicendum
290 1066 350 1092 est.
374 1059 452 1093 Etsi
470 1066 588 1092 autem
606 1060 675 1092 scio
694 1061 886 1093 mediocres
907 1057 1068 1092 homines

84 1121 159 1143 non
177 1110 292 1143 solum
310 1110 460 1153 ineptos,
484 1111 543 1143 sed
562 1111 664 1143 etiam
682 1111 796 1143 fatuos
813 1111 894 1153 dici,
913 1122 991 1143 cum
1010 1122 1068 1142 vc-

83 1161 138 1194 lut
165 1159 289 1194 Critici
317 1167 377 1194 aut
402 1158 600 1194 Aristarchi
631 1162 674 1193 de
705 1161 954 1194 excellentibus
984 1160 1069 1192 viris

85 1210 261 1244 iudicant:
297 1217 413 1244 tamen
437 1211 511 1244 eius
534 1211 584 1243 rei
612 1212 736 1245 modus
765 1217 830 1244 est:
864 1210 949 1244 vult
974 1208 1070 1243 Deus

85 1261 227 1304 agnosci
243 1261 487 1294 excellentiam
504 1261 692 1301 virtutum,
720 1262 801 1305 quia
820 1262 863 1294 de
883 1261 957 1304 ipso
974 1261 1070 1293 testi-

85 1311 246 1344 monium
265 1317 333 1350 est,
358 1317 397 1343 ut
414 1321 493 1342 vere
513 1311 628 1353 inquit
649 1311 796 1342 Seneca:
825 1311 929 1342 Nulla
946 1321 1070 1352 magna

87 1361 199 1393 virtus
222 1360 297 1393 sine
323 1358 398 1393 Deo
422 1366 482 1393 est.
536 1358 590 1392 Eo
617 1360 723 1402 igitur
749 1357 833 1392 haec
857 1370 1072 1392 commemo-

89 1411 181 1444 ratio
197 1411 384 1449 referatur,
407 1417 444 1442 ut
460 1410 675 1442 celebremus
691 1410 815 1449 Deum,
840 1409 939 1442 cuius
955 1409 1072 1441 radios

90 1470 161 1493 esse
189 1458 415 1492 excellentem
441 1459 575 1500 ingenii
599 1458 690 1496 vim,
724 1465 833 1495 artes,
867 1465 901 1491 et
925 1458 1072 1490 virtutes

86 1509 229 1543 eximias
245 1508 482 1548 adfirmamus,
509 1514 543 1541 et
558 1507 589 1541 ei
605 1519 669 1551 pro
686 1505 741 1540 his
758 1507 874 1547 donis,
901 1518 990 1551 quae
1008 1507 1072 1539 tri-

89 1560 169 1594 buit
182 1564 325 1603 propter
338 1558 643 1602 gubernationem,
657 1558 784 1600 gratias
797 1558 943 1600 agimus.
970 1556 1073 1590 Nolle

87 1610 192 1644 etiarn
216 1609 317 1642 fateri
344 1610 456 1649 bona,
490 1620 579 1653 quae
602 1608 712 1641 oculis
733 1615 947 1648 cernuntur,
981 1607 1073 1640 livor

89 1667 151 1695 est.
205 1659 254 1693 Et
270 1671 331 1702 ego
350 1666 509 1693 nontam
524 1670 642 1692 meum
668 1659 858 1699 iudicium,
885 1670 990 1703 quam
1015 1669 1071 1690 sa-

87 1712 246 1756 pientum
272 1721 451 1743 sermones
475 1721 654 1750 recenseo,
681 1721 769 1754 quos
793 1709 913 1742 audivi
939 1708 1072 1742 dicere:

88 1761 274 1795 Neminem
292 1772 326 1793 se
343 1761 490 1800 vidisse,
518 1760 554 1792 in
571 1772 641 1805 quo
662 1761 763 1804 plura
789 1767 903 1794 essent
927 1766 1072 1793 naturae

87 1812 193 1853 bona,
209 1823 298 1856 quae
314 1811 441 1855 partim
458 1811 648 1844 necessaria
661 1817 742 1844 sunt
757 1811 792 1843 in
814 1818 965 1851 oratore,
992 1822 1072 1854 par-

88 1864 153 1898 tim
171 1868 253 1896 sunt
267 1868 488 1902 ornamenta,
503 1873 607 1906 quam
624 1861 662 1894 in
680 1860 853 1896 Pontano.
886 1860 1070 1904 ingenium

89 1914 158 1949 fuit
182 1913 362 1947 doctrinae
383 1919 415 1946 et
442 1924 547 1956 capax
571 1918 605 1945 et
626 1912 789 1951 avidum,
824 1912 1012 1956 prudentia
1038 1918 1072 1945 et

91 1964 356 2008 circumspectio
383 1963 583 2005 singularis,
635 1961 705 1996 Nec
728 1969 802 1996 erat
822 1961 1070 1995 hallucinatrix

90 2022 227 2052 natura,
244 2021 284 2048 ut
300 2021 381 2048 sunt
397 2014 528 2047 multae
543 2014 743 2047 deerrantes
759 2014 801 2046 ad
819 2024 974 2058 parerga.
1003 2012 1072 2045 Sed

92 2064 264 2100 rectitudo
289 2065 326 2098 in
347 2077 388 2098 eo
414 2064 536 2097 iudicii
563 2071 654 2103 erat,
682 2071 713 2097 et
737 2065 771 2097 id
788 2065 939 2097 formare
955 2063 1075 2096 erudi—

92 2119 190 2152 tione
206 2116 352 2150 studuit.
405 2114 540 2148 Didicit
559 2115 645 2148 iuris
661 2115 791 2159 publici
810 2121 843 2148 et
862 2114 990 2159 privati
1008 2114 1072 2146 do—

92 2166 241 2203 ctrinam
255 2193 263 2206 ,
290 2174 322 2200 et
338 2166 498 2200 adiunxit
513 2165 747 2208 cognitionem
765 2166 975 2210 scriptorum
993 2176 1075 2208 pro-

94 2217 313 2265 pheticorum
340 2224 374 2250 et
397 2217 689 2261 apostolicorum,
716 2223 749 2250 et
775 2216 934 2250 omnium
950 2214 1074 2249 Eccle—

93 2271 164 2304 siae
181 2269 412 2302 certaminum
429 2275 462 2302 et
477 2274 695 2311 temporum,
716 2279 789 2301 non
806 2273 941 2301 tantum
953 2293 963 2308 ‚
985 2273 1025 2300 ut
1040 2278 1075 2299 se

94 2322 139 2356 ad
172 2318 361 2353 dicendum
392 2319 600 2358 instrueret,
641 2320 700 2351 sed
730 2319 841 2352 multo
873 2317 1003 2360 magis,
1036 2323 1076 2351 nt

94 2373 210 2408 Deum
228 2378 318 2405 recte
336 2370 532 2410 invocaret,
559 2369 653 2414 quod
671 2369 798 2402 scimus
821 2381 900 2402 eum
925 2368 1015 2402 serio
1043 2375 1076 2402 et

95 2424 171 2458 sine
192 2419 368 2467 hypocrisi
384 2421 514 2455 secisse.
567 2417 625 2453 Ad
639 2418 730 2454 hanc
745 2431 863 2454 rerum
879 2420 1076 2453 doctrinam

96 2474 282 2510 accedebat
296 2471 466 2506 divinitus
480 2471 511 2504 ei
529 2471 658 2505 donata
675 2483 748 2504 non
767 2471 880 2505 solum
897 2470 1078 2516 profluens

97 2524 269 2561 sermonis
298 2522 419 2566 copia,
445 2523 504 2555 sed
531 2522 634 2556 etiam
659 2522 826 2567 splendor
849 2522 886 2554 in
907 2521 1024 2555 verbis
1045 2527 1079 2554 et

98 2576 237 2620 figuris,
262 2587 328 2607 vox
346 2573 488 2617 grandis
504 2580 537 2607 et
553 2572 686 2612 virilis,
715 2585 803 2618 quae
818 2573 922 2606 etiam
951 2572 986 2604 in
1005 2583 1078 2604 ma-

99 2639 169 2672 gno
193 2626 346 2659 exercitu
370 2623 528 2657 exaudiri
550 2624 731 2669 potuisset.
783 2624 978 2657 Proceritas
1001 2634 1078 2655 cor-

99 2677 217 2723 poris,
242 2682 275 2709 et
297 2675 426 2720 species
452 2672 698 2721 ἀξιωματικὴ,
726 2682 840 2719 gestus
861 2673 1080 2714 sedatissimi‚

150 2727 334 2762 MELANTR.
362 2728 466 2760 Omen.
492 2726 575 2760 vor..
602 2727 679 2760 ΧΠ.

622 113 784 151 DECL.
819 114 892 151 DE
926 111 1240 151 GREGORIO
1276 114 1567 151 PONTANO.

2034 124 2106 159 354

1123 207 1161 234 ut
1177 201 1215 233 in
1239 201 1339 235 nullo
1367 201 1539 244 vidimus,
1566 211 1599 238 et
1624 205 1775 248 gravitas
1799 212 1916 246 tanta,
1943 214 1983 241 ut
2005 220 2105 253 saepe

1123 251 1299 285 intuentes
1315 263 1395 285 eum
1420 253 1591 287 dicentem
1615 257 1844 299 cogitaremus
1867 258 1956 291 illud
1979 260 2021 292 de
2040 259 2105 293 So-

1123 302 1222 343 lone,
1249 314 1354 347 quem
1376 302 1475 336 aiunt.
1501 316 1573 337 non
1593 307 1718 340 exertis
1735 308 1898 342 manibus
1915 315 2009 342 extra
2029 311 2104 354 pal-

1122 353 1210 385 lium
1244 354 1359 385 dicere
1391 353 1545 390 solitum.
1599 355 1692 390 Haec
1715 365 1814 391 erant
1842 371 1881 391 eo
1914 360 2102 403 pulcriora,

1122 403 1204 448 quia
1221 403 1434 437 videbantur
1451 411 1586 439 tanturn
1602 408 1718 441 nativa
1739 419 1828 449 esse,
1851 416 1883 442 et
1901 412 2104 445 ostentatio-

1120 454 1175 487 nis
1191 452 1283 487 nihil
1300 455 1531 488 animadverti
1548 457 1671 499 potuit.

1221 502 1308 538 Erat
1326 505 1438 538 oratio
1456 506 1492 538 in
1511 507 1788 541 confessionibus
1805 510 1954 552 publicis
1972 518 2001 543 et
2021 523 2104 544 con-

1121 554 1209 588 siliis
1233 561 1309 588 tota
1331 556 1462 598 gravis,
1494 557 1569 589 sine
1595 557 1783 591 verborum
1816 560 1969 598 deliciis,
2006 573 2104 605 saepe

1122 605 1227 639 etiam
1259 612 1393 639 moesta
1424 607 1497 639 sine
1530 607 1732 641 affectione:
1774 615 1884 642 rectas
1917 613 2105 644 sententias

1121 663 1322 690 constanter
1340 658 1600 701 propugnabat,
1628 658 1763 692 etiamsi
1786 659 1964 692 interdum
1988 660 2104 703 ingra-

1121 714 1174 740 tae
1193 713 1291 740 erant
1308 708 1523 751 potentibus,
1549 708 1757 742 melioribus
1775 709 1955 743 sententiis
1972 717 2004 743 et
2020 712 2106 743 scri-

1121 757 1188 800 ptis
1212 757 1287 790 sine
1323 756 1543 804 φιλονεικείᾳ
1580 760 1732 794 cedebat.
1786 759 1977 805 Utriusque
2010 762 2103 793 enim

1121 807 1172 840 rei
1193 808 1304 841 multa
1329 808 1485 852 exempla
1504 809 1745 843 meminimus:
1773 811 1973 851 veritatem,
2004 811 2105 844 insti-

1121 858 1227 898 ciam,
1261 864 1295 891 et
1321 859 1468 892 salutem
1495 859 1673 903 publicam
1703 871 1783 893 suae
1814 861 1945 903 gloriae
1977 869 2008 895 et
2034 863 2105 894 suis

1121 908 1315 942 commodis
1334 909 1563 943 anteferebat:
1582 910 1816 943 alienissimus
1833 923 1850 944 a
1866 912 2029 955 populari
2045 914 2106 944 ad-

1122 960 1245 1003 plausu
1264 965 1297 992 et
1313 970 1331 991 a
1349 957 1713 1006 πολυπραγμοσύνῃ,
1749 967 1789 994 ut
1806 962 1865 1005 qui
1884 962 2027 995 sentiret
2044 974 2107 1005 gu-

1122 1008 1341 1043 bernationis
1357 1009 1506 1050 molem,
1531 1016 1564 1043 et
1582 1022 1656 1042 non
1674 1011 1778 1044 vellet
1795 1023 1868 1043 eam
1887 1012 1954 1044 sibi
1979 1014 2106 1055 augeri,

1121 1072 1185 1093 nec
1210 1071 1355 1104 parerga
1377 1060 1584 1093 accersenda
1609 1072 1681 1093 esse
1705 1068 1738 1094 et
1756 1061 1988 1106 relinquenda
2007 1062 2107 1108 ἔργα.

1125 1111 1163 1143 ln
1188 1110 1333 1154 privatis
1365 1122 1449 1143 vero
1481 1111 1667 1155 colloquiis
1700 1112 1919 1144 eruditorum
1952 1111 2042 1145 nihil
2067 1126 2107 1145 eo

1122 1161 1260 1195 dulcius
1283 1166 1372 1194 erat:
1415 1161 1516 1194 avide
1547 1161 1712 1195 audiebat
1743 1159 1907 1195 historias
1932 1161 2107 1196 Ecclesiae

1124 1218 1156 1244 et
1173 1211 1413 1254 imperiorum,
1431 1218 1464 1245 et
1479 1211 1606 1244 multas
1626 1212 1698 1255 ipse
1716 1213 1881 1245 recitabat
1901 1220 1974 1246 tum
1993 1214 2109 1254 lectas,

1123 1269 1198 1295 tum
1221 1262 1375 1294 auditas:
1403 1262 1539 1305 quoties
1563 1262 1718 1305 insignes
1747 1263 1939 1296 sententiae
1958 1276 1996 1296 ex
2016 1271 2108 1297 vete-

1124 1312 1222 1343 ribus
1244 1309 1421 1343 Ecclesiae
1446 1312 1677 1353 scriptoribus
1707 1314 1993 1355 proferebantur,
2028 1327 2108 1347 mox

1125 1371 1179 1392 eas
1199 1360 1266 1392 sibi
1285 1360 1391 1392 scribi
1410 1359 1529 1400 iussit,
1556 1367 1595 1393 ut
1610 1373 1688 1394 cum
1707 1373 1745 1394 ex
1761 1360 1893 1395 Basilio
1916 1363 2047 1396 dictum
2066 1366 2109 1397 de

1124 1409 1205 1443 Sola
1221 1410 1288 1442 fide
1304 1409 1452 1445 audivit.
1504 1409 1676 1444 Miscebat
1700 1411 1954 1455 disputationes
1977 1414 2020 1446 de
2045 1415 2110 1448 oh—

1125 1458 1235 1491 scuris
1252 1458 1517 1498 controversiis,
1543 1466 1583 1492 ut
1599 1460 1748 1493 aliorum
1767 1462 1903 1495 audiret
1920 1464 2109 1499 concinnas

1125 1507 1395 1551 explicationeS,
1422 1509 1611 1542 condiebat
1629 1517 1661 1542 et
1686 1507 1863 1544 hilaritate
1889 1513 1971 1545 talia
1999 1516 2110 1549 collo-

1126 1557 1226 1603 quia,
1259 1568 1398 1601 asperso
1425 1558 1577 1591 candido
1602 1559 1689 1600 sale,
1716 1572 1789 1593 non
1817 1562 1912 1594 enim
1935 1563 2055 1598 deerat
2078 1567 2109 1598 ei

1125 1609 1222 1652 lepos
1237 1607 1272 1640 in
1292 1607 1514 1641 sermonibus
1531 1606 1771 1645 hilarioribus.

1226 1657 1322 1691 Ilaec
1345 1659 1498 1692 breviter
1520 1659 1661 1693 recitavi
1688 1662 1731 1693 de
1757 1661 1896 1704 ingenio
1928 1671 1960 1696 et
1986 1667 2110 1701 studiis

1125 1708 1221 1749 eius,
1248 1721 1336 1754 quae
1359 1721 1441 1742 vera
1463 1720 1536 1742 esse
1560 1711 1661 1744 multi
1687 1719 1837 1752 norunt,
1865 1720 1897 1746 et
1915 1719 2110 1751 verecunde

1126 1759 1200 1792 sine
1223 1760 1410 1793 collatione
1434 1766 1614 1794 oratorum
1640 1762 1730 1795 dicta
1763 1770 1861 1803 sunt,
1896 1776 2001 1808 quam
2033 1769 2110 1801 aliis

1125 1810 1300 1855 relinquo.
1352 1808 1410 1844 Ad
1434 1817 1618 1856 utramque
1648 1812 1797 1845 sormam
1832 1815 2002 1848 orationis
2033 1818 2111 1851 ido-

1126 1871 1213 1893 neus
1236 1860 1322 1898 suit,
1349 1861 1393 1893 ad
1417 1861 1641 1904 grandiorem
1668 1870 1700 1896 et
1724 1864 2018 1906 splendidiorem,
2042 1882 2110 1913 qna

1125 1911 1308 1951 utebatur,
1333 1923 1412 1945 cum
1437 1912 1499 1944 illo
1522 1923 1608 1944 sono
1634 1925 1721 1956 opus
1744 1921 1816 1947 erat
1844 1914 1880 1946 in
1904 1914 2109 1962 Principum

1127 1961 1365 2002 consessibus,
1391 1968 1424 1994 et
1447 1963 1490 1993 ad
1517 1963 1662 1995 alteram
1691 1964 1886 1996 tenuiorem
1905 1973 1937 1998 et
1956 1966 2109 2001 Atticam

1125 2013 1275 2045 sormam
1300 2011 1336 2044 in
1359 2011 1505 2055 privatis
1527 2013 1713 2056 colloquiis
1736 2021 1767 2047 et
1787 2014 2110 2052 deliberationilms.

1125 2060 1202 2096 Etsi
1225 2062 1348 2095 videor
1367 2062 1526 2105 ineptus,
1561 2063 1622 2106 qui
1650 2063 1685 2094 in
1710 2061 1773 2096 hac
1797 2066 1996 2099 narratione
2014 2067 2109 2102 Eccii

1125 2112 1340 2146 mentionem
1366 2112 1473 2152 facio,
1500 2119 1615 2146 tamen
1642 2113 1725 2146 libet
1749 2114 1910 2149 adiicere.
1967 2116 2004 2150 ln
2025 2132 2110 2153 con-

1127 2170 1235 2196 ventu
1261 2163 1467 2205 Augustano
1492 2175 1570 2196 cum
1595 2164 1638 2196 ad
1661 2163 1843 2208 Principes
1868 2169 2037 2209 quaedam
2067 2172 2109 2203 de

1126 2215 1261 2260 synodo
1291 2213 1478 2246 indicenda
1509 2220 1667 2247 accurate
1702 2214 1849 2253 diceret,
1885 2227 1955 2249 non
1987 2224 2107 2262 procul

1126 2265 1327 2299 sedentibus
1350 2262 1456 2297 Eccio
1485 2272 1518 2296 et
1545 2262 1733 2307 Philippo,
1766 2263 1892 2298 Eccius
1920 2270 2038 2303 scribit
2074 2273 2108 2304 in

1128 2328 1233 2361 parva
1252 2315 1386 2360 pagella
1403 2312 1485 2347 haec
1502 2315 1624 2346 verba:
1652 2313 1759 2347 Cuias
1784 2322 1834 2348 est
1862 2315 1950 2350 iste'?
1977 2322 2108 2354 adscri-

1127 2367 1180 2401 bit
1204 2364 1407 2409 Philippus:
1435 2363 1499 2398 Est
1514 2365 1600 2397 civis
1619 2363 1915 2408 Witebergensis,

1128 2417 1297 2452 adscribit
1311 2414 1453 2449 Eccius:
1481 2414 1641 2448 Profecto
1659 2421 1708 2449 est
1723 2416 1904 2461 eloquens,

1128 2470 1194 2503 deo
1211 2469 1255 2502 ad
1272 2467 1395 2500 seriem
1411 2464 1588 2498 historiae.

1230 2518 1319 2552 Cum
1334 2516 1413 2550 Dux
1428 2516 1565 2560 sapiens
1579 2517 1781 2552 Fridericus
1795 2515 1938 2552 Elector
1949 2547 1957 2559 ,
1985 2528 2016 2554 et
2036 2523 2108 2556 eius

1129 2568 1333 2605 Consiliarii
1358 2567 1530 2611 sapientes
1552 2574 1585 2601 et
1607 2568 1810 2613 eloquentes
1836 2569 1903 2601 viri
1932 2569 2108 2605 Fabianus

1130 2634 1149 2655 a
1168 2617 1320 2654 Feilisch
1348 2625 1381 2652 et
1403 2618 1603 2653 Fridericus
1625 2631 1645 2653 a
1670 2617 1780 2652 Thnn
1805 2620 1989 2665 aliquoties
2015 2622 2108 2655 Pon-

1131 2680 1250 2707 tanum
1285 2669 1520 2712 audivissent,
1558 2677 1591 2704 et
1625 2670 1825 2714 ingenium,
1865 2672 2109 2713 eruditionem,

1423 2720 1473 2756 23

1969 2370 2107 2405 Rursus

1957 2420 2025 2455 Sed
2054 2436 2110 2455 re·-
