<?xml version="1.0" encoding="UTF-8"?>
<!DOCTYPE html PUBLIC "-//W3C//DTD XHTML 1.0 Transitional//EN"
    "http://www.w3.org/TR/xhtml1/DTD/xhtml1-transitional.dtd">
<html xmlns="http://www.w3.org/1999/xhtml" xml:lang="en" lang="en">
 <head>
  <title>
</title>
<meta http-equiv="Content-Type" content="text/html;charset=utf-8" />
  <meta name='ocr-system' content='tesseract 3.04.00' />
  <meta name='ocr-capabilities' content='ocr_page ocr_carea ocr_par ocr_line ocrx_word'/>
</head>
<body>
  <div class='ocr_page' id='page_1' title='image "./operaquaesupersu12melauoft/operaquaesupersu12melauoft_0024.png"; bbox 0 0 2324 2955; ppageno 0'>
   <div class='ocr_carea' id='block_1_1' title="bbox 188 136 232 169">
    <p class='ocr_par' dir='ltr' id='par_1_1' title="bbox 188 136 232 169">
     <span class='ocr_line' id='line_1_1' title="bbox 188 136 232 169; baseline -0.045 0"><span class='ocrx_word' id='word_1_1' title='bbox 188 136 232 169; x_wconf 75' lang='lat'>31</span> 
     </span>
    </p>
   </div>
   <div class='ocr_carea' id='block_1_2' title="bbox 194 200 1209 2419">
    <p class='ocr_par' dir='ltr' id='par_1_2' title="bbox 194 200 1180 462">
     <span class='ocr_line' id='line_1_2' title="bbox 194 200 1175 253; baseline -0.019 -1"><span class='ocrx_word' id='word_1_2' title='bbox 194 217 414 252; x_wconf 79' lang='lat' dir='ltr'>intuendum.</span> <span class='ocrx_word' id='word_1_3' title='bbox 467 212 505 245; x_wconf 86' lang='lat' dir='ltr'>Iu</span> <span class='ocrx_word' id='word_1_4' title='bbox 524 211 596 253; x_wconf 82' lang='lat' dir='ltr'>ipso</span> <span class='ocrx_word' id='word_1_5' title='bbox 612 204 841 240; x_wconf 87' lang='lat' dir='ltr'>mansuetudo</span> <span class='ocrx_word' id='word_1_6' title='bbox 857 214 992 237; x_wconf 88' lang='lat' dir='ltr'>summa</span> <span class='ocrx_word' id='word_1_7' title='bbox 1009 209 1076 236; x_wconf 85' lang='lat' dir='ltr'>est:</span> <span class='ocrx_word' id='word_1_8' title='bbox 1102 200 1175 233; x_wconf 83' lang='lat' dir='ltr'>Ne-</span> 
     </span>
     <span class='ocr_line' id='line_1_3' title="bbox 197 251 1178 301; baseline -0.018 0"><span class='ocrx_word' id='word_1_9' title='bbox 197 268 280 301; x_wconf 88' lang='lat' dir='ltr'>mini</span> <span class='ocrx_word' id='word_1_10' title='bbox 304 267 430 298; x_wconf 83' lang='lat' dir='ltr'>iniuste</span> <span class='ocrx_word' id='word_1_11' title='bbox 454 261 623 294; x_wconf 80' lang='lat' dir='ltr'>irascitur.</span> <span class='ocrx_word' id='word_1_12' title='bbox 676 254 722 289; x_wconf 83' lang='lat' dir='ltr'>Et</span> <span class='ocrx_word' id='word_1_13' title='bbox 749 255 808 296; x_wconf 91' lang='lat' dir='ltr'>iis,</span> <span class='ocrx_word' id='word_1_14' title='bbox 834 254 962 299; x_wconf 90' lang='lat' dir='ltr'>quibus</span> <span class='ocrx_word' id='word_1_15' title='bbox 988 251 1178 286; x_wconf 87' lang='lat' dir='ltr'>iustissime</span> 
     </span>
     <span class='ocr_line' id='line_1_4' title="bbox 196 303 1179 353; baseline -0.021 0"><span class='ocrx_word' id='word_1_16' title='bbox 196 319 264 352; x_wconf 87' lang='lat' dir='ltr'>fuit</span> <span class='ocrx_word' id='word_1_17' title='bbox 282 317 399 352; x_wconf 85' lang='lat' dir='ltr'>iratus,</span> <span class='ocrx_word' id='word_1_18' title='bbox 422 323 499 345; x_wconf 90' lang='lat' dir='ltr'>cum</span> <span class='ocrx_word' id='word_1_19' title='bbox 516 314 638 353; x_wconf 87' lang='lat' dir='ltr'>petunt</span> <span class='ocrx_word' id='word_1_20' title='bbox 653 305 802 343; x_wconf 86' lang='lat' dir='ltr'>veniam,</span> <span class='ocrx_word' id='word_1_21' title='bbox 827 312 860 338; x_wconf 92' lang='lat' dir='ltr'>et</span> <span class='ocrx_word' id='word_1_22' title='bbox 876 305 996 337; x_wconf 89' lang='lat' dir='ltr'>dolent</span> <span class='ocrx_word' id='word_1_23' title='bbox 1012 314 1047 335; x_wconf 88' lang='lat' dir='ltr'>se</span> <span class='ocrx_word' id='word_1_24' title='bbox 1064 303 1179 345; x_wconf 87' lang='lat' dir='ltr'>lapsos</span> 
     </span>
     <span class='ocr_line' id='line_1_5' title="bbox 199 355 1180 409; baseline -0.02 -7"><span class='ocrx_word' id='word_1_25' title='bbox 199 380 290 407; x_wconf 89' lang='lat' dir='ltr'>esse,</span> <span class='ocrx_word' id='word_1_26' title='bbox 316 364 424 409; x_wconf 86' lang='lat' dir='ltr'>parcit</span> <span class='ocrx_word' id='word_1_27' title='bbox 443 368 475 394; x_wconf 87' lang='lat' dir='ltr'>et</span> <span class='ocrx_word' id='word_1_28' title='bbox 491 371 548 393; x_wconf 88' lang='lat' dir='ltr'>eos</span> <span class='ocrx_word' id='word_1_29' title='bbox 565 359 753 391; x_wconf 86' lang='lat' dir='ltr'>clementer</span> <span class='ocrx_word' id='word_1_30' title='bbox 768 355 911 400; x_wconf 83' lang='lat' dir='ltr'>recipit,</span> <span class='ocrx_word' id='word_1_31' title='bbox 935 362 967 388; x_wconf 93' lang='lat' dir='ltr'>et</span> <span class='ocrx_word' id='word_1_32' title='bbox 984 361 1115 392; x_wconf 86' lang='lat' dir='ltr'>servat,</span> <span class='ocrx_word' id='word_1_33' title='bbox 1142 362 1180 383; x_wconf 87' lang='lat' dir='ltr'>ac</span> 
     </span>
     <span class='ocr_line' id='line_1_6' title="bbox 201 408 706 462; baseline -0.024 -12"><span class='ocrx_word' id='word_1_34' title='bbox 201 427 329 462; x_wconf 87' lang='lat' dir='ltr'>poenas</span> <span class='ocrx_word' id='word_1_35' title='bbox 348 417 544 458; x_wconf 80' lang='lat' dir='ltr'>praesentes</span> <span class='ocrx_word' id='word_1_36' title='bbox 561 408 706 450; x_wconf 85' lang='lat' dir='ltr'>mitigat.</span> 
     </span>
    </p>

    <p class='ocr_par' dir='ltr' id='par_1_3' title="bbox 205 461 1197 1455">
     <span class='ocr_line' id='line_1_7' title="bbox 303 461 1181 514; baseline -0.015 -10"><span class='ocrx_word' id='word_1_37' title='bbox 303 472 373 504; x_wconf 66' lang='lat' dir='ltr'>Nec</span> <span class='ocrx_word' id='word_1_38' title='bbox 396 469 462 502; x_wconf 85' lang='lat' dir='ltr'>sibi</span> <span class='ocrx_word' id='word_1_39' title='bbox 486 467 552 512; x_wconf 86' lang='lat' dir='ltr'>ipsi</span> <span class='ocrx_word' id='word_1_40' title='bbox 575 463 756 499; x_wconf 90' lang='lat' dir='ltr'>dissimilis</span> <span class='ocrx_word' id='word_1_41' title='bbox 779 469 848 501; x_wconf 89' lang='lat' dir='ltr'>est,</span> <span class='ocrx_word' id='word_1_42' title='bbox 892 461 965 494; x_wconf 88' lang='lat' dir='ltr'>sine</span> <span class='ocrx_word' id='word_1_43' title='bbox 987 470 1181 514; x_wconf 61' lang='lat' dir='ltr'>rzpoowrzq-</span> 
     </span>
     <span class='ocr_line' id='line_1_8' title="bbox 205 511 1183 568; baseline -0.017 -11"><span class='ocrx_word' id='word_1_44' title='bbox 205 519 317 568; x_wconf 71' lang='grc' dir='ltr'><strong><em>ληψία</em></strong></span> <span class='ocrx_word' id='word_1_45' title='bbox 336 520 493 554; x_wconf 89' lang='lat' dir='ltr'>omnium</span> <span class='ocrx_word' id='word_1_46' title='bbox 508 516 695 551; x_wconf 82' lang='lat' dir='ltr'><strong>sceleribus</strong></span> <span class='ocrx_word' id='word_1_47' title='bbox 710 513 881 545; x_wconf 70' lang='lat' dir='ltr'>irascitur.</span> <span class='ocrx_word' id='word_1_48' title='bbox 916 511 1053 544; x_wconf 77' lang='lat' dir='ltr'>Rursus</span> <span class='ocrx_word' id='word_1_49' title='bbox 1068 520 1183 541; x_wconf 78' lang='lat' dir='ltr'>omni-</span> 
     </span>
     <span class='ocr_line' id='line_1_9' title="bbox 205 559 1184 614; baseline -0.017 -8"><span class='ocrx_word' id='word_1_50' title='bbox 205 575 269 606; x_wconf 89' lang='lat' dir='ltr'>bus</span> <span class='ocrx_word' id='word_1_51' title='bbox 287 569 568 613; x_wconf 74' lang='lat' dir='ltr'>confugientibus</span> <span class='ocrx_word' id='word_1_52' title='bbox 590 567 633 599; x_wconf 88' lang='lat' dir='ltr'>ad</span> <span class='ocrx_word' id='word_1_53' title='bbox 656 566 768 608; x_wconf 88' lang='lat' dir='ltr'>ipsum</span> <span class='ocrx_word' id='word_1_54' title='bbox 787 563 822 595; x_wconf 81' lang='lat' dir='ltr'>fit</span> <span class='ocrx_word' id='word_1_55' title='bbox 843 561 1026 606; x_wconf 88' lang='lat' dir='ltr'>propitius.</span> <span class='ocrx_word' id='word_1_56' title='bbox 1081 559 1131 591; x_wconf 86' lang='lat' dir='ltr'>lta</span> <span class='ocrx_word' id='word_1_57' title='bbox 1152 564 1184 614; x_wconf 81' lang='lat' dir='ltr'>et</span> 
     </span>
     <span class='ocr_line' id='line_1_10' title="bbox 208 610 1185 663; baseline -0.016 -8"><span class='ocrx_word' id='word_1_58' title='bbox 208 624 318 657; x_wconf 87' lang='lat' dir='ltr'>iustus</span> <span class='ocrx_word' id='word_1_59' title='bbox 340 628 410 663; x_wconf 91' lang='lat' dir='ltr'>est,</span> <span class='ocrx_word' id='word_1_60' title='bbox 445 626 478 652; x_wconf 92' lang='lat' dir='ltr'>et</span> <span class='ocrx_word' id='word_1_61' title='bbox 501 617 708 651; x_wconf 81' lang='lat' dir='ltr'>misericors.</span> <span class='ocrx_word' id='word_1_62' title='bbox 776 610 807 645; x_wconf 84' lang='grc' dir='ltr'><strong>Λ</strong></span> <span class='ocrx_word' id='word_1_63' title='bbox 837 612 1000 655; x_wconf 83' lang='lat' dir='ltr'>superbia</span> <span class='ocrx_word' id='word_1_64' title='bbox 1027 621 1108 642; x_wconf 85' lang='lat' dir='ltr'>vero</span> <span class='ocrx_word' id='word_1_65' title='bbox 1137 619 1185 640; x_wconf 80' lang='lat' dir='ltr'>sic</span> 
     </span>
     <span class='ocr_line' id='line_1_11' title="bbox 208 662 1187 710; baseline -0.017 -4"><span class='ocrx_word' id='word_1_66' title='bbox 208 674 325 710; x_wconf 88' lang='lat' dir='ltr'>abest,</span> <span class='ocrx_word' id='word_1_67' title='bbox 352 678 391 704; x_wconf 93' lang='lat' dir='ltr'>ut</span> <span class='ocrx_word' id='word_1_68' title='bbox 408 681 485 702; x_wconf 93' lang='lat' dir='ltr'>cum</span> <span class='ocrx_word' id='word_1_69' title='bbox 505 668 630 700; x_wconf 90' lang='lat' dir='ltr'>missus</span> <span class='ocrx_word' id='word_1_70' title='bbox 646 666 707 705; x_wconf 89' lang='lat' dir='ltr'>sit,</span> <span class='ocrx_word' id='word_1_71' title='bbox 732 670 770 696; x_wconf 90' lang='lat' dir='ltr'>ut</span> <span class='ocrx_word' id='word_1_72' title='bbox 794 663 851 695; x_wconf 82' lang='lat' dir='ltr'>slat</span> <span class='ocrx_word' id='word_1_73' title='bbox 873 662 1012 693; x_wconf 86' lang='lat' dir='ltr'>victima</span> <span class='ocrx_word' id='word_1_74' title='bbox 1039 671 1102 703; x_wconf 92' lang='lat' dir='ltr'>pro</span> <span class='ocrx_word' id='word_1_75' title='bbox 1128 669 1187 700; x_wconf 88' lang='lat' dir='ltr'>ge-</span> 
     </span>
     <span class='ocr_line' id='line_1_12' title="bbox 209 710 1187 759; baseline -0.016 -4"><span class='ocrx_word' id='word_1_76' title='bbox 209 734 292 756; x_wconf 87' lang='lat' dir='ltr'>nere</span> <span class='ocrx_word' id='word_1_77' title='bbox 320 721 495 759; x_wconf 84' lang='lat' dir='ltr'>humano,</span> <span class='ocrx_word' id='word_1_78' title='bbox 536 728 609 749; x_wconf 88' lang='lat' dir='ltr'>non</span> <span class='ocrx_word' id='word_1_79' title='bbox 643 720 803 757; x_wconf 84' lang='lat' dir='ltr'>erumpat</span> <span class='ocrx_word' id='word_1_80' title='bbox 838 718 932 744; x_wconf 79' lang='lat' dir='ltr'>extra</span> <span class='ocrx_word' id='word_1_81' title='bbox 968 710 1187 742; x_wconf 74' lang='lat' dir='ltr'>vocatiouem</span> 
     </span>
     <span class='ocr_line' id='line_1_13' title="bbox 211 759 1188 812; baseline -0.016 -7"><span class='ocrx_word' id='word_1_82' title='bbox 211 784 328 812; x_wconf 87' lang='lat' dir='ltr'>suam,</span> <span class='ocrx_word' id='word_1_83' title='bbox 355 782 428 803; x_wconf 90' lang='lat' dir='ltr'>non</span> <span class='ocrx_word' id='word_1_84' title='bbox 448 770 584 812; x_wconf 83' lang='lat' dir='ltr'>adpetat</span> <span class='ocrx_word' id='word_1_85' title='bbox 602 765 766 808; x_wconf 87' lang='lat' dir='ltr'>imperia,</span> <span class='ocrx_word' id='word_1_86' title='bbox 794 761 996 806; x_wconf 86' lang='lat' dir='ltr'>potentiam,</span> <span class='ocrx_word' id='word_1_87' title='bbox 1023 759 1188 803; x_wconf 86' lang='lat' dir='ltr'>splendo-</span> 
     </span>
     <span class='ocr_line' id='line_1_14' title="bbox 211 809 1190 862; baseline -0.016 -6"><span class='ocrx_word' id='word_1_88' title='bbox 211 834 305 862; x_wconf 88' lang='lat' dir='ltr'>rem,</span> <span class='ocrx_word' id='word_1_89' title='bbox 331 833 404 854; x_wconf 88' lang='lat' dir='ltr'>non</span> <span class='ocrx_word' id='word_1_90' title='bbox 421 818 571 862; x_wconf 90' lang='lat' dir='ltr'>depellat</span> <span class='ocrx_word' id='word_1_91' title='bbox 594 815 759 851; x_wconf 85' lang='lat' dir='ltr'>iniurias,</span> <span class='ocrx_word' id='word_1_92' title='bbox 786 824 864 846; x_wconf 92' lang='lat' dir='ltr'>cum</span> <span class='ocrx_word' id='word_1_93' title='bbox 890 811 924 843; x_wconf 89' lang='lat' dir='ltr'>id</span> <span class='ocrx_word' id='word_1_94' title='bbox 951 810 1113 843; x_wconf 71' lang='lat' dir='ltr'>facillime</span> <span class='ocrx_word' id='word_1_95' title='bbox 1139 809 1190 841; x_wconf 87' lang='lat' dir='ltr'>fa-</span> 
     </span>
     <span class='ocr_line' id='line_1_15' title="bbox 212 862 1189 916; baseline -0.015 -11"><span class='ocrx_word' id='word_1_96' title='bbox 212 884 287 906; x_wconf 89' lang='lat' dir='ltr'>cere</span> <span class='ocrx_word' id='word_1_97' title='bbox 304 877 437 916; x_wconf 89' lang='lat' dir='ltr'>posset,</span> <span class='ocrx_word' id='word_1_98' title='bbox 458 869 516 902; x_wconf 85' lang='lat' dir='ltr'>sed</span> <span class='ocrx_word' id='word_1_99' title='bbox 533 867 682 911; x_wconf 88' lang='lat' dir='ltr'>perferat</span> <span class='ocrx_word' id='word_1_100' title='bbox 698 875 772 903; x_wconf 83' lang='lat' dir='ltr'>eaS,</span> <span class='ocrx_word' id='word_1_101' title='bbox 799 863 879 906; x_wconf 86' lang='lat' dir='ltr'>quia</span> <span class='ocrx_word' id='word_1_102' title='bbox 898 862 960 894; x_wconf 89' lang='lat' dir='ltr'>scit</span> <span class='ocrx_word' id='word_1_103' title='bbox 976 873 1010 893; x_wconf 91' lang='lat' dir='ltr'>se</span> <span class='ocrx_word' id='word_1_104' title='bbox 1028 872 1100 916; x_wconf 74' lang='lat' dir='ltr'>uon</span> <span class='ocrx_word' id='word_1_105' title='bbox 1118 870 1189 891; x_wconf 83' lang='lat' dir='ltr'>esse</span> 
     </span>
     <span class='ocr_line' id='line_1_16' title="bbox 212 911 1191 962; baseline -0.012 -8"><span class='ocrx_word' id='word_1_106' title='bbox 212 929 385 956; x_wconf 87' lang='lat' dir='ltr'>armatum</span> <span class='ocrx_word' id='word_1_107' title='bbox 404 918 572 962; x_wconf 88' lang='lat' dir='ltr'>imperiis,</span> <span class='ocrx_word' id='word_1_108' title='bbox 598 916 655 948; x_wconf 85' lang='lat' dir='ltr'>sed</span> <span class='ocrx_word' id='word_1_109' title='bbox 676 915 820 946; x_wconf 88' lang='lat' dir='ltr'>missum</span> <span class='ocrx_word' id='word_1_110' title='bbox 839 924 920 952; x_wconf 81' lang='lat' dir='ltr'>esse,</span> <span class='ocrx_word' id='word_1_111' title='bbox 940 919 978 944; x_wconf 90' lang='lat' dir='ltr'>ut</span> <span class='ocrx_word' id='word_1_112' title='bbox 997 911 1039 944; x_wconf 88' lang='lat' dir='ltr'>sit</span> <span class='ocrx_word' id='word_1_113' title='bbox 1057 913 1191 954; x_wconf 75' lang='grc' dir='ltr'><em>λυτρου</em></span> 
     </span>
     <span class='ocr_line' id='line_1_17' title="bbox 212 962 1192 1016; baseline -0.016 -10"><span class='ocrx_word' id='word_1_114' title='bbox 212 984 276 1016; x_wconf 88' lang='lat' dir='ltr'>pro</span> <span class='ocrx_word' id='word_1_115' title='bbox 295 982 420 1015; x_wconf 84' lang='lat' dir='ltr'>genere</span> <span class='ocrx_word' id='word_1_116' title='bbox 435 967 601 1001; x_wconf 82' lang='lat' dir='ltr'>humano.</span> <span class='ocrx_word' id='word_1_117' title='bbox 656 964 696 997; x_wconf 92' lang='lat' dir='ltr'>ln</span> <span class='ocrx_word' id='word_1_118' title='bbox 712 962 777 996; x_wconf 85' lang='lat' dir='ltr'>hoc</span> <span class='ocrx_word' id='word_1_119' title='bbox 790 975 851 995; x_wconf 87' lang='lat' dir='ltr'>suo</span> <span class='ocrx_word' id='word_1_120' title='bbox 869 973 1012 994; x_wconf 76' lang='lat' dir='ltr'>munere</span> <span class='ocrx_word' id='word_1_121' title='bbox 1029 971 1192 993; x_wconf 89' lang='lat' dir='ltr'>reveren-</span> 
     </span>
     <span class='ocr_line' id='line_1_18' title="bbox 212 1010 1192 1064; baseline -0.017 -8"><span class='ocrx_word' id='word_1_122' title='bbox 212 1030 266 1056; x_wconf 86' lang='lat' dir='ltr'>ter</span> <span class='ocrx_word' id='word_1_123' title='bbox 282 1023 498 1064; x_wconf 79' lang='lat' dir='ltr'>obtemperat</span> <span class='ocrx_word' id='word_1_124' title='bbox 515 1023 654 1050; x_wconf 92' lang='lat' dir='ltr'>aeterno</span> <span class='ocrx_word' id='word_1_125' title='bbox 673 1013 781 1058; x_wconf 83' lang='lat' dir='ltr'>patri,</span> <span class='ocrx_word' id='word_1_126' title='bbox 807 1025 845 1045; x_wconf 87' lang='lat' dir='ltr'>ac</span> <span class='ocrx_word' id='word_1_127' title='bbox 862 1012 909 1045; x_wconf 86' lang='lat' dir='ltr'>ita</span> <span class='ocrx_word' id='word_1_128' title='bbox 935 1023 969 1044; x_wconf 88' lang='lat' dir='ltr'>se</span> <span class='ocrx_word' id='word_1_129' title='bbox 995 1010 1114 1044; x_wconf 86' lang='lat' dir='ltr'>abiicit</span> <span class='ocrx_word' id='word_1_130' title='bbox 1138 1010 1192 1040; x_wconf 90' lang='lat' dir='ltr'>iu-</span> 
     </span>
     <span class='ocr_line' id='line_1_19' title="bbox 214 1059 1193 1105; baseline -0.016 1"><span class='ocrx_word' id='word_1_131' title='bbox 214 1073 267 1105; x_wconf 87' lang='lat' dir='ltr'>fra</span> <span class='ocrx_word' id='word_1_132' title='bbox 289 1082 410 1105; x_wconf 90' lang='lat' dir='ltr'>omnes</span> <span class='ocrx_word' id='word_1_133' title='bbox 426 1067 608 1105; x_wconf 85' lang='lat' dir='ltr'>homines,</span> <span class='ocrx_word' id='word_1_134' title='bbox 641 1071 679 1097; x_wconf 92' lang='lat' dir='ltr'>ut</span> <span class='ocrx_word' id='word_1_135' title='bbox 703 1064 790 1095; x_wconf 88' lang='lat' dir='ltr'>iram</span> <span class='ocrx_word' id='word_1_136' title='bbox 817 1062 852 1093; x_wconf 92' lang='lat' dir='ltr'>in</span> <span class='ocrx_word' id='word_1_137' title='bbox 879 1072 951 1094; x_wconf 89' lang='lat' dir='ltr'>sese</span> <span class='ocrx_word' id='word_1_138' title='bbox 974 1061 1108 1092; x_wconf 81' lang='lat' dir='ltr'>derivet</span> <span class='ocrx_word' id='word_1_139' title='bbox 1130 1059 1193 1091; x_wconf 90' lang='lat' dir='ltr'>ad-</span> 
     </span>
     <span class='ocr_line' id='line_1_20' title="bbox 215 1111 1193 1162; baseline -0.016 -6"><span class='ocrx_word' id='word_1_140' title='bbox 215 1133 335 1156; x_wconf 84' lang='lat' dir='ltr'>versus</span> <span class='ocrx_word' id='word_1_141' title='bbox 351 1119 570 1162; x_wconf 89' lang='lat' dir='ltr'>singulorum</span> <span class='ocrx_word' id='word_1_142' title='bbox 588 1115 727 1148; x_wconf 89' lang='lat' dir='ltr'>scelera.</span> <span class='ocrx_word' id='word_1_143' title='bbox 781 1111 862 1144; x_wconf 88' lang='lat' dir='ltr'>Meo</span> <span class='ocrx_word' id='word_1_144' title='bbox 881 1118 913 1144; x_wconf 91' lang='lat' dir='ltr'>et</span> <span class='ocrx_word' id='word_1_145' title='bbox 928 1118 987 1144; x_wconf 91' lang='lat' dir='ltr'>tuo</span> <span class='ocrx_word' id='word_1_146' title='bbox 1011 1112 1086 1143; x_wconf 85' lang='lat' dir='ltr'>loco</span> <span class='ocrx_word' id='word_1_147' title='bbox 1110 1120 1193 1152; x_wconf 86' lang='lat' dir='ltr'>poe-</span> 
     </span>
     <span class='ocr_line' id='line_1_21' title="bbox 217 1158 1195 1206; baseline -0.017 1"><span class='ocrx_word' id='word_1_148' title='bbox 217 1185 298 1206; x_wconf 88' lang='lat' dir='ltr'>nam</span> <span class='ocrx_word' id='word_1_149' title='bbox 317 1171 480 1206; x_wconf 89' lang='lat' dir='ltr'>sustinet,</span> <span class='ocrx_word' id='word_1_150' title='bbox 506 1174 546 1200; x_wconf 90' lang='lat' dir='ltr'>ut</span> <span class='ocrx_word' id='word_1_151' title='bbox 567 1163 655 1198; x_wconf 86' lang='lat' dir='ltr'>milii</span> <span class='ocrx_word' id='word_1_152' title='bbox 675 1170 707 1197; x_wconf 92' lang='lat' dir='ltr'>et</span> <span class='ocrx_word' id='word_1_153' title='bbox 726 1163 789 1196; x_wconf 84' lang='lat' dir='ltr'>tibi</span> <span class='ocrx_word' id='word_1_154' title='bbox 810 1169 987 1205; x_wconf 86' lang='lat' dir='ltr'>parcatur,</span> <span class='ocrx_word' id='word_1_155' title='bbox 1014 1168 1051 1194; x_wconf 88' lang='lat' dir='ltr'>ut</span> <span class='ocrx_word' id='word_1_156' title='bbox 1074 1158 1195 1192; x_wconf 87' lang='lat' dir='ltr'>abiicit</span> 
     </span>
     <span class='ocr_line' id='line_1_22' title="bbox 217 1208 1194 1256; baseline -0.017 0"><span class='ocrx_word' id='word_1_157' title='bbox 217 1235 252 1256; x_wconf 86' lang='lat' dir='ltr'>se</span> <span class='ocrx_word' id='word_1_158' title='bbox 276 1221 402 1255; x_wconf 91' lang='lat' dir='ltr'>ancilla</span> <span class='ocrx_word' id='word_1_159' title='bbox 426 1219 517 1251; x_wconf 86' lang='lat' dir='ltr'>infra</span> <span class='ocrx_word' id='word_1_160' title='bbox 542 1215 751 1253; x_wconf 86' lang='lat' dir='ltr'>Dominam,</span> <span class='ocrx_word' id='word_1_161' title='bbox 792 1212 942 1244; x_wconf 78' lang='lat' dir='ltr'>offerens</span> <span class='ocrx_word' id='word_1_162' title='bbox 965 1223 999 1243; x_wconf 82' lang='lat' dir='ltr'>se</span> <span class='ocrx_word' id='word_1_163' title='bbox 1022 1208 1194 1254; x_wconf 84' lang='lat' dir='ltr'>supplicio</span> 
     </span>
     <span class='ocr_line' id='line_1_23' title="bbox 216 1259 1196 1317; baseline -0.016 -11"><span class='ocrx_word' id='word_1_164' title='bbox 216 1285 280 1317; x_wconf 89' lang='lat' dir='ltr'>pro</span> <span class='ocrx_word' id='word_1_165' title='bbox 298 1284 346 1305; x_wconf 91' lang='lat' dir='ltr'>ea.</span> <span class='ocrx_word' id='word_1_166' title='bbox 381 1268 433 1304; x_wconf 92' lang='lat' dir='ltr'>Ac</span> <span class='ocrx_word' id='word_1_167' title='bbox 449 1269 517 1301; x_wconf 88' lang='lat' dir='ltr'>fuit</span> <span class='ocrx_word' id='word_1_168' title='bbox 532 1265 657 1300; x_wconf 88' lang='lat' dir='ltr'>harum</span> <span class='ocrx_word' id='word_1_169' title='bbox 675 1264 845 1296; x_wconf 72' lang='lat' dir='ltr'>virtutum</span> <span class='ocrx_word' id='word_1_170' title='bbox 861 1262 1023 1304; x_wconf 79' lang='lat' dir='ltr'>perfectio</span> <span class='ocrx_word' id='word_1_171' title='bbox 1041 1261 1076 1292; x_wconf 87' lang='lat' dir='ltr'>in</span> <span class='ocrx_word' id='word_1_172' title='bbox 1094 1259 1196 1291; x_wconf 92' lang='lat' dir='ltr'>corde</span> 
     </span>
     <span class='ocr_line' id='line_1_24' title="bbox 217 1310 1196 1361; baseline -0.015 -6"><span class='ocrx_word' id='word_1_173' title='bbox 217 1320 376 1361; x_wconf 82' lang='lat' dir='ltr'>filiiDei,</span> <span class='ocrx_word' id='word_1_174' title='bbox 401 1318 468 1352; x_wconf 86' lang='lat' dir='ltr'>hoc</span> <span class='ocrx_word' id='word_1_175' title='bbox 484 1324 550 1357; x_wconf 90' lang='lat' dir='ltr'>est,</span> <span class='ocrx_word' id='word_1_176' title='bbox 570 1314 738 1358; x_wconf 81' lang='lat' dir='ltr'>flagrabat</span> <span class='ocrx_word' id='word_1_177' title='bbox 748 1312 900 1355; x_wconf 84' lang='lat' dir='ltr'>Spiritus</span> <span class='ocrx_word' id='word_1_178' title='bbox 916 1317 1055 1343; x_wconf 87' lang='lat' dir='ltr'>sauctus</span> <span class='ocrx_word' id='word_1_179' title='bbox 1069 1310 1105 1341; x_wconf 92' lang='lat' dir='ltr'>in</span> <span class='ocrx_word' id='word_1_180' title='bbox 1125 1315 1196 1342; x_wconf 91' lang='lat' dir='ltr'>toto</span> 
     </span>
     <span class='ocr_line' id='line_1_25' title="bbox 216 1358 1197 1413; baseline -0.016 -8"><span class='ocrx_word' id='word_1_181' title='bbox 216 1372 332 1410; x_wconf 89' lang='lat' dir='ltr'>corde,</span> <span class='ocrx_word' id='word_1_182' title='bbox 358 1368 549 1413; x_wconf 86' lang='lat' dir='ltr'>permixtus</span> <span class='ocrx_word' id='word_1_183' title='bbox 564 1375 695 1397; x_wconf 82' lang='lat' dir='ltr'>massae</span> <span class='ocrx_word' id='word_1_184' title='bbox 713 1369 744 1395; x_wconf 90' lang='lat' dir='ltr'>et</span> <span class='ocrx_word' id='word_1_185' title='bbox 760 1359 928 1394; x_wconf 86' lang='lat' dir='ltr'>halitibus</span> <span class='ocrx_word' id='word_1_186' title='bbox 943 1360 1077 1398; x_wconf 91' lang='lat' dir='ltr'>cordis,</span> <span class='ocrx_word' id='word_1_187' title='bbox 1102 1358 1197 1402; x_wconf 88' lang='lat' dir='ltr'>quod</span> 
     </span>
     <span class='ocr_line' id='line_1_26' title="bbox 218 1412 870 1455; baseline -0.021 0"><span class='ocrx_word' id='word_1_188' title='bbox 218 1423 294 1455; x_wconf 85' lang='lat' dir='ltr'>sine</span> <span class='ocrx_word' id='word_1_189' title='bbox 311 1421 389 1453; x_wconf 81' lang='lat' dir='ltr'>labe</span> <span class='ocrx_word' id='word_1_190' title='bbox 409 1425 442 1452; x_wconf 93' lang='lat' dir='ltr'>et</span> <span class='ocrx_word' id='word_1_191' title='bbox 457 1417 531 1450; x_wconf 86' lang='lat' dir='ltr'>sine</span> <span class='ocrx_word' id='word_1_192' title='bbox 549 1412 768 1447; x_wconf 85' lang='lat' dir='ltr'>contumacia</span> <span class='ocrx_word' id='word_1_193' title='bbox 787 1417 870 1442; x_wconf 82' lang='lat' dir='ltr'>erat.</span> 
     </span>
    </p>

    <p class='ocr_par' dir='ltr' id='par_1_4' title="bbox 220 1464 1205 1967">
     <span class='ocr_line' id='line_1_27' title="bbox 321 1464 1200 1511; baseline -0.018 -1"><span class='ocrx_word' id='word_1_194' title='bbox 321 1476 374 1511; x_wconf 87' lang='lat' dir='ltr'>Ae</span> <span class='ocrx_word' id='word_1_195' title='bbox 395 1476 433 1508; x_wconf 88' lang='lat' dir='ltr'>in</span> <span class='ocrx_word' id='word_1_196' title='bbox 456 1473 532 1507; x_wconf 87' lang='lat' dir='ltr'>aliis</span> <span class='ocrx_word' id='word_1_197' title='bbox 548 1469 770 1507; x_wconf 77' lang='lat' dir='ltr'>hominibus,</span> <span class='ocrx_word' id='word_1_198' title='bbox 801 1467 904 1500; x_wconf 84' lang='lat' dir='ltr'>etiam</span> <span class='ocrx_word' id='word_1_199' title='bbox 928 1465 956 1497; x_wconf 90' lang='lat' dir='ltr'>si</span> <span class='ocrx_word' id='word_1_200' title='bbox 978 1464 1039 1509; x_wconf 84' lang='lat' dir='ltr'>qui</span> <span class='ocrx_word' id='word_1_201' title='bbox 1062 1464 1200 1496; x_wconf 81' lang='lat' dir='ltr'>frenant</span> 
     </span>
     <span class='ocr_line' id='line_1_28' title="bbox 221 1513 1201 1563; baseline -0.02 0"><span class='ocrx_word' id='word_1_202' title='bbox 221 1529 388 1563; x_wconf 88' lang='lat' dir='ltr'>iniustam</span> <span class='ocrx_word' id='word_1_203' title='bbox 404 1526 513 1563; x_wconf 88' lang='lat' dir='ltr'>iram,</span> <span class='ocrx_word' id='word_1_204' title='bbox 537 1528 652 1555; x_wconf 91' lang='lat' dir='ltr'>tamen</span> <span class='ocrx_word' id='word_1_205' title='bbox 671 1519 707 1550; x_wconf 87' lang='lat' dir='ltr'>in</span> <span class='ocrx_word' id='word_1_206' title='bbox 731 1518 835 1550; x_wconf 87' lang='lat' dir='ltr'>corde</span> <span class='ocrx_word' id='word_1_207' title='bbox 860 1521 941 1548; x_wconf 87' lang='lat' dir='ltr'>sunt</span> <span class='ocrx_word' id='word_1_208' title='bbox 964 1514 1123 1546; x_wconf 79' lang='lat' dir='ltr'>incendia</span> <span class='ocrx_word' id='word_1_209' title='bbox 1145 1513 1201 1544; x_wconf 91' lang='lat' dir='ltr'>in-</span> 
     </span>
     <span class='ocr_line' id='line_1_29' title="bbox 220 1563 1200 1612; baseline -0.019 1"><span class='ocrx_word' id='word_1_210' title='bbox 220 1580 321 1612; x_wconf 86' lang='lat' dir='ltr'>iusta.</span> <span class='ocrx_word' id='word_1_211' title='bbox 373 1575 442 1609; x_wconf 88' lang='lat' dir='ltr'>Sed</span> <span class='ocrx_word' id='word_1_212' title='bbox 457 1573 544 1606; x_wconf 90' lang='lat' dir='ltr'>alius</span> <span class='ocrx_word' id='word_1_213' title='bbox 561 1576 610 1603; x_wconf 87' lang='lat' dir='ltr'>est</span> <span class='ocrx_word' id='word_1_214' title='bbox 627 1569 765 1602; x_wconf 84' lang='lat' dir='ltr'>additus</span> <span class='ocrx_word' id='word_1_215' title='bbox 789 1566 891 1598; x_wconf 87' lang='lat' dir='ltr'>nobis</span> <span class='ocrx_word' id='word_1_216' title='bbox 914 1572 1046 1604; x_wconf 80' lang='lat' dir='ltr'>custos,</span> <span class='ocrx_word' id='word_1_217' title='bbox 1072 1563 1200 1605; x_wconf 82' lang='lat' dir='ltr'>cogita-</span> 
     </span>
     <span class='ocr_line' id='line_1_30' title="bbox 222 1613 1202 1672; baseline -0.019 -9"><span class='ocrx_word' id='word_1_218' title='bbox 222 1629 272 1664; x_wconf 88' lang='lat' dir='ltr'>tio</span> <span class='ocrx_word' id='word_1_219' title='bbox 296 1637 383 1672; x_wconf 87' lang='lat' dir='ltr'>quae</span> <span class='ocrx_word' id='word_1_220' title='bbox 407 1625 445 1657; x_wconf 88' lang='lat' dir='ltr'>in</span> <span class='ocrx_word' id='word_1_221' title='bbox 466 1622 607 1656; x_wconf 89' lang='lat' dir='ltr'>cerebro</span> <span class='ocrx_word' id='word_1_222' title='bbox 635 1626 702 1658; x_wconf 91' lang='lat' dir='ltr'>est,</span> <span class='ocrx_word' id='word_1_223' title='bbox 736 1618 906 1660; x_wconf 84' lang='lat' dir='ltr'>imperare</span> <span class='ocrx_word' id='word_1_224' title='bbox 936 1621 1045 1658; x_wconf 88' lang='lat' dir='ltr'>potest</span> <span class='ocrx_word' id='word_1_225' title='bbox 1074 1613 1202 1652; x_wconf 83' lang='lat' dir='ltr'>nervis,</span> 
     </span>
     <span class='ocr_line' id='line_1_31' title="bbox 223 1665 1203 1721; baseline -0.019 -8"><span class='ocrx_word' id='word_1_226' title='bbox 223 1691 283 1713; x_wconf 87' lang='lat' dir='ltr'>seu</span> <span class='ocrx_word' id='word_1_227' title='bbox 299 1675 472 1721; x_wconf 89' lang='lat' dir='ltr'>potentiae</span> <span class='ocrx_word' id='word_1_228' title='bbox 488 1683 576 1717; x_wconf 90' lang='lat' dir='ltr'>quae</span> <span class='ocrx_word' id='word_1_229' title='bbox 592 1669 680 1712; x_wconf 85' lang='lat' dir='ltr'>regit</span> <span class='ocrx_word' id='word_1_230' title='bbox 694 1674 809 1700; x_wconf 89' lang='lat' dir='ltr'>motus</span> <span class='ocrx_word' id='word_1_231' title='bbox 836 1665 960 1698; x_wconf 80' lang='lat' dir='ltr'>locales</span> <span class='ocrx_word' id='word_1_232' title='bbox 971 1689 979 1702; x_wconf 93' lang='lat'>,</span> <span class='ocrx_word' id='word_1_233' title='bbox 1006 1670 1045 1697; x_wconf 91' lang='lat' dir='ltr'>ut</span> <span class='ocrx_word' id='word_1_234' title='bbox 1063 1670 1203 1697; x_wconf 90' lang='lat' dir='ltr'>externa</span> 
     </span>
     <span class='ocr_line' id='line_1_32' title="bbox 223 1712 1202 1762; baseline -0.018 0"><span class='ocrx_word' id='word_1_235' title='bbox 223 1728 382 1762; x_wconf 89' lang='lat' dir='ltr'>membra</span> <span class='ocrx_word' id='word_1_236' title='bbox 406 1722 598 1758; x_wconf 87' lang='lat' dir='ltr'>coherceat.</span> <span class='ocrx_word' id='word_1_237' title='bbox 653 1718 697 1753; x_wconf 82' lang='lat' dir='ltr'>Ut</span> <span class='ocrx_word' id='word_1_238' title='bbox 715 1715 890 1750; x_wconf 75' lang='lat' dir='ltr'>Achillem</span> <span class='ocrx_word' id='word_1_239' title='bbox 915 1712 1062 1748; x_wconf 84' lang='lat' dir='ltr'>retrahit</span> <span class='ocrx_word' id='word_1_240' title='bbox 1075 1712 1202 1753; x_wconf 85' lang='lat' dir='ltr'>Pallas,</span> 
     </span>
     <span class='ocr_line' id='line_1_33' title="bbox 224 1764 1203 1817; baseline -0.018 -5"><span class='ocrx_word' id='word_1_241' title='bbox 224 1780 261 1811; x_wconf 89' lang='lat' dir='ltr'>id</span> <span class='ocrx_word' id='word_1_242' title='bbox 289 1783 360 1817; x_wconf 89' lang='lat' dir='ltr'>est,</span> <span class='ocrx_word' id='word_1_243' title='bbox 401 1772 581 1817; x_wconf 83' lang='lat' dir='ltr'>cogitatiO,</span> <span class='ocrx_word' id='word_1_244' title='bbox 619 1781 663 1801; x_wconf 89' lang='lat' dir='ltr'>ne</span> <span class='ocrx_word' id='word_1_245' title='bbox 689 1778 814 1800; x_wconf 86' lang='lat' dir='ltr'>manus</span> <span class='ocrx_word' id='word_1_246' title='bbox 840 1766 994 1809; x_wconf 78' lang='lat' dir='ltr'>gladium</span> <span class='ocrx_word' id='word_1_247' title='bbox 1020 1764 1203 1806; x_wconf 86' lang='lat' dir='ltr'>stringant.</span> 
     </span>
     <span class='ocr_line' id='line_1_34' title="bbox 225 1815 1205 1862; baseline -0.017 0"><span class='ocrx_word' id='word_1_248' title='bbox 225 1828 363 1862; x_wconf 85' lang='lat' dir='ltr'>Interea</span> <span class='ocrx_word' id='word_1_249' title='bbox 380 1832 496 1859; x_wconf 85' lang='lat' dir='ltr'>tamen</span> <span class='ocrx_word' id='word_1_250' title='bbox 513 1833 573 1855; x_wconf 92' lang='lat' dir='ltr'>cor</span> <span class='ocrx_word' id='word_1_251' title='bbox 596 1819 669 1853; x_wconf 86' lang='lat' dir='ltr'>eius</span> <span class='ocrx_word' id='word_1_252' title='bbox 694 1817 827 1860; x_wconf 81' lang='lat' dir='ltr'>ingenti</span> <span class='ocrx_word' id='word_1_253' title='bbox 852 1817 902 1848; x_wconf 89' lang='lat' dir='ltr'>ira</span> <span class='ocrx_word' id='word_1_254' title='bbox 925 1816 1090 1848; x_wconf 88' lang='lat' dir='ltr'>adversus</span> <span class='ocrx_word' id='word_1_255' title='bbox 1108 1815 1205 1856; x_wconf 80' lang='lat' dir='ltr'>Aga-</span> 
     </span>
     <span class='ocr_line' id='line_1_35' title="bbox 224 1864 1205 1912; baseline -0.017 -1"><span class='ocrx_word' id='word_1_256' title='bbox 224 1887 448 1912; x_wconf 80' lang='lat' dir='ltr'>memnonem</span> <span class='ocrx_word' id='word_1_257' title='bbox 472 1873 589 1912; x_wconf 87' lang='lat' dir='ltr'>ardet,</span> <span class='ocrx_word' id='word_1_258' title='bbox 622 1876 656 1903; x_wconf 90' lang='lat' dir='ltr'>et</span> <span class='ocrx_word' id='word_1_259' title='bbox 679 1873 893 1901; x_wconf 85' lang='lat' dir='ltr'>aestuantem</span> <span class='ocrx_word' id='word_1_260' title='bbox 920 1865 1124 1908; x_wconf 82' lang='lat' dir='ltr'>sanguinem</span> <span class='ocrx_word' id='word_1_261' title='bbox 1150 1864 1205 1895; x_wconf 93' lang='lat' dir='ltr'>in-</span> 
     </span>
     <span class='ocr_line' id='line_1_36' title="bbox 226 1923 559 1967; baseline -0.024 -5"><span class='ocrx_word' id='word_1_262' title='bbox 226 1927 343 1962; x_wconf 87' lang='lat' dir='ltr'>cendit</span> <span class='ocrx_word' id='word_1_263' title='bbox 359 1938 397 1959; x_wconf 87' lang='lat' dir='ltr'>ae</span> <span class='ocrx_word' id='word_1_264' title='bbox 415 1923 559 1967; x_wconf 81' lang='lat' dir='ltr'>spargit.</span> 
     </span>
    </p>

    <p class='ocr_par' dir='ltr' id='par_1_5' title="bbox 225 1977 1209 2419">
     <span class='ocr_line' id='line_1_37' title="bbox 328 1977 1208 2022; baseline -0.017 -5"><span class='ocrx_word' id='word_1_265' title='bbox 328 1983 369 2017; x_wconf 88' lang='lat' dir='ltr'>ln</span> <span class='ocrx_word' id='word_1_266' title='bbox 387 1981 442 2016; x_wconf 81' lang='lat' dir='ltr'>his</span> <span class='ocrx_word' id='word_1_267' title='bbox 459 1977 768 2022; x_wconf 84' lang='lat' dir='ltr'>descriptionibus,</span> <span class='ocrx_word' id='word_1_268' title='bbox 796 1986 873 2007; x_wconf 91' lang='lat' dir='ltr'>cum</span> <span class='ocrx_word' id='word_1_269' title='bbox 895 1980 978 2006; x_wconf 89' lang='lat' dir='ltr'>nota</span> <span class='ocrx_word' id='word_1_270' title='bbox 997 1979 1077 2005; x_wconf 90' lang='lat' dir='ltr'>sunt</span> <span class='ocrx_word' id='word_1_271' title='bbox 1095 1984 1208 2004; x_wconf 90' lang='lat' dir='ltr'>mem-</span> 
     </span>
     <span class='ocr_line' id='line_1_38' title="bbox 226 2023 1208 2070; baseline -0.015 0"><span class='ocrx_word' id='word_1_272' title='bbox 226 2038 373 2070; x_wconf 87' lang='lat' dir='ltr'>brorum</span> <span class='ocrx_word' id='word_1_273' title='bbox 402 2030 623 2069; x_wconf 85' lang='lat' dir='ltr'>discrimina,</span> <span class='ocrx_word' id='word_1_274' title='bbox 669 2027 707 2060; x_wconf 85' lang='lat' dir='ltr'>fit</span> <span class='ocrx_word' id='word_1_275' title='bbox 736 2024 908 2060; x_wconf 85' lang='lat' dir='ltr'>illustrior</span> <span class='ocrx_word' id='word_1_276' title='bbox 937 2023 1130 2066; x_wconf 79' lang='lat' dir='ltr'>enarratio,</span> <span class='ocrx_word' id='word_1_277' title='bbox 1174 2029 1208 2056; x_wconf 89' lang='lat' dir='ltr'>et</span> 
     </span>
     <span class='ocr_line' id='line_1_39' title="bbox 226 2073 1206 2127; baseline -0.019 -8"><span class='ocrx_word' id='word_1_278' title='bbox 226 2086 391 2119; x_wconf 81' lang='lat' dir='ltr'>discimus</span> <span class='ocrx_word' id='word_1_279' title='bbox 409 2093 496 2127; x_wconf 87' lang='lat' dir='ltr'>quae</span> <span class='ocrx_word' id='word_1_280' title='bbox 512 2086 645 2124; x_wconf 87' lang='lat' dir='ltr'>partes,</span> <span class='ocrx_word' id='word_1_281' title='bbox 672 2076 850 2122; x_wconf 90' lang='lat' dir='ltr'>quomodo</span> <span class='ocrx_word' id='word_1_282' title='bbox 866 2082 899 2108; x_wconf 90' lang='lat' dir='ltr'>et</span> <span class='ocrx_word' id='word_1_283' title='bbox 918 2073 1069 2118; x_wconf 78' lang='lat' dir='ltr'>possint,</span> <span class='ocrx_word' id='word_1_284' title='bbox 1096 2081 1129 2107; x_wconf 91' lang='lat' dir='ltr'>et</span> <span class='ocrx_word' id='word_1_285' title='bbox 1145 2073 1206 2105; x_wconf 81' lang='lat' dir='ltr'>de-</span> 
     </span>
     <span class='ocr_line' id='line_1_40' title="bbox 225 2123 1208 2176; baseline -0.016 -6"><span class='ocrx_word' id='word_1_286' title='bbox 225 2138 331 2170; x_wconf 87' lang='lat' dir='ltr'>beant</span> <span class='ocrx_word' id='word_1_287' title='bbox 344 2134 425 2176; x_wconf 85' lang='lat' dir='ltr'>regi.</span> <span class='ocrx_word' id='word_1_288' title='bbox 460 2131 552 2166; x_wconf 89' lang='lat' dir='ltr'>Sunt</span> <span class='ocrx_word' id='word_1_289' title='bbox 569 2128 662 2163; x_wconf 89' lang='lat' dir='ltr'>enim</span> <span class='ocrx_word' id='word_1_290' title='bbox 680 2129 768 2160; x_wconf 86' lang='lat' dir='ltr'>duae</span> <span class='ocrx_word' id='word_1_291' title='bbox 784 2127 915 2158; x_wconf 86' lang='lat' dir='ltr'>formae</span> <span class='ocrx_word' id='word_1_292' title='bbox 932 2123 1208 2166; x_wconf 82' lang='lat' dir='ltr'>gubernationis,</span> 
     </span>
     <span class='ocr_line' id='line_1_41' title="bbox 230 2174 1209 2225; baseline -0.013 -6"><span class='ocrx_word' id='word_1_293' title='bbox 230 2185 349 2220; x_wconf 84' lang='lat' dir='ltr'>Altera</span> <span class='ocrx_word' id='word_1_294' title='bbox 372 2179 534 2225; x_wconf 81' lang='grc' dir='ltr'><em>πολιτικὴ</em></span> <span class='ocrx_word' id='word_1_295' title='bbox 556 2190 645 2225; x_wconf 87' lang='lat' dir='ltr'>quae</span> <span class='ocrx_word' id='word_1_296' title='bbox 666 2176 845 2211; x_wconf 88' lang='lat' dir='ltr'>suadendo</span> <span class='ocrx_word' id='word_1_297' title='bbox 869 2174 977 2208; x_wconf 77' lang='lat' dir='ltr'>flectit</span> <span class='ocrx_word' id='word_1_298' title='bbox 1000 2174 1209 2214; x_wconf 88' lang='lat' dir='ltr'>voluntates,</span> 
     </span>
     <span class='ocr_line' id='line_1_42' title="bbox 229 2225 1208 2276; baseline -0.012 -8"><span class='ocrx_word' id='word_1_299' title='bbox 229 2237 336 2269; x_wconf 86' lang='lat' dir='ltr'>altera</span> <span class='ocrx_word' id='word_1_300' title='bbox 353 2228 565 2276; x_wconf 73' lang='grc' dir='ltr'><em>δεσποτικὴ,</em></span> <span class='ocrx_word' id='word_1_301' title='bbox 592 2240 681 2274; x_wconf 88' lang='lat' dir='ltr'>quae</span> <span class='ocrx_word' id='word_1_302' title='bbox 697 2227 788 2270; x_wconf 87' lang='lat' dir='ltr'>cogit</span> <span class='ocrx_word' id='word_1_303' title='bbox 814 2225 918 2259; x_wconf 86' lang='lat' dir='ltr'>etiam</span> <span class='ocrx_word' id='word_1_304' title='bbox 941 2225 1072 2258; x_wconf 85' lang='lat' dir='ltr'>invitos</span> <span class='ocrx_word' id='word_1_305' title='bbox 1096 2231 1129 2257; x_wconf 91' lang='lat' dir='ltr'>et</span> <span class='ocrx_word' id='word_1_306' title='bbox 1151 2236 1208 2256; x_wconf 91' lang='lat' dir='ltr'>re-</span> 
     </span>
     <span class='ocr_line' id='line_1_43' title="bbox 228 2275 1209 2330; baseline -0.009 -13"><span class='ocrx_word' id='word_1_307' title='bbox 228 2290 432 2330; x_wconf 85' lang='lat' dir='ltr'>pugnantes.</span> <span class='ocrx_word' id='word_1_308' title='bbox 469 2281 544 2314; x_wconf 77' lang='lat' dir='ltr'>Hac</span> <span class='ocrx_word' id='word_1_309' title='bbox 558 2281 670 2313; x_wconf 88' lang='lat' dir='ltr'>forma</span> <span class='ocrx_word' id='word_1_310' title='bbox 685 2276 900 2320; x_wconf 75' lang='grc' dir='ltr'><em>δεσποτικῇ,</em></span> <span class='ocrx_word' id='word_1_311' title='bbox 927 2282 1106 2320; x_wconf 90' lang='lat' dir='ltr'>utcunque</span> <span class='ocrx_word' id='word_1_312' title='bbox 1121 2275 1209 2318; x_wconf 84' lang='lat' dir='ltr'>regit</span> 
     </span>
     <span class='ocr_line' id='line_1_44' title="bbox 229 2326 1209 2378; baseline -0.011 -9"><span class='ocrx_word' id='word_1_313' title='bbox 229 2333 392 2378; x_wconf 82' lang='lat' dir='ltr'>cogitatio</span> <span class='ocrx_word' id='word_1_314' title='bbox 423 2342 567 2370; x_wconf 87' lang='lat' dir='ltr'>nervos,</span> <span class='ocrx_word' id='word_1_315' title='bbox 600 2329 735 2363; x_wconf 87' lang='lat' dir='ltr'>etiamsi</span> <span class='ocrx_word' id='word_1_316' title='bbox 761 2326 876 2361; x_wconf 90' lang='lat' dir='ltr'>cordis</span> <span class='ocrx_word' id='word_1_317' title='bbox 904 2332 1019 2360; x_wconf 89' lang='lat' dir='ltr'>aestus</span> <span class='ocrx_word' id='word_1_318' title='bbox 1049 2326 1209 2359; x_wconf 91' lang='lat' dir='ltr'>nondum</span> 
     </span>
     <span class='ocr_line' id='line_1_45' title="bbox 229 2380 567 2419; baseline -0.018 1"><span class='ocrx_word' id='word_1_319' title='bbox 229 2384 408 2419; x_wconf 87' lang='lat' dir='ltr'>suadendo</span> <span class='ocrx_word' id='word_1_320' title='bbox 423 2380 567 2415; x_wconf 86' lang='lat' dir='ltr'>sedavit.</span> 
     </span>
    </p>
   </div>
   <div class='ocr_carea' id='block_1_3' title="bbox 228 2435 1210 2580">
    <p class='ocr_par' dir='ltr' id='par_1_6' title="bbox 228 2435 1210 2580">
     <span class='ocr_line' id='line_1_46' title="bbox 330 2435 1210 2475; baseline -0.008 0"><span class='ocrx_word' id='word_1_321' title='bbox 330 2441 431 2475; x_wconf 87' lang='lat' dir='ltr'>Hanc</span> <span class='ocrx_word' id='word_1_322' title='bbox 452 2451 570 2472; x_wconf 91' lang='lat' dir='ltr'>veram</span> <span class='ocrx_word' id='word_1_323' title='bbox 593 2444 627 2471; x_wconf 84' lang='lat' dir='ltr'>et</span> <span class='ocrx_word' id='word_1_324' title='bbox 649 2437 917 2471; x_wconf 82' lang='lat' dir='ltr'>vetustissimam</span> <span class='ocrx_word' id='word_1_325' title='bbox 940 2435 1137 2469; x_wconf 87' lang='lat' dir='ltr'>doctrinam</span> <span class='ocrx_word' id='word_1_326' title='bbox 1166 2436 1210 2468; x_wconf 89' lang='lat' dir='ltr'>de</span> 
     </span>
     <span class='ocr_line' id='line_1_47' title="bbox 228 2485 1209 2528; baseline -0.009 -1"><span class='ocrx_word' id='word_1_327' title='bbox 228 2493 373 2528; x_wconf 88' lang='lat' dir='ltr'>diversis</span> <span class='ocrx_word' id='word_1_328' title='bbox 391 2490 630 2524; x_wconf 89' lang='lat' dir='ltr'>membrorum</span> <span class='ocrx_word' id='word_1_329' title='bbox 646 2488 790 2528; x_wconf 89' lang='lat' dir='ltr'>naturis,</span> <span class='ocrx_word' id='word_1_330' title='bbox 805 2485 979 2520; x_wconf 85' lang='lat' dir='ltr'>Ecclesiae</span> <span class='ocrx_word' id='word_1_331' title='bbox 989 2493 1021 2520; x_wconf 91' lang='lat' dir='ltr'>et</span> <span class='ocrx_word' id='word_1_332' title='bbox 1031 2486 1209 2520; x_wconf 89' lang='lat' dir='ltr'>communi</span> 
     </span>
     <span class='ocr_line' id='line_1_48' title="bbox 229 2537 1138 2580; baseline -0.01 -2"><span class='ocrx_word' id='word_1_333' title='bbox 229 2545 320 2578; x_wconf 79' lang='lat' dir='ltr'>vitae</span> <span class='ocrx_word' id='word_1_334' title='bbox 338 2540 567 2576; x_wconf 83' lang='lat' dir='ltr'>necessariam</span> <span class='ocrx_word' id='word_1_335' title='bbox 583 2549 674 2579; x_wconf 91' lang='lat' dir='ltr'>esse,</span> <span class='ocrx_word' id='word_1_336' title='bbox 699 2549 819 2571; x_wconf 90' lang='lat' dir='ltr'>omnes</span> <span class='ocrx_word' id='word_1_337' title='bbox 835 2537 937 2571; x_wconf 88' lang='lat' dir='ltr'>fateri</span> <span class='ocrx_word' id='word_1_338' title='bbox 952 2543 1138 2580; x_wconf 85' lang='lat' dir='ltr'>coguntur.</span> 
     </span>
    </p>
   </div>
   <div class='ocr_carea' id='block_1_4' title="bbox 230 2602 1210 2703">
    <p class='ocr_par' dir='ltr' id='par_1_7' title="bbox 230 2602 1210 2703">
     <span class='ocr_line' id='line_1_49' title="bbox 330 2602 1209 2643; baseline -0.008 0"><span class='ocrx_word' id='word_1_339' title='bbox 330 2608 404 2643; x_wconf 90' lang='lat' dir='ltr'>Iam</span> <span class='ocrx_word' id='word_1_340' title='bbox 421 2615 454 2642; x_wconf 89' lang='lat' dir='ltr'>et</span> <span class='ocrx_word' id='word_1_341' title='bbox 469 2605 554 2640; x_wconf 88' lang='lat' dir='ltr'>haec</span> <span class='ocrx_word' id='word_1_342' title='bbox 569 2604 763 2639; x_wconf 77' lang='lat' dir='ltr'>considera.</span> <span class='ocrx_word' id='word_1_343' title='bbox 818 2602 953 2638; x_wconf 89' lang='lat' dir='ltr'>Indidit</span> <span class='ocrx_word' id='word_1_344' title='bbox 962 2602 1057 2638; x_wconf 90' lang='lat' dir='ltr'>Deus</span> <span class='ocrx_word' id='word_1_345' title='bbox 1072 2602 1209 2637; x_wconf 90' lang='lat' dir='ltr'>homini</span> 
     </span>
     <span class='ocr_line' id='line_1_50' title="bbox 230 2655 1210 2703; baseline -0.008 -7"><span class='ocrx_word' id='word_1_346' title='bbox 230 2660 415 2696; x_wconf 81' lang='lat' dir='ltr'>simulacra</span> <span class='ocrx_word' id='word_1_347' title='bbox 431 2658 619 2703; x_wconf 86' lang='lat' dir='ltr'>quaedam,</span> <span class='ocrx_word' id='word_1_348' title='bbox 647 2666 735 2701; x_wconf 85' lang='lat' dir='ltr'>quae</span> <span class='ocrx_word' id='word_1_349' title='bbox 757 2665 822 2688; x_wconf 90' lang='lat' dir='ltr'>nos</span> <span class='ocrx_word' id='word_1_350' title='bbox 846 2657 889 2688; x_wconf 91' lang='lat' dir='ltr'>de</span> <span class='ocrx_word' id='word_1_351' title='bbox 912 2655 988 2699; x_wconf 91' lang='lat' dir='ltr'>ipso</span> <span class='ocrx_word' id='word_1_352' title='bbox 1009 2666 1210 2689; x_wconf 90' lang='lat' dir='ltr'>commone-</span> 
     </span>
    </p>
   </div>
   <div class='ocr_carea' id='block_1_5' title="bbox 869 113 1505 155">
    <p class='ocr_par' dir='ltr' id='par_1_8' title="bbox 869 113 1505 155">
     <span class='ocr_line' id='line_1_51' title="bbox 869 113 1505 155; baseline 0 -2"><span class='ocrx_word' id='word_1_353' title='bbox 869 115 1026 155; x_wconf 88' lang='lat' dir='ltr'>DECL.</span> <span class='ocrx_word' id='word_1_354' title='bbox 1066 113 1139 151; x_wconf 88' lang='lat' dir='ltr'>DE</span> <span class='ocrx_word' id='word_1_355' title='bbox 1172 114 1505 154; x_wconf 79' lang='lat' dir='ltr'><strong>ANATOMIA.</strong></span> 
     </span>
    </p>
   </div>
   <div class='ocr_carea' id='block_1_6' title="bbox 1195 742 1250 1955">
    <p class='ocr_par' dir='ltr' id='par_1_9' title="bbox 1195 742 1250 1955">
     <span class='ocr_line' id='line_1_52' title="bbox 1195 742 1250 1955; baseline 0 0"><span class='ocrx_word' id='word_1_356' title='bbox 1195 742 1250 1955; x_wconf 95' lang='lat' dir='ltr'> </span> 
     </span>
    </p>
   </div>
   <div class='ocr_carea' id='block_1_7' title="bbox 1211 2044 1239 2700">
    <p class='ocr_par' dir='ltr' id='par_1_10' title="bbox 1211 2044 1239 2700">
     <span class='ocr_line' id='line_1_53' title="bbox 1211 2044 1239 2700; baseline 0 255"><span class='ocrx_word' id='word_1_357' title='bbox 1211 2044 1239 2700; x_wconf 95' lang='lat' dir='ltr'> </span> 
     </span>
    </p>
   </div>
   <div class='ocr_carea' id='block_1_8' title="bbox 2151 121 2200 154">
    <p class='ocr_par' dir='ltr' id='par_1_11' title="bbox 2151 121 2200 154">
     <span class='ocr_line' id='line_1_54' title="bbox 2151 121 2200 154; baseline 0 0"><span class='ocrx_word' id='word_1_358' title='bbox 2151 121 2200 154; x_wconf 76' lang='lat'>32</span> 
     </span>
    </p>
   </div>
   <div class='ocr_carea' id='block_1_9' title="bbox 1227 203 2211 395">
    <p class='ocr_par' dir='ltr' id='par_1_12' title="bbox 1227 203 2211 395">
     <span class='ocr_line' id='line_1_55' title="bbox 1228 203 2205 243; baseline 0.001 -8"><span class='ocrx_word' id='word_1_359' title='bbox 1228 203 1398 243; x_wconf 86' lang='lat' dir='ltr'>facerent,</span> <span class='ocrx_word' id='word_1_360' title='bbox 1439 208 1473 234; x_wconf 91' lang='lat' dir='ltr'>et</span> <span class='ocrx_word' id='word_1_361' title='bbox 1494 203 1672 237; x_wconf 85' lang='lat' dir='ltr'>vocabulis</span> <span class='ocrx_word' id='word_1_362' title='bbox 1701 204 1830 238; x_wconf 82' lang='lat' dir='ltr'>nostris</span> <span class='ocrx_word' id='word_1_363' title='bbox 1853 205 1986 243; x_wconf 86' lang='lat' dir='ltr'>utitur,</span> <span class='ocrx_word' id='word_1_364' title='bbox 2025 216 2104 238; x_wconf 89' lang='lat' dir='ltr'>cum</span> <span class='ocrx_word' id='word_1_365' title='bbox 2133 214 2205 236; x_wconf 87' lang='lat' dir='ltr'>sese</span> 
     </span>
     <span class='ocr_line' id='line_1_56' title="bbox 1227 251 2207 302; baseline 0.001 -16"><span class='ocrx_word' id='word_1_366' title='bbox 1227 253 1398 286; x_wconf 90' lang='lat' dir='ltr'>nominat.</span> <span class='ocrx_word' id='word_1_367' title='bbox 1452 251 1565 285; x_wconf 83' lang='lat' dir='ltr'>Filius</span> <span class='ocrx_word' id='word_1_368' title='bbox 1589 255 1718 287; x_wconf 90' lang='lat' dir='ltr'>dicitur</span> <span class='ocrx_word' id='word_1_369' title='bbox 1740 252 1846 302; x_wconf 59' lang='grc' dir='ltr'><em>λόγος</em></span> <span class='ocrx_word' id='word_1_370' title='bbox 1870 254 2002 288; x_wconf 89' lang='lat' dir='ltr'>aeterni</span> <span class='ocrx_word' id='word_1_371' title='bbox 2020 254 2145 298; x_wconf 90' lang='lat' dir='ltr'>patris,</span> <span class='ocrx_word' id='word_1_372' title='bbox 2174 260 2207 287; x_wconf 83' lang='lat' dir='ltr'>et</span> 
     </span>
     <span class='ocr_line' id='line_1_57' title="bbox 1229 302 2205 348; baseline 0 -12"><span class='ocrx_word' id='word_1_373' title='bbox 1229 315 1248 336; x_wconf 86' lang='lat' dir='ltr'>a</span> <span class='ocrx_word' id='word_1_374' title='bbox 1277 310 1373 347; x_wconf 89' lang='lat' dir='ltr'>patre</span> <span class='ocrx_word' id='word_1_375' title='bbox 1404 309 1438 335; x_wconf 90' lang='lat' dir='ltr'>et</span> <span class='ocrx_word' id='word_1_376' title='bbox 1467 302 1540 335; x_wconf 84' lang='lat' dir='ltr'>filio</span> <span class='ocrx_word' id='word_1_377' title='bbox 1570 305 1725 346; x_wconf 86' lang='lat' dir='ltr'>procedit</span> <span class='ocrx_word' id='word_1_378' title='bbox 1756 305 1907 348; x_wconf 87' lang='lat' dir='ltr'>Spiritus</span> <span class='ocrx_word' id='word_1_379' title='bbox 1937 311 2086 338; x_wconf 87' lang='lat' dir='ltr'>sanctus.</span> <span class='ocrx_word' id='word_1_380' title='bbox 2140 303 2205 336; x_wconf 84' lang='lat' dir='ltr'>His</span> 
     </span>
     <span class='ocr_line' id='line_1_58' title="bbox 1229 353 2211 395; baseline 0.001 -10"><span class='ocrx_word' id='word_1_381' title='bbox 1229 353 1409 386; x_wconf 86' lang='lat' dir='ltr'>vocabulis</span> <span class='ocrx_word' id='word_1_382' title='bbox 1423 364 1501 385; x_wconf 88' lang='lat' dir='ltr'>cum</span> <span class='ocrx_word' id='word_1_383' title='bbox 1519 354 1630 386; x_wconf 88' lang='lat' dir='ltr'>utitur</span> <span class='ocrx_word' id='word_1_384' title='bbox 1645 367 1709 387; x_wconf 81' lang='lat' dir='ltr'>vox</span> <span class='ocrx_word' id='word_1_385' title='bbox 1726 355 1866 395; x_wconf 75' lang='lat' dir='ltr'>divina,</span> <span class='ocrx_word' id='word_1_386' title='bbox 1892 355 2060 388; x_wconf 84' lang='lat' dir='ltr'>sumenda</span> <span class='ocrx_word' id='word_1_387' title='bbox 2082 360 2132 387; x_wconf 87' lang='lat' dir='ltr'>est</span> <span class='ocrx_word' id='word_1_388' title='bbox 2153 354 2211 386; x_wconf 88' lang='lat' dir='ltr'>in-</span> 
     </span>
    </p>
   </div>
   <div class='ocr_carea' id='block_1_10' title="bbox 1231 403 2211 487">
    <p class='ocr_par' dir='ltr' id='par_1_13' title="bbox 1231 403 2211 487">
     <span class='ocr_line' id='line_1_59' title="bbox 1231 403 2211 447; baseline -0.001 -10"><span class='ocrx_word' id='word_1_389' title='bbox 1231 403 1432 447; x_wconf 88' lang='lat' dir='ltr'>terpretatio</span> <span class='ocrx_word' id='word_1_390' title='bbox 1460 415 1499 436; x_wconf 80' lang='lat' dir='ltr'>ex</span> <span class='ocrx_word' id='word_1_391' title='bbox 1521 405 1760 437; x_wconf 87' lang='lat' dir='ltr'>membrorum</span> <span class='ocrx_word' id='word_1_392' title='bbox 1785 417 1986 439; x_wconf 83' lang='lat' dir='ltr'>nostrorum</span> <span class='ocrx_word' id='word_1_393' title='bbox 2010 404 2211 437; x_wconf 88' lang='lat' dir='ltr'>considera-</span> 
     </span>
     <span class='ocr_line' id='line_1_60' title="bbox 1234 461 1339 487; baseline 0 -1"><span class='ocrx_word' id='word_1_394' title='bbox 1234 461 1339 487; x_wconf 78' lang='lat' dir='ltr'>tione.</span> 
     </span>
    </p>
   </div>
   <div class='ocr_carea' id='block_1_11' title="bbox 1238 517 2214 717">
    <p class='ocr_par' dir='ltr' id='par_1_14' title="bbox 1238 517 2214 717">
     <span class='ocr_line' id='line_1_61' title="bbox 1336 517 2213 564; baseline 0.003 -13"><span class='ocrx_word' id='word_1_395' title='bbox 1336 517 1380 551; x_wconf 92' lang='lat' dir='ltr'>In</span> <span class='ocrx_word' id='word_1_396' title='bbox 1407 520 1549 552; x_wconf 83' lang='lat' dir='ltr'>cerebro</span> <span class='ocrx_word' id='word_1_397' title='bbox 1582 520 1781 553; x_wconf 86' lang='lat' dir='ltr'>surmantur</span> <span class='ocrx_word' id='word_1_398' title='bbox 1816 521 1981 563; x_wconf 84' lang='lat' dir='ltr'>imagines</span> <span class='ocrx_word' id='word_1_399' title='bbox 2017 520 2213 564; x_wconf 85' lang='lat' dir='ltr'>cogitando.</span> 
     </span>
     <span class='ocr_line' id='line_1_62' title="bbox 1239 569 2214 613; baseline 0 -11"><span class='ocrx_word' id='word_1_400' title='bbox 1239 569 1287 603; x_wconf 87' lang='lat' dir='ltr'>[ta</span> <span class='ocrx_word' id='word_1_401' title='bbox 1305 577 1465 602; x_wconf 90' lang='lat' dir='ltr'>aeternus</span> <span class='ocrx_word' id='word_1_402' title='bbox 1483 577 1579 613; x_wconf 88' lang='lat' dir='ltr'>pater</span> <span class='ocrx_word' id='word_1_403' title='bbox 1596 582 1668 602; x_wconf 79' lang='lat' dir='ltr'>sese</span> <span class='ocrx_word' id='word_1_404' title='bbox 1685 571 1841 611; x_wconf 81' lang='lat' dir='ltr'>intuens,</span> <span class='ocrx_word' id='word_1_405' title='bbox 1868 577 1899 603; x_wconf 90' lang='lat' dir='ltr'>et</span> <span class='ocrx_word' id='word_1_406' title='bbox 1914 571 2079 612; x_wconf 83' lang='lat' dir='ltr'>cogitans,</span> <span class='ocrx_word' id='word_1_407' title='bbox 2103 571 2214 613; x_wconf 85' lang='lat' dir='ltr'>gignit</span> 
     </span>
     <span class='ocr_line' id='line_1_63' title="bbox 1238 617 2212 667; baseline 0.002 -16"><span class='ocrx_word' id='word_1_408' title='bbox 1238 620 1425 663; x_wconf 83' lang='lat' dir='ltr'>imaginem</span> <span class='ocrx_word' id='word_1_409' title='bbox 1452 620 1487 652; x_wconf 92' lang='lat' dir='ltr'>in</span> <span class='ocrx_word' id='word_1_410' title='bbox 1504 632 1569 664; x_wconf 90' lang='lat' dir='ltr'>qua</span> <span class='ocrx_word' id='word_1_411' title='bbox 1587 621 1712 663; x_wconf 80' lang='lat' dir='ltr'>fulget,</span> <span class='ocrx_word' id='word_1_412' title='bbox 1738 633 1826 665; x_wconf 80' lang='lat' dir='ltr'>quae</span> <span class='ocrx_word' id='word_1_413' title='bbox 1850 627 1898 653; x_wconf 88' lang='lat' dir='ltr'>est</span> <span class='ocrx_word' id='word_1_414' title='bbox 1917 617 2032 667; x_wconf 73' lang='grc' dir='ltr'><strong><em>λόγος.</em></strong></span> <span class='ocrx_word' id='word_1_415' title='bbox 2085 619 2131 654; x_wconf 82' lang='lat' dir='ltr'>Et</span> <span class='ocrx_word' id='word_1_416' title='bbox 2156 618 2212 653; x_wconf 84' lang='lat' dir='ltr'>hic</span> 
     </span>
     <span class='ocr_line' id='line_1_64' title="bbox 1239 667 2178 717; baseline 0.002 -15"><span class='ocrx_word' id='word_1_417' title='bbox 1239 671 1310 714; x_wconf 89' lang='lat' dir='ltr'>ipse</span> <span class='ocrx_word' id='word_1_418' title='bbox 1328 667 1435 717; x_wconf 60' lang='lat' dir='ltr'>Myos</span> <span class='ocrx_word' id='word_1_419' title='bbox 1452 677 1568 714; x_wconf 88' lang='lat' dir='ltr'>postea</span> <span class='ocrx_word' id='word_1_420' title='bbox 1587 683 1650 703; x_wconf 87' lang='lat' dir='ltr'>nos</span> <span class='ocrx_word' id='word_1_421' title='bbox 1665 672 1848 715; x_wconf 80' lang='lat' dir='ltr'>alloquens</span> <span class='ocrx_word' id='word_1_422' title='bbox 1866 678 1996 714; x_wconf 80' lang='lat' dir='ltr'>patrem</span> <span class='ocrx_word' id='word_1_423' title='bbox 2014 671 2178 704; x_wconf 86' lang='lat' dir='ltr'>ostendit.</span> 
     </span>
    </p>
   </div>
   <div class='ocr_carea' id='block_1_12' title="bbox 1241 743 2223 1141">
    <p class='ocr_par' dir='ltr' id='par_1_15' title="bbox 1241 743 2223 1141">
     <span class='ocr_line' id='line_1_65' title="bbox 1330 743 2218 789; baseline 0.002 -12"><span class='ocrx_word' id='word_1_424' title='bbox 1330 744 1420 778; x_wconf 86' lang='lat' dir='ltr'>Sunt</span> <span class='ocrx_word' id='word_1_425' title='bbox 1434 753 1549 779; x_wconf 87' lang='lat' dir='ltr'>autem</span> <span class='ocrx_word' id='word_1_426' title='bbox 1570 746 1604 778; x_wconf 91' lang='lat' dir='ltr'>in</span> <span class='ocrx_word' id='word_1_427' title='bbox 1622 743 1765 778; x_wconf 84' lang='lat' dir='ltr'>homine</span> <span class='ocrx_word' id='word_1_428' title='bbox 1783 746 1923 789; x_wconf 84' lang='lat' dir='ltr'>spiritus</span> <span class='ocrx_word' id='word_1_429' title='bbox 1941 747 2138 778; x_wconf 83' lang='lat' dir='ltr'>flammulae</span> <span class='ocrx_word' id='word_1_430' title='bbox 2156 758 2218 779; x_wconf 85' lang='lat' dir='ltr'>na-</span> 
     </span>
     <span class='ocr_line' id='line_1_66' title="bbox 1241 796 2219 840; baseline 0 -12"><span class='ocrx_word' id='word_1_431' title='bbox 1241 803 1294 829; x_wconf 88' lang='lat' dir='ltr'>tae</span> <span class='ocrx_word' id='word_1_432' title='bbox 1311 802 1343 828; x_wconf 92' lang='lat' dir='ltr'>et</span> <span class='ocrx_word' id='word_1_433' title='bbox 1360 807 1520 828; x_wconf 85' lang='lat' dir='ltr'>accensae</span> <span class='ocrx_word' id='word_1_434' title='bbox 1537 796 1573 828; x_wconf 86' lang='lat' dir='ltr'>in</span> <span class='ocrx_word' id='word_1_435' title='bbox 1593 798 1709 835; x_wconf 79' lang='lat' dir='ltr'>corde,</span> <span class='ocrx_word' id='word_1_436' title='bbox 1731 797 1858 840; x_wconf 78' lang='lat' dir='ltr'>quilius</span> <span class='ocrx_word' id='word_1_437' title='bbox 1875 803 1905 829; x_wconf 88' lang='lat' dir='ltr'>et</span> <span class='ocrx_word' id='word_1_438' title='bbox 1922 797 2083 829; x_wconf 85' lang='lat' dir='ltr'>calefiunt</span> <span class='ocrx_word' id='word_1_439' title='bbox 2101 796 2219 829; x_wconf 84' lang='lat' dir='ltr'>onmia</span> 
     </span>
     <span class='ocr_line' id='line_1_67' title="bbox 1242 846 2220 886; baseline 0 -8"><span class='ocrx_word' id='word_1_440' title='bbox 1242 846 1416 886; x_wconf 88' lang='lat' dir='ltr'>membra,</span> <span class='ocrx_word' id='word_1_441' title='bbox 1442 852 1476 879; x_wconf 87' lang='lat' dir='ltr'>et</span> <span class='ocrx_word' id='word_1_442' title='bbox 1493 846 1629 878; x_wconf 88' lang='lat' dir='ltr'>cientur</span> <span class='ocrx_word' id='word_1_443' title='bbox 1652 847 1805 879; x_wconf 85' lang='lat' dir='ltr'>adfectus</span> <span class='ocrx_word' id='word_1_444' title='bbox 1822 853 1854 878; x_wconf 88' lang='lat' dir='ltr'>et</span> <span class='ocrx_word' id='word_1_445' title='bbox 1870 854 1993 880; x_wconf 89' lang='lat' dir='ltr'>motus.</span> <span class='ocrx_word' id='word_1_446' title='bbox 2055 846 2140 879; x_wconf 89' lang='lat' dir='ltr'>Inde</span> <span class='ocrx_word' id='word_1_447' title='bbox 2159 859 2220 878; x_wconf 84' lang='lat' dir='ltr'>vo-</span> 
     </span>
     <span class='ocr_line' id='line_1_68' title="bbox 1242 895 2223 940; baseline 0.001 -12"><span class='ocrx_word' id='word_1_448' title='bbox 1242 896 1404 929; x_wconf 86' lang='lat' dir='ltr'>cabulum</span> <span class='ocrx_word' id='word_1_449' title='bbox 1422 895 1593 939; x_wconf 83' lang='lat' dir='ltr'>Spiritus,</span> <span class='ocrx_word' id='word_1_450' title='bbox 1619 903 1797 940; x_wconf 78' lang='lat' dir='ltr'>utcunque</span> <span class='ocrx_word' id='word_1_451' title='bbox 1814 897 2007 929; x_wconf 87' lang='lat' dir='ltr'>declaretur</span> <span class='ocrx_word' id='word_1_452' title='bbox 2022 897 2057 929; x_wconf 90' lang='lat' dir='ltr'>in</span> <span class='ocrx_word' id='word_1_453' title='bbox 2067 895 2223 929; x_wconf 81' lang='lat' dir='ltr'>Ecclesia</span> 
     </span>
     <span class='ocr_line' id='line_1_69' title="bbox 1244 943 2221 993; baseline 0 -14"><span class='ocrx_word' id='word_1_454' title='bbox 1244 943 1349 993; x_wconf 61' lang='grc' dir='ltr'><em>λόγος</em></span> <span class='ocrx_word' id='word_1_455' title='bbox 1365 947 1521 980; x_wconf 88' lang='lat' dir='ltr'>accendit</span> <span class='ocrx_word' id='word_1_456' title='bbox 1537 947 1722 984; x_wconf 80' lang='lat' dir='ltr'>noticiam,</span> <span class='ocrx_word' id='word_1_457' title='bbox 1749 947 1902 990; x_wconf 77' lang='lat' dir='ltr'>Spiritus</span> <span class='ocrx_word' id='word_1_458' title='bbox 1920 954 2056 980; x_wconf 87' lang='lat' dir='ltr'>sanctus</span> <span class='ocrx_word' id='word_1_459' title='bbox 2080 948 2221 979; x_wconf 83' lang='lat' dir='ltr'>flamma</span> 
     </span>
     <span class='ocr_line' id='line_1_70' title="bbox 1245 996 2223 1035; baseline 0.001 -7"><span class='ocrx_word' id='word_1_460' title='bbox 1245 1004 1293 1029; x_wconf 91' lang='lat' dir='ltr'>est</span> <span class='ocrx_word' id='word_1_461' title='bbox 1317 997 1436 1028; x_wconf 88' lang='lat' dir='ltr'>divina</span> <span class='ocrx_word' id='word_1_462' title='bbox 1461 996 1496 1028; x_wconf 91' lang='lat' dir='ltr'>in</span> <span class='ocrx_word' id='word_1_463' title='bbox 1520 997 1684 1029; x_wconf 88' lang='lat' dir='ltr'>cordibus</span> <span class='ocrx_word' id='word_1_464' title='bbox 1700 998 1892 1030; x_wconf 82' lang='lat' dir='ltr'>exuscitans</span> <span class='ocrx_word' id='word_1_465' title='bbox 1910 997 2099 1035; x_wconf 73' lang='lat' dir='ltr'>laeticiam,</span> <span class='ocrx_word' id='word_1_466' title='bbox 2125 1008 2223 1029; x_wconf 92' lang='lat' dir='ltr'>amo-</span> 
     </span>
     <span class='ocr_line' id='line_1_71' title="bbox 1245 1046 2223 1084; baseline 0.002 -6"><span class='ocrx_word' id='word_1_467' title='bbox 1245 1058 1317 1078; x_wconf 88' lang='lat' dir='ltr'>rem</span> <span class='ocrx_word' id='word_1_468' title='bbox 1343 1046 1425 1084; x_wconf 89' lang='lat' dir='ltr'>Dei,</span> <span class='ocrx_word' id='word_1_469' title='bbox 1466 1047 1708 1080; x_wconf 81' lang='lat' dir='ltr'>fortitudinem</span> <span class='ocrx_word' id='word_1_470' title='bbox 1744 1047 1779 1078; x_wconf 88' lang='lat' dir='ltr'>in</span> <span class='ocrx_word' id='word_1_471' title='bbox 1813 1048 1979 1079; x_wconf 74' lang='lat' dir='ltr'>faciendis</span> <span class='ocrx_word' id='word_1_472' title='bbox 2003 1047 2168 1080; x_wconf 86' lang='lat' dir='ltr'>omnibus</span> <span class='ocrx_word' id='word_1_473' title='bbox 2191 1053 2223 1080; x_wconf 89' lang='lat' dir='ltr'>et</span> 
     </span>
     <span class='ocr_line' id='line_1_72' title="bbox 1248 1096 2141 1141; baseline 0.003 -13"><span class='ocrx_word' id='word_1_474' title='bbox 1248 1097 1481 1140; x_wconf 86' lang='lat' dir='ltr'>perferendis,</span> <span class='ocrx_word' id='word_1_475' title='bbox 1509 1109 1596 1141; x_wconf 86' lang='lat' dir='ltr'>quae</span> <span class='ocrx_word' id='word_1_476' title='bbox 1615 1096 1708 1130; x_wconf 88' lang='lat' dir='ltr'>Deus</span> <span class='ocrx_word' id='word_1_477' title='bbox 1731 1098 1804 1130; x_wconf 82' lang='lat' dir='ltr'>vult</span> <span class='ocrx_word' id='word_1_478' title='bbox 1822 1097 1893 1129; x_wconf 80' lang='lat' dir='ltr'>fieri</span> <span class='ocrx_word' id='word_1_479' title='bbox 1912 1104 1971 1130; x_wconf 90' lang='lat' dir='ltr'>aut</span> <span class='ocrx_word' id='word_1_480' title='bbox 1988 1098 2141 1131; x_wconf 85' lang='lat' dir='ltr'>tolerari.</span> 
     </span>
    </p>
   </div>
   <div class='ocr_carea' id='block_1_13' title="bbox 1249 1170 2227 1305">
    <p class='ocr_par' dir='ltr' id='par_1_16' title="bbox 1249 1170 2227 1305">
     <span class='ocr_line' id='line_1_73' title="bbox 1348 1170 2227 1215; baseline -0.002 -11"><span class='ocrx_word' id='word_1_481' title='bbox 1348 1171 1415 1204; x_wconf 83' lang='lat' dir='ltr'>Hic</span> <span class='ocrx_word' id='word_1_482' title='bbox 1436 1171 1505 1214; x_wconf 89' lang='lat' dir='ltr'>ipse</span> <span class='ocrx_word' id='word_1_483' title='bbox 1524 1170 1677 1214; x_wconf 87' lang='lat' dir='ltr'>Spiritus</span> <span class='ocrx_word' id='word_1_484' title='bbox 1697 1171 1838 1203; x_wconf 77' lang='lat' dir='ltr'>divinus</span> <span class='ocrx_word' id='word_1_485' title='bbox 1864 1171 2048 1215; x_wconf 85' lang='lat' dir='ltr'>permiscet</span> <span class='ocrx_word' id='word_1_486' title='bbox 2072 1183 2106 1203; x_wconf 87' lang='lat' dir='ltr'>se</span> <span class='ocrx_word' id='word_1_487' title='bbox 2127 1171 2227 1203; x_wconf 84' lang='lat' dir='ltr'>flam-</span> 
     </span>
     <span class='ocr_line' id='line_1_74' title="bbox 1249 1221 2227 1261; baseline 0 -7"><span class='ocrx_word' id='word_1_488' title='bbox 1249 1223 1312 1254; x_wconf 88' lang='lat' dir='ltr'>mis</span> <span class='ocrx_word' id='word_1_489' title='bbox 1331 1223 1365 1254; x_wconf 89' lang='lat' dir='ltr'>in</span> <span class='ocrx_word' id='word_1_490' title='bbox 1387 1229 1445 1254; x_wconf 85' lang='lat' dir='ltr'>tuo</span> <span class='ocrx_word' id='word_1_491' title='bbox 1463 1222 1565 1253; x_wconf 88' lang='lat' dir='ltr'>corde</span> <span class='ocrx_word' id='word_1_492' title='bbox 1584 1222 1684 1261; x_wconf 82' lang='lat' dir='ltr'>natis,</span> <span class='ocrx_word' id='word_1_493' title='bbox 1709 1228 1741 1254; x_wconf 88' lang='lat' dir='ltr'>et</span> <span class='ocrx_word' id='word_1_494' title='bbox 1758 1221 1857 1255; x_wconf 90' lang='lat' dir='ltr'>addit</span> <span class='ocrx_word' id='word_1_495' title='bbox 1875 1222 1922 1254; x_wconf 90' lang='lat' dir='ltr'>eis</span> <span class='ocrx_word' id='word_1_496' title='bbox 1942 1222 2116 1254; x_wconf 75' lang='lat' dir='ltr'>vivificum</span> <span class='ocrx_word' id='word_1_497' title='bbox 2134 1221 2227 1254; x_wconf 88' lang='lat' dir='ltr'>calo-</span> 
     </span>
     <span class='ocr_line' id='line_1_75' title="bbox 1249 1272 1697 1305; baseline -0.002 0"><span class='ocrx_word' id='word_1_498' title='bbox 1249 1286 1319 1305; x_wconf 80' lang='lat' dir='ltr'>rem</span> <span class='ocrx_word' id='word_1_499' title='bbox 1339 1279 1370 1305; x_wconf 86' lang='lat' dir='ltr'>et</span> <span class='ocrx_word' id='word_1_500' title='bbox 1388 1272 1554 1304; x_wconf 85' lang='lat' dir='ltr'>salutares</span> <span class='ocrx_word' id='word_1_501' title='bbox 1572 1279 1697 1305; x_wconf 79' lang='lat' dir='ltr'>motus.</span> 
     </span>
    </p>
   </div>
   <div class='ocr_carea' id='block_1_14' title="bbox 1250 1333 2232 1578">
    <p class='ocr_par' dir='ltr' id='par_1_17' title="bbox 1250 1333 2232 1578">
     <span class='ocr_line' id='line_1_76' title="bbox 1351 1333 2230 1376; baseline -0.001 -9"><span class='ocrx_word' id='word_1_502' title='bbox 1351 1334 1445 1368; x_wconf 82' lang='lat' dir='ltr'>Ilaec</span> <span class='ocrx_word' id='word_1_503' title='bbox 1468 1333 1632 1366; x_wconf 83' lang='lat' dir='ltr'>beneficia</span> <span class='ocrx_word' id='word_1_504' title='bbox 1650 1333 1714 1365; x_wconf 89' lang='lat' dir='ltr'>Dei</span> <span class='ocrx_word' id='word_1_505' title='bbox 1736 1334 1954 1375; x_wconf 86' lang='lat' dir='ltr'>agnoscenda</span> <span class='ocrx_word' id='word_1_506' title='bbox 1976 1341 2078 1373; x_wconf 85' lang='lat' dir='ltr'>sunt,</span> <span class='ocrx_word' id='word_1_507' title='bbox 2102 1341 2135 1366; x_wconf 88' lang='lat' dir='ltr'>et</span> <span class='ocrx_word' id='word_1_508' title='bbox 2153 1345 2230 1376; x_wconf 86' lang='lat' dir='ltr'>gra-</span> 
     </span>
     <span class='ocr_line' id='line_1_77' title="bbox 1252 1383 2230 1423; baseline -0.004 -8"><span class='ocrx_word' id='word_1_509' title='bbox 1252 1386 1391 1415; x_wconf 62' lang='lat' dir='ltr'>tissimis</span> <span class='ocrx_word' id='word_1_510' title='bbox 1409 1384 1607 1423; x_wconf 72' lang='lat' dir='ltr'>pectoribus</span> <span class='ocrx_word' id='word_1_511' title='bbox 1626 1383 1850 1419; x_wconf 73' lang='lat' dir='ltr'>celebranda,</span> <span class='ocrx_word' id='word_1_512' title='bbox 1877 1389 1909 1412; x_wconf 85' lang='lat' dir='ltr'>ct</span> <span class='ocrx_word' id='word_1_513' title='bbox 1927 1394 2060 1415; x_wconf 77' lang='lat' dir='ltr'>summa</span> <span class='ocrx_word' id='word_1_514' title='bbox 2077 1395 2158 1416; x_wconf 79' lang='lat' dir='ltr'>cura</span> <span class='ocrx_word' id='word_1_515' title='bbox 2175 1395 2230 1416; x_wconf 82' lang='lat' dir='ltr'>re-</span> 
     </span>
     <span class='ocr_line' id='line_1_78' title="bbox 1250 1429 2232 1475; baseline 0.001 -10"><span class='ocrx_word' id='word_1_516' title='bbox 1250 1432 1394 1466; x_wconf 88' lang='lat' dir='ltr'>tinenda</span> <span class='ocrx_word' id='word_1_517' title='bbox 1408 1456 1417 1470; x_wconf 92' lang='lat'>,</span> <span class='ocrx_word' id='word_1_518' title='bbox 1444 1431 1486 1461; x_wconf 90' lang='lat' dir='ltr'>de</span> <span class='ocrx_word' id='word_1_519' title='bbox 1501 1429 1628 1474; x_wconf 90' lang='lat' dir='ltr'>quibus</span> <span class='ocrx_word' id='word_1_520' title='bbox 1645 1441 1724 1461; x_wconf 91' lang='lat' dir='ltr'>cum</span> <span class='ocrx_word' id='word_1_521' title='bbox 1750 1429 1958 1471; x_wconf 77' lang='lat' dir='ltr'>cogitamus,</span> <span class='ocrx_word' id='word_1_522' title='bbox 1988 1437 2079 1463; x_wconf 87' lang='lat' dir='ltr'>certe</span> <span class='ocrx_word' id='word_1_523' title='bbox 2099 1433 2232 1475; x_wconf 86' lang='lat' dir='ltr'>adspici</span> 
     </span>
     <span class='ocr_line' id='line_1_79' title="bbox 1251 1477 2232 1523; baseline 0 -7"><span class='ocrx_word' id='word_1_524' title='bbox 1251 1489 1369 1515; x_wconf 88' lang='lat' dir='ltr'>nostra</span> <span class='ocrx_word' id='word_1_525' title='bbox 1388 1480 1542 1512; x_wconf 87' lang='lat' dir='ltr'>membra</span> <span class='ocrx_word' id='word_1_526' title='bbox 1560 1485 1707 1523; x_wconf 89' lang='lat' dir='ltr'>oportet.</span> <span class='ocrx_word' id='word_1_527' title='bbox 1758 1477 1806 1513; x_wconf 87' lang='lat' dir='ltr'>Et</span> <span class='ocrx_word' id='word_1_528' title='bbox 1823 1479 1932 1513; x_wconf 87' lang='lat' dir='ltr'>multa</span> <span class='ocrx_word' id='word_1_529' title='bbox 1948 1491 2012 1513; x_wconf 88' lang='lat' dir='ltr'>nos</span> <span class='ocrx_word' id='word_1_530' title='bbox 2032 1482 2132 1515; x_wconf 89' lang='lat' dir='ltr'>docet</span> <span class='ocrx_word' id='word_1_531' title='bbox 2147 1479 2232 1516; x_wconf 85' lang='lat' dir='ltr'>haec</span> 
     </span>
     <span class='ocr_line' id='line_1_80' title="bbox 1252 1529 1766 1578; baseline -0.008 -13"><span class='ocrx_word' id='word_1_532' title='bbox 1252 1531 1503 1578; x_wconf 84' lang='lat' dir='ltr'>qualiscunque</span> <span class='ocrx_word' id='word_1_533' title='bbox 1520 1529 1766 1564; x_wconf 86' lang='lat' dir='ltr'>consideratio.</span> 
     </span>
    </p>
   </div>
   <div class='ocr_carea' id='block_1_15' title="bbox 1255 1595 2240 2597">
    <p class='ocr_par' dir='ltr' id='par_1_18' title="bbox 1255 1595 2240 2597">
     <span class='ocr_line' id='line_1_81' title="bbox 1354 1595 2230 1635; baseline 0.005 -6"><span class='ocrx_word' id='word_1_534' title='bbox 1354 1596 1445 1630; x_wconf 88' lang='lat' dir='ltr'>Sunt</span> <span class='ocrx_word' id='word_1_535' title='bbox 1462 1602 1495 1628; x_wconf 88' lang='lat' dir='ltr'>et</span> <span class='ocrx_word' id='word_1_536' title='bbox 1512 1595 1599 1628; x_wconf 89' lang='lat' dir='ltr'>aliae</span> <span class='ocrx_word' id='word_1_537' title='bbox 1616 1595 1784 1629; x_wconf 85' lang='lat' dir='ltr'>utilitates</span> <span class='ocrx_word' id='word_1_538' title='bbox 1801 1595 1981 1628; x_wconf 89' lang='lat' dir='ltr'>doctrinae</span> <span class='ocrx_word' id='word_1_539' title='bbox 2005 1599 2230 1635; x_wconf 85' lang='lat' dir='ltr'>anatomicae.</span> 
     </span>
     <span class='ocr_line' id='line_1_82' title="bbox 1255 1645 2232 1689; baseline 0.001 -8"><span class='ocrx_word' id='word_1_540' title='bbox 1255 1645 1355 1681; x_wconf 89' lang='lat' dir='ltr'>Ordo</span> <span class='ocrx_word' id='word_1_541' title='bbox 1371 1647 1408 1678; x_wconf 88' lang='lat' dir='ltr'>in</span> <span class='ocrx_word' id='word_1_542' title='bbox 1426 1652 1497 1679; x_wconf 88' lang='lat' dir='ltr'>tota</span> <span class='ocrx_word' id='word_1_543' title='bbox 1516 1651 1640 1679; x_wconf 89' lang='lat' dir='ltr'>natura</span> <span class='ocrx_word' id='word_1_544' title='bbox 1656 1657 1793 1686; x_wconf 90' lang='lat' dir='ltr'>rerum,</span> <span class='ocrx_word' id='word_1_545' title='bbox 1829 1646 1916 1678; x_wconf 88' lang='lat' dir='ltr'>coeli</span> <span class='ocrx_word' id='word_1_546' title='bbox 1934 1653 1966 1679; x_wconf 91' lang='lat' dir='ltr'>et</span> <span class='ocrx_word' id='word_1_547' title='bbox 1983 1653 2092 1680; x_wconf 86' lang='lat' dir='ltr'>terrae</span> <span class='ocrx_word' id='word_1_548' title='bbox 2108 1649 2232 1689; x_wconf 85' lang='lat' dir='ltr'>forma,</span> 
     </span>
     <span class='ocr_line' id='line_1_83' title="bbox 1255 1695 2233 1741; baseline 0.002 -10"><span class='ocrx_word' id='word_1_549' title='bbox 1255 1705 1287 1731; x_wconf 93' lang='lat' dir='ltr'>et</span> <span class='ocrx_word' id='word_1_550' title='bbox 1304 1697 1455 1741; x_wconf 87' lang='lat' dir='ltr'>positus,</span> <span class='ocrx_word' id='word_1_551' title='bbox 1479 1695 1570 1728; x_wconf 90' lang='lat' dir='ltr'>vices</span> <span class='ocrx_word' id='word_1_552' title='bbox 1585 1702 1743 1729; x_wconf 89' lang='lat' dir='ltr'>motuum</span> <span class='ocrx_word' id='word_1_553' title='bbox 1762 1702 1796 1728; x_wconf 89' lang='lat' dir='ltr'>et</span> <span class='ocrx_word' id='word_1_554' title='bbox 1812 1703 2023 1739; x_wconf 91' lang='lat' dir='ltr'>temporum,</span> <span class='ocrx_word' id='word_1_555' title='bbox 2049 1698 2233 1732; x_wconf 89' lang='lat' dir='ltr'>foecundi-</span> 
     </span>
     <span class='ocr_line' id='line_1_84' title="bbox 1257 1743 2232 1787; baseline 0.001 -5"><span class='ocrx_word' id='word_1_556' title='bbox 1257 1756 1306 1782; x_wconf 90' lang='lat' dir='ltr'>tas</span> <span class='ocrx_word' id='word_1_557' title='bbox 1323 1755 1454 1787; x_wconf 85' lang='lat' dir='ltr'>terrae,</span> <span class='ocrx_word' id='word_1_558' title='bbox 1482 1746 1673 1779; x_wconf 86' lang='lat' dir='ltr'>ostendunt</span> <span class='ocrx_word' id='word_1_559' title='bbox 1690 1743 1786 1779; x_wconf 86' lang='lat' dir='ltr'>hunc</span> <span class='ocrx_word' id='word_1_560' title='bbox 1803 1747 1975 1779; x_wconf 89' lang='lat' dir='ltr'>mundum</span> <span class='ocrx_word' id='word_1_561' title='bbox 1992 1760 2065 1780; x_wconf 89' lang='lat' dir='ltr'>non</span> <span class='ocrx_word' id='word_1_562' title='bbox 2088 1760 2168 1783; x_wconf 90' lang='lat' dir='ltr'>casu</span> <span class='ocrx_word' id='word_1_563' title='bbox 2192 1763 2232 1783; x_wconf 85' lang='lat' dir='ltr'>ex</span> 
     </span>
     <span class='ocr_line' id='line_1_85' title="bbox 1256 1796 2234 1836; baseline 0.002 -5"><span class='ocrx_word' id='word_1_564' title='bbox 1256 1797 1451 1831; x_wconf 84' lang='lat' dir='ltr'>Democriti</span> <span class='ocrx_word' id='word_1_565' title='bbox 1482 1796 1606 1829; x_wconf 90' lang='lat' dir='ltr'>atomis</span> <span class='ocrx_word' id='word_1_566' title='bbox 1636 1797 1863 1836; x_wconf 84' lang='lat' dir='ltr'>confluxisse,</span> <span class='ocrx_word' id='word_1_567' title='bbox 1905 1798 1963 1830; x_wconf 87' lang='lat' dir='ltr'>sed</span> <span class='ocrx_word' id='word_1_568' title='bbox 1986 1809 2058 1831; x_wconf 89' lang='lat' dir='ltr'>esse</span> <span class='ocrx_word' id='word_1_569' title='bbox 2082 1806 2234 1833; x_wconf 89' lang='lat' dir='ltr'>mentem</span> 
     </span>
     <span class='ocr_line' id='line_1_86' title="bbox 1256 1846 2234 1891; baseline 0.003 -10"><span class='ocrx_word' id='word_1_570' title='bbox 1256 1846 1590 1885; x_wconf 81' lang='lat' dir='ltr'>arcliitectatricem‚</span> <span class='ocrx_word' id='word_1_571' title='bbox 1625 1859 1714 1891; x_wconf 88' lang='lat' dir='ltr'>quae</span> <span class='ocrx_word' id='word_1_572' title='bbox 1736 1847 1895 1880; x_wconf 90' lang='lat' dir='ltr'>consulto</span> <span class='ocrx_word' id='word_1_573' title='bbox 1918 1854 1951 1881; x_wconf 90' lang='lat' dir='ltr'>et</span> <span class='ocrx_word' id='word_1_574' title='bbox 1973 1855 2045 1882; x_wconf 88' lang='lat' dir='ltr'>arte</span> <span class='ocrx_word' id='word_1_575' title='bbox 2071 1849 2234 1884; x_wconf 86' lang='lat' dir='ltr'>formavit</span> 
     </span>
     <span class='ocr_line' id='line_1_87' title="bbox 1257 1896 2236 1943; baseline 0.003 -13"><span class='ocrx_word' id='word_1_576' title='bbox 1257 1899 1374 1931; x_wconf 89' lang='lat' dir='ltr'>omnia</span> <span class='ocrx_word' id='word_1_577' title='bbox 1403 1909 1518 1941; x_wconf 88' lang='lat' dir='ltr'>opera.</span> <span class='ocrx_word' id='word_1_578' title='bbox 1576 1896 1804 1930; x_wconf 85' lang='lat' dir='ltr'>Manifestum</span> <span class='ocrx_word' id='word_1_579' title='bbox 1833 1903 1881 1930; x_wconf 89' lang='lat' dir='ltr'>est</span> <span class='ocrx_word' id='word_1_580' title='bbox 1907 1904 2022 1931; x_wconf 89' lang='lat' dir='ltr'>autem</span> <span class='ocrx_word' id='word_1_581' title='bbox 2044 1898 2236 1943; x_wconf 89' lang='lat' dir='ltr'>plurimum</span> 
     </span>
     <span class='ocr_line' id='line_1_88' title="bbox 1258 1945 2236 1992; baseline 0.002 -11"><span class='ocrx_word' id='word_1_582' title='bbox 1258 1960 1329 1981; x_wconf 85' lang='lat' dir='ltr'>esse</span> <span class='ocrx_word' id='word_1_583' title='bbox 1354 1948 1438 1982; x_wconf 85' lang='lat' dir='ltr'>artis</span> <span class='ocrx_word' id='word_1_584' title='bbox 1462 1948 1498 1980; x_wconf 91' lang='lat' dir='ltr'>in</span> <span class='ocrx_word' id='word_1_585' title='bbox 1525 1947 1683 1981; x_wconf 81' lang='lat' dir='ltr'>aedificio</span> <span class='ocrx_word' id='word_1_586' title='bbox 1709 1945 1855 1980; x_wconf 89' lang='lat' dir='ltr'>humani</span> <span class='ocrx_word' id='word_1_587' title='bbox 1875 1949 2041 1992; x_wconf 72' lang='lat' dir='ltr'>corporis.</span> <span class='ocrx_word' id='word_1_588' title='bbox 2100 1949 2236 1983; x_wconf 88' lang='lat' dir='ltr'>Deinde</span> 
     </span>
     <span class='ocr_line' id='line_1_89' title="bbox 1259 1997 2237 2041; baseline 0.003 -10"><span class='ocrx_word' id='word_1_589' title='bbox 1259 1997 1342 2032; x_wconf 83' lang='lat' dir='ltr'>haec</span> <span class='ocrx_word' id='word_1_590' title='bbox 1371 2006 1453 2032; x_wconf 88' lang='lat' dir='ltr'>sunt</span> <span class='ocrx_word' id='word_1_591' title='bbox 1482 1997 1631 2030; x_wconf 85' lang='lat' dir='ltr'>maxime</span> <span class='ocrx_word' id='word_1_592' title='bbox 1661 1998 1841 2041; x_wconf 88' lang='lat' dir='ltr'>perspicua</span> <span class='ocrx_word' id='word_1_593' title='bbox 1865 1999 2063 2032; x_wconf 87' lang='lat' dir='ltr'>testimonia</span> <span class='ocrx_word' id='word_1_594' title='bbox 2084 2001 2126 2033; x_wconf 88' lang='lat' dir='ltr'>de</span> <span class='ocrx_word' id='word_1_595' title='bbox 2149 1999 2237 2041; x_wconf 90' lang='lat' dir='ltr'>Deo,</span> 
     </span>
     <span class='ocr_line' id='line_1_90' title="bbox 1259 2048 2237 2094; baseline 0 -11"><span class='ocrx_word' id='word_1_596' title='bbox 1259 2050 1353 2094; x_wconf 88' lang='lat' dir='ltr'>quod</span> <span class='ocrx_word' id='word_1_597' title='bbox 1371 2049 1408 2081; x_wconf 90' lang='lat' dir='ltr'>in</span> <span class='ocrx_word' id='word_1_598' title='bbox 1424 2049 1564 2082; x_wconf 89' lang='lat' dir='ltr'>cerebro</span> <span class='ocrx_word' id='word_1_599' title='bbox 1582 2048 1732 2081; x_wconf 87' lang='lat' dir='ltr'>noticiae</span> <span class='ocrx_word' id='word_1_600' title='bbox 1748 2055 1831 2082; x_wconf 88' lang='lat' dir='ltr'>sunt</span> <span class='ocrx_word' id='word_1_601' title='bbox 1846 2060 2075 2082; x_wconf 88' lang='lat' dir='ltr'>numerorum</span> <span class='ocrx_word' id='word_1_602' title='bbox 2090 2057 2123 2083; x_wconf 89' lang='lat' dir='ltr'>et</span> <span class='ocrx_word' id='word_1_603' title='bbox 2140 2052 2237 2084; x_wconf 86' lang='lat' dir='ltr'>ordi-</span> 
     </span>
     <span class='ocr_line' id='line_1_91' title="bbox 1260 2097 2238 2144; baseline 0.001 -12"><span class='ocrx_word' id='word_1_604' title='bbox 1260 2100 1334 2140; x_wconf 86' lang='lat' dir='ltr'>nis,</span> <span class='ocrx_word' id='word_1_605' title='bbox 1360 2106 1392 2133; x_wconf 91' lang='lat' dir='ltr'>et</span> <span class='ocrx_word' id='word_1_606' title='bbox 1409 2106 1547 2132; x_wconf 83' lang='lat' dir='ltr'>aeterna</span> <span class='ocrx_word' id='word_1_607' title='bbox 1566 2098 1744 2132; x_wconf 88' lang='lat' dir='ltr'>distinctio</span> <span class='ocrx_word' id='word_1_608' title='bbox 1762 2097 1989 2132; x_wconf 81' lang='lat' dir='ltr'>honestorum</span> <span class='ocrx_word' id='word_1_609' title='bbox 2013 2107 2045 2134; x_wconf 88' lang='lat' dir='ltr'>et</span> <span class='ocrx_word' id='word_1_610' title='bbox 2070 2101 2238 2144; x_wconf 88' lang='lat' dir='ltr'>turpium,</span> 
     </span>
     <span class='ocr_line' id='line_1_92' title="bbox 1260 2149 2237 2189; baseline 0.001 -6"><span class='ocrx_word' id='word_1_611' title='bbox 1260 2157 1293 2184; x_wconf 89' lang='lat' dir='ltr'>et</span> <span class='ocrx_word' id='word_1_612' title='bbox 1310 2150 1347 2182; x_wconf 91' lang='lat' dir='ltr'>in</span> <span class='ocrx_word' id='word_1_613' title='bbox 1362 2151 1466 2183; x_wconf 88' lang='lat' dir='ltr'>corde</span> <span class='ocrx_word' id='word_1_614' title='bbox 1484 2149 1714 2182; x_wconf 86' lang='lat' dir='ltr'>immutabilis</span> <span class='ocrx_word' id='word_1_615' title='bbox 1733 2149 1860 2182; x_wconf 87' lang='lat' dir='ltr'>vindex</span> <span class='ocrx_word' id='word_1_616' title='bbox 1878 2156 1910 2182; x_wconf 91' lang='lat' dir='ltr'>et</span> <span class='ocrx_word' id='word_1_617' title='bbox 1927 2150 2099 2189; x_wconf 85' lang='lat' dir='ltr'>carnifex,</span> <span class='ocrx_word' id='word_1_618' title='bbox 2134 2151 2237 2184; x_wconf 92' lang='lat' dir='ltr'>dolor</span> 
     </span>
     <span class='ocr_line' id='line_1_93' title="bbox 1261 2198 2237 2245; baseline 0.002 -12"><span class='ocrx_word' id='word_1_619' title='bbox 1261 2200 1411 2245; x_wconf 83' lang='lat' dir='ltr'>puniens</span> <span class='ocrx_word' id='word_1_620' title='bbox 1426 2200 1562 2233; x_wconf 86' lang='lat' dir='ltr'>scelera.</span> <span class='ocrx_word' id='word_1_621' title='bbox 1617 2198 1712 2233; x_wconf 90' lang='lat' dir='ltr'>Haec</span> <span class='ocrx_word' id='word_1_622' title='bbox 1737 2212 1807 2232; x_wconf 90' lang='lat' dir='ltr'>non</span> <span class='ocrx_word' id='word_1_623' title='bbox 1831 2205 1912 2232; x_wconf 89' lang='lat' dir='ltr'>sunt</span> <span class='ocrx_word' id='word_1_624' title='bbox 1935 2210 2015 2233; x_wconf 91' lang='lat' dir='ltr'>casu</span> <span class='ocrx_word' id='word_1_625' title='bbox 2038 2206 2134 2242; x_wconf 82' lang='lat' dir='ltr'>orta,</span> <span class='ocrx_word' id='word_1_626' title='bbox 2174 2214 2237 2235; x_wconf 90' lang='lat' dir='ltr'>nec</span> 
     </span>
     <span class='ocr_line' id='line_1_94' title="bbox 1262 2249 2237 2296; baseline 0.001 -12"><span class='ocrx_word' id='word_1_627' title='bbox 1262 2251 1426 2296; x_wconf 88' lang='lat' dir='ltr'>possibile</span> <span class='ocrx_word' id='word_1_628' title='bbox 1460 2257 1510 2284; x_wconf 90' lang='lat' dir='ltr'>est</span> <span class='ocrx_word' id='word_1_629' title='bbox 1540 2256 1683 2284; x_wconf 84' lang='lat' dir='ltr'>naturas</span> <span class='ocrx_word' id='word_1_630' title='bbox 1708 2249 1941 2292; x_wconf 84' lang='lat' dir='ltr'>intelligentes</span> <span class='ocrx_word' id='word_1_631' title='bbox 1967 2261 1987 2283; x_wconf 91' lang='lat' dir='ltr'>a</span> <span class='ocrx_word' id='word_1_632' title='bbox 2014 2250 2117 2284; x_wconf 87' lang='lat' dir='ltr'>bruta</span> <span class='ocrx_word' id='word_1_633' title='bbox 2145 2259 2237 2285; x_wconf 90' lang='lat' dir='ltr'>ortas</span> 
     </span>
     <span class='ocr_line' id='line_1_95' title="bbox 1261 2299 2237 2344; baseline 0.001 -9"><span class='ocrx_word' id='word_1_634' title='bbox 1261 2313 1343 2335; x_wconf 89' lang='lat' dir='ltr'>esse.</span> <span class='ocrx_word' id='word_1_635' title='bbox 1392 2300 1538 2334; x_wconf 88' lang='lat' dir='ltr'>Necesse</span> <span class='ocrx_word' id='word_1_636' title='bbox 1560 2308 1610 2334; x_wconf 88' lang='lat' dir='ltr'>est</span> <span class='ocrx_word' id='word_1_637' title='bbox 1627 2301 1734 2344; x_wconf 88' lang='lat' dir='ltr'>igitur</span> <span class='ocrx_word' id='word_1_638' title='bbox 1749 2299 1850 2334; x_wconf 83' lang='lat' dir='ltr'>fateri</span> <span class='ocrx_word' id='word_1_639' title='bbox 1869 2305 1902 2333; x_wconf 92' lang='lat' dir='ltr'>et</span> <span class='ocrx_word' id='word_1_640' title='bbox 1918 2311 1989 2333; x_wconf 90' lang='lat' dir='ltr'>esse</span> <span class='ocrx_word' id='word_1_641' title='bbox 2003 2300 2116 2334; x_wconf 89' lang='lat' dir='ltr'>Deum</span> <span class='ocrx_word' id='word_1_642' title='bbox 2137 2314 2237 2336; x_wconf 86' lang='lat' dir='ltr'>men-</span> 
     </span>
     <span class='ocr_line' id='line_1_96' title="bbox 1260 2351 2239 2395; baseline 0.002 -10"><span class='ocrx_word' id='word_1_643' title='bbox 1260 2358 1331 2385; x_wconf 88' lang='lat' dir='ltr'>tem</span> <span class='ocrx_word' id='word_1_644' title='bbox 1348 2351 1579 2385; x_wconf 90' lang='lat' dir='ltr'>conditricem</span> <span class='ocrx_word' id='word_1_645' title='bbox 1604 2363 1742 2391; x_wconf 89' lang='lat' dir='ltr'>rerum,</span> <span class='ocrx_word' id='word_1_646' title='bbox 1770 2356 1802 2383; x_wconf 90' lang='lat' dir='ltr'>et</span> <span class='ocrx_word' id='word_1_647' title='bbox 1826 2361 1898 2383; x_wconf 85' lang='lat' dir='ltr'>esse</span> <span class='ocrx_word' id='word_1_648' title='bbox 1920 2351 2044 2392; x_wconf 87' lang='lat' dir='ltr'>talem,</span> <span class='ocrx_word' id='word_1_649' title='bbox 2069 2364 2239 2395; x_wconf 88' lang='lat' dir='ltr'>veracem,</span> 
     </span>
     <span class='ocr_line' id='line_1_97' title="bbox 1260 2401 2240 2445; baseline 0.001 -9"><span class='ocrx_word' id='word_1_650' title='bbox 1260 2402 1471 2443; x_wconf 87' lang='lat' dir='ltr'>beneficum,</span> <span class='ocrx_word' id='word_1_651' title='bbox 1511 2401 1660 2440; x_wconf 87' lang='lat' dir='ltr'>iustum,</span> <span class='ocrx_word' id='word_1_652' title='bbox 1703 2407 1853 2439; x_wconf 87' lang='lat' dir='ltr'>castum,</span> <span class='ocrx_word' id='word_1_653' title='bbox 1894 2402 2031 2445; x_wconf 88' lang='lat' dir='ltr'>qualem</span> <span class='ocrx_word' id='word_1_654' title='bbox 2056 2403 2240 2437; x_wconf 87' lang='lat' dir='ltr'>transfusis</span> 
     </span>
     <span class='ocr_line' id='line_1_98' title="bbox 1260 2450 2240 2496; baseline 0.001 -11"><span class='ocrx_word' id='word_1_655' title='bbox 1260 2453 1298 2485; x_wconf 91' lang='lat' dir='ltr'>in</span> <span class='ocrx_word' id='word_1_656' title='bbox 1320 2464 1383 2485; x_wconf 89' lang='lat' dir='ltr'>nos</span> <span class='ocrx_word' id='word_1_657' title='bbox 1405 2452 1576 2486; x_wconf 88' lang='lat' dir='ltr'>virtutum</span> <span class='ocrx_word' id='word_1_658' title='bbox 1599 2451 1757 2492; x_wconf 83' lang='lat' dir='ltr'>noticiis,</span> <span class='ocrx_word' id='word_1_659' title='bbox 1784 2462 1856 2484; x_wconf 67' lang='lat' dir='ltr'>esse</span> <span class='ocrx_word' id='word_1_660' title='bbox 1871 2462 1906 2484; x_wconf 91' lang='lat' dir='ltr'>se</span> <span class='ocrx_word' id='word_1_661' title='bbox 1921 2450 2083 2486; x_wconf 85' lang='lat' dir='ltr'>ostendit.</span> <span class='ocrx_word' id='word_1_662' title='bbox 2135 2452 2240 2496; x_wconf 86' lang='lat' dir='ltr'>Cogi-</span> 
     </span>
     <span class='ocr_line' id='line_1_99' title="bbox 1261 2501 2240 2547; baseline 0 -11"><span class='ocrx_word' id='word_1_663' title='bbox 1261 2509 1330 2537; x_wconf 88' lang='lat' dir='ltr'>tate</span> <span class='ocrx_word' id='word_1_664' title='bbox 1344 2514 1472 2547; x_wconf 86' lang='lat' dir='ltr'>quaeso</span> <span class='ocrx_word' id='word_1_665' title='bbox 1489 2503 1532 2536; x_wconf 91' lang='lat' dir='ltr'>de</span> <span class='ocrx_word' id='word_1_666' title='bbox 1549 2502 1688 2547; x_wconf 88' lang='lat' dir='ltr'>quantis</span> <span class='ocrx_word' id='word_1_667' title='bbox 1710 2502 1815 2535; x_wconf 90' lang='lat' dir='ltr'>rebus</span> <span class='ocrx_word' id='word_1_668' title='bbox 1838 2501 1961 2535; x_wconf 86' lang='lat' dir='ltr'>insitae</span> <span class='ocrx_word' id='word_1_669' title='bbox 1980 2502 2050 2536; x_wconf 85' lang='lat' dir='ltr'>sint</span> <span class='ocrx_word' id='word_1_670' title='bbox 2072 2503 2175 2536; x_wconf 88' lang='lat' dir='ltr'>nobis</span> <span class='ocrx_word' id='word_1_671' title='bbox 2195 2504 2240 2536; x_wconf 87' lang='lat' dir='ltr'>il-</span> 
     </span>
     <span class='ocr_line' id='line_1_100' title="bbox 1261 2552 2239 2597; baseline 0 -11"><span class='ocrx_word' id='word_1_672' title='bbox 1261 2554 1386 2587; x_wconf 88' lang='lat' dir='ltr'>lustres</span> <span class='ocrx_word' id='word_1_673' title='bbox 1403 2552 1773 2593; x_wconf 85' lang='lat' dir='ltr'>commonefactiones‚</span> <span class='ocrx_word' id='word_1_674' title='bbox 1793 2563 1881 2597; x_wconf 86' lang='lat' dir='ltr'>quae</span> <span class='ocrx_word' id='word_1_675' title='bbox 1904 2563 1939 2585; x_wconf 91' lang='lat' dir='ltr'>se</span> <span class='ocrx_word' id='word_1_676' title='bbox 1961 2553 2114 2586; x_wconf 87' lang='lat' dir='ltr'>offerunt</span> <span class='ocrx_word' id='word_1_677' title='bbox 2129 2554 2239 2588; x_wconf 88' lang='lat' dir='ltr'>oculis</span> 
     </span>
    </p>
   </div>
   <div class='ocr_carea' id='block_1_16' title="bbox 1261 2603 2240 2698">
    <p class='ocr_par' dir='ltr' id='par_1_19' title="bbox 1261 2603 2240 2698">
     <span class='ocr_line' id='line_1_101' title="bbox 1261 2603 2240 2647; baseline 0.002 -11"><span class='ocrx_word' id='word_1_678' title='bbox 1261 2604 1409 2642; x_wconf 90' lang='lat' dir='ltr'>nostris,</span> <span class='ocrx_word' id='word_1_679' title='bbox 1449 2616 1528 2638; x_wconf 91' lang='lat' dir='ltr'>cum</span> <span class='ocrx_word' id='word_1_680' title='bbox 1554 2603 1712 2647; x_wconf 81' lang='lat' dir='ltr'>membra</span> <span class='ocrx_word' id='word_1_681' title='bbox 1744 2609 1778 2637; x_wconf 92' lang='lat' dir='ltr'>et</span> <span class='ocrx_word' id='word_1_682' title='bbox 1805 2614 1926 2636; x_wconf 87' lang='lat' dir='ltr'>eorum</span> <span class='ocrx_word' id='word_1_683' title='bbox 1949 2603 2062 2637; x_wconf 85' lang='lat' dir='ltr'>officia</span> <span class='ocrx_word' id='word_1_684' title='bbox 2083 2610 2240 2638; x_wconf 89' lang='lat' dir='ltr'>contem-</span> 
     </span>
     <span class='ocr_line' id='line_1_102' title="bbox 1261 2654 1410 2698; baseline 0.013 -12"><span class='ocrx_word' id='word_1_685' title='bbox 1261 2654 1410 2698; x_wconf 88' lang='lat' dir='ltr'>plamur.</span> 
     </span>
    </p>
   </div>
  </div>
 </body>
</html>
