2324 2955
106 116 179 152 475

103 249 246 295 (XIX.)
272 251 377 285 Alia
402 249 694 294 disputatio:
720 249 764 284 de
780 248 1019 298 abrogatione
1034 251 1089 286 le-

267 304 338 350 gis.
393 303 497 344 (opp.
523 301 615 333 Basa.
634 302 672 334 T.
689 301 748 336 111.
776 316 808 344 p.
825 305 916 344 323.)

103 395 223 437 Vetus
242 399 510 434 Testamentum
527 399 658 433 dicitur
679 399 733 432 lex
751 399 866 441 Masi,
889 401 972 446 quia
989 401 1087 445 prIus

103 452 255 486 revelata
283 457 333 484 est
354 462 434 484 cum
454 449 600 495 publico
625 450 826 485 testimonio
843 463 949 497 quam
964 451 1086 487 Evan-

123 502 240 536 elium.

100 514 121 546 g
199 553 234 588 2.
282 551 424 586 Novum
457 551 722 585 Testamentum
755 558 806 585 est
837 549 1084 596 Evangelium‚

98 604 181 649 quia
205 603 269 637 etsi
285 601 519 645 Evangelium
545 602 590 635 ab
616 601 719 634 initio
743 603 871 635 mundi
888 604 1081 637 revelatum

96 655 186 696 suit,
220 661 337 688 tamen
370 653 431 686 illa
461 653 629 686 revelatio
654 652 722 686 fuit
752 654 844 697 apud
868 665 1014 697 paucos,
1049 661 1082 689 et

95 703 330 749 Evangelium
356 703 497 748 publice
521 714 680 747 sparsum
706 709 757 736 est
781 704 818 736 in
845 710 959 738 totum
975 716 1081 738 mun—

95 756 201 797 dum,
227 756 329 798 longe
347 761 424 798 post
440 754 628 788 revelatam
654 753 765 796 legem
784 753 888 790 Mosi.

195 806 229 842 8.
272 804 345 839 Lex
368 816 505 849 semper
530 805 635 839 durat
665 805 710 838 ab
743 804 845 839 initio
877 804 1005 838 mundi
1034 805 1078 838 ad

92 857 208 890 finem.

196 906 231 943 4.
263 904 414 942 Etiamsi
429 906 515 941 certi
531 906 675 951 quidam
699 916 814 939 mores
831 904 982 939 Mosaici
1003 917 1077 939 non

93 959 239 999 durant,
273 959 334 1003 qui
367 959 510 992 fuerunt
541 956 695 990 instituti
728 957 772 989 ad
803 957 1077 990 discernendum

93 1009 194 1043 illum
212 1009 382 1053 populum
398 1009 441 1042 ab
465 1007 542 1040 aliis
560 1006 736 1050 gentibuS.

193 1058 230 1094 5.
265 1058 379 1092 Durat
396 1065 513 1093 tamen
529 1056 725 1099 Decalogus
743 1056 893 1101 scriptus
917 1057 955 1090 in
974 1069 1076 1090 men-

91 1110 187 1144 tibus
202 1108 398 1144 hominum.
447 1109 596 1142 Manent
613 1115 646 1142 et
661 1108 755 1152 apud
773 1119 838 1141 nos
852 1114 992 1142 nostrae
1009 1120 1076 1142 πο-

91 1163 109 1194 λ
172 1159 179 1171 '
220 1184 231 1195 .

112 1173 226 1245 nauti.
260 1210 333 1244 Lex
348 1222 422 1243 non
438 1210 516 1243 ideo
542 1209 664 1250 durat,
692 1208 774 1253 quia
791 1207 887 1242 Mosi
909 1209 991 1243 data
1012 1214 1075 1250 est,

90 1263 150 1296 sed
169 1262 250 1308 quia
269 1261 442 1294 divinitus
460 1261 496 1292 in
516 1260 643 1293 animis
658 1259 786 1302 scripta
805 1266 868 1294 est.

192 1312 227 1346 7.
274 1311 397 1357 ltaque
431 1312 543 1343 donec
573 1315 692 1342 manet
722 1306 909 1342 hominum
938 1315 1075 1350 natura,

90 1369 208 1397 manet
238 1362 303 1397 lex.

192 1414 226 1447 8.
263 1412 336 1445 Lex
354 1411 463 1444 Moisi
487 1408 602 1443 nihilo
625 1410 735 1452 magis
750 1409 793 1442 ad
820 1420 885 1441 nos
911 1409 1073 1452 pertinet,

88 1475 193 1508 quam
222 1463 313 1504 leges
335 1461 499 1500 Solonis,
534 1461 653 1503 itaque
686 1465 849 1492 tenemur
870 1459 963 1501 lege,
998 1471 1072 1491 non

88 1520 234 1558 propter
249 1511 411 1549 Moisen,
439 1510 498 1543 sed
516 1510 598 1554 quia
615 1509 653 1540 in
670 1515 795 1541 natura
813 1508 942 1550 scripta
958 1515 1020 1541 est.

187 1563 223 1599 9.
255 1560 487 1605 Evangelium
503 1571 640 1603 semper
656 1560 759 1592 durat
774 1557 818 1592 ab
842 1557 945 1590 initio
965 1570 1072 1591 mun-

86 1616 124 1649 di
147 1625 258 1659 usque
281 1614 325 1646 ad
348 1612 475 1652 finem,
501 1623 574 1644 non
602 1609 682 1655 quia
706 1609 743 1641 in
759 1615 884 1642 natura
900 1608 1069 1653 scriptum

89 1666 150 1706 sit,
176 1665 235 1697 sed
252 1664 334 1708 quia
350 1662 541 1695 revelatum
558 1668 608 1695 est
632 1660 815 1693 divinitus.

193 1714 249 1749 10.
283 1712 403 1746 Patres
420 1724 493 1745 nou
512 1723 572 1755 per
591 1711 719 1753 legem,
746 1711 804 1743 sed
828 1720 890 1752 per
906 1706 1068 1751 Evange-

89 1767 199 1804 lium,
242 1764 362 1797 eadem
392 1763 459 1795 fide
486 1762 521 1793 in
543 1759 726 1794 Christum
758 1766 949 1793 venturum
980 1759 1068 1793 salvi

87 1815 169 1850 sacti
184 1821 287 1856 sunt,
313 1824 382 1859 qua
399 1812 510 1846 sancti
527 1824 621 1845 nunc
636 1822 776 1856 quoque
792 1810 879 1844 salvi
898 1810 996 1845 fiunt.

191 1866 249 1899 11.
291 1863 394 1908 Legis
418 1862 599 1906 abrogatio
626 1873 699 1894 non
723 1861 827 1895 debet
844 1861 993 1904 intelligi
1022 1861 1066 1894 de

85 1916 182 1952 civili
198 1916 287 1957 vita,
312 1915 377 1949 etsi
393 1926 514 1947 verum
531 1919 602 1955 est,
627 1911 819 1946 Mosaicam
834 1911 995 1956 politiam
1009 1912 1066 1945 ni-

85 1967 137 2002 hil
154 1968 197 2001 ad
215 1978 280 2001 nos
295 1966 484 2010 pertinere.

191 2019 249 2052 12.
282 2016 354 2051 Lex
371 2023 487 2050 tamen
504 2014 541 2047 in
555 2013 685 2048 nostris
705 2014 901 2054 mentibus,
927 2013 1065 2057 scripta,

85 2078 118 2105 et
141 2080 256 2103 mores
277 2067 413 2112 politici
439 2067 483 2099 ad
507 2078 571 2099 nos
588 2065 784 2111 pertinent,
812 2071 845 2099 et
861 2065 974 2098 civilis
993 2066 1064 2099 vita

84 2131 221 2166 semper
238 2126 287 2152 est
304 2119 370 2152 sub
387 2118 474 2161 lege.

187 2171 245 2204 13.
289 2168 364 2203 lmo
390 2169 479 2202 sicut
503 2165 587 2201 haec
613 2172 738 2200 natura
762 2178 880 2200 rerum
905 2165 1064 2201 consistit

86 2221 311 2257 ordinatione
349 2227 566 2264 temporum,
607 2224 641 2250 et
673 2217 921 2251 foecunditatis
952 2224 1064 2253 terrae

84 2282 188 2319 atque
211 2270 464 2308 animantium,
499 2270 546 2303 ita
577 2268 650 2309 lege
673 2268 847 2306 consistit,
871 2280 933 2300 nec
949 2274 1063 2312 posset

84 2323 231 2359 retineri
247 2323 304 2356 lex
329 2322 366 2354 in
383 2321 535 2360 mundo,
562 2319 628 2352 nisi
649 2317 743 2351 Deus
768 2319 947 2354 retineret.

188 2374 246 2408 14.
280 2372 339 2406 Sic
353 2378 538 2405 senserunt
557 2377 589 2404 et
606 2370 697 2414 apud
715 2376 833 2411 gentes
850 2369 966 2411 magni
982 2368 1062 2404 viri.

84 2424 184 2458 Plato
200 2424 266 2457 ait:
292 2422 418 2465 Legem
436 2421 550 2456 Deum
577 2433 661 2454 esse.
696 2418 793 2452 Idem
818 2420 907 2453 dixit
924 2418 1062 2454 Aristo-

84 2476 168 2510 tetes
183 2480 321 2508 secutus
336 2473 531 2507 Platonem.
583 2470 630 2505 Et
647 2471 821 2504 Pindarus
839 2470 904 2503 ait:
932 2469 1060 2512 Legem

85 2526 189 2559 etiam
206 2524 281 2558 Deo
302 2524 486 2568 imperare,
510 2529 562 2557 est
578 2523 672 2555 enim
689 2521 850 2555 voluntas
865 2520 944 2561 Dei,
972 2532 1060 2566 quae

86 2588 159 2609 non
175 2582 223 2609 est
241 2576 294 2608 sui
312 2574 492 2608 dissimilis
509 2580 542 2607 et
558 2574 697 2608 viciose.

193 2623 249 2660 15.
276 2625 378 2668 Legis
396 2625 576 2665 abrogatio
596 2630 730 2657 tanturn
747 2623 789 2655 ad
810 2621 1058 2656 conscientiam

85 2677 334 2712 consolandam
351 2687 468 2710 coram
483 2672 566 2708 Deo
588 2674 769 2710 transferri
793 2674 906 2708 debet.

737 112 998 149 PIIlLlPPI
1027 110 1481 153 MELANTHONIS.

2060 124 2132 160 474

1251 200 1307 235 16.
1342 201 1380 235 Si
1398 214 1535 236 necesse
1553 210 1603 237 est
1620 215 1760 238 manere
1777 203 1993 250 Decalogum
2019 208 2130 244 donec

1144 256 1269 283 natura
1286 259 1424 294 manet,
1453 254 1553 287 facile
1577 255 1729 299 intelligi
1753 263 1886 301 potest,
1912 257 2129 304 Decalogum

1142 312 1214 334 non
1232 313 1303 335 esse
1319 304 1538 347 abrogatum.

1245 352 1302 388 17.
1343 353 1464 398 Itaque
1489 367 1561 388 non
1579 353 1773 400 Decalogus
1799 359 1858 392 sed
1877 360 2007 394 exactio
2025 361 2127 395 iusti—

1140 401 1311 436 ficationis
1329 416 1391 448 per
1408 403 1622 450 Decalogum
1641 408 1806 451 abrogata
1825 416 1892 450 est,
1920 417 1953 444 et
1969 411 2023 444 ius
2040 424 2126 445 con-

1139 453 1331 487 demnandi
1358 453 1536 490 homines:
1571 469 1643 490 non
1669 459 1763 491 enim
1789 459 1952 495 iustificat
1975 459 2124 496 Decalo-

1137 514 1219 546 gns,
1246 506 1305 537 sed
1325 506 1397 540 sola
1415 507 1497 541 fides
1515 508 1552 540 in
1569 505 1764 544 Christum.

1241 555 1298 591 18.
1333 555 1478 591 Necesse
1506 565 1556 592 est
1580 558 1687 600 igitur
1710 559 1786 592 fieri
1803 559 2037 604 Decalogum‚
2059 564 2122 597 etsi

1136 616 1209 638 non
1226 605 1408 649 iustificat,
1434 620 1537 642 nemo
1554 608 1647 642 enim
1666 608 1799 652 implet.

1240 657 1296 692 19.
1331 656 1379 692 Et
1403 659 1440 691 in
1467 656 1521 692 his
1545 666 1681 693 tantum
1700 660 1864 703 abrogata
1890 667 1939 694 est
1964 662 2037 703 Iex,
2060 665 2120 708 qui

1134 706 1201 740 fide
1225 707 1263 740 in
1281 706 1462 743 Christum
1486 710 1648 744 vicerunt
1667 709 1796 754 legem,
1825 723 1914 756 quae
1938 714 2120 748 accusabat

1134 764 1167 791 et
1183 759 1336 793 terrebat
1351 761 1593 796 conscientias.

1234 809 1297 842 20.
1330 808 1381 844 Ita
1406 811 1460 844 lex
1485 812 1552 845 fuit
1569 812 1733 855 abrogata
1753 824 1889 856 semper
1913 814 2040 848 sanctis
2057 827 2119 859 pa-

1133 858 1268 899 tribus,
1293 860 1467 902 videlicet,
1493 862 1574 906 quia
1595 862 1661 895 fide
1677 862 1921 897 liberabantur
1937 876 1955 897 a
1973 866 2119 899 terrori-

1132 909 1197 942 bus
1214 909 1311 952 legis‚
1339 918 1371 945 et
1386 912 1583 947 sentiebant
1599 924 1633 946 se
1651 913 1718 947 fide
1736 913 1846 948 iustos
1860 916 2016 959 reputari
2033 928 2118 961 pro-

1131 966 1209 1004 pter
1223 957 1417 1005 Christum.

1229 1011 1289 1044 21.
1333 1011 1462 1045 Politia
1485 1011 1594 1045 Moisi
1628 1012 1707 1046 ideo
1733 1025 1807 1047 non
1837 1022 1888 1048 est
1914 1017 2117 1057 necessaria,

1129 1060 1212 1105 quia
1229 1061 1332 1095 nobis
1349 1075 1422 1096 non
1439 1069 1489 1097 est
1507 1064 1587 1097 data
1612 1063 1667 1096 lex
1685 1063 1792 1106 Mosi‚
1817 1065 1877 1098 sed
1898 1071 2034 1099 tantum
2053 1079 2117 1111 po-

1128 1111 1213 1156 pulo
1231 1110 1350 1146 Isra'e'l.

1230 1163 1290 1198 22.
1333 1162 1434 1197 Sicut
1459 1162 1566 1205 igitur
1588 1170 1703 1208 patres
1724 1166 1935 1200 tenebantur
1949 1177 2010 1201 sua
2024 1168 2116 1212 poli-

1127 1213 1194 1254 tia,
1219 1213 1267 1246 ita
1285 1225 1349 1246 nos
1365 1214 1494 1247 nostris
1518 1219 1690 1251 tenemur.

1227 1263 1290 1298 23.
1316 1262 1362 1297 Et
1380 1271 1497 1297 tamen
1513 1264 1604 1299 sicut
1619 1272 1734 1309 patres
1750 1278 1822 1299 non
1839 1274 1920 1300 sunt
1938 1267 2114 1303 iustificati

1127 1325 1243 1347 coram
1262 1314 1342 1346 Deo
1367 1326 1428 1346 sua
1455 1314 1598 1356 politia,
1625 1316 1673 1350 ita
1694 1328 1758 1350 nos
1784 1329 1858 1350 non
1882 1318 2113 1353 iustificamur

1126 1375 1244 1397 coram
1260 1364 1338 1396 Deo
1362 1371 1481 1396 nostra
1506 1364 1641 1407 politia.

1224 1413 1285 1450 24.
1314 1413 1514 1458 Utrumque
1535 1416 1769 1449 necessarium
1793 1422 1861 1457 est,
1888 1424 1921 1451 et
1942 1418 2033 1452 alere
2057 1431 2112 1452 re—

1127 1464 1320 1497 verentiam
1351 1464 1487 1506 legum,
1530 1471 1563 1497 et
1584 1467 1769 1499 ostendere
1791 1466 1859 1508 piis
1888 1469 2112 1504 conscientiis

1125 1513 1371 1546 liberationem
1388 1524 1407 1545 a
1425 1513 1517 1555 lege,
1543 1526 1632 1558 quae
1649 1516 1686 1548 fit
1705 1527 1767 1559 per
1784 1516 1900 1553 fidem.

1226 1563 1287 1598 25.
1326 1562 1498 1605 Virgilius
1517 1573 1609 1597 recte
1624 1565 1807 1609 descripsit
1823 1564 2005 1610 Cometes,
2032 1582 2110 1605 cum

1123 1614 1187 1648 ait:
1228 1613 1301 1647 Nec
1330 1613 1399 1646 diri
1431 1613 1534 1647 toties
1562 1626 1676 1649 arsere
1707 1615 1883 1653 Cometae.
1937 1617 2108 1656 Ostendit

1122 1665 1217 1698 enim
1237 1663 1418 1698 Cometam
1443 1676 1517 1696 non
1541 1676 1614 1697 esse
1637 1666 1793 1705 stellam,
1834 1668 1892 1700 sed
1920 1670 2105 1705 ardentem

1122 1713 1393 1750 exhalationem.
1453 1712 1501 1747 Et
1533 1715 1650 1748 dirum
1682 1723 1783 1750 vocat
1815 1725 1958 1762 propter
1981 1722 2109 1756 tristeis

1123 1765 1414 1809 significationes,
1440 1764 1530 1798 sicut
1555 1764 1720 1801 Lucanus
1742 1768 1807 1802 ait:
1828 1766 1875 1803 Et
1901 1770 2005 1804 terris
2027 1784 2107 1807 mu-

1120 1823 1252 1852 tantem
1276 1827 1384 1860 regua
1400 1813 1583 1850 Cometen.

1119 1929 1241 1979 (XX.)
1272 1931 1380 1966 Alia
1417 1929 1709 1975 disputatio:
1738 1931 1785 1967 de
1810 1932 1984 1970 libertate
1999 1935 2104 1971 Chre·-

1254 1984 1396 2017 stiana.
1450 1983 1554 2024 (Opp.
1571 1983 1664 2014 Basu.
1682 1984 1720 2016 Τ.
1738 1984 1799 2017 ΠΙ.
1825 1998 1855 2027 p.
1874 1988 1963 2028 313.)

1117 2059 1290 2099 Libertas
1306 2063 1508 2099 Christiana
1527 2077 1599 2098 non
1626 2072 1675 2099 est
1701 2066 1845 2110 politica
1876 2075 1936 2102 aut
1959 2075 2101 2102 externa

1118 2117 1279 2156 libertas,
1306 2117 1366 2149 sed
1391 2122 1441 2150 est
1463 2117 1568 2159 gratis
1590 2116 1734 2149 liberari
1750 2130 1768 2151 a
1786 2126 1945 2162 peccato,
1966 2131 1984 2153 a
2002 2126 2101 2162 pote—

1117 2174 1203 2201 state
1219 2165 1385 2207 Diaboli,
1412 2173 1445 2200 et
1461 2179 1479 2200 a
1504 2173 1617 2200 morte
1637 2174 1789 2203 aeterna.
1842 2169 1894 2202 De
1911 2167 1974 2203 hac
1990 2170 2098 2203 liber-

1116 2225 1185 2252 tate
1200 2218 1358 2262 loquitur
1375 2215 1556 2256 Christus,
1582 2229 1661 2251 cum
1679 2219 1744 2252 ait:
1770 2218 1807 2251 Si
1824 2231 1885 2253 vos
1901 2220 1994 2255 filius
2009 2220 2100 2255 libe·

1116 2269 1265 2308 raverit,
1288 2280 1368 2301 vere
1386 2268 1488 2301 liberi
1513 2267 1620 2301 eritis.

1216 2318 1399 2352 Faciemus
1418 2326 1534 2352 autem
1559 2318 1711 2351 docendi
1737 2330 1839 2354 causa
1864 2321 1992 2363 gradus
2010 2334 2097 2366 qua-

1114 2376 1206 2404 tuor.
1258 2369 1399 2403 Primus
1422 2370 1549 2411 gradus
1573 2376 1642 2409 est,
1669 2370 1818 2412 gratuita
1839 2371 1998 2405 remissio
2015 2384 2096 2415 pec-

1115 2427 1272 2454 catorum
1296 2428 1329 2454 et
1350 2420 1500 2463 gratuita
1527 2420 1711 2463 imputatio
1739 2420 1917 2463 iusticiae,
1952 2429 2096 2468 propter

1112 2469 1305 2505 Christum.

1214 2523 1250 2554 2.
1281 2521 1464 2554 Secundus
1481 2521 1608 2563 gradus
1624 2527 1693 2562 est,
1715 2522 1777 2566 qui
1796 2523 1989 2556 necessario
2008 2535 2093 2557 con-

1114 2571 1252 2605 iunctus
1277 2579 1327 2605 est
1351 2583 1428 2604 cum
1457 2572 1591 2616 priore,
1622 2573 1766 2606 donatio
1789 2572 1941 2617 Spiritus
1969 2574 2090 2611 sancti,

1112 2629 1145 2655 et
1175 2622 1266 2655 vitae
1295 2628 1475 2664 aeternae,
1515 2628 1547 2656 et
1576 2622 1747 2657 auxilium
1771 2621 1838 2658 Dei
1860 2632 1981 2660 contra
2003 2623 2089 2658 Dia-

1111 2673 1246 2709 bolum.
