2324 2955
76 124 149 159 477

76 217 208 244 certum
227 209 384 242 modum.
441 207 551 252 Igitur
567 207 773 241 traditiones
793 205 965 242 humanae
983 211 1064 240 sunt

76 259 263 294 necessarii
289 260 412 294 cultus.

177 309 217 343 ln
261 307 325 343 hac
360 309 497 343 ratione
536 306 745 354 hypotheses
785 316 867 343 sunt
895 309 1060 343 viciosae:

74 361 325 394 transformant
354 360 448 393 enim
474 357 709 403 Evangelium
736 361 773 393 in
799 361 908 403 legem
935 359 1060 401 Moisi,

73 412 155 457 quia
180 412 314 453 fingunt
329 409 518 453 Evangelii
541 411 714 445 iusticiam
739 423 810 444 esse
829 412 944 445 cultus
961 410 1060 443 simi-

74 463 123 496 les
148 460 325 494 Mosaicis.
379 460 517 495 Deinde
548 468 711 502 assuunt,
743 459 905 495 homines
930 459 1058 495 habere

72 517 275 555 potestatem
293 512 407 545 cultus
426 513 509 546 novi
521 511 737 546 Testamenti
748 512 879 546 similes
891 511 1058 546 Mosaicis

71 561 294 597 instituendi.

171 611 302 646 Paulus
318 610 380 646 has
394 613 484 657 ipsas
501 612 687 656 opiniones
705 611 950 657 reprehendit,
977 623 1055 645 cum

68 670 190 697 contra
208 663 317 707 legem
336 662 445 696 Moisi
462 669 495 696 et
515 663 722 698 traditiones
739 665 979 698 concionatur.

170 713 292 759 Neque
316 725 398 746 vero
419 720 556 747 tantum
582 712 648 747 hoc
677 722 822 759 peccant
854 712 1055 753 adversarii,

68 764 128 797 sed
156 764 259 798 etiam
282 764 437 805 addunt,
464 765 559 810 quod
584 762 669 799 haec
693 778 798 810 opera
818 765 1052 800 traditionum

69 821 271 848 mereantur
288 815 533 848 remissionem
553 822 785 859 peccatorum.

168 872 243 906 Has
262 874 450 918 opiniones
465 874 591 919 impias
609 875 759 909 abiicere
777 886 914 909 necesse
931 881 994 914 est,
1022 880 1056 907 et

67 931 105 958 ut
121 924 322 958 eximantur
339 925 451 966 bonis,
466 937 604 958 necesse
620 932 670 959 est
685 927 728 959 de
742 926 903 960 libertate
918 926 1054 958 docere.

166 974 247 1008 Non
273 982 324 1009 est
346 982 462 1010 autem
483 987 642 1017 necesse,
667 988 783 1010 mores
799 988 839 1010 ac
856 977 945 1010 ritus
963 975 1054 1009 abii-

66 1036 154 1059 cere.

168 1074 244 1109 Imo
266 1076 462 1110 verecunde
485 1076 657 1110 utendum
679 1082 728 1110 est
750 1077 932 1118 libertate,
969 1076 1052 1122 quia

66 1137 182 1159 mores
199 1132 280 1160 sunt
297 1124 550 1174 nortdaywylcn
568 1127 699 1171 populo
716 1128 941 1169 necessariae,
965 1139 1054 1172 qua·

66 1188 145 1209 rum
171 1176 358 1210 dissolutio
382 1178 474 1222 parit
495 1178 633 1211 infinita
659 1179 834 1212 scandala.
887 1176 935 1211 Et
959 1178 1052 1211 disfi-

66 1227 132 1261 cile
150 1234 201 1261 est
217 1228 340 1268 bonis,
366 1235 552 1273 postquam
577 1228 749 1261 libertatis
775 1229 931 1273 exempla
951 1240 1053 1272 prae-

64 1278 237 1318 buerunt,
263 1278 436 1312 sustinere
462 1279 585 1311 talium
604 1279 851 1312 scandalorum
870 1279 1050 1312 conscien-

66 1329 162 1361 tiam.
217 1326 423 1361 Occurrunt
446 1334 480 1361 et
502 1328 591 1361 aliae
614 1328 786 1369 rationes,
813 1341 903 1374 quae
924 1335 1052 1362 vexant

66 1378 298 1412 conscientias
314 1379 406 1411 inter
422 1379 579 1422 exempla
594 1378 778 1412 libertatis-

168 1436 221 1469 Ita
238 1437 463 1469 dulcissimus
480 1443 601 1478 gustus
618 1437 790 1470 libertatis
814 1437 931 1470 infuso
955 1444 1049 1470 aceto

66 1492 182 1531 postea
205 1486 459 1529 corrumpitur:
486 1487 786 1530 quemadmodum
812 1486 1050 1531 Lysandrum,

63 1549 143 1570 cum
179 1536 284 1570 initio
317 1536 514 1570 libertatem
546 1535 678 1578 graecis
705 1536 928 1577 civitatibus,
963 1547 1050 1581 quas

64 1587 270 1631 occupabat,
284 1587 501 1625 concederet,
527 1592 646 1629 postea
664 1586 839 1630 impositis
854 1587 1050 1631 praesidiis,

64 1638 185 1671 acerbe
207 1637 256 1670 eis
284 1637 490 1680 imperaret,
516 1636 700 1677 dixerunt,
736 1636 980 1671 dulcissimum
1005 1638 1049 1670 li-
1075 1647 1076 1658 ¹

65 1688 209 1721 hertatis
225 1693 364 1730 gustum
381 1686 501 1721 infuso
519 1693 615 1720 aceto
635 1687 841 1731 corrupisse.

166 1744 315 1778 Prorsus
331 1745 416 1790 quid
432 1745 579 1778 senserit
594 1743 799 1779 Aristoteles
823 1757 895 1779 non
915 1745 1049 1779 intelli-

65 1802 152 1839 gunt
168 1795 243 1836 isti,
268 1795 329 1840 qui
357 1795 394 1827 in
418 1792 473 1828 his
490 1795 606 1828 verbis
623 1795 781 1829 iudicant
797 1808 877 1829 eum
894 1797 1049 1831 affirma-

65 1859 120 1888 re,
146 1846 283 1880 animas
301 1846 516 1879 immortales
532 1857 615 1887 esse,
641 1858 721 1879 cum
740 1846 799 1885 ait,
826 1846 1047 1882 Intellectum

65 1904 222 1941 agentem
240 1896 476 1931 immortalem
492 1903 525 1930 et
542 1903 750 1941 perpetuum
769 1908 853 1934 esse.

64 2013 202 2060 (XXI.)
237 2015 289 2050 Al
298 2017 311 2050 z·
321 2026 344 2049 a
374 2014 399 2048 d
408 2018 420 2050 ι’
429 2027 447 2049 s
456 2026 513 2060 pu
523 2020 537 2049 t
546 2026 569 2049 α
580 2019 595 2048 t
606 2016 666 2048 io:
693 2014 738 2049 de
762 2027 833 2050 usu
858 2015 1047 2051 libertatis

276 2069 318 2100 in
338 2062 558 2112 ἀδιαφόροις
584 2070 621 2100 et
648 2066 834 2103 scandalo.

62 2142 167 2184 Unus
195 2158 235 2180 ex
258 2147 424 2190 gradibus
447 2148 619 2182 libertatis
646 2146 866 2183 Christianae
887 2155 956 2193 est,
983 2148 1046 2193 qui

61 2197 221 2233 concedit
235 2198 338 2232 nobis
351 2198 501 2232 liberum
514 2211 616 2233 usum
630 2201 706 2234 τῶν
717 2196 951 2246 ἀδιαφόρων,
964 2199 1046 2241 cibi,

61 2256 164 2293 potus
186 2255 251 2284 etc.

162 2308 198 2342 2.
238 2306 448 2342 Praesertim
474 2320 544 2354 quo
569 2309 612 2342 ad
639 2310 804 2344 meritum
827 2310 1045 2344 remissionis

62 2364 300 2402 peccatorum,
325 2359 380 2392 vel
398 2359 543 2395 cultum.

164 2417 201 2451 3.
243 2415 321 2451 Hoc
344 2425 413 2459 est,
448 2430 492 2451 ne
518 2419 565 2451 ita
590 2420 798 2458 sentiamus,
831 2431 895 2453 nos
919 2418 1044 2453 harum

62 2479 178 2501 rerum
195 2479 272 2506 usu.
292 2468 346 2501 vel
363 2469 574 2503 abstinentia
592 2471 784 2514 promereri
802 2470 1044 2504 remissionem

62 2525 301 2561 peccatorum,
335 2525 395 2552 aut
429 2528 602 2564 praestare
633 2522 785 2563 cultum,
819 2533 924 2566 quem
948 2519 1044 2555 Deus

62 2568 218 2613 requirat
237 2569 291 2602 vel
311 2570 435 2611 exigat.

161 2627 196 2661 4.
233 2626 330 2662 quta
349 2629 555 2663 sententiam
573 2629 676 2665 Pauli
695 2632 738 2664 ad
755 2630 871 2666 Colos.
887 2645 893 2664 ε
929 2630 1042 2665 Nemo

62 2689 122 2711 vos
137 2677 270 2713 iudicet
285 2678 322 2712 in
343 2680 422 2714 cibo
439 2686 472 2714 et
491 2687 576 2725 potu
593 2688 663 2716 etc.

707 119 969 156 PHILII'PI
1006 115 1456 156 MELANTHONIS.
2031 123 2105 156 v478

1218 204 1252 239 5.
1295 205 1364 240 Sed
1390 211 1504 238 tamen
1530 205 1722 249 prudenter
1739 203 1804 240 hac
1822 206 1983 241 libertate
2000 214 2102 239 uten-

1115 255 1200 289 dum
1219 263 1286 298 est,
1314 257 1516 300 praesertim
1536 258 1572 290 in
1589 269 1668 290 casu
1693 257 1858 291 scandali.

1216 308 1248 342 6.
1278 306 1583 350 Quemadmodum
1602 315 1633 342 et
1649 308 1741 341 idem
1760 309 1861 341 divus
1871 307 2004 342 Paulus
2022 319 2099 340 mo·

1086 365 1087 369 ¹
1113 364 1171 390 net
1189 359 1232 390 ad
1251 357 1356 392 Rom.
1377 357 1450 392 14.:
1487 357 1618 391 Verum
1639 359 1666 391 si
1683 366 1824 403 propter
1849 360 1966 393 cibum
1991 359 2098 391 frater

1112 415 1193 442 tuus
1219 408 1359 442 tristitia
1383 409 1550 450 afficitur,
1579 410 1646 442 iam
1671 422 1744 443 non
1762 411 1954 444 secundum
1970 410 2097 443 carita-

1111 465 1179 493 tem
1196 459 1366 494 ambulas.

1213 509 1248 545 7.
1283 509 1352 544 Sed
1371 511 1564 544 cavendum
1581 518 1649 552 est,
1676 518 1708 544 et
1727 522 1766 543 ex
1784 512 1891 544 altera
1910 517 2026 554 parte,
2055 522 2097 542 ne

1110 559 1304 605 aliquando
1323 561 1535 596 abstinentia
1553 569 1672 595 nostra
1689 568 1813 594 noceat
1828 560 1908 605 piis.

1213 611 1247 647 8.
1274 611 1364 644 Nam
1382 612 1543 646 incidunt
1556 623 1816 656 nonnunquam
1830 618 1999 654 tempora,
2016 622 2096 642 cum

1108 662 1265 695 scandali
1284 662 1419 696 vitandi
1437 675 1538 696 causa
1555 660 1620 696 hac
1636 663 1799 696 libertate
1816 662 1991 695 utendum
2017 662 2071 694 sit.

1213 722 1248 756 9,
1289 721 1599 765 Quemadmodum
1640 723 1791 755 refertur
1818 721 2016 763 exemplum
2052 721 2095 751 ab

1106 771 1262 806 Eusebio
1282 773 1319 805 in
1334 772 1489 807 Historia
1507 771 1748 806 Ecclesiastica
1766 773 1808 805 de
1818 770 2015 808 Alcibiade,
2034 771 2095 814 qui

1110 835 1189 857 cum
1206 830 1349 867 propter
1366 824 1468 856 fidem
1494 824 1531 856 in
1548 821 1730 857 Christum
1751 823 1888 857 vinctus
1906 827 2096 861 teneretur,

1108 874 1191 907 solis
1206 885 1296 918 pane
1308 901 1316 914 ,
1344 875 1414 907 sale
1432 882 1465 908 et
1484 886 1572 919 aqua
1590 875 1749 908 victitare
1767 873 1962 916 constituit,
1989 884 2093 917 quem

1107 924 1143 959 S.
1163 923 1303 958 Attalus
1318 923 1460 970 Martyr
1478 926 1648 968 singulari
1665 925 1877 958 revelatione
1893 924 2013 956 divina
2031 925 2094 955 ad-

1107 975 1264 1009 monitus
1288 975 1502 1019 increpavit,
1531 977 1624 1020 quod
1647 988 1719 1008 non
1746 982 1837 1008 recte
1858 975 2002 1013 faceret,
2032 974 2093 1015 qui

1106 1033 1139 1060 et
1162 1026 1236 1070 ipse
1257 1026 1425 1059 creaturis
1441 1025 1507 1059 Dei
1531 1026 1628 1059 ,iuxta
1647 1025 1865 1068 Scripturam
1886 1036 1959 1057 non
1975 1031 2090 1056 utere—⁷

1106 1083 1180 1117 tur,
1208 1083 1241 1110 et
1256 1077 1335 1109 aliis
1351 1076 1570 1109 occasionem
1587 1076 1746 1109 scandali
1765 1076 1955 1118 praeberet.
2010 1074 2090 1115 Qun

1105 1127 1245 1165 audito,
1279 1125 1482 1160 Alcibiades
1503 1127 1617 1171 coepit
1640 1126 1778 1160 usitatis
1802 1126 1892 1159 vesci
1917 1137 1994 1158 cum
2013 1137 2091 1162 gra—

1108 1178 1236 1211 tiarum
1252 1178 1400 1210 actione.

1210 1227 1266 1262 10.
1295 1227 1547 1270 Quamobrem,
1565 1233 1664 1260 caute
1681 1238 1719 1259 ac
1738 1227 1930 1270 prudenter
1944 1233 1977 1259 et
1990 1232 2091 1258 utem

1104 1279 1189 1311 dum
1219 1285 1269 1311 est
1301 1278 1405 1311 rebus
1436 1277 1580 1318 mediis,
1614 1284 1646 1311 et
1675 1277 1944 1315 abstinendum,
1984 1288 2027 1309 ue
2056 1277 2090 1307 in

1104 1335 1280 1372 utranque
1296 1335 1431 1371 partem
1449 1334 1568 1360 nostra
1586 1328 1742 1370 exempla
1761 1333 1909 1360 noceant
1925 1327 2014 1359 aliis.

1208 1386 1265 1421 11.
1301 1384 1410 1420 Recte
1426 1384 1618 1430 Dionysius
1634 1384 1878 1425 Heracleotes,
1907 1385 2091 1418 doloribus

1103 1437 1228 1469 calculi
1246 1436 1378 1476 victus,
1405 1448 1423 1469 a
1446 1436 1554 1468 stoica
1575 1436 1763 1479 disciplina
1786 1435 1950 1476 descivit,
1978 1443 2009 1469 et
2031 1448 2089 1467 ex-

1103 1485 1267 1518 clamavit
1285 1486 1370 1518 salsa
1387 1486 1447 1517 illa
1465 1496 1554 1525 esse,
1583 1498 1670 1529 quae
1689 1487 1730 1517 de
1754 1486 1876 1518 dolore
1892 1492 1993 1518 antea
2011 1498 2091 1519 sen-

1103 1536 1220 1576 sisset,
1247 1547 1393 1578 nempe,
1418 1536 1513 1580 quod
1531 1535 1635 1568 dolor
1652 1547 1724 1567 non
1741 1542 1828 1568 esset
1846 1536 1988 1570 malum.

1208 1594 1265 1628 12.
1304 1593 1394 1626 Nam
1431 1594 1644 1637 experientia
1675 1600 1707 1627 et
1741 1594 1813 1638 ipsa
1851 1602 1974 1628 natura
2010 1606 2090 1627 eum

1104 1644 1236 1687 coegit,
1262 1651 1399 1678 mutare
1416 1644 1571 1688 priorem
1597 1645 1825 1686 sententiam,
1851 1657 1928 1678 cum
1956 1645 2087 1678 videret

1102 1695 1225 1729 dolore
1243 1695 1377 1729 destrui
1394 1695 1505 1739 ipsam
1521 1701 1695 1730 naturam.

1207 1754 1268 1788 13.
1315 1753 1484 1799 Idemque
1517 1754 1675 1787 sentiunt
1707 1751 1923 1795 Christiani,
1965 1767 2091 1799 nempe

1102 1805 1263 1838 dolorem
1281 1816 1353 1838 esse
1370 1805 1502 1838 malum
1516 1832 1525 1846 ,
1550 1811 1700 1838 mortem
1720 1816 1793 1838 esse
1808 1805 1951 1839 malum.

1207 1861 1265 1898 14.
1294 1862 1383 1896 Nam
1402 1875 1480 1896 cum
1500 1861 1584 1898 haec
1601 1864 1671 1897 sint
1689 1876 1821 1908 poenae
1837 1865 1981 1908 peccati,
2000 1873 2090 1898 recte

1102 1913 1305 1948 iudicantur
1321 1913 1427 1947 mala.

1207 1971 1261 2006 15.
1303 1971 1372 2006 Sed
1396 1973 1576 2016 proposita
1596 1979 1646 2006 est
1669 1973 1772 2006 nobis
1797 1974 1959 2006 liberatio
1978 1985 2015 2006 ex
2036 1973 2089 2006 his

1099 2030 1134 2057 et
1157 2035 1197 2056 ex
1223 2022 1389 2056 omnihus
1414 2023 1539 2066 malis,
1583 2035 1645 2067 per
1667 2024 1900 2058 redemtorem
1927 2030 2087 2057 nostrum

1101 2073 1215 2108 lesum
1231 2071 1426 2108 Christum.

1099 2186 1263 2233 (XXII.)
1304 2188 1414 2223 Alia
1444 2187 1736 2233 disputatio,
1777 2187 1823 2222 de
1858 2186 1958 2222 dicto
1986 2190 2087 2223 Petro*

1155 2241 1280 2275 Actor.
1309 2239 1386 2275 15.:
1409 2240 1541 2285 Neque
1568 2251 1633 2273 nos
1658 2250 1775 2284 neque
1797 2243 1926 2284 patres
1953 2246 2020 2273 etc.

1097 2317 1228 2357 Petrus
1245 2334 1376 2366 negans
1395 2323 1548 2366 potuisse
1566 2322 1696 2365 portari
1724 2321 1957 2362 ceremonias,
1984 2332 2085 2366 negat

1098 2375 1192 2407 fideli
1212 2375 1335 2414 corde,
1363 2371 1429 2406 hoc
1453 2380 1521 2413 est,
1546 2373 1762 2415 glorificante
1777 2372 1912 2413 Deum,
1939 2382 2084 2418 sponta-

1098 2437 1163 2459 neo
1179 2432 1212 2459 et
1230 2422 1336 2458 hilari
1358 2424 1431 2457 fieri
1452 2423 1616 2467 potuisse.

1198 2477 1234 2510 2.
1273 2475 1369 2508 Idem
1394 2474 1499 2507 sentit
1523 2473 1558 2506 in
1585 2471 1770 2507 Ezechiele
1794 2472 1971 2508 Dominus
2002 2487 2081 2508 cum

1098 2526 1232 2572 inquit:
1266 2526 1359 2559 Dedi
1388 2525 1438 2557 eis
1461 2531 1645 2568 praecepta
1670 2537 1743 2558 non
1766 2525 1876 2566 bona,
1911 2532 1943 2559 et
1968 2526 2080 2570 pollui

1096 2589 1155 2611 eos
1179 2578 1215 2610 in
1233 2576 1439 2608 muneribus
1456 2582 1520 2611 etc.

1196 2628 1232 2661 8.
1263 2626 1417 2659 Proinde
1432 2638 1504 2658 non
1528 2625 1715 2659 satisfiebat
1744 2626 1969 2665 ceremoniis,
1997 2626 2077 2669 quia

1093 2678 1209 2724 primo
1227 2677 1390 2721 Decalogi
1409 2683 1592 2722 praecepto
1611 2688 1683 2710 non
1711 2677 1911 2710 satisfiebat.
