2324 2955
166 119 215 153 23
671 107 828 143 DECL.

172 206 278 243 agunt
295 199 404 231 nostri
427 197 631 239 interpretes
649 191 831 230 Bartoltis,
857 188 989 222 Baldns
1007 197 1039 223 et
1054 190 1151 223 simi-

175 252 241 291 les,
279 257 316 282 ut
346 250 434 291 leges
466 247 665 281 conserant,
703 248 736 274 et
759 240 813 272 vel
837 241 1152 274 demonstrationes

175 302 377 337 ostendant,
404 297 457 329 vel
477 293 693 338 probabilem
713 291 893 324 rationem.
947 290 998 323 Ac
1016 292 1153 335 vitupe-

176 352 285 384 randa
303 357 352 381 est
371 347 559 379 multorum
578 342 734 382 inscitia,
760 341 821 385 qui
838 341 971 381 dicunt,
998 342 1076 373 ideo
1094 355 1153 374 va-

179 403 250 434 rios
271 401 382 439 legum
409 395 604 429 intellectus
625 393 804 433 fingendus
828 403 919 429 esse,
961 392 1041 435 quia
1065 392 1155 434 leges

179 450 337 485 conditae
352 447 422 479 sint
439 444 665 478 mutabilibus
683 440 867 474 bominum
884 442 1049 481 arbitriis,
1067 454 1155 486 quo-

179 512 255 534 rum
272 509 350 531 cum
367 496 464 529 nulla
480 495 524 527 sit
546 492 762 535 constantia,
789 491 923 535 possint
946 493 1036 534 leges
1062 492 1155 525 varie

181 550 271 583 flecti
288 550 330 581 ad
354 547 507 579 diversas
526 543 843 587 interpretationes,
896 541 964 574 Hic
983 542 1155 584 peruicio-

180 612 238 634 sns
253 610 350 632 error
364 596 490 630 animis
507 594 708 628 eximendus
725 599 784 625 est.
822 592 909 625 Nam
929 598 960 625 et
978 592 1061 625 falsa
1079 592 1157 636 opi-

181 651 241 684 nio
264 656 333 689 est,
366 654 398 681 et
422 644 672 680 contumeliosa
694 650 815 676 contra
839 641 970 682 Deum,
1005 649 1038 675 et
1060 643 1157 675 labe-

182 702 283 734 factat
303 697 572 739 Magistratuum
589 694 820 727 autoritatem.

285 748 512 782 Manifestum
529 753 579 779 est
597 751 711 778 autem
722 742 933 785 Decalogum
945 768 954 782 ,
980 748 1013 774 et
1029 741 1157 774 deinde

183 800 310 834 multas
334 797 508 830 naturales
529 794 693 834 noticias,
732 805 819 838 qnae
845 799 927 825 sunt
957 792 1073 834 legum
1104 803 1157 823 se-

182 851 295 890 mina,
336 859 407 881 esse
435 853 609 880 aeternam
633 851 664 877 et
690 844 869 877 immotam
895 842 1100 886 sapientiam
1126 847 1158 874 et

183 911 341 934 normam
365 897 520 931 iusticiae
546 896 584 927 in
599 893 692 934 Deo,
719 894 821 926 nobis
837 894 1051 937 patefactam.
1104 890 1155 925 Ex

182 950 246 984 hac
267 950 408 982 immota
423 946 592 990 sapientia
607 951 704 978 ortae
723 950 803 977 sunt
818 944 987 988 plurimae
1013 943 1048 975 in
1074 943 1157 986 ipsis

184 1001 317 1043 legibus
335 998 481 1037 nostris,
507 1003 539 1029 et
563 996 599 1028 in
624 994 799 1039 responsis
817 1001 971 1027 veterum
989 1000 1022 1026 et
1036 1005 1158 1025 recen-

185 1052 270 1086 tium
298 1045 647 1085 Iurisconsultorum,
682 1045 801 1077 firmae
832 1044 1157 1076 demonstratione&

182 1101 254 1135 Nec
283 1098 547 1142 imaginandum
575 1103 641 1135 est,
675 1095 792 1128 omnia
815 1095 950 1126 decreta
975 1093 1157 1126 mutabilia

183 1162 274 1191 esse,
301 1161 360 1183 seu
382 1155 422 1182 ut
439 1146 643 1181 Aristoteles
664 1145 824 1178 nominat
839 1143 991 1186 Regulus
1008 1143 1159 1183 Lesbias,

182 1202 270 1235 sicut
288 1199 455 1234 mutabile
469 1198 536 1231 fuit
552 1196 749 1230 institutum
768 1194 979 1227 Laconicum
996 1194 1038 1226 de
1055 1205 1159 1226 num-

183 1264 241 1285 mo
260 1251 390 1290 ferreo,
416 1255 476 1282 aut
487 1244 716 1286 Thebanum,
742 1252 779 1278 ut
797 1246 979 1277 obaeratus
997 1244 1158 1288 impone-

183 1308 280 1335 retur
296 1301 334 1333 in
346 1297 521 1333 calathum
537 1305 569 1332 et
585 1297 854 1341 perfunderetur
869 1307 968 1338 aqua.

284 1351 435 1394 Ideoque
457 1359 592 1390 semper
615 1347 757 1378 fuerunt
781 1345 818 1377 in
841 1344 997 1386 imperiis
1022 1340 1160 1375 scholae

183 1400 383 1435 docentium
404 1405 436 1431 et
460 1396 667 1429 discentium
690 1395 775 1427 iuris
801 1395 1016 1430 doctrinam,
1043 1400 1080 1422 ut
1103 1393 1159 1421 in-

181 1449 382 1494 terpretatio
407 1449 506 1480 firma
531 1446 789 1482 ostenderetur,
820 1455 859 1475 ex
888 1440 1157 1474 demonstratio-

183 1502 288 1534 nibus
313 1506 346 1532 et
374 1510 412 1530 ex
442 1497 558 1539 legum
587 1494 783 1527 collatione.
842 1491 929 1524 Nam
955 1497 987 1523 et
1009 1487 1158 1522 Athenis

184 1558 281 1584 erant
303 1543 574 1593 votcocptilazeg,
597 1544 736 1588 publica
758 1542 944 1575 autoritate
966 1540 1157 1577 constituti,

183 1601 242 1646 qui
260 1607 290 1632 et
308 1599 466 1631 custodes
479 1601 578 1629 erant
594 1595 706 1636 legum
725 1599 758 1625 et
775 1593 991 1636 interpretes,
1024 1589 1157 1624 Romae

184 1649 320 1685 scholae
341 1646 591 1692 frequentiores
612 1646 773 1683 suerunt,
804 1642 1049 1681 Scevolarum,
1075 1641 1157 1674 Sul-

183 1701 369 1746 pitiorum,
394 1696 551 1730 Trebatii
569 1702 602 1728 et
616 1695 764 1727 aliorum
778 1721 786 1733 ,
813 1705 876 1725 nec
892 1693 1085 1735 interrupta
1104 1692 1156 1723 vel

184 1752 331 1785 extincta
359 1755 408 1782 est
431 1744 737 1788 Constantinopoli
767 1744 981 1776 consuetudo
1008 1742 1156 1775 docendi

185 1809 219 1835 et
245 1799 401 1833 discendi
423 1799 535 1841 legum
560 1795 905 1839 interpretationem,
931 1794 1042 1825 donec
1066 1792 1155 1826 tristi

184 1854 254 1885 fato
279 1852 374 1883 sedes
400 1849 458 1881 illa
484 1855 516 1880 et
544 1846 801 1885 doctrinarum,
836 1851 867 1877 et
891 1844 1029 1887 imperii
1052 1841 1157 1876 Chri-

182 1901 304 1936 stianis
319 1906 433 1943 erepta
451 1905 522 1938 est,
549 1904 579 1930 et
593 1896 739 1929 Turcica
758 1895 934 1928 barbaries
950 1901 1029 1927 ante
1047 1905 1156 1926 annos

181 1959 319 1986 centum
336 1951 373 1982 in
390 1961 427 1982 ea
444 1948 618 1981 dominari
634 1946 759 1990 coepit.

283 2001 324 2034 In
348 2000 445 2033 ltalia
470 2011 550 2031 vero
583 2010 660 2030 cum
686 1994 931 2038 Longobardi,
968 1999 1002 2026 et
1030 1993 1156 2025 deinde

180 2051 305 2086 Franci
321 2056 522 2093 regnarent,
549 2048 634 2081 etin
657 2047 752 2080 curia
777 2058 813 2078 ac
837 2045 873 2077 iu
898 2045 974 2077 soro
1003 2043 1157 2087 peregri-

180 2115 245 2135 nae
277 2102 366 2144 leges
400 2100 683 2135 dominarentur,
730 2108 878 2140 quarum
906 2093 1021 2127 adbuc
1047 2094 1156 2139 aliqui

180 2152 260 2185 libri
278 2158 410 2191 extant,
436 2162 516 2182 mox
534 2156 610 2192 post
626 2147 858 2181 Iustinianum
877 2146 989 2178 studia
1007 2145 1154 2177 docendi

180 2209 212 2236 et
244 2201 397 2234 discendi
427 2201 517 2243 leges
542 2198 721 2232 Romanas
747 2196 1007 2242 conticuerunt,
1044 2207 1156 2228 annos

177 2254 247 2285 sere
265 2251 491 2296 quingentos,
518 2261 605 2294 quae
622 2255 739 2282 tamen
756 2246 1064 2289 Constantinopoli
1082 2258 1153 2278 non

176 2310 257 2336 sunt
276 2301 415 2335 omissa.

278 2352 346 2385 Sed
372 2349 594 2393 Imperatoris
618 2346 777 2382 Lotharii
801 2346 964 2381 Saxonici
998 2353 1152 2389 tempore

176 2414 277 2436 senex
303 2402 338 2434 in
358 2400 457 2434 Italia
479 2400 564 2437 fuit,
590 2399 776 2442 sapientia,
804 2399 933 2430 virtute
961 2403 993 2430 et
1019 2398 1151 2430 autori-

172 2461 238 2489 tate
257 2451 486 2489 antecellens,
513 2451 612 2482 cqus
626 2449 780 2482 consiliis
797 2447 1062 2490 ‹liuPrincipes,
1090 2450 1148 2491 qui

170 2504 424 2547 Imperatorum
445 2500 587 2533 nomine
604 2507 766 2532 rexerunt
783 2498 937 2539 Italiam,
963 2499 1148 2541 gubernati

168 2556 314 2588 fuerant.
368 2551 456 2585 Cum
478 2558 591 2584 autem
610 2547 797 2582 Lotbarius
824 2557 940 2593 pacata
960 2548 1059 2582 ltalia
1085 2550 1146 2582 de-

168 2606 332 2638 liberaret
365 2604 407 2635 de
437 2603 548 2635 forma
589 2600 801 2634 iudiciorum
838 2600 1079 2634 constituenda
1114 2606 1145 2633 et

166 2658 277 2698 legum
303 2653 565 2695 emendatione,
591 2650 745 2684 Irnerius
767 2651 936 2693 ostendit,
970 2657 1142 2696 quantum

867 103 941 138 DE
976 104 1308 141 DIGNITATE
1349 104 1554 141 LEGUM
1590 117 1670 143 ETc.

2127 109 2177 145 24

1202 191 1245 224 sit
1267 190 1351 224 boni
1376 190 1411 222 in
1432 196 1504 223 toto
1531 191 1697 235 imperio,
1721 193 1866 225 eandem
1888 204 1958 226 esse
1984 193 2098 237 legum
2121 206 2184 227 vo-

1203 254 1274 274 cem
1287 267 1295 280 ,
1330 247 1577 283 congruentem
1594 242 1723 274 rationi
1741 252 1773 276 et
1790 244 1927 278 iustam.
1979 243 2050 277 Diu
2069 251 2185 277 autern

1205 292 1240 324 in
1264 290 1364 324 ltalia
1393 291 1498 323 fuisse
1526 301 1684 333 magnam
1711 293 2034 326 dissimilitudinem
2060 294 2187 336 legum,

1205 348 1238 375 et
1253 342 1379 373 multas
1396 339 1594 373 barbaricas
1607 344 1893 382 consuetudines,
1922 350 1955 377 et
1976 343 2186 376 iudiciorum

1206 392 1463 430 diversitatem,
1497 390 1637 432 gignere
1661 394 1774 426 varios
1798 401 1933 434 mutus,
1960 391 2122 426 bortatur
2148 399 2187 426 ut

1209 441 1401 485 Imperator
1416 441 1556 473 mandet
1575 441 1646 474 suis
1670 442 1859 484 iudicibus,
1893 451 1932 477 ut
1956 454 2009 476 res
2031 444 2187 477 iudicent

1208 504 1248 524 ex
1277 491 1383 524 veteri
1406 489 1568 524 Romano
1594 491 1688 531 iure,
1727 493 1832 536 idque
1855 501 1894 526 ut
1920 505 2039 526 rursus
2065 500 2187 526 notum

1208 543 1267 574 fiat
1284 541 1465 585 plurimis,
1491 542 1692 585 praecipiat,
1719 549 1757 576 ut
1767 542 1947 576 Bononiae
1965 544 2072 577 veteri
2089 554 2189 576 more

1209 592 1266 625 siat
1292 592 1406 634 legum
1424 592 1610 627 enarratio.
1665 592 1717 625 lbi
1734 594 1827 626 enim
1843 591 2066 626 Theodosius
2082 594 2189 626 lecto-

1209 653 1262 674 res
1279 642 1368 675 Iuris
1391 641 1477 673 olim
1502 642 1738 676 collocaverat.
1791 642 2051 677 Commemorat
2072 643 2189 687 qualia

1209 690 1324 725 adbuc
1346 692 1417 724 sint
1434 690 1742 736 Constantinopoli
1766 694 1877 727 studia
1902 694 1974 726 eius
1997 693 2188 726 doctrinae.

1210 742 1329 775 Mores
1345 742 1449 775 etiam
1467 740 1651 775 hominum
1668 744 1713 776 ait
1730 744 1804 776 sore
1820 744 1993 781 mitiores,
2021 744 2049 776 si
2064 744 2189 776 adsue-

1210 793 1293 826 fiant
1316 790 1476 824 homines
1498 793 1541 825 ad
1565 792 1674 836 leges,
1702 794 1739 825 in
1758 794 1884 838 quibus
1906 794 2061 826 iusticiae
2077 794 2189 826 forma

1211 843 1338 875 rectius
1355 842 1586 886 conspicitur,
1612 850 1644 876 et
1670 855 1772 876 verae
1799 856 1919 876 causae
1944 845 2190 881 ostenduntur,

1211 893 1294 937 quid
1317 905 1378 925 cur
1395 893 1438 925 sit
1459 890 1641 926 honestum
1662 893 1797 927 Placuit
1817 895 1963 937 sapienti
1984 893 2191 937 Imperatori

1213 941 1379 976 Lothario
1415 943 1601 975 consilium
1635 942 1784 983 lrnerii,
1831 945 1890 976 sed
1923 944 2032 976 lector
2063 945 2191 984 deerat,

1211 994 1269 1036 qui
1291 993 1487 1026 eruditione
1504 1000 1536 1026 et
1553 994 1737 1027 autoritate
1753 995 1900 1027 invitare
1916 992 2099 1027 bominum
2117 1001 2191 1027 stu-

1211 1044 1267 1075 dia
1286 1044 1320 1075 in
1338 1055 1374 1075 re
1393 1056 1482 1076 nova
1501 1051 1627 1087 posset.
1681 1045 1798 1086 Quare
1815 1043 2006 1088 Imperator
2023 1045 2129 1088 petit,
2150 1050 2190 1077 ut

1212 1093 1368 1126 Irnerius
1384 1094 1454 1136 ipse
1471 1093 1643 1136 (existimo
1660 1102 1773 1127 autem
1793 1107 1869 1127 eum
1881 1093 2191 1137 Constantinopoli

1211 1144 1387 1187 didicisse)
1413 1144 1530 1177 redeat
1552 1145 1596 1176 ad
1619 1142 1792 1185 scholam,
1826 1152 1858 1178 et
1881 1151 1996 1178 tantae
2018 1145 2066 1177 rei
2092 1144 2193 1177 initia

1211 1195 1380 1237 gubernet
1406 1201 1437 1227 et
1460 1195 1635 1232 ostendat,
1664 1196 1840 1239 quomodo
1859 1193 1942 1228 baec
1960 1195 2118 1228 doctrina
2136 1205 2192 1226 re-

1210 1245 1386 1277 stituenda
1418 1245 1475 1277 sit.
1538 1243 1615 1277 Etsi
1643 1252 1714 1278 erat
1742 1246 1967 1285 inusitatum,
2009 1249 2126 1277 senem
2152 1255 2192 1277 ex

1210 1294 1305 1327 curia
1328 1301 1360 1327 et
1384 1306 1422 1326 ex
1440 1295 1693 1335 gubernatione
1711 1306 1928 1327 summorum
1947 1295 2189 1334 consiliorum,

1210 1344 1324 1376 redire
1340 1345 1382 1376 ad
1403 1342 1572 1376 scholam:
1605 1350 1720 1376 tamen
1741 1344 1896 1377 Irnerius
1922 1342 2016 1376 hunc
2042 1343 2192 1376 docendi

1209 1394 1364 1422 laborem
1391 1394 1549 1432 suscipit,
1583 1394 1815 1433 prospiciens,
1852 1401 2021 1435 quantum
2046 1393 2194 1434 posteri-

1210 1440 1270 1474 tati
1287 1440 1468 1483 profutura
1488 1446 1573 1472 esset
1589 1440 1760 1472 restitutio
1781 1438 1885 1473 huius
1900 1441 2090 1475 doctrinae.
2123 1441 2192 1474 Le-

1208 1497 1303 1533 gerat
1321 1490 1422 1522 etiam
1441 1489 1477 1521 in
1494 1487 1548 1522 bis
1566 1490 1647 1532 ipsis
1670 1490 1771 1523 libris
1788 1490 2040 1524 pandectarum
2057 1490 2193 1525 Romae

1208 1541 1386 1585 quondam
1412 1540 1611 1572 consulares
1635 1540 1745 1580 viros,
1779 1540 1981 1581 Scevolam,
2013 1540 2191 1583 Crassum,

1208 1590 1400 1634 Sulpitium
1422 1597 1454 1623 et
1478 1590 1582 1630 alios,
1615 1591 1710 1623 domi
1733 1602 1835 1631 suae,
1864 1592 1993 1624 multos
2018 1592 2190 1626 docuisse.

1209 1639 1260 1674 Ac
1281 1641 1308 1673 si
1336 1652 1415 1673 vere
1438 1640 1592 1673 iudicare
1614 1641 1794 1681 volumus,
1820 1649 1978 1675 senectus
2001 1642 2099 1675 addit.
2122 1643 2190 1675 ali-

1207 1692 1290 1736 quid
1309 1691 1504 1724 autoritatis
1520 1691 1728 1734 expositioni
1743 1703 1859 1724 rerum
1874 1692 2117 1726 maximarum.
2144 1691 2190 1727 Et

1207 1742 1290 1785 ipsis
1306 1741 1446 1774 senibus
1462 1741 1611 1774 maxime
1629 1742 1809 1784 congruit,
1836 1744 1974 1775 tradere
1991 1743 2190 1776 iunioribus

1208 1792 1364 1825 iusticiae
1380 1798 1413 1825 et
1427 1792 1575 1824 aliarum
1592 1792 1761 1825 virtutum
1777 1793 1985 1826 doctrinam.
2019 1792 2107 1826 Cum
2124 1793 2191 1836 igi-

1207 1850 1265 1876 tur
1279 1843 1402 1875 docere
1420 1841 1575 1875 Irnerius
1592 1843 1777 1886 coepisset,
1803 1844 1994 1877 multorum
2013 1844 2188 1877 nobilium

1207 1891 1392 1925 hominum
1411 1893 1524 1926 studia
1543 1904 1685 1926 accensa
1703 1900 1795 1934 sunt,
1822 1901 1853 1927 et
1873 1894 2039 1938 paulatim
2057 1896 2092 1927 in
2111 1907 2189 1927 cae-

1208 1950 1297 1977 teras
1314 1942 1433 1976 ltaliae
1455 1944 1558 1976 urbes
1581 1951 1613 1977 et
1637 1944 1674 1976 in
1694 1943 1866 1985 Galliam,
1893 1951 2067 1988 postremo
2092 1952 2125 1979 et
2150 1945 2188 1977 in

1208 1993 1437 2028 Germaniam
1455 1991 1538 2027 haec
1553 1994 1710 2027 doctrina
1728 2001 1913 2038 propagata
1933 2001 1992 2028 est.

1307 2044 1519 2089 Quanquam
1545 2051 1660 2078 autem
1680 2045 1717 2077 in
1737 2043 1801 2078 bac
1819 2046 1888 2078 vita
1912 2046 2043 2079 multae
2063 2045 2187 2078 confu-

1207 2094 1322 2128 siones
1340 2102 1372 2128 et
1389 2095 1472 2128 vitia
1489 2102 1649 2128 manent:
1684 2102 1799 2130 tamen
1825 2097 1945 2139 negari
1968 2107 2039 2129 non
2064 2102 2186 2138 potest,

1208 2146 1331 2179 melius
1361 2157 1432 2178 esse
1456 2143 1582 2178 habere
1606 2152 1713 2179 certas
1737 2147 1828 2190 leges
1851 2153 1883 2180 et
1907 2146 2086 2180 doctrinae
2109 2146 2184 2178 sor-

1205 2208 1317 2234 mam,
1353 2208 1457 2241 quam
1484 2196 1638 2229 indicare
1661 2208 1715 2229 res
1740 2209 1779 2230 ex
1806 2203 1986 2240 potentum
2016 2196 2186 2236 arbitriis,

1204 2253 1264 2279 aut
1283 2259 1321 2279 ex
1337 2247 1566 2290 opinionibus
1584 2254 1617 2280 et
1634 2247 1807 2280 inerudita
1823 2245 2012 2280 Rhetorica
2031 2246 2183 2279 ardelio-

1204 2309 1311 2337 num,
1334 2297 1394 2342 qui
1416 2297 1652 2340 impudentius
1671 2298 1945 2331 vociferarentur
1968 2297 2005 2329 in
2030 2297 2123 2337 soro,
2153 2296 2182 2329 si

1204 2347 1317 2389 legum
1344 2354 1375 2380 et
1400 2348 1595 2380 doctiorum
1621 2348 1841 2381 autoritatem
1869 2360 1942 2381 non
1975 2354 2182 2381 metuerent.

1202 2396 1339 2430 Deinde
1364 2398 1514 2430 multum
1539 2405 1570 2431 et
1593 2399 1669 2431 aliis
1692 2398 1870 2430 literarum
1897 2405 1929 2431 et
1953 2395 2180 2432 historiarum

1201 2449 1324 2481 studiis
1345 2449 1553 2492 prosuerunt
1576 2446 1612 2482 hi
1636 2449 1734 2488 libri,
1760 2449 1970 2482 adiuverunt
1987 2449 2180 2483 restitutio-

1200 2511 1279 2531 nem
1309 2497 1455 2531 Latinae
1486 2500 1642 2542 linguae,
1683 2499 1861 2532 illustrant
1893 2497 2066 2534 historias.
2135 2497 2177 2531 In

1198 2549 1332 2583 naturis
1361 2561 1433 2582 non
1463 2549 1668 2583 monstrosis
1698 2549 1852 2593 profecto
1884 2550 1988 2583 etiam
2017 2549 2177 2583 moribus

1199 2601 1357 2643 prodest,
1384 2600 1604 2633 considerare
1620 2611 1739 2633 causas
1762 2600 1898 2643 legum,
1924 2607 1958 2634 et
1974 2599 2119 2643 propius
2140 2600 2177 2632 in

1195 2662 1233 2685 ea
1249 2651 1401 2695 aspicere
1417 2651 1610 2692 iusticiam,
1636 2651 1731 2696 quod
1747 2662 1826 2685 cum
1843 2651 1900 2692 fit,
1926 2650 1998 2695 ipsa
2015 2647 2175 2694 pulchri-
