2324 2955
202 99 274 132 787

205 182 375 218 sermonis
400 181 548 224 egressio
567 191 638 213 non
664 179 881 221 intelligatur
897 177 980 224 Cyri
997 178 1185 217 decretum,

206 235 288 280 quia
307 241 389 266 tunc
406 231 598 264 aedificatio
617 241 738 263 rursus
761 228 939 274 prohibita
959 236 991 262 et
1018 229 1185 273 impedita
1210 179 1215 260 i

207 292 275 321 est,
309 293 417 326 usque
444 282 484 313 ad
513 279 613 314 Darii
642 280 852 323 Longimani
884 280 1185 323 gubernationem.

206 333 260 368 Ad
286 333 352 364 hoc
376 331 601 364 intervallum
626 331 893 364 accommodant
918 330 1028 374 aliqui
1054 332 1185 363 dictum

207 381 376 416 Iohannis
403 383 456 416 2:
496 381 739 424 Quadraginta
763 393 819 413 sex
843 381 944 413 annis
968 381 1185 413 aedificatum

205 440 255 466 est
279 431 344 466 hoc
367 433 548 476 templum.
600 432 670 466 Sed
691 433 733 465 de
753 443 791 464 eo
818 432 910 465 dicto
938 428 1104 464 [ohannis
1131 429 1185 463 hic
1211 428 1215 451 ’ν

205 496 279 517 non
303 483 453 526 disputo.

308 542 477 576 Sumatur
494 548 609 574 autem
628 541 768 574 initium
796 539 1058 573 hebdomadum
1084 540 1127 573 ab
1147 551 1187 572 eo

207 601 380 637 tempore,
408 604 486 625 cum
514 592 654 625 abolitis
678 589 978 635 prohibitionibus
1005 591 1074 623 iam
1105 602 1188 634 pro-

208 644 308 677 cessit
327 642 531 681 aedificafio,
558 642 670 687 sitque
687 643 826 676 initium
845 643 887 675 ab
904 641 1100 685 egressione
1117 652 1189 674 ser-

208 695 343 734 monis,
377 694 418 726 de
450 704 654 737 processuro
683 705 804 736 opere,
839 704 917 725 cum
943 692 1130 735 Haggaeus
1155 697 1189 724 et

208 742 394 778 Zacharias
412 744 650 776 vaticinantur
665 755 753 787 opus
775 754 1018 786 processurum
1038 754 1110 775 esse
1127 753 1190 774 an-

208 807 255 828 no
272 796 423 828 secundo
442 793 652 837 Longimani
665 820 675 835 ‚
703 801 736 827 et
753 801 869 838 postea
886 791 1018 827 Esdras
1038 793 1190 827 mittitur

208 857 301 878 anno
320 845 354 879 7.
368 844 593 887 Longimani.

310 903 529 938 Concinnius
553 909 603 937 est
621 909 737 937 autem
763 904 995 947 egressionem
1022 901 1191 936 sermonis

210 957 252 989 de
276 955 398 988 divino
427 965 588 987 sermone
612 954 780 997 intelligi,
813 955 874 999 qui
904 966 966 998 per
988 953 1190 996 Haggaeum

212 1014 245 1039 et
274 1003 479 1038 Zachariam
509 1005 659 1038 traditus
689 1012 751 1038 est.
806 1004 1016 1049 Quanquam
1048 1002 1191 1043 adiungi

210 1054 344 1090 Esdrae
369 1055 487 1088 missio
507 1061 639 1099 potest,
666 1067 755 1098 quae
776 1066 848 1085 non
872 1055 978 1095 longo
1005 1051 1192 1084 intervallo

212 1107 378 1151 sequitur.
420 1104 512 1138 Sunt
531 1111 645 1137 autem
664 1115 681 1135 a
701 1104 853 1136 secundo
871 1115 963 1135 anno
980 1100 1193 1143 Longimani

212 1168 322 1201 usque
339 1157 380 1188 ad
397 1161 545 1187 mortem
563 1153 678 1188 ultimi
695 1152 797 1187 Darii
812 1154 905 1186 iuxta
926 1149 1194 1190 Metasthenem‚

213 1208 297 1240 anni
319 1205 400 1240 145.
455 1205 556 1239 Adde
580 1205 673 1238 iuxta
690 1201 876 1237 Philonem
903 1215 1014 1247 usque
1031 1203 1073 1235 ad
1093 1201 1195 1234 trice-

214 1259 339 1290 simum
364 1255 536 1295 Herodis,
570 1267 639 1300 quo
669 1261 772 1287 natus
797 1261 847 1288 est
870 1252 1048 1292 Christus,
1083 1262 1194 1285 annos

214 1308 296 1342 510.
350 1307 452 1340 Adde
469 1305 517 1339 30
538 1317 648 1338 annos
672 1306 715 1338 ad
733 1303 951 1348 Baptismum
969 1301 1121 1340 Christi,
1147 1302 1194 1335 ita

214 1364 316 1392 erunt
339 1357 422 1390 anni
446 1355 534 1389 485.
587 1355 658 1388 Iam
681 1355 729 1388 69
751 1352 990 1388 hebdomades
1020 1364 1194 1387 annorum

215 1416 293 1443 sunt
325 1409 406 1440 t-uni
431 1404 517 1442 485.
570 1406 662 1441 Sunt
692 1406 800 1449 igitur
825 1407 869 1439 ad
893 1403 1025 1439 Christi
1055 1403 1196 1446 Baptis-

215 1472 309 1492 mum
329 1458 375 1492 69
395 1456 649 1497 hebdomades,
670 1464 702 1490 et
719 1457 756 1489 in
772 1457 922 1490 dimidio
938 1455 1081 1489 ultimae
1090 1451 1197 1487 Chri-

217 1518 288 1543 stus
308 1509 446 1553 publice
471 1508 698 1542 concionatus
718 1514 788 1548 est,
815 1507 968 1541 ostendit
985 1504 1196 1544 testimonia,

216 1572 336 1605 passus
355 1566 421 1599 est,
449 1566 480 1593 et
497 1558 696 1592 resurrexit.
734 1551 785 1591 Ita
802 1557 840 1590 in
855 1557 1059 1590 Pentecoste
1077 1554 1196 1599 proxi—

216 1624 271 1644 ma
291 1618 366 1655 post
379 1610 670 1643 resurrectionem
685 1606 816 1642 Christi
836 1609 914 1641 finis
934 1614 983 1640 est
1003 1604 1196 1639 hebdoma-

218 1664 301 1695 dum
318 1660 486 1694 Danielis.
533 1659 623 1692 Nam
643 1668 759 1702 postea
774 1659 913 1693 Iudaica
933 1657 1054 1702 politia
1071 1656 1197 1688 reiecta

217 1721 286 1752 est,
313 1711 481 1754 templum
503 1721 521 1742 a
537 1707 612 1742 Deo
631 1709 835 1742 damnatum
855 1714 919 1746 est,
946 1712 980 1739 et
996 1704 1105 1747 magis
1123 1714 1196 1735 ma-

218 1764 337 1806 gisque
369 1758 645 1805 prophanatum,
679 1759 790 1792 donec
813 1764 884 1791 tota
915 1767 997 1799 gens
1028 1756 1092 1787 sub
1114 1753 1195 1786 Tito

219 1814 406 1856 dissipata,
433 1818 466 1844 et
491 1809 659 1853 templum
682 1809 841 1843 funditus
858 1807 1010 1840 deletum
1036 1811 1095 1839 est.

320 1870 416 1903 Haec
430 1868 644 1912 computatio
665 1875 799 1901 tanturn
817 1865 1061 1911 quinquennio
1080 1863 1198 1896 differt

220 1935 238 1957 a
261 1921 469 1957 Functiana,
504 1919 563 1963 qui
581 1918 719 1952 orditur
741 1916 977 1950 hebdomades
1000 1927 1018 1947 a
1050 1914 1198 1957 septimo

220 1984 314 2007 anno
330 1970 552 2013 Longimani.
604 1968 675 2002 -Xec
699 1969 891 2001 absurdum
911 1973 980 2002 est,
1008 1966 1199 2007 adiungere

220 2022 351 2058 Esdrae
370 2021 570 2054 missionem
588 2020 630 2052 ad
646 2018 800 2062 Haggaei
825 2025 857 2051 et
874 2015 1064 2050 Zachariae
1079 2015 1200 2048 vatici-

222 2076 291 2108 nia.
345 2070 391 2106 Et
412 2072 440 2105 si
456 2069 646 2104 Ptolemaei
668 2080 833 2103 numeros
857 2067 1030 2112 sequaris,
1057 2066 1099 2099 ab
1117 2064 1201 2099 Ale-

221 2123 344 2159 xandri
360 2129 470 2155 morte
489 2133 596 2166 usque
607 2121 649 2153 ad
663 2119 871 2162 Augustum,
890 2118 1046 2150 invenies
1061 2129 1078 2149 a
1090 2122 1201 2149 morte

225 2174 415 2208 Alexandri
439 2173 482 2205 ad
500 2178 622 2205 natum
638 2168 816 2204 Christum
842 2180 951 2201 annos
968 2167 1051 2207 324,
1074 2167 1202 2211 quibus

226 2227 254 2258 si
273 2225 376 2258 addes
396 2223 550 2257 Persicos
574 2232 686 2255 annos
710 2221 809 2262 regni
825 2219 1014 2253 Alexandri
1041 2224 1116 2260 post
1131 2216 1204 2250 Da-

226 2276 335 2311 rium,
378 2282 493 2307 tamen
535 2273 715 2306 incurrent
751 2269 988 2304 hebdomades
1023 2268 1058 2302 in
1093 2279 1203 2300 annos

225 2323 367 2358 Christi.

254 2427 320 2460 De
340 2423 519 2459 studiis
543 2422 876 2458 doctrinarum
899 2425 944 2457 in
965 2423 1177 2456 Graecia.

328 2497 437 2530 Primi
455 2497 489 2527 in
510 2496 656 2530 Graecia
673 2498 844 2536 doctores,
871 2496 930 2541 qui
947 2496 1001 2528 vel
1022 2495 1064 2527 de
1081 2501 1204 2527 natura

231 2560 358 2586 rernm,
375 2547 429 2580 vel
447 2548 487 2578 de
505 2547 673 2587 moribus,
692 2548 797 2580 velde
815 2546 970 2581 historiis
986 2546 1113 2589 scripta
1130 2556 1205 2576 mo-

231 2606 396 2632 numenta
432 2596 633 2635 ediderunt,
676 2597 868 2641 plerunque
903 2596 1118 2630 carminibus
1152 2595 1204 2627 usi

231 2658 328 2685 sunt,
360 2656 396 2682 ut
421 2646 548 2685 Linus,
583 2644 766 2689 Orpheus,
794 2647 986 2681 Homerus,
1018 2646 1204 2679 Hesiodus.

454 95 662 133 SCRIPTA
690 94 765 130 PII.
789 91 905 128 MEL.
931 91 999 128 AD
1025 91 1153 130 HtST.
1178 90 1322 129 PROF.
1348 88 1415 125 ET
1442 89 1633 127 PHILOS.
1655 89 1974 132 SPECTANTIA.

2142 96 2216 132 788

1240 228 1300 261 alli
1323 227 1482 260 doctores
1507 228 1578 261 orti
1599 235 1700 272 sunt,
1726 230 1787 274 qui
1809 230 1980 273 complexi
2001 181 2220 266 suntqiiiilde}

1240 286 1342 317 artes,
1369 274 1648 319 Arithmeticam‚
1675 278 1928 322 Geometriam,
1955 282 2152 316 doctrinam
2177 284 2220 316 de

1240 328 1394 361 motibus
1424 334 1456 361 et
1486 328 1667 361 effectibus
1697 330 1924 372 coelestibus,
1950 329 2153 377 physicam,
2178 334 2220 367 de

1241 379 1450 424 qualitatum
1465 378 1663 412 actionibus
1678 378 1716 412 in
1735 382 1880 415 materia
1897 393 2104 427 corporum,
2131 389 2163 416 et
2179 384 2221 416 de

1240 429 1404 463 remediis
1421 429 1639 463 morborum.
1677 428 1812 463 Harum
1831 432 2071 467 doctrinarum
2088 440 2223 478 partem

1241 486 1372 513 veteres
1390 478 1492 512 Ionas
1507 491 1526 512 a
1539 479 1610 513 suis
1628 481 1831 523 parentibus
1850 480 1972 526 laphet
1988 490 2021 517 et
2038 482 2146 517 Iavan
2165 495 2221 517 ac-

1242 530 1370 574 cepisse
1405 536 1676 563 consentaneum
1706 537 1775 572 est,
1812 532 1870 564 sed
1898 533 2006 575 magis
2039 534 2222 568 coluerunt

1241 578 1519 620 Arithmeticen,
1547 579 1805 622 Geometriam‚
1837 583 2034 617 doctrinam
2055 585 2098 616 de
2119 585 2223 618 moti-

1242 632 1308 664 bus
1335 637 1368 664 et
1395 630 1575 665 effectibus
1603 631 1811 665 coelestibus
1847 639 1881 666 et
1907 639 2018 667 artem
2051 634 2224 668 medicam

1242 679 1436 715 Phoenices
1459 688 1492 715 et
1509 680 1684 726 Aegyptii.
1734 681 1874 716 Horum
1891 683 2021 717 eruditi
2039 691 2225 718 consuetu-

1243 732 1325 765 dine
1345 729 1475 765 Thales
1491 738 1525 765 et
1542 729 1773 777 Pythagoras,
1799 733 1937 767 circiter
1955 733 2074 768 Croesi
2091 741 2126 769 et
2141 733 2226 780 Cyri

1243 789 1400 827 tempora
1417 782 1656 816 excitaverunt
1675 784 1807 816 maiora
1823 785 1939 817 studia
1954 782 2078 818 harum
2095 785 2227 818 doctri-

1243 844 1369 866 narum
1388 833 1426 865 in
1442 831 1596 877 Europa,
1624 840 1656 866 et
1673 841 1790 867 coetus
1807 835 2061 879 discipulorum
2075 836 2227 869 familia-

1243 884 1329 918 riter
1350 884 1562 918 docuerunt.

1345 930 1489 967 Thales
1506 933 1594 968 vixit
1612 933 1747 975 Mileti,
1771 942 1802 968 et
1820 936 2000 970 ordinavit
2017 948 2150 970 annum
2169 934 2228 968 lo-

1245 985 1333 1017 nicis
1367 984 1588 1022 civitatibus,
1635 992 1667 1016 et
1700 985 1855 1028 Atticae,
1897 993 1988 1020 recte
2023 986 2227 1021 monstratis

1246 1032 1564 1076 Aequinoctiorum
1584 1033 1803 1076 temporibus
1822 1042 1855 1069 et
1874 1037 2088 1077 intervallis,
2115 1043 2148 1071 et
2167 1037 2227 1070 de-

1245 1082 1385 1125 scripsit
1402 1080 1557 1114 Meteora
1575 1083 1742 1116 carmine.

1347 1128 1589 1176 Pythagoras
1613 1138 1717 1165 natus
1740 1132 1781 1165 in
1795 1132 1900 1167 Samo
1916 1134 2003 1168 adiit
2019 1134 2230 1180 Aegyptum,

1247 1189 1280 1216 et
1294 1181 1376 1214 inde
1392 1182 1510 1215 attulit
1526 1192 1624 1214 suam
1647 1180 1915 1227 Philosophiam
1933 1184 2138 1218 Tarentum.
2173 1184 2230 1218 Ab

1247 1230 1302 1265 his
1319 1233 1456 1265 duobus
1472 1232 1609 1265 diversa
1625 1243 1751 1276 genera
1769 1231 2021 1278 Philosophiae
2042 1242 2117 1269 orta
2138 1241 2229 1268 sunt.

1248 1283 1408 1316 Ionicum
1433 1294 1452 1315 a
1476 1280 1642 1324 Thalete,
1676 1284 1771 1329 quod
1794 1285 1861 1318 fuit
1885 1285 2003 1319 minus
2031 1286 2230 1325 obscurum,

1248 1341 1280 1367 et
1302 1333 1411 1377 magis
1434 1330 1634 1378 Physicum.
1684 1333 1848 1368 Alterum
1873 1335 2032 1369 Italicum
2057 1348 2075 1369 a
2099 1333 2231 1381 Pytha-

1248 1396 1348 1428 gora,
1379 1383 1440 1429 qui
1462 1395 1541 1417 cum
1566 1382 1702 1418 Romae
1733 1393 1893 1429 regnaret
1922 1386 2066 1420 Servius
2091 1385 2232 1419 Tullius

1249 1435 1369 1469 docuit
1385 1435 1425 1469 in
1438 1434 1562 1468 ultima
1581 1446 1640 1468 ora
1658 1433 1791 1477 Italiae,
1819 1448 1944 1480 magna
1963 1436 2122 1476 Graecia,
2146 1436 2232 1469 fuit-

1250 1497 1317 1531 que
1342 1485 1502 1518 doctrina
1524 1485 1690 1526 obscura,
1725 1486 1827 1530 plena
1853 1488 2107 1531 aenigmatum,
2134 1493 2167 1520 et
2189 1488 2233 1519 ad

1249 1547 1353 1570 usum
1381 1546 1603 1568 communem
1626 1536 1744 1569 minus
1769 1538 2037 1571 accommodata.
2087 1535 2135 1570 Et
2150 1537 2231 1580 quia

1250 1597 1395 1621 arcanos
1412 1597 1635 1628 congressuS‚
1662 1593 1694 1620 et
1711 1598 1791 1620 suos
1806 1588 1974 1631 quosdam
1996 1587 2085 1621 ritus
2101 1584 2233 1632 Pytha-

1250 1636 1360 1680 gorici
1387 1633 1603 1677 habuerunt,
1637 1644 1780 1680 propter
1802 1644 2036 1682 tyrannorum
2064 1636 2234 1680 suspicio—

1249 1696 1310 1718 nes
1329 1687 1434 1717 deleti
1449 1693 1543 1719 sunt.

1240 176 1398 211 Fuerunt
1423 175 1531 219 igitur
1553 176 1660 221 primi
1683 178 1868 223 scriptores
1886 179 2026 218 Poetae.

1609 1776 1676 1809 De
1700 1776 1880 1811 Solone.

1323 1830 1452 1868 Croesi
1465 1840 1623 1878 tempore
1639 1841 1671 1868 et
1681 1834 1793 1869 Solon
1809 1835 1886 1875 suit,
1902 1834 1987 1869 civis
1998 1832 2235 1879 Atheniensis,

1252 1897 1358 1932 quem
1375 1897 1453 1918 cum
1471 1885 1596 1918 seditio
1611 1883 1761 1918 Athenis
1777 1892 1856 1919 orta
1871 1892 1968 1924 esset,
1996 1894 2140 1930 propter
2155 1900 2236 1921 cru-

1253 1937 1430 1970 delitatem
1455 1936 1733 1977 foeneratorum,
1760 1936 1820 1981 qui
1845 1937 2013 1979 cogebant
2036 1937 2235 1972 debitorum

1253 1988 1344 2020 filios
1367 1993 1400 2020 et
1414 1986 1502 2019 filias
1526 1986 1594 2019 sibi
1617 1986 1653 2019 in
1676 1987 1877 2020 servitutem
1900 1987 2018 2020 addici
2039 1995 2098 2022 aut
2119 1989 2236 2030 vendi,

1254 2045 1294 2072 ut
1314 2048 1440 2071 usurae
1466 2044 1755 2079 numerarentur,
1781 2037 1904 2071 civitas
1926 2039 2145 2072 consentiens
2167 2040 2236 2072 ele-

1255 2089 1321 2132 git,
1346 2094 1385 2121 ut
1399 2088 1513 2131 legum
1533 2093 1566 2121 et
1581 2087 1792 2122 iudiciorum
1810 2088 2033 2121 acerbitatem
2052 2089 2236 2133 mitigaret,

1256 2147 1288 2174 et
1313 2149 1437 2173 usuras
1460 2138 1711 2172 moderaretur.
1760 2137 1828 2172 Hic
1850 2138 1999 2183 primam
2016 2140 2097 2173 tulit
2115 2140 2235 2182 legem,

1256 2202 1300 2223 ne
1317 2189 1480 2233 deinceps
1502 2189 1621 2223 liceret
1638 2189 1750 2223 ullum
1774 2190 1923 2223 liberum
1949 2201 2073 2234 corpus
2095 2197 2235 2234 propter

1257 2241 1376 2275 debita
1396 2246 1455 2273 aut
1469 2250 1592 2273 usuras
1616 2240 1655 2273 in
1676 2240 1876 2274 servitutem
1899 2237 2002 2274 trahi.
2056 2238 2159 2273 Item:
2189 2240 2237 2275 [Jt

1257 2298 1342 2326 tunc
1371 2301 1516 2330 usurae,
1557 2303 1646 2335 quae
1679 2292 1721 2323 ad
1763 2291 1798 2324 id
1832 2297 1967 2333 tempus
2002 2289 2236 2332 debebantur,

1257 2352 1379 2375 omnes
1396 2341 1667 2381 remitterentur,
1695 2348 1727 2375 et
1743 2341 1816 2384 ipse
1832 2339 1964 2384 primus
1982 2341 2115 2375 remisit
2131 2341 2236 2386 quin-

1258 2404 1324 2437 que
1340 2392 1479 2431 talenta,
1497 2391 1533 2424 id
1550 2399 1609 2431 est,
1629 2392 1694 2425 tria
1715 2391 1824 2424 millia
1843 2397 2102 2427 coronatorum.
2130 2390 2236 2426 Hunc

1258 2443 1403 2476 modum
1422 2442 1524 2476 etiam
1544 2454 1729 2475 usurarum
1750 2439 1919 2478 instituit,
1946 2452 1990 2473 ne
2008 2442 2087 2486 plus
2104 2448 2236 2486 petere-

1259 2500 1332 2533 tur,
1360 2504 1463 2537 quam
1489 2504 1594 2526 usura
1622 2504 1709 2537 quae
1732 2491 1935 2523 nominatur
1957 2490 2172 2533 Centesima,
2200 2494 2236 2526 id

1259 2550 1319 2584 est,
1347 2543 1534 2577 centesimo
1555 2553 1671 2574 mense
1687 2549 1813 2575 sortem
1831 2552 1994 2585 aequans.
2046 2542 2170 2576 Postea
2186 2544 2235 2576 le-

1259 2605 1315 2637 ges
1350 2600 1482 2627 veteres
1512 2590 1781 2626 Atheniensium
1819 2591 2010 2636 mitigavit,
2045 2600 2077 2627 et
2107 2593 2234 2628 iudicia

1259 2643 1450 2678 constituit.
