2324 2955
167 109 241 146 539

170 196 235 231 tris
249 190 500 238 omnipotentis
512 214 521 230 ,
545 198 590 220 ne
607 184 760 219 officium
779 182 924 217 audiant
941 194 960 216 a
976 182 1039 216 tali
1055 193 1149 217 scor-

172 254 294 281 tatorc.

271 294 331 329 53.
371 291 491 336 Neque
516 300 599 322 vero
616 287 735 319 minus
751 291 895 330 peccant
910 291 942 318 et
958 281 1150 328 reprehen-

171 345 279 380 dendi
304 348 402 382 sunt,
430 341 631 386 quicunque
655 335 710 370 his
736 336 920 379 impuratis
944 333 1150 368 hominibus

174 398 403 430 adsentantur
442 397 503 424 aut
543 388 786 427 consentiunt,
830 385 1034 430 praesertim
1073 397 1152 418 cum

172 443 376 488 Evangelici
408 440 542 475 censeri
573 439 711 473 volunt.
765 437 942 481 Scriptum
977 443 1027 470 est
1059 436 1151 468 enim

173 495 325 530 Roman.
355 494 404 526 1.:
448 491 629 525 Facientes
668 496 700 523 et
740 488 996 521 consentientes
1035 487 1154 519 eadem

174 557 288 591 poena
311 544 410 587 digni
432 549 525 576 sunt.
575 539 620 574 Et
635 538 739 573 Rom.
764 539 836 573 10.:
864 537 979 572 Corde
1002 538 1155 570 creditur

175 598 219 630 ad
238 595 431 634 iusticiam,
458 605 517 627 ore
534 598 650 624 autem
667 592 703 623 fit
722 589 892 622 consessio
910 589 953 621 ad
972 588 1131 621 salutem.

277 644 337 680 54.
378 644 449 677 Nos
476 643 583 686 igitur
607 651 747 683 agamus
763 640 888 683 gratias
905 651 943 672 ex
961 645 1033 671 toto
1054 638 1156 670 corde
1182 653 1184 665 >

177 697 253 732 sine
283 694 542 729 intermissione
569 691 645 725 Deo
678 698 748 735 opt.
780 702 869 724 max.
899 690 990 733 patri
1012 687 1158 722 Domini

177 747 290 781 nostri
311 745 389 779 Iesu
406 743 550 781 Christi,
567 754 629 786 pro
649 740 714 774 hoc
730 741 961 773 inenarrabili
977 738 1159 778 beneficio,

178 798 273 844 quod
297 808 362 830 nos
385 808 424 829 ex
447 793 512 827 hoc
531 790 742 826 Antichristi
767 803 893 833 regno,
917 803 979 835 pro
1004 802 1065 822 sua
1091 789 1159 821 im-

177 859 298 881 mensa
314 845 566 884 misericordia,
592 843 781 875 clementer
797 842 956 875 liberarit
972 847 1004 874 et
1021 840 1161 884 eripue-

177 899 242 939 rit,
269 905 302 931 et
326 909 366 930 ex
388 895 592 929 densissima
614 893 762 936 caligine
788 905 826 926 ac
848 892 1001 926 tenebris
1028 891 1066 924 in
1090 890 1161 923 cla-

178 961 254 982 ram
278 949 390 981 lucem
407 945 602 983 revocarit,
637 951 741 988 atque
764 944 807 976 ad
832 955 949 976 veram
974 941 1073 975 verbi
1096 940 1161 981 sui,

180 1006 213 1033 et
236 998 429 1032 voluntatis
453 997 489 1029 in
517 1007 557 1028 eo
591 995 779 1034 revelatae,
822 994 1057 1036 cognitionem
1082 1003 1163 1034 per-

181 1049 333 1083 duxerit.
392 1047 641 1090 Rogemusque
664 1044 918 1077 ardentissimis
946 1043 1108 1086 precibus
1131 1047 1164 1072 et

182 1099 349 1132 omnibus
370 1098 479 1136 votis,
506 1102 545 1128 ut
561 1106 666 1137 porro
691 1093 921 1132 sanctificare,
947 1102 1083 1134 regere,
1109 1089 1165 1121 111·-

181 1161 274 1190 vare,
290 1148 478 1181 accendere
495 1152 528 1179 et
544 1144 750 1178 confirmare
768 1143 872 1175 corda
891 1149 1010 1174 nostra
1029 1139 1164 1184 Spiritu

184 1206 302 1233 sancto
328 1198 429 1237 velit,
456 1203 495 1230 ut
518 1196 632 1239 ipsum
659 1205 736 1226 vere
752 1204 995 1235 agnoscamus,
1022 1191 1166 1223 invoce-

181 1262 281 1287 mus,
309 1249 340 1281 ei
366 1259 446 1280 vere
471 1247 671 1283 credamus,
705 1244 831 1285 gratias
857 1254 1001 1285 agamus
1026 1248 1058 1274 et
1082 1241 1167 1273 obe-

183 1300 340 1338 diamus,
363 1310 407 1330 ne
424 1299 461 1329 in
479 1294 651 1329 eiusmodi
670 1292 862 1336 Epicureos
878 1294 1033 1332 furores,
1061 1297 1093 1323 et
1115 1290 1167 1322 fa-

184 1350 320 1383 naticos
334 1347 556 1390 Papistarum
574 1355 719 1383 errores,
736 1343 861 1375 iterum
878 1353 1032 1381 ruamus,
1051 1351 1168 1373 suam-

185 1412 252 1445 que
267 1397 457 1432 Ecclesiam
475 1396 626 1438 benigne
644 1394 851 1436 gubernare,
874 1393 964 1427 tueri
981 1399 1013 1425 et
1031 1402 1168 1424 servare

184 1450 292 1490 velit,
320 1449 383 1494 qui
402 1455 451 1482 est
467 1445 673 1481 benedictus
692 1444 728 1476 in
751 1444 876 1477 secula.
929 1442 1055 1477 Amen.

187 1566 353 1617 (LVII.)
395 1564 510 1601 Alia'
528 1563 794 1608 disputatio
824 1563 870 1596 D.
899 1561 1065 1605 Philippa·
1089 1562 1171 1594 Me-

186 1620 397 1656 lanthonis:
432 1617 478 1651 de
506 1620 585 1649 tota
615 1615 808 1660 Evangelii
836 1613 1030 1654 doctrina,
1066 1613 1170 1645 Anno

191 1670 300 1707 1546.
353 1670 494 1710 (Legitur
521 1671 610 1697 etiam
642 1671 673 1696 iu
709 1679 779 1706 opp.
810 1665 905 1695 Luth.
937 1668 1019 1694 latin.
1039 1664 1170 1694 u'ineb.

547 1716 644 1755 Tul.
674 1728 702 1756 p.
722 1716 815 1754 505.)

190 1798 261 1837 Est
283 1800 428 1834 omnino
453 1798 619 1830 miserum
645 1801 756 1828 totum
784 1804 891 1837 genus
916 1790 1110 1826 humanum
1138 1792 1173 1824 in

190 1853 256 1887 hac
280 1850 526 1893 corruptione,
560 1854 598 1880 ut
623 1846 659 1878 in
681 1845 830 1877 maxima
864 1850 961 1887 parte
988 1841 1173 1875 hominum

190 1901 371 1937 manifesti
389 1901 525 1932 furores
543 1897 753 1935 ostendunt,
781 1894 863 1939 quia
885 1894 1035 1926 maxima
1055 1893 1175 1926 multi-

192 1955 280 1988 tudo
306 1951 395 1984 vivit
415 1960 512 1982 more
535 1947 728 1991 pecudum,
756 1952 985 1977 contemnens
1002 1942 1115 1976 Deum
1145 1950 1177 1976 ct

191 2003 363 2037 iudicium
400 2006 434 2033 et
468 1996 748 2031 misericordiam
776 1995 862 2035 Dei,
897 2006 960 2027 nec
994 1995 1177 2027 attendens

190 2055 286 2089 unde
304 2052 347 2085 sit
366 2048 451 2083 haec
468 2055 604 2087 natura,
625 2053 658 2079 et
676 2046 854 2090 quomodo
871 2052 1021 2088 regatur,
1049 2051 1081 2077 et
1100 2045 1178 2089 quis

193 2106 238 2138 sit
260 2105 400 2137 futurus
423 2099 503 2134 finis
529 2096 635 2131 huius
656 2096 803 2133 mundi,
840 2096 929 2129 sicut
944 2095 1104 2128 Psalmus
1123 2095 1178 2127 in-

194 2155 287 2200 quit:
314 2151 412 2187 Dixit
435 2149 605 2193 insipiens
625 2148 660 2179 in
679 2147 783 2179 corde
800 2158 880 2178 suo:
916 2158 986 2178 non
1007 2152 1057 2179 est
1073 2144 1179 2179 Deus.

295 2204 333 2237 2.
373 2200 529 2235 Econtra
555 2210 637 2231 vero
664 2198 786 2239 ingens
803 2203 836 2229 et
852 2197 1022 2229 immensa
1039 2196 1179 2229 bonitas

194 2253 264 2289 Dei
280 2259 340 2293 est,
363 2252 457 2296 quod
475 2260 678 2296 quanquam
694 2246 799 2280 multi
816 2251 899 2279 sunt
912 2243 1101 2290 prophani,
1118 2246 1179 2290 qni

196 2316 271 2338 non
293 2302 542 2340 emendantur,
568 2307 685 2334 tamen
708 2308 743 2330 se
770 2296 931 2341 patefecit
956 2296 1060 2330 certis
1082 2297 1180 2330 testi-

196 2353 346 2392 moniis,
375 2358 408 2384 et
427 2350 592 2384 revelavit
617 2359 784 2382 arcanum
811 2348 990 2380 decretum
1006 2358 1114 2389 ,suum
1139 2348 1181 2380 de

197 2402 403 2440 remissione
429 2407 649 2445 peccatorum
673 2404 819 2443 propter
841 2397 970 2438 filium,
998 2404 1031 2431 et
1048 2397 1182 2440 colligit

197 2456 266 2491 sibi
282 2466 321 2487 ex
336 2459 407 2486 tam
425 2457 587 2495 corrupta
604 2460 716 2483 massa
733 2446 880 2482 humani
905 2447 1041 2492 generis
1058 2445 1182 2481 Eccle-

201 2507 287 2541 siam
307 2509 495 2537 aeternam.

300 2554 334 2588 5.
368 2550 415 2586 Et
441 2558 480 2585 ut
503 2562 578 2583 eam
595 2548 788 2583 Ecclesiam
808 2550 876 2583 sibi
893 2549 1052 2593 colligat,
1078 2548 1182 2584 insti-

199 2608 267 2643 tuit
292 2601 526 2637 ministerium
551 2599 737 2642 Evangelii
766 2600 848 2633 inde
870 2611 980 2645 usque
1007 2600 1051 2634 ab
1077 2600 1180 2634 initio

204 2665 279 2701 post
298 2653 393 2688 Adae
415 2653 549 2697 lapsum
562 2678 570 2691 ‚
598 2650 634 2683 111
659 2661 729 2694 quo
755 2650 952 2685 ministerio
972 2651 1049 2686 vult
1065 2650 1182 2685 omni-

934 93 1416 133 DISPUTATIONES

2110 99 2183 136 540

1202 184 1268 219 bus
1283 182 1500 228 temporibus
1514 183 1709 228 praedicari
1723 184 1977 229 poenitentiam
2000 192 2034 221 et
2059 187 2183 220 remis-

1203 236 1337 269 sionem
1354 240 1577 279 peccatorum
1596 242 1740 279 propter
1763 235 1889 269 filium.

1309 294 1342 329 4.
1379 292 1539 339 Cumque
1563 305 1627 327 nos
1651 295 1688 327 in
1704 293 1860 328 Ecclesia
1883 307 1956 328 non
1974 294 2080 328 simus
2098 293 2184 340 Epi-

1205 345 1318 385 curei,
1352 345 1411 377 sed
1433 345 1647 378 affirmemus
1671 357 1750 378 vere
1775 346 1891 379 Deum
1916 345 2100 378 tradidisse
2122 348 2186 378 do-

1205 396 1353 428 ctrinam
1378 396 1420 428 de
1443 407 1503 428 sua
1530 395 1728 436 voluntate,
1751 397 1793 428 de
1816 397 1867 429 ira
1887 403 1918 430 et
1939 396 2189 435 misericordia,

1207 447 1372 479 debemus
1391 446 1513 478 audire
1528 446 1639 490 ipsam
1656 446 1863 487 doctrinam,
1886 453 1919 480 et
1935 447 2053 489 fugere
2068 458 2188 479 omnes

1208 497 1422 540 corruptelas
1439 497 1631 531 doctrinae.

1308 554 1344 589 5.
1372 555 1469 589 Sicut
1479 555 1577 589 Heva
1597 556 1718 589 debuit
1734 556 1843 589 vitare
1861 557 2074 599 corruptelas
2091 568 2191 588 man-

1209 607 1281 640 dati
1299 607 1424 645 divini,
1449 618 1534 651 quas
1552 606 1722 640 Diabolus
1740 607 1769 639 ei
1788 606 1980 650 proposuit,
2008 606 2055 639 sic
2072 618 2192 639 omnes

1209 655 1369 690 homines
1386 657 1516 690 debent
1533 657 1664 698 vitare,
1692 663 1725 690 et
1747 658 1914 690 damnare
1932 668 2052 690 omnes
2069 657 2192 700 depra-

1184 730 1186 735 ·
1209 708 1368 741 vationes
1385 706 1580 750 Evangelii,

1312 766 1345 799 6.
1378 765 1608 798 Manifestum
1626 772 1675 799 est
1693 772 1807 799 31110111
1828 765 2013 810 depravari
2032 763 2195 808 Evange-

1211 817 1298 850 lium
1330 816 1573 860 multipliciter
1597 816 1634 848 in
1660 816 1808 849 articulo
1836 817 1878 848 de
1908 816 2123 860 poenitentia
2153 817 2195 848 ab

1212 867 1282 900 illis
1301 867 1542 911 scriptoribus,
1561 867 1621 912 qui
1640 868 1778 907 docent,
1795 865 1943 900 Remini
1959 873 2096 910 peccata
2116 878 2197 910 pro-

1213 924 1289 962 pter
1314 924 1469 950 nostram
1496 917 1748 951 contritionem
1777 923 1808 950 et
1828 917 1894 949 alia
1920 917 2060 949 merita:
2096 924 2128 949 et
2144 924 2195 949 ta-

1213 980 1294 1001 men
1322 968 1403 1012 quia
1428 980 1609 1012 nunquam
1633 968 1761 1000 scimus
1787 968 1931 1012 quando
1954 968 1997 1000 sit
2022 966 2199 1000 sufficiens

1215 1018 1394 1058 contritio,
1421 1024 1481 1050 aut
1496 1017 1704 1051 sufficientia
1722 1018 1857 1058 merita,
1884 1030 2020 1061 semper
2033 1017 2201 1051 dubitan-

1218 1068 1304 1099 dum
1321 1079 1392 1099 esse
1411 1069 1553 1111 quando
1573 1065 1762 1101 habeamus
1779 1068 2032 1101 remissionem.

1320 1123 1355 1156 7.
1389 1124 1498 1156 Multi
1517 1122 1662 1157 Ethnici
1687 1136 1822 1158 errores
1848 1126 1969 1158 insunt
1988 1126 2024 1156 111
2043 1122 2106 1157 1130
2123 1136 2201 1158 5011-

1216 1174 1323 1207 tentia
1360 1175 1441 1218 quia
1469 1175 1606 1217 fingunt
1633 1183 1786 1208 nostram
1822 1175 2071 1208 contritionem
2104 1187 2204 1218 posse

1220 1224 1449 1256 sufficientem
1475 1236 1547 1256 0550
1573 1236 1637 1267 pro
1659 1226 1788 1257 nostris
1817 1226 1983 1267 peccatis,
2017 1226 2063 1257 ita
2096 1226 2202 1259 simul

1219 1271 1411 1307 detrahunt
1429 1275 1470 1307 de
1488 1274 1612 1307 merito
1631 1272 1781 1315 Christi,
1809 1281 1841 1308 et
1865 1282 2027 1318 mergunt
2043 1272 2204 1308 homines

1219 1325 1255 1357 in
1275 1331 1450 1357 aeternam
1466 1331 1626 1365 mortem,
1650 1325 1730 1369 quia
1749 1338 1817 1370 quo
1833 1325 1940 1368 magis
1958 1331 2104 1368 augetur
2120 1338 2206 1358 con-

1219 1375 1317 1408 tritio
1338 1375 1412 1408 sine
1432 1376 1517 1416 fide,
1545 1387 1585 1408 eo
1605 1376 1817 1419 profundius
1836 1376 1907 1408 ruit
1925 1373 2030 1408 homo
2056 1376 2091 1408 111
2110 1390 2204 1409 mor-

1221 1432 1302 1466 tem,
1330 1433 1368 1459 ut
1387 1427 1611 1459 manifestum
1632 1426 1668 1458 in
1688 1426 1785 1467 Iuda,
1803 1426 1944 1463 11183111,
1969 1434 1998 1458 et
2019 1427 2204 1460 similibus.

1322 1485 1358 1519 8.
1399 1483 1586 1527 Propterea
1606 1491 1638 1517 et
1656 1485 1727 1527 ipsz·¹
1744 1484 1918 1517 dubitatio
1940 1484 2089 1527 impellit
2108 1497 2205 1518 men-

1222 1541 1271 1567 tes
1288 1534 1325 1566 in
1342 1535 1634 1577 desperationem,
1661 1542 1693 1567 et
1715 1536 1863 1568 deterret
1880 1546 1899 1567 a
1917 1546 1996 1566 vera
2014 1535 2207 1570 invocatio-

1222 1596 1288 1624 ne,
1322 1585 1411 1618 sicut
1433 1583 1563 1618 Paulus
1587 1585 1716 1630 inquit:
1758 1585 1947 1628 Quomodo
1981 1585 2208 1627 invocabunt,

1223 1635 1290 1668 nisi
1307 1635 1472 1668 credant?
1498 1634 1650 1670 Roman.
1673 1636 1727 1668 10.

1326 1690 1361 1727 9.
1404 1692 1533 1724 Iterum
1559 1694 1662 1726 0113111
1688 1691 1878 1726 detrahunt
1911 1694 2043 1736 gloriae
2065 1692 2208 1735 Christi,

1226 1743 1366 1787 quando
1390 1742 1530 1782 dicunt,
1568 1742 1718 1774 Remini
1743 1750 1880 1785 peccata
1913 1751 2055 1785 propter
2089 1754 2207 1779 nostra

1227 1793 1367 1830 merita,
1395 1798 1428 1825 et
1445 1803 1517 1824 non
1535 1792 1640 1834 gratis
1666 1792 1733 1824 fide
1756 1799 1900 1836 propter
1916 1791 2108 1829 Christum.

1332 1843 1388 1876 10.
1431 1840 1542 1875 Error
1569 1849 1639 1880 est,
1670 1844 1764 1886 quod
1792 1843 1939 1875 omnino
1972 1845 2140 1880 omittunt
2173 1847 2208 1879 in

1228 1894 1388 1927 doctrina
1405 1894 1446 1926 de
1464 1893 1679 1936 poenitentia
1694 1890 1789 1926 hunc
1807 1894 2010 1927 articulum:
2030 1894 2116 1928 Fide
2132 1908 2209 1939 gra—

1228 1945 1272 1977 tis
1300 1945 1454 1976 donatur
1484 1944 1643 1976 remissio
1675 1951 1897 1987 peccatorum
1931 1951 2074 1989 propter
2096 1948 2207 1980 filium

1227 1994 1297 2028 Dei
1316 2006 1377 2038 per
1394 1994 1507 2027 fidem.

1333 2046 1390 2079 11.
1430 2044 1478 2078 Et
1501 2042 1596 2078 hunc
1619 2051 1747 2078 tetrum
1773 2057 1947 2086 errorem,
1982 2058 2051 2090 quo
2078 2047 2214 2081 deletur

1230 2095 1439 2140 praecipuus
1466 2095 1634 2128 articulus
1652 2093 1838 2138 Evangelii
1862 2103 1895 2130 et
1919 2097 2088 2141 symboli,
2116 2098 2211 2129 vide—

1231 2147 1331 2187 licet,
1357 2144 1471 2180 Credo
1490 2146 1733 2179 remissionem
1759 2153 1999 2190 peccatorum,
2022 2147 2128 2191 impie
2151 2148 2212 2180 de-

1230 2197 1381 2231 fendunt
1404 2203 1543 2231 autores
1567 2197 1699 2231 decreti
1726 2195 1989 2241 Theologorum
2011 2196 2213 2231 Lovanien-

1231 2247 1335 2282 sium.

1333 2297 1390 2334 12.
1430 2296 1485 2332 De
1520 2299 1734 2333 contritione
1766 2310 1831 2332 nos
1864 2309 2004 2342 quoque
2038 2296 2214 2339 docemus,

1231 2348 1377 2381 omnino
1394 2355 1555 2393 oportere
1571 2350 1724 2395 aliquam
1742 2349 1778 2381 in
1795 2349 1847 2388 iis,
1873 2348 1933 2392 qui
1950 2355 2217 2388 convertuntur,

1232 2398 1481 2433 contritionem
1505 2400 1670 2441 existere,
1703 2399 1785 2444 quia
1805 2397 1902 2431 Deus
1924 2399 2069 2432 damnat
2093 2411 2214 2432 carna-

1232 2450 1302 2483 lem
1334 2449 1575 2492 securitatem,
1618 2456 1650 2484 et
1673 2450 1749 2483 vult
1783 2448 1903 2493 aliquo
1938 2448 2045 2482 modo
2074 2450 2215 2492 agnosci

1233 2500 1322 2533 iram
1345 2511 1444 2534 suam
1468 2501 1633 2535 adversus
1661 2505 1859 2544 peccatum,
1904 2499 1984 2532 ideo
2006 2498 2137 2533 Paulus
2165 2500 2214 2533 sic

1234 2551 1374 2584 orditur
1396 2562 1496 2585 suam
1526 2550 1748 2584 concionem:
1789 2548 1983 2584 Revelatur
2007 2549 2061 2583 ira
2083 2549 2147 2583 Dei
2173 2551 2216 2584 de

1233 2601 1330 2634 coelo
1348 2612 1452 2645 super
1477 2613 1617 2636 omnem
1634 2600 1847 2645 impietatem
1866 2607 1900 2635 et
1920 2600 2134 2634 iniusticiam
2152 2607 2214 2634 etc.

1236 2649 1340 2686 Rom.
1362 2652 1395 2687 1.
