2324 2955
139 123 232 160 1049
682 122 708 156 Ι.

137 221 197 243 rus
218 209 289 242 dux
312 208 438 241 missus
460 215 510 241 est
525 205 872 251 Constantinopolin.

136 260 191 293 bis
207 257 343 292 Romae
360 257 660 302 recuperationem
680 259 778 301 ponit
790 257 981 301 Procopius
998 257 1034 288 in
1052 267 1116 288 an-

138 321 222 343 num
239 308 463 341 undecimum
481 306 689 348 Iustiniani,
717 309 777 352 qui
795 315 844 341 est
861 318 975 340 annus
985 304 1117 340 Christi
1142 307 1143 314 ¹

138 359 440 405 quingentesimus
460 358 653 392 tricesimus
678 359 855 402 septimus.
908 356 1041 401 Estque
1064 367 1118 388 se-

138 410 333 453 xagesimus
348 419 462 441 annus
478 415 661 453 postquam
679 410 722 441 ab
740 409 865 441 exteris
880 407 1042 451 gentibus
1057 419 1116 439 oc-

137 465 261 503 cupata
290 459 367 494 suit.
422 458 526 500 Quod
559 460 662 502 plane
695 459 963 502 intelligendum
994 464 1044 491 est
1074 457 1117 489 de

137 507 324 549 Odoacro,
365 509 426 553 qui
461 509 584 542 urbem
620 508 775 543 Romam
809 510 948 542 circiter
983 519 1116 541 annum

135 557 269 592 Christi
298 559 681 603 quadringentesimum
710 559 981 603 octuagesimum
1010 563 1142 591 occur*

137 615 291 653 paverat.

236 665 414 701 Reversus
438 674 554 701 autem
573 666 707 710 Vitiges
731 668 853 701 urbem
870 666 1022 702 Romam
1050 667 1116 699 ob-

140 717 276 750 sidione
301 717 430 761 cinxit,
458 730 546 762 quae
571 718 712 751 duravit
734 729 867 751 annum
891 718 1065 760 integrum
1084 723 1115 750 et
1140 733 1141 754 1

137 768 212 802 dies
235 779 374 802 novem.
427 767 588 813 Cumque
611 767 734 802 fierent
767 770 909 801 crebrae
933 778 1116 812 oppugna·—

139 819 270 858 fiones,
300 829 424 860 magna
447 830 526 862 pars
555 819 724 852 exercitus
751 817 885 852 Gottici
918 819 968 851 ibi
1000 817 1114 861 periit.

139 869 207 901 Sed
244 868 320 900 dira
351 868 441 901 fame
473 876 505 901 et
537 869 670 902 morbis
698 869 830 913 ubique
860 869 896 901 in
921 875 990 902 tota
1016 867 1117 901 Italia

139 918 243 951 multi
269 919 561 959 absumebantur,
595 925 628 952 et
655 919 691 951 in
712 919 922 963 quibusdam
941 918 1027 951 locis
1045 930 1117 951 ma-

138 974 208 1002 tres
221 968 375 1002 filiorum
395 969 558 1003 carnibus
575 975 691 1012 pastae
709 975 800 1003 sunt.

239 1024 375 1058 Eodem
392 1032 548 1069 tempore
568 1025 668 1058 Gotti
685 1024 931 1057 Mediolanum
958 1023 1118 1057 funditus
1143 1052 1144 1056 ,

138 1075 356 1113 deleverunt,
383 1075 575 1109 interfectis
591 1074 734 1117 triginta
751 1074 909 1107 millibus
923 1070 1119 1107 hominum.
1144 1091 1145 1097 κ

138 1182 166 1217 P
241 1132 405 1191 Tange-m
441 1144 523 1165 vero
563 1133 733 1189 relinqua
759 1132 1006 1190 .⁰b.⁵¹d¹⁰nem.
1021 1133 1119 1199 lifbffi
1144 1148 1145 1180 i
1170 1156 1270 1198 cipua
1288 1155 1354 1188 fuit
1373 1155 1527 1198 potentia
1550 1162 1626 1199 post
1643 1154 1872 1193 Belisarium,
1900 1164 2058 1198 expresse
2076 1151 2141 1186 hoc

160 1194 273 1218 romae
301 1180 453 1225 litiges,
488 1194 567 1215 cum
590 1183 675 1215 alibi
703 1180 905 1214 Ariminum
939 1189 1120 1223 amisisset,
1144 1207 1145 1210 η

642 1232 810 1277 Sequitur
829 1244 910 1275 ergo
928 1231 1119 1265 Belisarius
1144 1241 1145 1266 t

141 1240 174 1267 et
190 1231 384 1266 Ravennae
407 1239 588 1267 metueret.

142 1282 316 1325 Vitigem,
351 1289 384 1315 et
408 1282 583 1316 inclusum
609 1282 799 1317 Ravennae
823 1283 979 1323 obsidet,
1015 1294 1118 1327 quem

139 1340 178 1366 ut
194 1332 292 1366 Gotti
316 1334 504 1373 dederent,
527 1333 651 1366 fraude
677 1344 734 1366 eos
750 1333 931 1377 persuasit.
984 1332 1039 1366 lbi
1063 1345 1119 1366 ca-

140 1384 277 1427 ptivum
301 1395 415 1426 regem
432 1382 583 1426 Vitigem
606 1384 768 1417 custodit.
821 1382 872 1417 lta
897 1383 998 1416 valde
1013 1383 1120 1417 incli—

139 1441 221 1467 nata
248 1434 404 1476 potentia
430 1432 570 1467 Gottica
591 1433 782 1467 Belisarius
806 1434 897 1467 redit
915 1433 1119 1467 Constanti-
1143 1445 1144 1475 ᾗ
1198 1455 1207 1466 ‹
1252 1458 1267 1465 ,η
1311 1456 1330 1475 ¹.
1646 1470 1650 1472 ,
1689 1453 1696 1464 ι
1798 1469 1806 1475 Ἰ
1842 1452 1859 1464 ,κ

140 1483 289 1528 nopolin
305 1495 419 1527 regem
439 1483 592 1527 Vitigem
617 1496 731 1518 secum
756 1485 950 1525 adducens,
978 1497 1056 1517 curn
1081 1484 1118 1516 in
1143 1478 1145 1519 ζ
1170 1469 1289 1503 ξυρᾶν
1307 1469 1538 1497 “silvanos‘'
1559 1468 1804 1502 “mm‘pomw‘*
1821 1453 1880 1495 δὲ’
1904 1461 1956 1488 etc

140 1533 243 1568 Italia
258 1545 369 1567 annos
388 1534 543 1579 quinque
557 1535 595 1568 in
613 1534 758 1568 summis
781 1535 1047 1569 difficultatibus
1065 1546 1119 1568 res
1143 1546 1145 1566 {

141 1596 285 1627 magnas
302 1585 468 1627 gessisset.

243 1632 319 1667 Etsi
341 1641 457 1667 autem
482 1634 641 1666 nondum
667 1635 752 1667 belli
771 1634 905 1669 Gottici
933 1635 1011 1668 finis
1035 1635 1119 1669 suit:
1143 1646 1145 1651 ³

142 1692 259 1717 tamen
277 1684 389 1726 gloria
406 1683 570 1716 Belisarii
585 1695 708 1727 magna
727 1692 820 1724 erat,
848 1686 943 1730 quod
964 1692 1003 1718 ut
1019 1692 1119 1719 antea
1144 1692 1145 1699 ¹

142 1744 259 1776 regem
284 1732 531 1766 vandalicum:
559 1733 607 1766 ita
625 1746 719 1767 nunc
734 1743 848 1774 regem
866 1731 1046 1764 Gotticum
1063 1743 1121 1764 ca—

142 1784 277 1828 ptivum
296 1783 452 1823 adduxit,
479 1783 592 1814 victor
608 1783 757 1813 duarum
774 1781 1018 1815 bellicosarum
1035 1793 1122 1824 gen-

143 1835 233 1868 tium
250 1832 462 1865 Vandalicae
479 1838 512 1864 et
529 1830 701 1865 Gonicae.
754 1830 823 1864 Sed
849 1832 1120 1865 inconstantiam

145 1885 308 1917 fortunae
326 1889 481 1915 metuere
497 1892 560 1914 nos
576 1881 685 1914 multa
704 1882 859 1925 exempla
879 1888 909 1914 et
927 1882 962 1913 in
985 1879 1049 1914 hac
1066 1879 1122 1914 lii-

146 1934 251 1968 storia
278 1934 414 1966 docent.

245 1982 386 2016 Nullius
410 1982 476 2015 viri
500 1987 583 2015 tunc
608 1982 645 2014 in
670 1987 743 2015 toto
760 1981 844 2014 orbe
862 1988 1032 2015 terrarum
1050 1983 1123 2016 vir-

146 2042 203 2069 tus
221 2040 253 2067 et
270 2034 380 2077 gloria
396 2032 508 2066 maior
525 2032 591 2065 suit
617 2044 721 2076 quam
740 2031 911 2065 Belisarii.
966 2031 1013 2066 At
1029 2034 1123 2066 redi-

147 2093 202 2119 tus
219 2084 256 2116 in
273 2083 409 2118 Italiam
428 2083 494 2116 suit
513 2083 668 2117 infoelix.
712 2082 839 2115 Fuerat
857 2083 1022 2117 inclinata
1033 2082 1124 2117 Got-

147 2143 263 2170 torum
281 2134 454 2177 potentia,
482 2134 540 2167 sed
560 2144 680 2166 rursus
697 2132 812 2166 Totila
830 2140 995 2176 regnante
1012 2141 1124 2168 erecta

150 2192 212 2220 est.
264 2183 341 2218 Hoc
356 2184 537 2218 interserto
556 2183 647 2217 intra
671 2183 880 2216 decennium
902 2195 1022 2217 rursus
1040 2197 1124 2218 con-

149 2236 246 2272 cidit.

149 2297 245 2321 mus:

203 2346 317 2378 Omnia
333 2353 401 2376 sunt
418 2348 575 2376 hominum
593 2348 673 2376 tenni
690 2346 847 2385 pendentia
864 2347 923 2377 fito.

253 2396 292 2427 Et
308 2399 405 2428 subito
424 2409 492 2428 casu
508 2408 581 2438 quae
599 2399 716 2426 valuere
733 2404 833 2429 ruunt.

155 2463 263 2499 Urbis
289 2462 424 2496 Romae
457 2463 669 2496 calamitates
702 2463 806 2496 etiam
840 2462 945 2495 suisse
978 2472 1130 2504 magnas,

156 2525 235 2549 cum
257 2513 360 2548 toties
384 2514 602 2547 obsideretur
627 2520 661 2546 ct
683 2519 880 2557 caperetur,
909 2523 1044 2544 necesse
1067 2519 1130 2545 est.

762 119 1053 157 CHRONICON
1087 118 1330 156 CARIONIS.
1385 119 1509 155 PARS
1538 119 1582 155 ΙΙ.

1143 1330 1144 1334 ,
1170 1318 1271 1341 visse.

1143 1377 1144 1383 κ
1170 1356 1336 1401 padociae
1352 1356 1527 1390 Praesidis
1543 1355 1747 1399 descriptio:
1784 1351 1929 1400 ([ύσεως
1944 1354 2047 1399 ἴσχυϊ
2067 1351 2142 1387 δει-

298 2235 408 2278 Saepe
434 2235 541 2278 igitur
564 2231 653 2267 banc
684 2234 961 2267 admonitionem
996 2235 1124 2278 cogite-
1148 2251 1150 2261 ι

2047 119 2142 155 1050

934 205 1034 239 Hanc
1056 217 1116 237 ur·
1139 205 1143 258 l
1167 212 1270 245 esset,
1298 204 1489 238 Belisarius
1511 216 1668 239 reversus
1693 217 1732 238 ex
1751 203 1900 238 Thracia
1926 205 2049 238 urbem
2068 217 2139 238 non

1168 256 1338 288 munitam
1364 256 1504 299 recipit,
1531 268 1594 288 iiec
1616 263 1732 289 tamen
1759 257 1819 288 diu
1842 256 1979 290 retinet.
2032 254 2140 288 Cum-

1168 317 1234 349 que
1259 305 1308 338 ibi
1325 304 1508 339 Cononem
1525 305 1743 339 Praefectum
1766 306 1981 350 reliquisset,
2010 305 2139 339 milites

1168 367 1258 395 eum,
1288 357 1382 400 quod
1402 357 1618 389 frumentum
1635 357 1763 389 iniuste
1780 357 1963 394 vendebat,
1992 363 2024 389 et
2042 357 2140 388 inae-

1167 406 1315 449 qualiter
1334 406 1530 446 dividebat,
1557 407 1819 439 interfecerunt.
1854 407 2046 450 Aliquanto
2062 413 2138 449 post

1166 454 1360 488 Belisarius
1381 463 1562 489 revocatus
1581 468 1657 489 cum
1675 457 1745 489 fere
1764 456 2006 500 quinquennio
2022 455 2140 488 inlta-

1168 506 1214 538 lia
1242 512 1385 548 vagatus
1407 514 1511 544 esset,
1551 507 1654 539 rebus
1684 507 1804 539 multis
1837 508 1964 540 frustra
2000 506 2139 539 tentatis

1167 556 1240 588 sine
1263 556 1373 598 gloria
1401 557 1437 587 in
1461 553 1649 588 Thraciam
1673 557 1788 589 rediit.
1842 555 1896 588 lbi
1920 555 2038 588 Totila
2063 555 2139 590 Ro-

1166 618 1257 638 mam
1285 607 1411 639 iterum
1437 606 1589 645 obsidet,
1613 613 1646 639 et
1673 606 1764 649 capit
1786 617 1879 638 anno
1902 612 2026 649 quarto
2045 614 2139 648 post-

1167 668 1268 700 quam
1289 663 1388 689 antea
1407 656 1506 699 cepit.
1559 655 1630 688 'Nec
1647 657 1758 689 multo
1775 663 1850 699 post
1866 655 2045 688 interfecto
2066 655 2139 688 To·

1166 707 1227 739 tila
1246 705 1372 738 Narses
1399 717 1473 739 eam
1497 705 1629 748 recipit.
1681 705 1764 739 Post
1787 706 1822 737 id
1850 713 1983 747 tempus
2000 716 2071 737 non
2091 712 2139 737 est

1166 757 1303 789 obsessa
1337 768 1447 801 usque
1479 757 1522 789 ad
1557 756 1872 799 Longobardorum
1906 766 2020 798 regem
2055 755 2141 798 Agi-

1167 807 1299 840 lolsum.

1267 853 1409 890 Narses
1429 856 1690 889 Persarmenius
1707 854 2048 889 successorBelisarii
2065 856 2139 888 soe—

1168 907 1280 940 liciter
1298 919 1337 939 ex
1358 907 1454 939 ltalia
1477 906 1603 940 Gottos
1620 907 1763 950 expulit.
1818 905 1885 940 Sed
1910 913 2026 950 postea
2043 905 2140 938 Lon-

1168 958 1340 997 gobardos
1367 957 1525 997 attraxit,
1551 964 1588 990 ut
1615 969 1676 989 suo
1696 958 1770 989 loco
1787 957 1912 990 dicam.
1967 956 2140 989 Scribitur

1170 1012 1283 1038 autem
1301 1004 1511 1039 Belisarium
1529 1013 1645 1048 postea
1671 1007 1841 1048 dignitate
1869 1012 1900 1038 et
1918 1006 2042 1050 opibus
2061 1016 2140 1048 spo-

1170 1056 1292 1088 liatum
1310 1066 1381 1087 esse
1399 1068 1417 1087 a
1437 1055 1642 1088 Iustiniano.
1678 1054 1717 1087 Id
1734 1057 1826 1098 apud
1842 1055 2052 1098 Procopium
2069 1066 2142 1086 non

1170 1106 1313 1147 legitur,
1338 1106 1397 1149 qui
1416 1112 1531 1138 tamen
1548 1106 1591 1138 de
1609 1102 1766 1138 Iohanne
1791 1106 1897 1143 duce,
1922 1105 2019 1137 cuins
2042 1115 2142 1146 prae-

1171 1206 1313 1244 scribit,
1355 1204 1589 1239 Iustinianum
1620 1207 1649 1237 ei
1675 1205 1879 1247 dignitatem
1906 1211 1938 1237 et
1966 1214 2048 1247 opes
2074 1204 2142 1236 eri-

1170 1256 1302 1300 puisse,
1337 1267 1486 1300 cumque
1510 1255 1572 1288 diu
1593 1256 1826 1288 mendicando
1850 1255 1980 1287 victum
2005 1254 2143 1298 quaesi-

1323 1303 1428 1340 Extat
1451 1306 1543 1350 apud
1571 1305 1715 1339 Suidam
1740 1303 1843 1338 huius
1868 1301 2036 1337 Iohannis
2053 1301 2143 1347 Cap-

1170 1404 1343 1448 νότατος,
1369 1408 1509 1454 γνῶναι
1542 1404 1586 1439 τὰ
1614 1404 1746 1440 δέοντα
1770 1403 1831 1439 καὶ
1865 1402 1968 1438 λύσιν
1992 1401 2142 1447 ἀπόροις

1404 1454 1411 1465 '
2014 1452 2143 1486 Annu-

1170 1514 1324 1541 meretur
1355 1515 1471 1540 autern
1502 1507 1669 1550 exemplis
1698 1505 1952 1539 inconstantiae
1981 1506 2143 1536 fortunae

1171 1558 1323 1598 aulicae,
1351 1564 1389 1591 ut
1414 1557 1562 1591 Seianus
1587 1558 1679 1599 apud
1701 1556 1904 1593 Tiberium,
1932 1554 2142 1588 Severianus

1171 1609 1264 1652 apud
1283 1607 1470 1648 Severum,
1496 1606 1690 1651 Eutropius
1707 1608 1798 1651 apud
1817 1604 2056 1639 Theodosium
2077 1602 2143 1636 Se-

1171 1659 1337 1692 cundum.

1273 1707 1351 1738 Etsi
1367 1715 1480 1738 autem
1498 1707 1695 1738 Iustiniaiio
1712 1705 1796 1738 hacc
1814 1705 1963 1745 gloriosa
1980 1704 2142 1737 suerunt:

1144 1776 1146 1784 ν
1173 1755 1330 1798 expulsio
1349 1754 1590 1788 vandalorum
1616 1767 1655 1787 ex
1672 1755 1808 1793 Asi-ica,
1832 1760 1864 1786 et
1881 1754 2035 1796 expulsio
2053 1753 2143 1785 Got-

1173 1813 1289 1839 torum
1317 1816 1355 1837 ex
1383 1804 1499 1838 Italia:
1541 1812 1656 1838 tamen
1689 1805 1802 1837 clades
1823 1804 1907 1836 alias
1934 1804 1969 1835 in
1996 1803 2143 1844 imperio

1173 1867 1315 1898 magnas
1332 1855 1479 1898 accepit:
1507 1854 1631 1888 Iluniii
1649 1861 1827 1888 vastarunt
1851 1864 2009 1895 magnam
2028 1851 2143 1885 Thra-

1174 1906 1246 1938 ciae
1263 1911 1395 1947 partem
1407 1930 1415 1944 ,
1442 1912 1474 1938 et
1492 1904 1712 1938 Pannoniam
1736 1910 1985 1947 recuperarunt
2002 1902 2143 1935 domitis

1174 1956 1224 1989 ibi
1248 1955 1379 1989 Gottis.
1431 1953 1476 1988 Et
1508 1956 1589 2000 quia
1623 1955 1829 1999 coniunctae
1856 1960 1973 1996 gentes
2000 1953 2141 1985 fuerunt

1174 2005 1300 2039 Hunni
1328 2012 1361 2039 et
1384 2002 1537 2045 Avares,
1572 2017 1701 2038 nomen
1724 2004 1885 2046 Ilungari
1916 2015 1954 2035 ex
1985 2002 2142 2046 utrisque

1174 2057 1302 2091 sactum
1328 2062 1394 2096 est,
1419 2054 1616 2096 IIunniari,
1644 2062 1682 2088 ut
1701 2054 1892 2088 lornandes
1912 2053 2042 2086 scribit.

1274 2106 1362 2139 Tria
1379 2106 1472 2150 pacis
1488 2117 1590 2150 opera
1608 2106 1644 2139 in
1662 2103 1873 2138 Iustiniani
1891 2102 2144 2146 gubernatione

1175 2157 1326 2202 principi
1347 2157 1611 2196 convenientia,
1646 2163 1679 2190 et
1702 2157 1806 2199 digna
1827 2155 1928 2188 laude
1954 2159 2048 2185 sunt:
2078 2151 2146 2184 ‚Le-

1176 2219 1256 2251 gum
1282 2207 1457 2248 collectio,
1499 2206 1663 2252 Synodus
1689 2218 1776 2250 quae
1802 2204 2004 2238 nominatur
2022 2202 2145 2246 quinta

1177 2255 1427 2301 οἶκοιῃιενικὴ,
1469 2264 1501 2290 et
1534 2257 1791 2290 aedificationes
1827 2257 1868 2288 ail
1913 2253 2144 2297 repressiones

1176 2308 1414 2343 Barbaroruin
1437 2308 1555 2340 sactae.

1280 2359 1335 2391 De
1352 2357 1485 2400 legibus
1501 2369 1571 2390 non
1588 2356 1734 2390 dubium
1748 2362 1808 2394 est,
1832 2353 2005 2397 principes
2023 2351 2147 2384 debere

1179 2407 1245 2442 hoc
1271 2409 1421 2447 efficere,
1448 2414 1486 2440 ut
1508 2414 1598 2440 extet
1623 2407 1679 2440 ius
1703 2413 1794 2439 recte
1818 2405 1984 2447 scriptum
2013 2409 2044 2434 et
2074 2412 2146 2433 cer·

1181 2467 1269 2499 tuni,
1295 2470 1364 2503 quo
1383 2465 1414 2491 et
1434 2464 1598 2500 regantur
1615 2455 1787 2496 homines,
1813 2462 1843 2488 et
1860 2455 1896 2487 iii
1912 2452 2050 2486 iudiciis
2066 2463 2147 2483 coii-

1181 2520 1301 2543 sensus
1328 2509 1482 2541 iudiciiin
1506 2509 1749 2542 constituatur.
1817 2505 1900 2539 ldeo
1925 2503 2010 2536 etin
2029 2500 2148 2545 politia

159 2564 244 2599 Post
267 2562 430 2596 Belisarii
455 2564 589 2597 abitum
617 2575 710 2596 annu
737 2563 884 2607 septimo
910 2573 1031 2595 rursus
1048 2563 1132 2595 urbs
1184 2560 1291 2594 lsratssl
1311 2559 1364 2592 ius
1381 2560 1547 2602 scriptum
1564 2559 1629 2591 snit
1645 2557 1816 2590 divinitus
1833 2555 2012 2589 traditum,
2029 2550 2150 2606 et'col-

156 2613 274 2649 Roma
295 2613 433 2648 circiter
458 2625 589 2647 annum
614 2614 751 2646 obsessa
782 2620 832 2646 est
855 2625 872 2645 a
902 2612 1038 2653 Totila,
1072 2613 1130 2657 qui
1184 2611 1311 2653 legium
1328 2610 1568 2652 interpretum.
1621 2608 1777 2641 Fuerunt
1793 2613 1823 2639 et
1845 2603 1993 2638 Athenis
2009 2608 2154 2656 scriptae

162 2676 240 2699 cum
257 2675 332 2698 eam
357 2664 519 2708 cepisset,
546 2671 578 2697 et
596 2671 728 2708 partem
751 2675 932 2698 murorum
948 2663 1134 2697 demolitus
1188 2663 1278 2704 leges
1301 2667 1334 2694 et
1357 2656 1630 2706 νομοφύλακες,
1665 2665 1697 2692 et
1721 2658 1854 2692 lloinae
1889 2656 1979 2696 leges
2012 2658 2157 2694 scriptae

213 2717 387 2748 ΜιῑιΑΝτκ.
415 2716 515 2748 Orci..
544 2716 623 2746 Vor.
642 2715 716 2748 ΧΠ.
1608 2709 1656 2743 67
