2324 2955
150 107 223 145 627

156 201 233 239 pter
254 199 408 226 nostram
432 185 655 230 dignitatem,
683 191 744 218 aut
767 190 885 218 nostra
908 185 1050 224 merita,
1078 192 1138 219 aut

159 250 295 278 nostras
319 241 474 274 virtutes.
532 235 633 269 Ilanc
659 242 692 268 et
711 234 813 268 Pauli
836 236 1044 269 sententiam
1068 248 1139 269 esse

159 295 402 329 adfirmamus,
430 287 491 332 qui
509 287 651 331 quidem
669 292 702 319 et
719 283 924 330 prophetica
941 287 1141 320 testimonia

160 357 199 376 eo
224 343 322 378 citat,
350 346 388 372 ut
403 336 558 371 Ecclesia
580 337 696 370 videat
719 348 799 369 eum
822 348 896 369 non
921 337 1098 371 discedere
1122 349 1142 370 a

160 392 318 427 doctrIna
336 385 606 432 Prophetarum.

261 441 324 476 28.
364 439 465 472 Hanc
490 444 694 482 perpetuam
717 438 924 471 sententiam
948 435 1141 482 Propheta-

163 504 241 527 rum
268 499 300 525 et
316 489 566 534 Apostolorum
584 488 650 522 Dei
674 489 843 522 beneficio
862 490 1016 522 retinent
1031 495 1063 522 et
1080 500 1145 521 no—

163 551 253 578 strae
267 540 462 578 Ecclesiae,
491 551 570 572 cum
592 539 757 572 dicimus:
790 539 873 573 Sola
895 540 962 572 fide
981 539 1146 572 iustifica—

164 605 265 631 mur,
291 599 324 624 et
346 591 510 624 reiiciunt
526 589 735 633 Papisticam
761 596 794 622 et
813 588 1062 623 Osiandricam
1089 601 1146 634 sy-

165 640 367 677 necdochen
382 668 391 682 ,
418 653 505 686 quae
526 652 605 673 cum
629 640 910 683 splendidissime
935 640 1147 679 defenditur,

166 701 305 728 tantum
333 690 400 725 boc
433 691 535 731 dicit,
570 697 709 724 renatos
741 691 896 724 novitate
928 692 1037 724 iustos
1064 701 1147 723 esse.

166 744 257 778 Nam
274 741 452 775 Osiander
474 752 631 785 expresse
656 741 777 774 definit
800 741 972 774 iusticiam
996 738 1052 773 his
1071 753 1149 773 ver-

167 795 239 828 bis:
265 792 405 826 Iusticia
422 798 472 825 est
487 792 580 836 quod
598 791 702 824 efficit
717 803 781 824 nos
795 791 884 824 iusta
900 793 1027 824 facere:
1054 791 1148 835 quod

169 844 254 890 quid
277 843 373 876 aliud
395 849 465 879 est,
491 853 595 886 quam
622 839 783 874 homines
804 842 894 875 iusta
915 842 1075 875 faciendo
1096 841 1150 874 iu-

169 903 240 929 stos
270 892 367 927 esse?
417 891 466 925 At
488 891 649 924 Psalmus
674 892 806 936 inquit:
839 891 921 926 Non
946 892 1150 926 iustificabi-

168 953 226 979 tur
242 945 277 977 in
299 949 487 986 conspectu
504 948 564 975 tuo
581 942 697 975 omnis
714 943 847 978 vivens.

272 993 333 1027 29.
367 992 600 1025 Verissimum
623 999 675 1026 est
696 990 856 1026 habitare
873 991 987 1025 Deum
1010 992 1048 1025 in
1073 1004 1153 1025 san-

173 1047 256 1086 ctis,
282 1050 315 1077 et
339 1043 376 1075 in
399 1043 449 1075 eis
473 1042 644 1075 efficacem
663 1054 753 1082 esse,
781 1050 814 1077 et
830 1043 907 1075 illas
926 1043 1154 1086 pulcerrimas

173 1097 318 1129 virtutes
336 1094 373 1125 in
389 1090 533 1135 loseph,
556 1091 705 1125 Daniele
722 1099 756 1126 et
773 1093 964 1133 similibus,
991 1093 1066 1125 sine
1082 1093 1154 1125 ulla

172 1145 394 1180 dubitatione
418 1154 489 1175 esse
507 1149 622 1175 motus
642 1143 803 1183 divinos,
829 1143 1024 1181 iusticiam,
1052 1149 1084 1175 et
1103 1153 1156 1174 sa-

174 1195 302 1230 crificia
323 1193 398 1227 Deo
430 1199 543 1236 grata,
577 1193 639 1225 sed
669 1199 813 1237 propter
841 1190 926 1226 haec
955 1204 1156 1237 quanquam

174 1246 296 1279 divina
323 1245 436 1283 bona,
467 1254 616 1287 persona
640 1255 713 1275 non
737 1250 787 1276 est
812 1243 902 1276 iusta
926 1254 1043 1275 coram
1068 1243 1158 1282 Deo,

176 1297 211 1329 id
236 1302 303 1333 cst,
328 1292 462 1327 habens
482 1292 723 1326 remissionem
746 1299 967 1336 peccatorum
984 1300 1017 1326 et
1035 1305 1159 1326 recon-

176 1346 403 1379 ciliationem.
455 1342 530 1375 Imo
553 1340 638 1375 haec
657 1343 750 1375 bona
768 1355 812 1376 ne
828 1355 899 1376 esse
917 1343 1060 1387 quidem
1078 1354 1158 1386 pos-

177 1403 274 1436 sunt,
301 1393 369 1427 nisi
393 1393 614 1437 praelucente
628 1393 713 1431 fide,
740 1405 829 1438 quae
846 1394 956 1426 credit
973 1405 1158 1437 personam

177 1446 285 1490 recipi
309 1451 341 1478 et
362 1444 498 1487 placere
521 1449 665 1486 propter
681 1443 744 1475 filii
761 1443 826 1477 Dei
843 1444 1099 1482 obedientiam,
1128 1450 1160 1476 et

178 1497 291 1531 lilium
308 1494 375 1528 Dei
398 1494 493 1527 velut
517 1494 763 1526 umbraculum
783 1505 854 1526 esse
871 1507 940 1538 quo
960 1494 1109 1536 tegimur
1125 1494 1161 1525 in

180 1546 311 1581 iudicio
328 1544 413 1584 Dei,
440 1544 528 1576 sicut
553 1543 697 1576 dicitur:
722 1542 853 1577 Sumus
875 1544 994 1577 dilecti
1018 1544 1055 1576 in
1073 1544 1161 1576 dile-

182 1597 307 1631 ctione.
360 1595 464 1627 Item:
499 1594 613 1626 Iustus
630 1593 697 1626 fide
715 1605 775 1626 sua
793 1594 898 1629 vivet.

282 1646 340 1680 30.
378 1644 616 1678 Nominantur
636 1650 750 1676 autem
771 1644 851 1676 illae
868 1644 1030 1685 virtutes,
1055 1644 1162 1677 Iusti-

183 1698 253 1730 ciae
277 1703 309 1729 et
334 1694 529 1735 Samificia,
563 1694 643 1738 quia
668 1694 706 1725 in
727 1694 951 1727 reconciliato
977 1701 1078 1735 sunt,
1109 1707 1162 1727 res

183 1753 412 1790 congruentes
437 1757 515 1777 cum
538 1745 718 1777 voluntate
743 1743 830 1785 Dei,
857 1745 927 1777 imo
954 1751 1036 1778 sunt
1060 1757 1162 1788 opera

181 1797 249 1831 Dei
274 1803 307 1829 et
328 1795 528 1829 testimonia
551 1795 592 1827 de
614 1793 689 1827 Deo
713 1794 748 1826 in
773 1795 955 1835 cordibus,
983 1802 1017 1828 et
1042 1795 1078 1827 in
1095 1794 1164 1828 Ec-

185 1848 297 1881 clesia.
349 1845 395 1879 Et
416 1853 497 1879 sunt
522 1845 688 1878 sacrificia
711 1845 838 1889 quibus
864 1845 937 1878 vult
954 1844 1048 1878 Deus
1076 1846 1165 1878 cele-

184 1898 291 1931 brari.
344 1895 391 1929 Et
416 1897 517 1937 longe
541 1902 707 1939 superant
731 1892 1029 1939 Philosophorum
1052 1896 1164 1929 virtu-

185 1957 253 1989 tes,
280 1948 361 1992 quia
386 1947 422 1978 in
444 1943 698 1990 philosophicis
720 1957 792 1978 non
817 1946 907 1981 lucet
932 1946 1063 1988 agnitio
1085 1945 1163 1984 Dei,

185 2006 216 2032 et
247 2010 320 2031 non
352 2004 434 2030 sunt
460 1993 586 2043 Zoyem)
617 1993 786 2041 λατρεία,
823 1996 857 2029 id
884 2003 950 2036 est,
984 1997 1099 2030 cultus
1127 1997 1164 2029 in

186 2049 312 2094 quibus
332 2049 448 2081 lucent
465 2047 592 2080 noticia
611 2046 698 2087 Dei,
723 2047 847 2086 timor,
871 2047 964 2080 fides.

284 2099 346 2133 31.
378 2098 423 2132 Et
445 2097 660 2130 severissime
677 2098 890 2129 execrandus
906 2103 938 2130 et
953 2097 1165 2140 fungiendus

186 2157 235 2183 est
256 2150 354 2182 furor
373 2148 667 2187 Antinomorum,
691 2147 750 2192 qui
775 2147 914 2190 fingunt
936 2160 1008 2180 non
1032 2148 1164 2181 contri-

189 2200 271 2233 stari
303 2207 336 2233 et
363 2211 434 2231 non
458 2199 570 2231 excuti
596 2197 768 2242 Spiritum
794 2205 951 2231 sanctum
977 2199 1166 2231 sceleribus

186 2257 309 2285 ,contra
339 2249 603 2286 conscientiam,
638 2261 716 2281 cum
749 2248 938 2282 clarissime
963 2249 1095 2282 dictum
1122 2250 1165 2282 sit

192 2302 207 2333 1
229 2298 388 2334 Corinth.
407 2300 458 2332 6.:
493 2299 544 2332 Ne
569 2299 709 2337 erretis,
736 2306 960 2340 scortatores,
987 2299 1164 2333 idolorum

188 2351 357 2389 cultores,
399 2347 534 2382 moechi
565 2357 626 2383 etc.
655 2362 726 2382 non
756 2350 986 2393 possidebunt
1019 2361 1165 2391 regnum

187 2399 264 2434 Dei.
335 2399 436 2433 Item:
478 2399 593 2433 Milita
628 2400 757 2432 bonam
786 2401 964 2439 militiam,
1008 2401 1165 2434 retinens

187 2451 288 2484 fidem
308 2457 340 2483 et
357 2451 485 2483 bonam
505 2451 762 2484 conscientiam.

288 2502 347 2535 32.
383 2500 460 2532 Nou
484 2500 560 2533 ideo
584 2502 675 2533 filius
691 2500 753 2533 Dei
777 2501 901 2534 missus
919 2508 986 2542 est,
1012 2508 1043 2534 et
1061 2502 1165 2535 tantis

186 2553 364 2585 miraculis
387 2551 525 2591 collegit
550 2558 582 2583 et
607 2553 756 2585 servavit
779 2552 987 2590 Ecdesi-uu,
1031 2561 1164 2586 servata

186 2602 317 2636 familia
335 2599 455 2634 Nullae
477 2602 510 2632 in
529 2602 620 2633 ditm
633 2602 681 2638 io,
711 2604 834 2634 eductu
853 2604 983 2646 populo
1001 2603 1164 2648 eergy-

187 2661 245 2696 pto
271 2660 303 2686 et
325 2652 519 2697 Babylone.
572 2651 651 2684 Non
676 2651 754 2683 idco
780 2654 948 2688 adsumsit
974 2651 1163 2688 humanam

917 98 1399 136 DISPUTATIONES

2095 104 2169 139 628

1191 192 1370 230 naturam,
1399 186 1507 220 sensit
1528 183 1776 221 iram'aeterni
1792 188 1919 232 patris,
1944 190 2073 223 sudans
2092 200 2174 222 san-

1192 238 1354 279 guinem,
1392 242 1426 269 et
1457 237 1598 270 victima
1632 238 1669 270 in
1698 250 1800 271 cruce
1828 239 1939 272 sactus
1970 247 2037 280 est,
2069 247 2108 274 ut
2136 246 2174 273 tn

1193 288 1356 320 omnibus
1387 287 1568 320 furoribus
1592 288 1820 331 opinionum,
1851 289 2062 330 libidinum,
2095 302 2175 324 cru-

1194 337 1346 370 delitatis
1371 337 1571 380 indulgeas,
1599 345 1638 371 ut
1652 337 1767 372 David
1791 340 1903 384 rapiat
1926 340 2070 373 alterius
2093 352 2177 373 con-

1198 389 1330 430 iugem,
1355 387 1541 421 interficiat
1558 388 1696 429 virum,
1720 388 1835 424 irritet
1850 391 1936 423 iram
1960 389 2044 431 Dei,
2070 397 2110 424 ut
2126 401 2179 422 se-

1197 439 1283 471 ditio
1319 446 1484 483 sequatur
1524 439 1627 483 plena
1668 440 1835 472 scelerum
1863 447 1897 474 et
1930 441 2177 476 calamitatum.

1198 490 1265 522 Sed
1296 489 1374 521 ideo
1399 489 1568 523 immensa
1590 490 1830 523 misericordia
1853 502 1918 523 nos
1941 491 2107 532 redemit,
2140 497 2180 524 ut

1199 540 1311 572 deleat
1333 547 1511 583 peccatum
1538 547 1571 574 et
1593 547 1764 581 mortem,
1797 548 1830 574 et
1850 552 1915 573 nos
1940 542 2109 582 vivificet,
2142 553 2180 574 ac

1200 591 1266 622 sibi
1287 590 1462 623 adsimilet
1484 597 1517 623 et
1539 598 1715 624 aeternam
1740 591 1913 624 iusticiam
1940 591 1977 623 in
2003 591 2106 624 nobis
2126 603 2182 623 re-

1201 641 1337 680 stituat,
1373 641 1461 674 sicut
1484 640 1615 675 Paulus
1640 642 1770 686 inquit:
1806 640 2119 674 Transformamur
2144 641 2182 673 in

1202 692 1347 723 candem
1363 691 1571 734 imaginem,
1600 692 1635 724 id
1652 700 1719 733 est,
1744 692 1987 725 adsimilamur
2002 692 2093 732 filio,
2121 691 2184 736 qui

1203 749 1253 775 est
1276 742 1389 781 imago
1410 743 1541 775 aeterni
1560 743 1685 786 patriS‚
1711 743 1880 786 sapientia
1899 754 1959 775 seu
1974 743 2069 783 luce,
2096 753 2185 786 quae

1203 799 1253 825 est
1278 792 1409 835 agnitio
1432 792 1516 834 Dei,
1543 800 1575 827 et
1599 793 1754 827 motibus
1779 793 2055 836 congruentibus
2076 792 2185 826 verbo

1204 842 1280 878 Dei.

1307 902 1366 935 38.
1398 900 1509 934 Filius
1526 901 1646 934 dicens
1662 901 1939 935 consolationem
1957 902 1993 934 in
2011 902 2188 936 mentibus

1206 952 1336 985 nostris
1359 964 1442 984 voce
1460 952 1665 994 Evangelii,
1692 952 1845 986 ostendit
1868 952 2101 996 praesentiam
2125 964 2188 997 pa-

1207 1003 1290 1043 tris,
1317 1009 1348 1035 et
1371 1002 1523 1035 vivificat
1545 1003 1762 1043 credentem,
1789 1009 1821 1036 et
1841 1004 1899 1035 dat
1916 1002 2088 1046 Spiritum
2108 1014 2190 1036 san-

1208 1059 1323 1091 ctum,
1358 1059 1397 1084 ut
1428 1053 1609 1085 confirmet
1633 1065 1710 1093 cor,
1745 1059 1778 1086 ct
1802 1054 1965 1085 accendat
1992 1053 2190 1086 invocatio-

1209 1114 1288 1133 nem
1318 1108 1354 1134 εἰ
1378 1101 1464 1133 alios
1488 1109 1602 1134 motus
1624 1103 1728 1141 tales,
1764 1103 1877 1146 qualis
1902 1102 1975 1145 ipse
2001 1109 2067 1143 est,
2101 1103 2193 1136 sicut

1213 1154 1230 1184 1
1252 1148 1374 1185 lolian,
1390 1149 1425 1184 4.
1456 1151 1602 1183 dicitur:
1639 1151 1680 1183 In
1710 1149 1776 1183 hoc
1802 1152 2063 1193 cognoscimuS,
2098 1153 2192 1196 quod

1210 1202 1246 1233 in
1274 1213 1313 1233 eo
1333 1212 1532 1242 manemus,
1560 1201 1681 1243 etipse
1699 1201 1734 1233 in
1751 1202 1871 1240 nobis,
1899 1202 1980 1245 quia
1999 1203 2041 1234 de
2065 1203 2193 1246 spiritu

1211 1263 1273 1283 suo
1299 1251 1357 1283 dat
1380 1251 1495 1285 nobis.
1546 1249 1592 1284 Et
1616 1251 1721 1294 digna
1743 1258 1793 1284 est
1817 1252 2099 1285 consideratione
2116 1264 2194 1285 sen-

1211 1301 1319 1335 tentia
1338 1298 1541 1333 Athanasii:
1570 1300 1611 1333 In
1636 1313 1847 1346 quocunque
1869 1302 1999 1335 dicitur
2023 1314 2094 1335 esse
2112 1302 2196 1346 Spi-

1211 1352 1301 1384 ritus
1333 1357 1491 1389 sanctus‚
1524 1351 1573 1384 ibi
1604 1357 1653 1384 est
1679 1363 1742 1395 per
1766 1353 1935 1391 verbum,
1970 1352 2006 1385 id
2029 1359 2098 1393 est,
2133 1363 2196 1397 per

1212 1402 1341 1442 filium,
1367 1401 1538 1434 efficacem
1557 1414 1641 1434 voce
1657 1400 1855 1445 Evangelii.

1315 1458 1374 1495 34.
1416 1459 1511 1493 Ilaec
1542 1461 1803 1494 transformatio
1831 1461 1868 1493 in
1899 1460 2003 1493 nobis
2027 1467 2076 1493 est
2102 1472 2196 1492 nova

1215 1511 1433 1550 obedientia,
1458 1523 1546 1554 quae
1571 1523 1643 1543 non
1662 1518 1713 1543 est
1732 1511 1897 1543 meritum
1916 1511 2008 1543 vitae
2025 1517 2197 1544 aeternae.

1215 1560 1284 1593 Sed
1309 1561 1387 1594 ideo
1412 1561 1492 1604 quia
1515 1567 1632 1593 manet
1655 1561 1741 1593 ordo
1765 1561 2014 1601 immutabilis,
2039 1567 2075 1593 ut
2102 1572 2197 1594 crea-

1215 1618 1291 1643 tura
1318 1610 1498 1642 rationalis
1515 1609 1589 1642 Deo
1614 1610 1774 1650 obediat,
1801 1617 1833 1643 et
1859 1611 1940 1655 quia
1959 1612 2001 1643 ad
2020 1617 2197 1643 aeternam

1217 1660 1387 1694 iusticiam
1413 1660 1650 1700 restituimur,
1684 1660 1879 1692 necessaria
1901 1667 1962 1693 est.
2012 1659 2059 1694 Et
2081 1667 2197 1693 tamen

1216 1711 1400 1744 retinenda
1417 1718 1464 1743 est
1485 1710 1677 1750 exclusiva,
1702 1708 1800 1742 sola
1814 1707 1936 1756 side,
1963 1711 1999 1743 id
2015 1718 2082 1751 est,
2107 1711 2199 1744 fidu-

1217 1762 1267 1794 cia
1286 1761 1546 1794 misericordiae
1563 1767 1705 1804 propter
1720 1760 1948 1793 mediatorem
1967 1761 2049 1794 iusti
2066 1772 2199 1802 sumus,

1217 1819 1251 1845 et
1275 1809 1441 1844 haeredes
1464 1811 1555 1843 vitae
1579 1817 1751 1844 aeternae.
1803 1809 1885 1843 Non
1910 1812 2002 1843 enim
2028 1809 2199 1844 habemus

1219 1863 1255 1894 in
1271 1860 1335 1894 hac
1352 1862 1422 1894 vita
1436 1861 1520 1903 legis
1537 1861 1790 1904 impletionem,
1816 1861 1858 1893 de
1874 1874 1942 1906 qua
1958 1862 2043 1895 dicit
2052 1861 2199 1896 Paulus:

1217 1912 1288 1946 Nos
1304 1912 1429 1956 spiritu
1448 1923 1487 1944 ex
1502 1911 1568 1944 fide
1585 1922 1680 1955 spem
1698 1911 1856 1945 iusticiae
1873 1919 2105 1956 expectamus.

1319 1975 1376 2012 35.
1426 1976 1527 2009 Hanc
1559 1983 1667 2010 totam
1700 1977 1898 2011 doctrinam
1929 1990 2008 2011 cum
2039 1977 2200 2022 Papistae

1218 2028 1462 2072 multipliciter
1475 2035 1721 2070 corrumpant,
1748 2035 1779 2061 et
1795 2040 1929 2062 errores
1944 2026 2200 2072 sophismatum

1220 2079 1415 2123 praestigiis
1430 2084 1462 2111 et
1479 2078 1660 2122 tyrannica
1675 2079 1879 2112 crudelitate
1896 2080 2100 2121 defendant,
2126 2091 2199 2112 non

1220 2137 1301 2164 sunt
1316 2141 1396 2162 vera
1413 2128 1478 2162 Dei
1495 2126 1664 2164 Ecclesia.

1321 2188 1380 2223 36.
1416 2185 1608 2220 Ecclesiam
1633 2185 1836 2230 intelligunt
1861 2186 2019 2231 Papistae
2046 2198 2117 2219 esse
2143 2198 2199 2219 re—

1221 2251 1326 2282 gnum
1343 2237 1599 2282 Episcoporum
1622 2238 1801 2280 alligatum
1825 2239 1868 2271 ad
1891 2238 2106 2270 ordinariam
2123 2248 2200 2270 suc-

1221 2290 1430 2330 cessionem,
1462 2295 1502 2321 ut
1534 2288 1599 2332 ipsi
1631 2288 1837 2327 nominant,
1872 2294 1904 2320 et
1926 2288 1967 2320 ad
1994 2288 2200 2321 traditiones

1221 2339 1411 2380 humanas,
1445 2346 1483 2371 ut
1507 2339 1534 2371 si
1559 2338 1722 2381 Regnum
1747 2338 1921 2371 Gallicum
1948 2339 2199 2378 describerent,

1220 2391 1399 2433 alligatum
1425 2391 1467 2422 ad
1493 2389 1708 2422 ordinariam
1729 2399 1848 2429 regum
1866 2389 2140 2428 successionem,
2167 2396 2199 2421 et

1220 2443 1262 2473 ad
1289 2448 1397 2474 certas
1414 2439 1520 2483 {regni
1545 2440 1635 2481 leges
1661 2439 1857 2473 ettiudicia.
1928 2438 2024 2472 llaec
2049 2439 2197 2473 Politica

1218 2489 1416 2536 κακοζηλία
1436 2492 1537 2535 plena
1555 2498 1605 2523 est
1623 2489 1814 2522 multorum
1836 2501 2006 2523 errorum.

1322 2552 1383 2584 37.
1419 2549 1569 2591 Alligata
1594 2554 1641 2580 est
1664 2555 1779 2580 autem
1800 2545 1953 2582 Ecclesia
1978 2550 2019 2582 ad
2037 2549 2199 2582 incorru-

1220 2609 1312 2645 ptam
1336 2601 1520 2644 Evangelii
1545 2598 1760 2638 doctrinam,
1796 2611 1884 2642 quae
1906 2606 1937 2632 et
1963 2600 2196 2633 ministerium

1219 2651 1423 2696 Evangelii,
1455 2659 1487 2686 et
1515 2660 1615 2683 usum
1639 2648 1945 2683 sacramentorum
1970 2651 2132 2689 ordinat,
2160 2655 2192 2681 et
