2324 2955
191 115 260 151 115

189 200 232 232 lis
257 199 300 232 sit
317 199 398 242 ipse.
453 194 551 229 Hanc
572 195 604 225 in
624 192 761 236 opificio
779 190 933 226 hominis
950 201 1057 227 artem
1074 195 1165 228 divi-

190 261 271 282 nam
289 260 360 281 esse
378 247 477 280 fateri
496 255 629 276 necesse
646 250 708 275 est.

292 297 384 330 llaec
424 292 691 326 commemoravi
729 305 801 325 non
835 299 904 326 tam
936 294 1088 337 prolixe,
1129 301 1168 327 ut

191 347 394 390 magnitudo
413 344 459 376 rei
480 343 649 385 postulat,
675 343 731 374 sed
751 349 787 375 ut
803 341 870 375 boc
888 350 1040 387 tempore
1059 345 1166 386 potui,

192 406 230 431 ut
254 397 429 428 auditores
451 404 570 425 omnes
594 394 635 423 ad
662 392 906 433 cogitationem
929 394 1069 426 divinae
1088 406 1167 426 sen-

192 446 318 480 tentiae
341 444 543 479 invitarem,
570 454 656 486 quae
681 442 863 485 praecipit,
888 451 925 476 ut
943 456 1087 486 corpora
1104 456 1167 475 no-

191 503 259 528 stra
286 492 419 526 honore
442 492 659 529 adiiciamus,
685 503 722 523 ac
738 493 885 524 duarum
904 505 1018 525 rerum
1037 494 1168 535 cogita-

190 546 322 578 tionem
344 542 487 584 adiungi
511 542 610 581 volo,
635 541 794 574 videlicet
821 542 971 584 priorem
991 545 1033 574 de
1050 550 1167 575 nostra

191 593 402 636 negligentia
437 592 472 623 in
498 592 625 624 tuenda
651 591 849 623 veletudine
875 599 906 624 et
929 594 1167 624 conservando

192 643 371 676 domicilio
395 641 477 680 Dei,
511 642 654 673 alteram
687 642 729 672 de
761 641 932 683 praesidio
964 643 1168 680 necessario,

192 693 353 725 videlicet
370 692 412 724 de
429 697 500 723 arte
517 690 659 722 medica.

294 741 453 774 Profecto
471 740 617 772 multum
636 751 814 783 peccamus
830 752 968 779 omnes,
996 742 1087 784 quod
1108 753 1168 773 ne-

192 792 302 835 glecto
325 791 448 823 ordine
474 790 508 821 in
534 790 630 828 cibo,
666 796 767 831 potu,
802 801 943 827 somno,
978 790 1169 830 laboribus,

192 841 343 884 (lenique
375 840 410 871 in
444 839 607 870 omnibus
634 839 786 871 motibus
812 840 919 871 animi
947 847 979 873 et
1001 842 1168 882 corporis,

191 890 390 932 adlligimus
414 896 556 920 naturae
581 888 688 928 vires,
714 888 923 931 impedimus
943 889 978 921 in
996 890 1168 922 1101115111-

192 951 267 972 cem
291 939 446 971 divinam
473 937 675 980 permixtam
702 938 826 969 nostris
844 939 1042 980 spiritibus,
1069 939 1169 971 deni-

192 1001 259 1033 que
277 995 355 1021 ante
373 995 508 1030 tempus
527 987 626 1018 nobis
646 987 727 1029 ipsis
745 994 890 1019 mortem
911 990 1169 1021 consciscimus.

191 1038 288 1070 llaec
312 1038 401 1070 fiunt
426 1038 470 1069 ab
494 1036 571 1068 aliis
593 1037 702 1078 magis
727 1037 904 1077 atrociter,
939 1039 983 1070 ab
1003 1039 1081 1071 aliis
1104 1038 1169 1070 mi—

191 1099 278 1127 nus,
327 1088 386 1119 sed
427 1093 542 1118 tamen
580 1098 700 1119 omnes
731 1087 768 1118 in
801 1084 865 1118 boc
894 1099 1018 1129 genere
1049 1099 1169 1131 pecca-

190 1148 280 1169 mus.
332 1135 383 1169 Ac
409 1136 437 1168 si
465 1136 543 1180 quis
566 1142 664 1180 putat
688 1133 771 1168 haec
790 1148 861 1168 non
879 1149 950 1170 esse
965 1150 1066 1170 curae
1084 1137 1169 1178 Deo,

191 1187 293 1218 valde
320 1192 422 1220 errat.
490 1185 610 1218 Toties
636 1185 728 1217 enim
753 1186 897 1228 repetita
924 1194 1005 1220 sunt
1029 1199 1169 1230 praece-

191 1242 267 1279 pta:
303 1235 383 1268 Non
409 1235 564 1273 occidas,
598 1234 679 1267 Non
709 1242 897 1277 graventur
927 1238 1031 1269 corda
1058 1243 1167 1269 vestra

191 1285 356 1327 crapula,
390 1284 570 1316 Honorem
602 1282 724 1317 habete
756 1286 914 1326 corpori,
953 1285 1169 1326 Ilomicidae,

192 1328 340 1373 ebriosi,
377 1340 582 1365 scortatores
620 1345 764 1373 regnum
802 1332 866 1363 Dei
904 1346 975 1364 non
1015 1335 1168 1375 posside-

191 1384 292 1416 hunt.
359 1381 482 1423 Qualis
519 1387 634 1413 autem
675 1388 726 1414 est
765 1378 830 1412 hoe
868 1387 1024 1424 tempore
1056 1382 1168 1425 pluri-

190 1443 330 1473 morum
361 1432 597 1469 consuetudo,
637 1430 697 1474 qui
727 1431 943 1463 conveniunt
972 1432 1014 1463 ad
1048 1432 1167 1463 erebra

191 1481 371 1520 convivia,
407 1487 447 1513 ut
471 1477 641 1522 Lapithae
671 1486 703 1512 et
727 1478 913 1519 Centauri,
946 1480 995 1512 ibi
1025 1492 1102 1513 cum
1134 1492 1168 1512 se

192 1537 395 1564 onerarumt
416 1530 490 1562 sine
510 1529 614 1561 modo
632 1529 708 1561 cibo
725 1535 757 1561 et
774 1536 879 1572 potu,
904 1536 1020 1572 postea
1037 1530 1167 1562 tumul-

191 1587 353 1618 tuantur,
393 1586 425 1612 et
460 1576 522 1611 hos
555 1589 686 1618 mores,
723 1590 783 1610 seu
814 1579 1074 1619 fortitudinem,
1108 1591 1167 1612 seu

192 1629 402 1662 litha-itatem
429 1629 503 1661 sine
526 1628 611 1660 vitio
635 1639 706 1660 esse
731 1628 940 1663 existimant.
1001 1628 1058 1661 Tu
1085 1641 1166 1661 vero

190 1678 426 1720 non'iutlicas
455 1677 582 1717 scelus,
615 1678 706 1721 quod
735 1677 901 1720 paulatim
929 1678 993 1710 tibi
1020 1685 1166 1712 mortem

191 1727 392 1765 conscio-is,
428 1728 520 1771 quod
547 1727 765 1759 domicilium
790 1725 853 1759 Dei
879 1728 1045 1766 destruis,
1072 1731 1165 1772 quod

191 1790 286 1810 nunc
315 1778 351 1808 in
379 1777 571 1820 praesentia
596 1783 655 1809 aut
679 1777 821 1820 expellis
843 1784 902 1810 aut
926 1789 1020 1810 arces
1041 1777 1167 1819 Deum,

190 1840 260 1872 qno
279 1826 394 1859 minus
411 1826 530 1860 laetari
548 1832 625 1859 tuae
643 1827 770 1859 mentis
785 1834 817 1860 et
835 1827 949 1859 cordis
966 1827 1016 1861 tui
1033 1839 1167 1872 posses-

189 1878 290 1910 sione
310 1884 421 1921 queat.
473 1875 553 1909 Non
577 1887 741 1919 magnum
764 1877 893 1909 malum
909 1889 1044 1917 censes,
1071 1880 1164 1922 quod

189 1927 318 1959 multos
343 1927 414 1958 dies
437 1926 649 1959 temulentus
670 1933 702 1959 et
717 1927 835 1959 furens
852 1926 925 1959 sine
944 1927 1165 1961 invocatione

189 1977 278 2016 Dei,
298 1983 329 2009 et
350 1976 425 2008 sine
447 1975 672 2008 meditatione
696 1977 739 2008 de
755 1975 829 2008 Deo
848 1977 946 2010 vivis.
999 1975 1164 2011 Extrema

187 2026 339 2070 denique
364 2023 448 2057 haec
466 2025 642 2058 calamitas
660 2032 726 2063 est,
754 2027 848 2070 quod
867 2027 1005 2060 excluso
1024 2026 1097 2060 Deo
1116 2028 1164 2060 ir-

186 2082 295 2109 ruunt
316 2076 352 2107 in
371 2072 551 2118 prophana
568 2081 705 2117 pectora
720 2075 871 2116 diaboli,
898 2077 958 2121 qui
977 2077 1164 2120 impellunt

185 2125 291 2163 alios,
318 2131 357 2158 ut
372 2136 451 2157 mox
469 2130 571 2156 ruant
588 2124 624 2156 in
641 2126 780 2165 caedes,
806 2126 892 2158 alios
908 2127 953 2159 ita
971 2133 1089 2160 tenent
1106 2140 1163 2160 ca-

185 2175 318 2218 ptivos,
340 2181 377 2207 ut
398 2181 512 2217 postea
531 2174 568 2205 in
584 2172 720 2217 Repub.
736 2175 864 2207 faciant
881 2187 938 2208 eos
955 2177 1086 2219 patriae
1103 2190 1162 2220 pe-

183 2230 270 2263 stes,
304 2230 336 2255 et
358 2220 562 2268 ἀλάστορας
585 2224 720 2265 generis
744 2221 909 2263 humani,
942 2226 1061 2269 quales
1084 2228 1160 2260 sue-

183 2280 265 2306 runt
282 2271 450 2312 Catilina,
477 2271 656 2306 Antonius
677 2280 710 2306 et
735 2273 875 2308 similes.
928 2274 1071 2309 Utinam
1094 2274 1159 2310 110-

180 2335 260 2355 rum
289 2334 496 2361 magnorum
528 2323 736 2356 delictorum
769 2324 952 2368 turpitudo
977 2326 1157 2368 cogitetur,

179 2380 212 2406 et
234 2378 439 2414 agnoscatur
463 2371 511 2403 ira
529 2370 611 2409 Dei,
638 2379 670 2405 et
690 2373 791 2406 multi
815 2373 981 2407 abiiciant
1001 2373 1064 2408 hos
1081 2389 1155 2410 ma—

176 2423 229 2455 los
254 2433 384 2461 mores,
411 2420 472 2465 qui
497 2427 529 2453 et
554 2421 714 2462 privatim
739 2423 858 2456 multis
875 2423 979 2457 exitio
996 2432 1095 2466 sunt,
1122 2433 1154 2460 et

174 2478 262 2505 totas
280 2478 414 2512 gentes,
441 2469 631 2503 Ecclesiam
649 2479 681 2504 et
698 2472 841 2515 imperia
861 2474 1026 2516 perdunt.

272 2520 369 2553 Ilaec
385 2519 479 2562 prius
495 2520 609 2552 dicere
626 2532 761 2553 neeesse
775 2529 841 2560 est,
869 2524 1004 2567 quoties
1020 2525 1062 2556 de
1079 2532 1151 2558 arte

171 2570 304 2603 medica
327 2570 513 2602 dicendum
536 2576 602 2607 est,
632 2581 710 2602 nam
737 2573 796 2615 qui
823 2573 980 2606 furenter
999 2575 1149 2617 perdunt

817 108 975 144 DECL.
1009 108 1083 144 DE
1116 109 1272 146 ARTE
1307 109 1547 146 MEDICA.

2118 115 2191 150 116

1217 195 1492 228 moderationem
1520 196 1557 228 in
1582 197 1650 230 vita
1674 204 1811 237 amant,
1848 195 1902 230 his
1922 199 2048 231 frustra
2070 199 2113 230 ‹le
2138 209 2193 231 sa-

1218 245 1348 288 pientia
1364 244 1450 284 Dei,
1478 251 1509 277 et
1536 246 1577 277 de
1601 247 1724 280 ordine
1749 249 1917 280 servando
1935 249 1971 280 in
1991 248 2085 281 victu
2103 255 2135 281 et
2154 248 2191 280 in

1217 295 1447 327 medicatione
1465 295 1722 329 concionamur.

1318 344 1506 387 Postquam
1526 344 1630 385 igitur
1646 346 1687 377 de
1705 348 1946 380 emendatione
1960 359 2096 379 morum
2114 347 2193 380 bre-

1218 394 1306 426 viter
1337 394 1429 433 dixi,
1464 406 1557 426 nunc
1589 395 1714 426 addam
1747 409 1853 438 pauca
1884 398 1926 429 de
1950 404 2022 429 arte
2048 397 2194 437 medica,

1218 455 1305 486 quae
1330 450 1498 476 monstrat
1522 444 1611 476 vitae
1635 445 1825 486 praesidia,
1853 447 2041 479 necessaria
2065 447 2193 488 partim

1219 495 1261 525 ad
1286 494 1449 524 tuendam
1476 494 1732 533 valetudinem,
1760 495 1885 537 partim
1908 498 1949 528 ad
1969 497 2193 539 depellendos

1220 542 1370 575 morbos.
1425 542 1491 575 llic
1514 543 1542 575 si
1563 544 1640 587 quis
1663 546 1748 575 adeo
1773 544 1939 577 barbarus
1956 553 2021 585 est,
2048 553 2085 578 ut
2102 542 2193 577 nihil

1220 600 1401 625 moveatur
1430 594 1611 626 manifesta
1644 594 1793 626 utilitate
1820 594 1857 625 in
1883 595 2068 627 vulnerum
2094 607 2194 627 cura-

1221 642 1327 679 tione,
1351 643 1386 673 in
1402 642 1619 675 restitutione
1632 644 1819 676 fractarum
1835 650 1892 676 aut
1909 645 2098 676 laxatarum
2115 656 2195 687 par-

1221 691 1326 731 tium,
1358 699 1391 724 et
1414 692 1533 724 multis
1557 693 1765 725 interiorum
1792 695 1994 725 morborum
2019 694 2196 736 depulsio-

1221 741 1342 780 nibus,
1366 753 1403 773 ac
1420 753 1558 773 omnem
1574 749 1717 775 naturae
1734 743 2045 776 considerationem
2057 767 2065 780 ‚
2088 755 2126 775 ac
2142 750 2195 776 to-

1221 797 1289 822 tam
1306 798 1413 823 artem
1431 791 1616 831 medicam,
1644 799 1676 824 et
1692 792 1837 824 artifices
1852 805 1970 825 omnes
1984 799 2195 831 contemnat,

1221 847 1258 872 ut
1282 847 1362 872 sunt
1386 841 1526 883 quidam
1544 841 1709 874 Titanum
1729 842 1876 882 similes,
1903 843 1960 886 qui
1979 843 2080 875 etiam
2099 843 2195 875 coelo

1221 889 1350 921 bellum
1383 890 1554 928 inserunt,
1591 889 1653 923 lios
1684 903 1755 923 non
1787 903 1895 923 conor
1917 892 2127 934 disputando
2152 892 2196 924 ad

1220 939 1402 972 sanitatem
1427 952 1603 980 revocare,
1635 941 1693 973 sed
1717 947 1754 973 ut
1773 940 1917 974 Titanes
1943 942 2097 983 dissipati
2116 947 2196 974 sunt

1221 990 1339 1020 audito
1366 986 1527 1021 horribili
1551 990 1700 1022 clamore
1722 990 1830 1030 asini,
1856 990 1910 1023 cui
1930 988 2086 1023 Bacchus
2110 990 2196 1022 insi-

1221 1039 1324 1071 debat
1347 1038 1382 1069 in
1410 1040 1558 1081 praelio,
1586 1040 1631 1072 ita
1652 1040 1707 1072 isti
1726 1041 1864 1072 tandem
1882 1040 1999 1084 aliquo
2016 1040 2194 1071 asinorum

1221 1088 1370 1120 clamore
1388 1089 1637 1130 perterrefacti,
1665 1101 1792 1132 poenas
1808 1089 1952 1130 dabunt,
1979 1089 2196 1133 qnodDeum

1221 1144 1253 1170 et
1269 1149 1321 1169 res
1334 1138 1470 1171 divinas
1485 1139 1697 1172 contumelia
1713 1139 1926 1172 adfecerunt.
1967 1137 2067 1171 Alios
2082 1145 2196 1171 autem

1220 1187 1382 1230 alloquor
1407 1188 1579 1227 saniores,
1615 1186 1677 1220 hos
1703 1201 1785 1229 oro,
1819 1195 1858 1221 ut
1881 1189 2079 1221 universam
2106 1186 2196 1221 hanc

1220 1248 1335 1268 rerum
1359 1244 1517 1270 naturam
1544 1238 1764 1277 intueantur,
1796 1245 1829 1270 et
1852 1239 2003 1279 cogitent
2026 1250 2099 1270 eam
2124 1249 2196 1270 non

1221 1297 1259 1317 ex
1277 1285 1469 1318 Democriti
1491 1287 1616 1318 atomis
1639 1299 1718 1319 casu
1740 1296 1771 1319 et
1789 1287 1864 1319 sine
1881 1293 1995 1319 mente
2012 1287 2196 1320 conflatam

1221 1346 1311 1374 esse,
1347 1335 1405 1365 sed
1436 1346 1571 1366 summa
1600 1341 1672 1366 arte
1704 1346 1723 1366 a
1751 1335 1826 1366 Deo
1857 1336 1999 1377 opifice,
2034 1336 2198 1378 sapiente,

1222 1383 1331 1422 bono,
1364 1383 1538 1422 benefico,
1566 1390 1658 1415 casto
1683 1389 1716 1416 et
1737 1383 1875 1415 vindice
1900 1385 2088 1425 scelerum,
2112 1397 2196 1418 con-

1220 1432 1327 1463 ditam
1352 1443 1424 1463 esse
1446 1439 1478 1465 et
1502 1432 1710 1466 conservari.
1761 1431 1829 1464 Hic
1853 1433 1965 1466 voluit
1980 1434 2140 1466 ordinem
2158 1434 2195 1466 in

1220 1487 1292 1513 toto
1316 1481 1453 1523 opificio
1478 1481 1718 1514 testimonium
1742 1482 1785 1514 de
1808 1492 1879 1514 sese
1896 1483 1988 1515 etde
2005 1483 2196 1527 providen-

1220 1537 1265 1562 tta
1284 1542 1364 1563 esse.

1321 1580 1480 1621 Longum
1505 1587 1619 1612 autern
1637 1587 1722 1614 esset·
1741 1581 1785 1614 de
1801 1582 1926 1615 ordine
1943 1583 1978 1614 in
1995 1583 2114 1617 multis
2130 1595 2194 1617 na—

1220 1635 1317 1661 turae
1344 1631 1499 1672 partibus
1525 1630 1657 1670 dicere,
1692 1631 1733 1662 de
1757 1631 1826 1664 situ
1848 1644 2034 1675 corporum
2059 1633 2195 1675 mundi,

1219 1680 1261 1710 de
1295 1679 1418 1711 ordine
1449 1686 1605 1712 motuum
1629 1681 1849 1720 coelestium,
1883 1683 1926 1713 de
1953 1683 2085 1715 vicibus
2107 1689 2194 1716 tem-

1219 1740 1361 1771 porum,
1388 1729 1544 1769 dierum,
1570 1730 1744 1768 noctium,
1772 1728 1907 1775 hyemis
1924 1738 1955 1764 et
1970 1733 2124 1773 aestatis,
2151 1734 2194 1766 de

1219 1790 1334 1810 annua
1358 1779 1625 1812 foecundatione
1649 1787 1777 1819 terrae,
1809 1782 1852 1813 de
1877 1781 2022 1824 plantis,
2050 1783 2092 1814 de
2115 1783 2193 1815 ani-

1219 1828 1388 1860 mantium
1414 1829 1615 1870 generibus,
1642 1831 1683 1862 de
1707 1830 1933 1863 fabricatione
1955 1829 2099 1864 humani
2115 1844 2193 1865 cor-

1219 1878 1330 1920 poris,
1355 1882 1397 1911 de
1419 1879 1525 1911 firmis
1552 1885 1585 1911 et
1608 1880 1756 1913 aeternis
1781 1881 1919 1913 noticiis
1937 1881 1973 1912 in
1993 1889 2108 1914 mente
2124 1879 2192 1915 hu-

1217 1940 1329 1960 mana.
1382 1928 1537 1961 Tantum
1563 1926 1619 1962 hic
1642 1941 1748 1972 pauca
1774 1931 1816 1962 de
1837 1931 1961 1963 ordine
1986 1931 2023 1963 in
2047 1932 2140 1964 victu
2159 1938 2192 1965 et

1217 1978 1440 2011 medicationi
1457 1990 1640 2021 corporum
1656 1980 1781 2015 dicam.

1317 2027 1388 2062 Res
1414 2028 1485 2070 ipsa
1510 2030 1679 2069 ostendit,
1711 2030 1880 2072 singulari
1905 2030 2051 2063 consilio
2077 2030 2190 2064 Deum

1216 2085 1379 2121 tanquam
1398 2085 1529 2121 patrem
1552 2079 1702 2112 fideliter
1719 2080 1820 2112 nobis
1837 2080 2101 2123 prospicientem
2117 2081 2189 2114 dis-

1215 2128 1357 2161 tinxisse
1387 2140 1442 2160 res
1466 2135 1662 2168 nascentes,
1703 2136 1735 2163 et
1758 2130 1842 2162 alias
1865 2130 1953 2162 velle
1975 2130 2189 2164 nutrimenta

1213 2189 1302 2217 esse,
1329 2179 1413 2210 alias
1437 2179 1599 2211 remedia.
1654 2179 1743 2220 Quis
1768 2180 1861 2212 enim
1879 2179 1967 2211 vesci
1985 2180 2092 2223 possit
2109 2179 2188 2213 Ma-

1211 2225 1338 2268 sticlie,
1365 2225 1576 2267 Aeliilleide,
1605 2227 1790 2267 Gentiana,
1817 2226 1974 2272 Myrrha,
2001 2227 2100 2269 Aloe,
2128 2238 2187 2263 aut

1210 2279 1330 2311 multis
1351 2278 1428 2310 aliis
1445 2290 1532 2321 quae
1551 2278 1586 2310 in
1605 2279 1833 2311 medicatione
1850 2278 2034 2310 vulnerum
2053 2286 2187 2313 constat

1209 2339 1280 2360 esse
1305 2328 1545 2362 saluberrima.
1598 2327 1711 2361 Flexit
1729 2329 1829 2360 etiam
1846 2325 1941 2360 Deus
1958 2335 2090 2361 mentes
2109 2341 2186 2362 cer-

1208 2384 1322 2410 torum
1347 2375 1529 2410 bominum
1547 2379 1588 2410 ad
1606 2378 1918 2410 considerationem
1939 2379 2185 2420 remediorum,

1206 2434 1239 2460 et
1262 2427 1526 2472 inquisitionem
1552 2428 1701 2465 adiuvit,
1729 2440 1797 2471 quo
1823 2428 1860 2459 in
1883 2427 2001 2460 studio
2023 2428 2184 2461 animad-

1205 2488 1342 2509 versum
1371 2484 1436 2517 est,
1471 2477 1651 2510 mirificam
1681 2477 1880 2510 varietatem
1911 2477 2041 2510 virium
2064 2478 2102 2510 in
2129 2490 2183 2511 res

1204 2534 1380 2560 nascentes
1399 2538 1552 2570 sparsam
1572 2538 1660 2566 esse,
1681 2533 1719 2559 ut
1733 2527 1820 2560 aliae
1837 2537 1936 2569 opem
1954 2527 2084 2560 ferren't
2102 2528 2184 2561 aliis

1201 2578 1386 2619 membris,
1413 2577 1499 2611 aliae
1523 2575 1694 2621 praesidia
1717 2584 1828 2612 essent
1846 2583 1967 2612 contra
1981 2575 2069 2611 alios
2085 2589 2182 2611 mor-

169 2632 334 2664 corpora,
359 2631 421 2652 nec
430 2619 544 2653 Deum
563 2619 739 2654 vindicem
757 2628 936 2665 metuunt,
959 2636 1024 2658 nec
1038 2624 1147 2658 ullam
1199 2626 1275 2662 bos.
