2324 2955
185 143 258 178 463

191 228 315 262 nisesta
333 223 488 268 impietas
506 224 573 258 est,
599 215 693 260 quod
708 212 831 247 iubent
845 210 1025 250 dubitare,
1049 215 1170 243 utrum

193 280 300 311 simus
328 277 364 307 in
390 271 520 315 gratia,
560 274 679 301 utrum
711 262 901 297 habeamus
930 260 1171 294 remissionem

193 333 431 372 peccatorum,
465 319 629 365 quodque
657 313 914 349 dubitationem
941 317 1070 354 negant
1100 320 1172 343 esse

192 382 382 421 peccatum.
440 369 487 404 Et
509 367 754 402 stultissimum
776 363 953 397 somnium
975 367 1045 402 est,
1078 360 1173 405 quod

192 429 345 468 tingunt,
372 420 534 455 homines
551 415 717 461 consequi
734 425 833 458 posse
851 412 1092 447 remissionem
1109 411 1175 443 du-

192 477 327 509 bitante
345 470 570 506 conscientia.

299 523 355 558 17.
390 522 477 556 Item
497 519 700 553 manifestus
719 526 816 548 error
833 521 901 555 est,
927 513 1022 558 quod
1039 512 1176 549 docent,

193 575 356 610 homines
374 572 444 616 legi
459 570 525 605 Dei
543 569 737 603 satisfacere
754 576 864 609 posse.
917 563 1078 607 Denique
1093 559 1178 594 hae-

195 634 274 660 rent
290 625 350 659 alii
367 623 467 657 multi
487 630 621 654 errores
639 618 675 650 in
696 614 977 651 adversariorum
996 612 1167 646 doctrina.

198 747 341 795 (XIV.)
381 747 487 781 Alia
522 741 806 785 disputatio:
837 737 883 771 cle
906 734 1183 782 Iustificatione

299 798 407 845 fidei,
435 800 472 830 et
493 795 646 829 iusticia
668 792 764 836 legis
783 799 847 822 seu
867 787 1083 822 animi-sali.

199 879 406 918 Iustiticatio
437 877 547 912 nullis
571 874 738 919 operibus
763 878 824 904 aut
847 871 984 904 meritis
1009 867 1185 906 humanis,

202 936 261 968 sed
282 932 365 965 solis
383 929 484 966 fidei,
512 938 599 972 quae
618 931 667 957 est
683 922 810 956 fiducia
826 919 1088 954 misericordiae
1105 930 1187 963 pro-

201 993 280 1029 pter
295 980 475 1016 Christum
493 976 704 1022 promissae,
731 972 919 1005 tribuenda
937 977 997 1004 est.

306 1041 341 1072 2.
381 1035 483 1070 Nihil
507 1034 601 1066 enim
625 1031 721 1064 aliud
745 1035 794 1061 est
819 1027 1020 1067 iustificari,
1049 1037 1152 1070 quam
1169 1036 1188 1058 a

202 1092 278 1127 Deo
298 1085 491 1122 condonari
509 1088 666 1128 peccata,
690 1087 723 1112 et
738 1079 905 1121 imputari
924 1077 1097 1110 iusticiam
1115 1087 1190 1108 cre-

205 1141 391 1178 dentibus,
419 1143 457 1169 ut
475 1133 590 1168 David
608 1130 741 1163 definit.

310 1198 345 1230 3.
382 1193 428 1229 Et
450 1192 536 1227 haec
560 1188 726 1223 beneficia
750 1197 823 1219 non
839 1184 994 1228 pendent
1009 1194 1048 1215 ex
1068 1182 1191 1215 condi-

207 1251 305 1284 tione
334 1245 473 1284 meriti,
506 1253 565 1275 seu
597 1237 776 1282 dignitatis
807 1241 967 1273 nostrae,
1003 1233 1062 1265 sed
1087 1232 1192 1276 gratis

206 1306 351 1344 propter
367 1294 548 1330 Christum
568 1289 833 1334 promittuntur.

311 1355 344 1389 4.
377 1353 452 1387 Imo
470 1350 539 1382 nisi
555 1346 714 1381 remissio
730 1348 952 1388 peccatorum
971 1339 1015 1372 sit
1031 1339 1194 1382 gratuita,

209 1420 283 1442 non
309 1410 421 1450 potest
445 1400 515 1434 dici
540 1396 719 1435 remissie,
746 1393 805 1426 sed
823 1391 941 1436 potius
957 1397 1007 1425 est
1024 1390 1194 1435 quaedam

211 1454 448 1502 compensatio
467 1457 500 1484 et
517 1446 705 1482 satisfactio
722 1456 786 1488 pro
805 1441 965 1486 peccatis.

313 1505 348 1541 5.
389 1502 524 1537 Eodem
559 1497 666 1531 modo
697 1492 884 1537 imputatio
916 1490 1094 1528 iusticiae,
1128 1488 1197 1522 nisi

212 1558 319 1604 gratis
341 1556 418 1594 fiat,
444 1561 517 1584 non
540 1548 606 1581 erit
627 1543 812 1590 imputatio
829 1541 1022 1574 secundum
1040 1539 1198 1583 gratiam,

215 1610 274 1644 sed
291 1605 450 1641 debitum
467 1599 596 1645 potius.

317 1658 352 1691 6.
397 1652 541 1687 Certum
567 1654 617 1681 est
642 1656 741 1688 ergo,
764 1641 941 1677 neminem
968 1652 1008 1673 ex
1031 1640 1196 1684 operibus

216 1710 322 1754 legis,
365 1704 496 1738 nedum
525 1711 566 1733 ex
597 1694 841 1730 observatione
871 1690 1103 1725 traditionum
1131 1688 1200 1723 hu-

217 1768 422 1794 manarum,
449 1752 508 1785 sed
531 1759 654 1783 omncs
677 1745 751 1779 sola
775 1744 842 1776 fide
861 1742 898 1775 in
914 1739 1115 1782 Christum,
1142 1753 1202 1774 co-

216 1822 293 1845 ram
309 1807 385 1842 Deo
403 1799 594 1837 iustificari.

321 1858 356 1891 7.
397 1853 504 1897 Quod
527 1861 610 1883 vero
631 1845 762 1880 Paulus
784 1843 853 1883 ait,
880 1841 1106 1875 dilectionem
1132 1851 1204 1872 esse

222 1911 308 1955 legis
334 1904 593 1950 impletionem,
619 1897 752 1930 dictum
777 1901 826 1928 est
850 1892 1025 1936 legaliter,
1053 1903 1116 1924 ncc
1140 1903 1205 1935 pu-

221 1967 304 2006 gnat
324 1968 403 1993 cum
420 1959 536 1988 nostra
554 1954 736 1983 sententia.
1178 1991 1186 1998 ι

326 2009 362 2043 8.
397 2005 467 2040 Sed
490 2003 621 2035 interea
641 1997 743 2030 etiarn
762 1992 829 2027 hoc
846 1993 1079 2030 affirmamus,
1103 2004 1207 2025 now-

222 2069 331 2098 tatem
346 2058 437 2091 vitae
452 2055 490 2087 in
508 2047 742 2085 reconciliatis
761 2056 832 2078 esse
851 2043 1094 2076 necessariam,

325 2109 364 2143 9.
399 2106 472 2141 Nec
496 2110 611 2136 tamen
636 2099 714 2130 ideo
740 2097 832 2129 bona
856 2106 961 2139 opera
985 2099 1067 2126 sunt
1091 2091 1208 2137 aliqua

225 2159 384 2208 partialis
399 2166 501 2191 causa
517 2147 784 2186 iustificationis.

331 2210 390 2244 10.
423 2205 471 2241 Et
489 2199 686 2245 blasphemi
706 2203 788 2230 suut
806 2195 842 2228 in
859 2192 1059 2232 Christum,
1085 2200 1156 2227 tam
1175 2193 1212 2233 ii,

230 2263 292 2310 qni
309 2258 475 2305 operibus
491 2261 524 2288 et
540 2253 607 2286 fide
625 2248 756 2294 pariter
771 2245 951 2279 iustificari
965 2256 1030 2277 nos
1046 2245 1213 2284 sentiunt,

234 2323 340 2359 quam
352 2309 412 2354 qui
426 2306 509 2340 solis
519 2302 682 2347 operibus
693 2296 976 2331 iustificationem
988 2295 1197 2329 attribuunt.

337 2369 395 2403 11.
428 2364 631 2400 Caeterum,
658 2356 796 2391 iusticia
819 2355 856 2387 in
873 2350 1127 2398 philosophicis
1143 2354 1215 2387 dis-

234 2417 499 2468 putationibus,
533 2422 606 2445 non
629 2407 799 2451 significat
824 2404 1091 2449 imputationem
1115 2404 1217 2438 iusti-

236 2474 328 2510 ciae,
355 2479 416 2501 seu
431 2464 585 2498 divinam
602 2457 887 2501 acceptationem.

344 2520 401 2553 12.
427 2514 530 2548 Hanc
545 2510 638 2544 enim
655 2507 840 2551 gratuitam
857 2504 925 2539 Dei
940 2503 1217 2539 misericordiam

240 2572 329 2608 ratio
348 2563 520 2602 naturalis
533 2570 674 2607 prorsus
690 2558 838 2601 ignorat.

348 2619 404 2654 15.
439 2615 507 2650 Sed
533 2610 702 2654 significat
725 2607 948 2653 qualitatem,
976 2616 1036 2639 seu
1058 2603 1218 2639 habitum

950 117 1433 160 DISPUTATIONES

2128 116 2202 153 464

1221 207 1330 249 leges,
1357 206 1413 239 vel
1435 210 1573 239 tantum
1591 215 1667 239 eam
1683 204 1848 237 virtutem
1862 229 1871 243 ,
1898 214 1987 248 quae
2002 202 2040 236 in
2057 202 2202 236 ordina-

1222 258 1319 292 tione
1349 267 1598 302 personarum,
1633 261 1665 289 et
1692 254 1930 288 contractibus
1953 264 2056 287 suurn
2077 253 2203 297 cuique

1222 307 1357 342 tribuit.

1328 356 1386 392 14.
1419 356 1516 391 Haec
1537 355 1833 399 est‘praecipuum
1857 352 2040 386 vinculum
2059 352 2205 385 societa-

1224 409 1267 442 tis
1283 410 1320 442 in
1339 407 1594 441 consuetudine
1609 403 1794 438 hominum
1807 431 1816 444 ,
1843 416 1912 448 quo
1929 403 2119 442 dissoluto,
2144 413 2208 434 ne-

1225 470 1317 493 cesse
1338 465 1388 492 est
1403 457 1586 502 dissipari,
1614 462 1648 490 et
1665 466 1828 488 corruere
1843 453 2086 498 Respublicas.

1229 574 1352 622 (XV.)
1391 575 1496 609 Alia
1529 573 1812 618 disputatio:
1854 570 1900 606 de
1920 569 2011 606 Fide
2042 572 2213 606 vincente

1584 623 1864 658 dubitationem.

1233 696 1500 734 Discernendae
1528 706 1611 733 sunt
1632 698 1883 743 promissiones
1905 697 2044 731 additae
2066 697 2150 741 legi,
2183 704 2216 731 et

1234 752 1312 791 illa,
1346 762 1434 795 quae
1456 756 1506 782 est
1529 747 1715 792 Evangelii
1738 749 1897 793 propria,
1924 748 2108 789 videlicet,
2133 759 2217 792 pro-

1234 802 1353 834 missio
1372 800 1667 834 reconciliationis
1683 806 1827 845 propter
1844 799 1956 832 filium
1976 797 2054 832 Dei.

1337 852 1372 885 2.
1415 850 1545 883 Paulus
1561 851 1628 891 ait,
1651 849 1920 894 promissionem
1935 847 2120 891 Evangelii
2136 860 2219 891 pro-

1237 902 1367 946 priam,
1394 901 1599 943 gratuitam,
1626 907 1659 934 et
1680 901 1747 933 fide
1771 899 2011 942 accipiendam
2029 911 2118 939 esse,
2145 898 2221 933 Ro-

1238 964 1303 985 ma.
1319 949 1352 985 4.
1388 951 1470 984 Ideo
1488 962 1528 983 ex
1543 951 1610 983 fide
1628 951 1753 993 gratis,
1780 956 1818 983 ut
1834 950 1933 982 firma
1950 956 1983 983 et
2002 949 2199 993 promissio.

1339 1009 1375 1044 3.
1414 1008 1503 1043 Cum
1529 1009 1637 1052 accipi
1665 1008 1934 1052 promissionem
1961 1009 2028 1041 fide
2053 1016 2224 1053 oporteat,

1240 1061 1323 1093 fides
1340 1059 1535 1092 necessario
1553 1059 1723 1101 significat
1741 1058 1902 1091 assentiri
1920 1058 1972 1090 illi
1989 1060 2226 1102 promissioni,

1241 1117 1274 1143 et
1289 1120 1366 1142 cum
1386 1108 1606 1141 dubitatione
1626 1115 1767 1151 pugnat.

1344 1157 1379 1193 4.
1424 1156 1518 1200 Ergo
1551 1158 1659 1201 impie
1689 1159 1847 1191 obruunt
1877 1156 2131 1202 Evangelitirn,
2166 1160 2228 1204 qui

1243 1220 1380 1252 semper
1410 1209 1534 1241 iubent
1565 1208 1746 1249 dubitare,
1780 1220 1826 1240 an
1845 1207 1920 1241 Deo
1945 1210 2163 1253 placeamus,
2197 1219 2229 1244 et

1244 1261 1371 1293 docent
1389 1270 1464 1291 eam
1479 1257 1737 1291 dubitationem
1755 1269 1828 1291 non
1846 1270 1917 1291 esse
1931 1266 2122 1303 peccatum.

1348 1314 1382 1351 5.
1416 1314 1492 1349 Hac
1506 1315 1728 1348 dubitatione
1742 1314 1835 1349 filius
1849 1314 1915 1349 Dei
1933 1318 2143 1351 contumelia
2158 1319 2233 1352 affi-

1247 1367 1356 1407 citur,
1390 1366 1471 1410 qnia
1499 1366 1680 1410 quaeritur
1703 1366 1961 1408 reconciliatio,
1994 1380 2067 1401 non
2089 1376 2233 1414 propter

1247 1417 1359 1450 filium
1374 1415 1462 1457 Dei,
1488 1417 1544 1449 sed
1567 1422 1711 1460 propter
1729 1417 1937 1459 dignitatem
1953 1419 2147 1462 propriam.

1349 1473 1384 1507 6.
1418 1471 1467 1506 Et
1491 1472 1681 1515 ambigenti
1700 1473 1819 1505 animo
1840 1473 2014 1508 excutitur
2029 1476 2233 1516 consolatio,

1249 1530 1283 1557 et
1298 1522 1491 1566 corrumpit
1508 1521 1714 1565 praecipuos
1731 1520 1797 1555 Dei
1815 1522 1929 1556 cultus
1946 1524 2132 1558 dubitatio.

1352 1580 1386 1614 7.
1418 1580 1508 1614 Nam
1533 1580 1711 1613 invocatio
1736 1580 1949 1623 dubitantis,
1972 1594 2017 1615 an
2036 1581 2112 1618 Deo
2133 1596 2236 1619 curae

1251 1633 1314 1673 sit,
1348 1643 1393 1665 an
1426 1631 1560 1674 placeat
1583 1629 1679 1671 Deo,
1712 1642 1757 1663 au
1788 1632 1979 1665 audiantur
2002 1644 2083 1667 suae
2108 1646 2237 1678 preces,

1252 1690 1302 1716 est
1325 1680 1465 1715 ethnica
1487 1680 1682 1721 invocatio,
1709 1687 1741 1713 et
1767 1679 1859 1714 nihil
1884 1682 2004 1717 differt
2026 1684 2070 1716 ab
2093 1684 2238 1719 invoca-

1253 1734 1369 1773 tione,
1411 1742 1516 1776 quam
1547 1731 1671 1763 recitat
1700 1728 1894 1773 Vergilius:
1938 1731 1997 1765 An
2026 1740 2059 1766 te
2089 1736 2238 1778 genitor,

1255 1795 1332 1817 cum
1349 1781 1498 1815 fulmina
1516 1787 1679 1824 torques,
1706 1780 1946 1826 nequidquam
1962 1779 2163 1819 horremus.

1356 1840 1389 1873 8.
1434 1838 1617 1872 Dubitatio
1650 1838 1743 1881 parit
1774 1845 1988 1873 contemtum
2024 1850 2082 1877 aut
2115 1846 2237 1879 odium

1256 1891 1340 1932 Dei,
1364 1888 1450 1947 hae-c
1472 1896 1553 1923 sunt
1571 1894 1726 1932 peccata,
1751 1901 1858 1934 quae,
1882 1898 1921 1926 ut
1937 1890 2067 1926 Paulus
2085 1894 2153 1936 ait,
2179 1909 2241 1940 per

1257 1943 1366 1986 legem
1383 1946 1547 1975 ex1stunt.

1362 1990 1400 2025 9.
1435 1989 1544 2025 Recte
1569 1989 1714 2024 Iacobus
1739 1990 1872 2035 inquit:
1900 1990 2000 2026 Petat
2022 1992 2059 2026 in
2081 1995 2148 2029 fide
2169 2009 2242 2031 non

1259 2041 1443 2076 haesitans.

1365 2092 1422 2127 10.
1464 2089 1551 2124 Vult
1575 2089 1670 2125 Deus
1699 2091 1767 2125 sibi
1797 2088 1893 2126 hunc
1925 2089 2096 2128 honorem
2121 2097 2244 2140 tribui,

1262 2144 1358 2189 quod
1386 2153 1466 2176 vere
1498 2148 1641 2185 propter
1671 2142 1783 2175 filium
1814 2153 1917 2175 suum
1946 2155 2011 2177 nos
2038 2146 2181 2190 recipiat
2211 2157 2244 2183 et

1263 2194 1384 2228 audiat
1407 2203 1526 2237 preces
1548 2199 1697 2228 nostras.
1749 2192 1807 2227 Sic
1823 2194 1899 2227 vult
1916 2193 2092 2236 invocari,
2118 2209 2191 2231 non
2207 2207 2246 2234 ut

1264 2245 1432 2278 invocant
1458 2240 1663 2287 Xenophon
1690 2250 1751 2278 aut
1774 2241 1916 2284 Cicero,
1948 2255 2007 2277 seu
2029 2244 2245 2292 Academici,

1265 2295 1385 2341 quales
1403 2305 1468 2327 nos
1485 2305 1556 2327 esse
1572 2294 1714 2335 volunt,
1741 2294 1802 2340 qui
1820 2293 1941 2327 iubent
1959 2294 2133 2331 dubitare.

1370 2353 1425 2387 11.
1469 2351 1681 2385 Tenendum
1714 2359 1764 2386 est
1793 2352 1925 2385 dictum
1955 2350 2141 2390 Iohannis:
2174 2358 2247 2402 Qui

1267 2417 1341 2439 non
1357 2403 1467 2437 credit
1482 2401 1574 2443 Deo,
1601 2403 1802 2436 mendacem
1814 2413 1899 2434 -eum
1917 2403 2009 2436 facit.
2063 2404 2156 2450 Ergo
2174 2422 2246 2443 non

1268 2456 1413 2490 credens
1440 2453 1667 2498 promissioni
1687 2451 1892 2495 Evangelii,
1924 2465 1997 2487 non
2018 2451 2149 2492 'tribuit
2170 2458 2247 2494 Deo

1268 2507 1411 2540 laudem
1425 2504 1593 2538 veritatis.

1375 2556 1432 2590 12.
1458 2553 1605 2597 Quoties
1618 2551 1743 2596 incipis
1758 2551 1873 2587 dicere
1886 2555 2135 2598 precationem,
2161 2572 2250 2605 quo-

1244 2615 1245 2624 ¹
1270 2608 1336 2641 ties
1352 2607 1494 2640 invocas
1509 2603 1623 2637 Deum
1643 2603 1679 2635 in
1696 2603 1862 2637 omnibus
1877 2606 2047 2649 negociis,
2074 2607 2174 2643 initio
2192 2623 2251 2644 co-

244 2677 280 2709 in
298 2670 412 2710 nobis,
438 2677 477 2700 ae
493 2663 549 2698 vel
566 2662 604 2695 in
623 2669 746 2704 genere
763 2657 998 2691 obedientiam
1010 2667 1087 2700 erga
1101 2667 1221 2690 omnes
1272 2658 1340 2701 gita
1352 2684 1360 2698 ‚
1387 2664 1419 2691 et
1435 2653 1629 2700 propicium
1648 2664 1720 2686 esse
1737 2653 1801 2688 tibi
1819 2653 1932 2689 Deum
1944 2680 1953 2695 ‚
1979 2663 2012 2690 et
2028 2665 2121 2692 certo
2136 2662 2251 2695 audiri
