2324 2955
154 124 249 159 1007

162 207 229 241 suit
243 205 404 240 crudelis.
446 198 733 245 Reprehenditur
747 204 862 231 autem
879 197 973 241 quod
990 196 1137 229 nimiam

164 256 354 303 potentiam
373 252 567 295 permiserit
582 246 766 283 Eunuchis
783 255 816 281 et
832 247 934 280 uxori
950 244 1141 286 Eudoxiae,

168 317 255 351 quae
276 300 444 337 Iohanni
465 299 716 346 Chrysostomo
740 297 881 330 inimica
912 297 978 329 fuit
1012 296 1142 330 taxanti

171 357 245 390 cius
269 355 406 386 fastum.
467 349 512 384 Et
537 351 679 395 quidem
704 345 899 381 Eunuchus
925 345 1144 392 Eutropius,

172 405 270 438 cuius
302 402 370 436 suit
400 412 533 434 summa
564 399 718 443 potentia
749 399 855 431 iustas
882 407 1013 441 poenas
1039 397 1145 431 dedit.

174 454 278 487 Hunc
303 453 406 486 talem
432 451 538 483 fuisse
563 449 858 494 praestigiatorem
893 447 1069 486 scribunt,
1108 453 1146 479 ut

176 503 336 545 Gorgoni
354 507 572 545 comparatus
589 499 643 539 sit,
670 506 709 532 nt
725 510 823 541 saepe
841 497 879 529 in
895 497 983 530 aulis
1002 502 1147 538 regnant

176 553 261 587 tales
284 559 412 596 pestes,
446 550 558 595 qualis
583 551 674 593 apud
692 547 885 593 Tyberium
910 547 976 580 fuit
992 546 1150 586 Seianus,

177 603 268 646 apud
293 602 461 635 Severum
488 600 702 632 Plautianus.
763 597 830 630 llic
855 594 1049 640 Eutropius
1071 608 1148 628 cum

178 653 344 685 venderet
365 651 589 693 Magistratus
613 656 644 682 et
664 648 869 687 sententias,
902 648 999 680 daret
1023 658 1060 678 ac
1083 645 1151 678 eri-

180 709 276 746 peret
299 701 495 745 provincias
513 700 639 744 quibus
656 699 776 738 vellet,
810 705 842 731 et
866 698 1004 729 tandem
1022 695 1152 729 Consul

181 752 292 785 factus
322 758 426 790 esset,
466 750 654 783 transferre
677 749 713 780 in
738 760 772 781 se
798 747 983 789 imperium
1008 752 1153 779 conatus

182 807 241 834 est.
307 800 377 834 Sed
410 800 447 832 in
477 799 552 843 ipso
583 799 765 831 consulatu
789 794 972 829 Arcadius
994 796 1025 828 ei
1052 801 1154 838 caput

181 850 335 894 praecidi
354 850 462 883 iussit.
515 848 683 881 Scribunt
700 854 815 881 autem
833 845 927 879 hunc
950 847 1064 889 ipsum
1080 843 1154 878 Eu-

181 900 336 944 tropium
352 899 457 933 fuisse
471 904 551 932 ante
567 898 599 930 id
621 904 756 941 tempus
780 908 957 929 suasorem
983 896 1083 938 legis,
1117 901 1156 928 ut

183 949 302 982 liceret
329 956 446 982 sontes
474 961 514 981 ex
547 948 685 991 templis
708 948 741 979 vi
764 947 953 986 abducere,
989 958 1057 990 qua
1082 945 1155 986 lege

184 1006 302 1043 postea
318 1006 350 1032 et
366 999 438 1043 ipse
453 1010 491 1031 ex
509 998 638 1040 templo
661 1003 832 1030 extractus
855 1003 916 1028 est.
966 995 1017 1028 De
1035 993 1156 1027 Eudo-

186 1049 262 1082 xiae
305 1049 388 1081 odio
429 1049 595 1081 adversus
636 1044 830 1079 Iohannem
868 1042 1156 1089 Chrysostomum

183 1105 301 1142 postea
320 1099 466 1132 dicetur.

273 1156 369 1188 vixit
380 1153 550 1188 Arcadius
567 1164 676 1186 annos
691 1164 801 1185 unum
819 1158 852 1185 et
868 1151 1022 1194 triginta,
1043 1149 1158 1184 tenuit

184 1207 370 1250 imperium
386 1211 461 1248 post
481 1211 625 1236 mortem
644 1203 749 1245 patris
773 1214 883 1234 annos
901 1202 1085 1241 tredecim,
1119 1212 1158 1232 ac

185 1257 295 1289 filium
315 1255 456 1298 reliquit
476 1255 571 1297 pium
598 1259 629 1285 et
654 1253 839 1285 salutarem
858 1250 1019 1292 Orienti,
1054 1262 1157 1295 quem

184 1313 282 1349 pater
300 1306 420 1338 vivens
440 1302 634 1346 Augustum
655 1302 907 1335 nominaverat.

577 1366 761 1391 Fratres.

361 1407 410 1417 „—

365 1417 584 1442 Valentinianus

319 1452 409 1477 babuit
424 1451 487 1475 duas
505 1458 606 1474 uxores.

185 1479 739 1501 —————du————q

717 1402 1021 1411 .-------.----.---ἢ

901 1413 1009 1438 Valens

185 1503 337 1535 Severum,
372 1511 401 1526 ex
425 1509 453 1525 ea
523 1500 679 1531 lumnam,
697 1507 726 1522 ex

185 1537 256 1561 silius
276 1541 314 1560 est
337 1536 454 1560 (ἐι-οἰήι-
591 1542 641 1565 qua

187 1579 267 1628 ⁷¹⁰⁵}-
293 1568 453 1628 {iiyphcolile-
509 1572 735 1607 fitentinimms
784 1581 872 1606 Iusta.
916 1580 1020 1605 Grata.
1066 1567 1161 1610 Ga-ll—ss]

185 1613 243 1642 &³¹¹¹
266 1610 317 1643 ecl¹
368 1612 398 1661 ΞΟ
414 1611 453 1657 '⁰‘
507 1616 647 1642 secundus,
662 1620 746 1640 stran-
784 1615 1019 1655 *Uf‘ffia—e‘
1066 1621 1147 1649 quani

187 1647 273 1695 J'ung'
299 1642 366 1676 [mes
382 1645 453 1694 “31⁰⁵
507 1651 610 1683 gulatus
624 1649 744 1675 Viennae
801 1641 843 1657 ³¹¹¹
867 1641 879 1656 ὃ
894 1673 906 1689 a
927 1664 974 1689 hae
1071 1646 1144 1670 duxit

201 1680 245 1704 ‘ug
268 1680 312 1710 uin
344 1680 357 1695 ὃ
424 1679 451 1694 ³-
531 1683 557 1707 in
584 1683 711 1707 cubiculo
826 1674 890 1690 “¹⁰¹¹
911 1673 925 1690 e
978 1682 983 1687 ⁴
1066 1679 1159 1702 Theo-

273 1713 352 1729 ¹¹¹¹¹⁰·
507 1715 602 1740 fraude
619 1713 740 1747 Eugenii.
1058 1710 1159 1735 dosius.

189 1769 360 1793 Theodosius
374 1765 482 1804 ‘collega
503 1765 636 1796 Gratiani,

339 1808 415 1832 cuius
431 1807 523 1824 uxores

1112 1832 1161 1841 Ἄ

441 1850 539 1877 Galla,
573 1857 602 1872 ex
624 1856 674 1880 qua
696 1852 733 1872 est
753 1846 877 1870 Placidia
898 1846 976 1869 Galla
997 1845 1111 1869 abducta
1133 1853 1161 1866 ex

438 1884 504 1907 urbe
525 1883 609 1906 Roma
631 1889 678 1912 per
699 1880 851 1909 Alaricum,
878 1883 903 1903 et
927 1879 985 1903 data
1011 1877 1161 1910 Athaulpho

437 1916 564 1944 Cotum,
585 1920 674 1948 postea
696 1919 801 1947 recepta
826 1922 871 1943 per
887 1911 1087 1937 Constantium.
1125 1910 1160 1934 Ex

437 1950 476 1975 his
489 1950 587 1975 scilicet
599 1948 756 1973 Constantio
771 1952 795 1971 et
809 1946 925 1971 Placidia
942 1953 1035 1970 sorore
1046 1944 1160 1969 lionorii

554 1987 630 2008 natus
648 1987 685 2007 est
700 1982 918 2005 Valentinianus
932 1979 1048 2004 Tertius.

654 2031 690 2056 Ex
703 2031 824 2055 Arcadio
838 2033 900 2054 sunt

187 1851 319 1881 Planina,
359 1859 387 1874 ex

188 1885 237 1910 hac
256 1890 316 1908 suut
333 1885 387 1908 Ar-

188 1920 298 1948 cadius,
325 1917 386 1941 110-

234 1953 337 1976 notius.

693 2070 713 2074 -
719 2066 734 2072 -ν
740 2063 1009 2074 “----.-.-

186 2071 662 2116 Ήῇἧὲῖυῖς-Ι-Ιῖᾙῖἱῖτῖυέεω
670 2080 810 2106 Εῦδοκίαν
824 2079 905 2104 filiam
974 2079 1123 2104 pulcheria
1132 2096 1141 2110 ‚

187 2121 284 2145 Leonis
304 2118 459 2151 Philosophi
479 2117 657 2142 Atheniensis.
700 2115 765 2139 Filia
788 2114 905 2138 Eudoxia
991 2112 1109 2137 Placilla

188 2159 269 2186 nupta
292 2152 478 2178 Valentiniano
500 2151 596 2178 tertio,
621 2149 736 2175 abducta
758 2147 784 2173 in
806 2147 905 2180 Aphri-
974 2151 1000 2172 et
1020 2146 1142 2173 Mariua.

189 2197 246 2214 cam
260 2197 306 2221 per
321 2186 498 2212 Gensericum
522 2194 582 2210 euin
601 2183 703 2209 duabus
724 2181 827 2207 filiabus
843 2181 904 2207 Pla-

371 2220 438 2246 etdia
452 2219 485 2244 11.
500 2223 524 2244 et
539 2218 654 2244 Eudoxia
670 2217 718 2242 111.

287 2273 478 2306 Placidiam
497 2272 595 2304 duxit
615 2269 796 2308 olibrius,
826 2269 886 2313 qui
911 2274 1039 2311 septem
1059 2279 1159 2300 men-

186 2325 281 2358 sibus
292 2323 425 2357 Romae
442 2322 630 2364 imperator
649 2320 726 2353 fuit.
770 2318 965 2352 Eudoxiam
980 2317 1042 2353 111.
1061 2318 1160 2352 duxit

186 2374 278 2407 filius
302 2372 501 2412 Conse-rici,
537 2371 591 2404 cui
620 2370 732 2404 filium
767 2369 903 2413 peperit
924 2367 1158 2403 Ilildericum.

186 2423 323 2458 Deinde
347 2423 466 2455 relicto
496 2422 621 2454 marito
652 2426 794 2464 propter
819 2419 987 2452 Arianam
1020 2424 1159 2458 sectam,

187 2474 417 2518 lerosolymae
436 2478 570 2504 mortua
586 2478 646 2504 est.

287 2540 340 2574 Ex
359 2540 476 2584 priore
495 2537 648 2570 Placidia
667 2537 736 2570 filia
755 2536 857 2581 primi
877 2534 1090 2576 Theodosii,
1125 2542 1156 2569 et

183 2591 409 2630 Constantio,
441 2600 544 2633 quem
569 2587 749 2620 Honorius
765 2587 932 2629 collegam
958 2586 1054 2625 fecit,
1091 2598 1155 2618 na-

181 2650 236 2677 tus
255 2649 306 2676 est
323 2639 591 2674 Valentinianus
616 2637 753 2677 tertius,
788 2637 988 2671 interfectus
1013 2644 1156 2680 propter

393 119 595 156 SCRIPTA
648 115 722 151 P11.
750 112 865 150 MEL.
892 111 958 147 AD
983 111 1106 148 tlt-sT.
1132 110 1274 148 PROF.
1301 108 1367 144 ET
1393 105 1585 142 PHlLOS.
1613 104 1931 142 SPECTANTIA.

1185 2235 1366 2270 ‘Romani
1399 2246 1518 2267 versus
1552 2233 1717 2269 Galliam.

2073 104 2169 139 1008

1192 191 1363 228 adulteria
1383 197 1416 225 et
1433 202 1552 224 necem
1569 190 1663 224 A'etii
1675 217 1685 231 ,
1718 189 1864 224 ultimus
1877 187 2081 222 Occidentis
2098 189 2165 221 im-

1195 250 1332 289 perator
1356 253 1465 285 usque
1489 241 1533 273 ad
1559 239 1724 274 Carolum
1750 239 1941 282 Magnum,
1977 239 2039 272 etsi
2063 239 2169 272 multi

1196 296 1326 327 interea
1343 303 1377 324 se
1392 290 1624 334 Imperatores
1639 291 1887 328 nominarunt,
1913 295 1945 321 et
1964 288 2077 321 variae
2093 289 2169 322 fue-

1195 350 1278 377 runt
1305 341 1583 374 dilacerationes.
1643 339 1885 373 Valentiniani
1913 338 2004 371 filiae
2028 338 2171 371 suerunt

1197 392 1351 427 Placidia
1377 392 1528 424 secunda
1554 397 1664 434 nupta
1681 388 1837 425 Olibrio.
1888 387 2050 423 Eudoxia
2072 387 2173 422 tertia

1199 450 1309 488 nupta
1328 441 1400 474 fitio
1419 440 1613 476 Genserici.

1502 559 1576 592 De
1614 559 1873 591 Honorio.

1302 640 1490 675 IIonorz'ns
1508 639 1701 674 Theodosii
1721 640 1824 684 primi
1844 640 1953 679 filius,
1986 639 2093 673 frater
2110 639 2180 671 Ar-

1204 693 1293 728 cadii
1315 694 1428 727 tenuit
1443 691 1671 725 Occidentem
1699 702 1810 723 annos
1830 703 1939 724 unum
1966 696 1998 723 et
2024 690 2180 732 triginta.

1206 744 1311 778 Initio
1341 743 1478 786 imperii
1510 742 1624 775 edicto
1653 739 1833 784 prohibuit
1856 741 2088 783 gladiatorum
2115 750 2178 783 pu-

1205 806 1301 838 gnas.
1348 792 1596 834 Promulgator
1612 791 1696 834 legis
1713 792 1861 824 obrutus
1878 798 1927 824 est
1944 790 2129 834 lapidibus,

1307 859 1414 894 Anno
1447 859 1521 892 eius
1554 866 1692 897 octavo,
1735 870 1829 891 anno
1863 858 2026 891 videlicet
2049 855 2182 890 Christi

1207 911 1550 955 quadringentesimo
1565 915 1658 942 sexto
1666 905 1818 948 Franci,
1835 907 2182 951 occuparunturbem

1208 961 1439 993 Trevirorum
1461 959 1618 992 accersiti
1647 970 1665 991 a
1691 960 1877 997 Senatore,
1917 958 2015 991 cuius
2038 968 2183 990 uxorem

1207 1015 1369 1052 rapuerat
1386 1005 1526 1040 Lucius
1543 1019 1678 1051 praeses
1695 1008 1891 1042 Romanus.
1946 1007 1994 1040 Ita
2018 1007 2184 1039 libidines

1209 1059 1425 1091 occasionem
1456 1058 1660 1089 mutationis
1687 1058 1823 1100 imperii
1851 1058 2105 1100 praebuerunt,
2145 1062 2183 1088 ut

1209 1120 1310 1150 saepe
1323 1107 1458 1142 accidit.
1486 1106 1645 1149 Cumque
1661 1119 1698 1138 ex
1714 1108 1800 1139 urhe
1811 1106 2040 1138 Trevirorum
2056 1106 2183 1138 deinde

1210 1159 1246 1190 in
1264 1157 1443 1196 Belgicum
1468 1164 1499 1190 et
1522 1156 1687 1189 Celticam
1713 1157 1884 1199 progressi
1909 1162 2007 1195 sunt,
2041 1155 2183 1188 initium

1210 1208 1308 1249 regni
1333 1206 1549 1240 Francorum
1574 1207 1617 1238 ab
1643 1207 1870 1249 occupatione
1895 1206 1992 1239 urbis
2017 1204 2184 1237 Treviro-

1209 1269 1287 1291 rum
1306 1257 1466 1290 sumitur.
1515 1255 1563 1289 Et
1580 1268 1779 1300 quanquam
1796 1262 1895 1289 antea
1917 1267 2055 1300 quoque
2072 1254 2185 1296 Reges

1211 1307 1426 1341 Francorum
1459 1306 1690 1339 nominentur
1720 1307 1922 1350 priusquam
1963 1306 1997 1337 in
2031 1304 2184 1338 Galliam

1211 1356 1442 1391 transierunt:
1469 1363 1586 1390 tamen
1604 1363 1786 1400 postquam
1806 1357 1841 1388 in
1861 1355 2013 1388 Galliam
2038 1355 2185 1387 transie-

1212 1414 1315 1447 runt,
1343 1406 1380 1438 in
1398 1404 1462 1439 hac
1478 1406 1566 1439 serie
1587 1406 1721 1450 primus
1743 1418 1801 1439 rex
1827 1406 2032 1439 nominatur
2049 1404 2186 1437 &Vara-

1211 1457 1377 1491 mundus.

1315 1522 1428 1566 Supra
1446 1523 1489 1555 de
1512 1522 1624 1565 gentis
1649 1522 1785 1565 origine
1803 1522 1893 1562 dixi,
1927 1523 1970 1554 de
1992 1533 2059 1566 qua
2083 1521 2186 1554 citavi

1213 1573 1441 1611 Strabonem,
1483 1573 1543 1616 qui
1572 1572 1725 1604 Francos
1754 1573 1867 1616 inquit
1900 1573 1996 1604 sedes
2024 1569 2186 1603 habuisse

1213 1624 1305 1656 inter
1321 1622 1487 1655 Noricum
1505 1629 1538 1654 et
1554 1621 1768 1656 Vindelicos.
1819 1619 1863 1654 Et
1880 1620 2116 1665 Hieronymus
2131 1620 2186 1652 in·

1213 1673 1303 1715 quit:
1331 1671 1484 1703 Francos
1502 1672 1593 1705 inter
1608 1671 1760 1704 Saxones
1779 1671 2011 1702 etAlemanos
2028 1667 2186 1702 habitare

1213 1727 1370 1763 gentem,
1396 1731 1469 1751 non
1490 1726 1560 1752 tam
1583 1720 1686 1751 latam
1711 1731 1815 1763 quam
1840 1720 2004 1754 validam.
2064 1718 2187 1752 Fuisse

1214 1781 1271 1802 eos
1297 1769 1429 1802 vicinos
1452 1769 1562 1800 fluvio
1588 1766 1703 1800 Solae
1735 1780 1773 1801 ex
1798 1768 2006 1801 Marcellino
2031 1776 2185 1812 apparet.

1213 1818 1389 1860 Progressi
1410 1818 1517 1860 igitur
1533 1829 1550 1850 a
1569 1817 1677 1850 Meno
1700 1819 1742 1851 ad
1768 1818 1877 1860 ripam
1893 1817 2012 1852 Rheni
2036 1830 2187 1851 accesse-

1214 1877 1316 1908 runt,
1341 1868 1402 1901 ubi
1423 1880 1500 1900 cum
1517 1866 1730 1908 Aureliano,
1763 1867 1879 1901 Probo
1905 1875 1937 1902 et
1954 1868 2186 1902 Constantino

1214 1919 1445 1958 dimicarunt,
1481 1925 1513 1951 et
1534 1917 1675 1962 quidem
1700 1918 1805 1951 fuisse
1827 1918 2013 1951 exercitum
2032 1918 2187 1951 Franco-

1214 1982 1291 2002 rum
1326 1969 1418 2001 inter
1448 1968 1577 2000 auxilia
1608 1967 1829 2002 Constantini
1863 1975 1984 2001 contra
2007 1967 2185 2002 Licinium

1214 2019 1331 2052 scribit
1343 2018 1583 2052 Marcellinus.
1635 2016 1774 2051 Deinde
1790 2018 1957 2062 paulatim
1973 2018 2186 2051 confirmatis

1214 2069 1348 2102 viribus
1374 2069 1410 2101 in
1435 2067 1590 2101 Galliam
1612 2068 1844 2107 transierunt,
1881 2075 1914 2102 et
1940 2069 2090 2103 sumitur
2116 2068 2186 2101 ini-

1213 2119 1301 2152 tium
1318 2119 1361 2151 ab
1374 2119 1600 2161 occupatione
1617 2119 1717 2152 urbis
1733 2117 1975 2152 Trevirorum.

1313 2184 1409 2218 Haec
1440 2184 1582 2217 fuerunt
1618 2184 1719 2218 initia
1756 2184 2013 2218 dilacerationis
2046 2184 2183 2227 imperii

1778 2235 1896 2268 Altera
1929 2234 2128 2267 dilaceratio
2163 2246 2182 2267 a

1212 2285 1394 2319 Pannonia
1419 2296 1539 2317 versus
1563 2283 1699 2317 ltaliam
1722 2296 1740 2317 a
1764 2284 1881 2318 Gottis
1904 2285 1988 2317 sacta
2012 2290 2081 2321 est,
2119 2295 2184 2317 nec

1212 2336 1359 2369 dubium
1384 2341 1435 2368 est
1454 2333 1580 2368 Gottos
1596 2335 1703 2368 Getas
1726 2346 1816 2375 esse,
1848 2334 1908 2379 qui
1933 2334 2017 2366 olim
2043 2334 2080 2366 in
2098 2332 2183 2367 Asia

1210 2387 1369 2426 suerunt,
1416 2391 1455 2418 ut
1487 2383 1658 2418 Herodoti
1687 2382 1832 2418 historia
1859 2384 2020 2417 ostendit.
2096 2383 2183 2417 Inde

1210 2436 1398 2480 paulatim,
1425 2441 1464 2468 ut
1482 2435 1611 2467 multae
1630 2434 1716 2467 aliae
1737 2441 1872 2477 gentes,
1906 2434 2079 2477 progressi
2101 2441 2183 2467 sunt

1210 2497 1328 2519 versus
1346 2484 1565 2518 Pannoniam
1577 2508 1586 2523 ‚
1613 2484 1695 2517 inde
1710 2491 1927 2517 accesserunt
1949 2485 1992 2516 ad
2010 2484 2180 2517 Vistulam

1210 2543 1241 2569 et
1266 2537 1307 2568 ad
1339 2535 1436 2569 littus
1465 2534 1639 2568 Balticum
1674 2539 1706 2566 et
1734 2533 1921 2567 Scandiam
1956 2541 2181 2576 occuparunt.

1209 2585 1296 2620 Cum
1316 2586 1408 2618 euim
1428 2585 1622 2628 primorum
1643 2580 1827 2616 hominum
1853 2585 1951 2617 sedes
1978 2586 2013 2616 in
2032 2582 2180 2617 Oriente

1206 2636 1329 2675 suerit,
1357 2641 1627 2669 consentaneum
1644 2639 1693 2667 est
1713 2633 1796 2667 inde
1818 2645 1936 2668 versus
1950 2632 2177 2668 Occidentem
