2324 2955
96 123 144 159 97
723 121 881 157 DECL.
930 121 1003 156 DE
1043 121 1195 158 LEGE
1229 123 1498 162 PLACL'IT¹
2072 126 2118 160 98

95 214 273 242 revocaret
289 219 353 242 nos
367 209 409 241 ad
427 219 510 246 sese,
525 214 559 241 et
574 208 728 242 frenaret
740 208 964 252 vagabundas
981 219 1080 241 men-

94 265 164 299 tes,
192 266 225 293 et
242 260 403 303 patefecit
428 271 463 292 se
488 259 686 292 illustribus
704 259 932 299 testimoniis,
960 266 992 293 et
1009 265 1080 292 tra-

94 310 185 344 didit
199 310 310 353 legem
328 321 442 343 suam:
471 310 654 343 constituit
673 310 838 354 imperia,
866 316 898 343 et
923 307 1079 343 horribi-

93 360 187 394 libus
204 360 384 405 suppliciis
399 372 518 393 caecos
534 357 719 394 hominum
737 361 873 393 furores
888 360 1000 404 punit,
1018 360 1079 405 qui

94 418 213 445 contra
231 411 322 453 leges
339 411 457 444 frenos
475 411 592 444 laxant
610 412 681 444 suis
695 412 958 454 cupiditatibus,
995 410 1077 443 Ideo

92 461 294 504 gravissime
318 462 433 506 inquit
454 462 645 496 Siracides:
683 461 748 494 Vir
767 461 906 505 sapiens
923 474 995 495 non
1015 459 1079 494 ha-

94 512 193 546 bebit
210 513 292 546 odio
312 512 437 556 legem.

193 571 283 606 Cum
308 580 424 606 autem
449 573 491 605 de
512 572 628 614 legum
654 571 829 612 bonitate,
865 579 897 606 et
913 572 955 605 de
980 583 1078 604 reve-

92 623 205 656 rentia
226 623 361 666 legibus
377 623 512 662 debita,
539 633 640 666 saepe
655 622 692 654 in
710 619 777 655 hoc
798 623 874 655 loco
893 623 1028 657 erudite
1047 629 1079 655 et
1104 636 1105 642 ¹

92 674 149 717 pie
172 674 303 707 dictum
329 673 394 713 sit,
423 674 491 706 iam
517 670 582 706 hac
604 673 702 705 brevi
727 673 1078 713 eommonesactione,

93 736 198 769 quam
217 724 394 764 recensui,
421 730 606 758 contentus
625 735 699 756 ero:
728 736 767 757 ac
785 730 921 757 tantum
945 736 1006 757 oro
1023 724 1079 756 iu-

92 774 230 816 niores,
257 780 399 819 propter
422 773 558 815 Deum,
584 781 622 807 ut
645 786 744 818 saepe
770 772 861 808 hanc
878 786 995 807 veram
1014 776 1079 807 do-

91 824 263 867 ctrinam,
290 826 333 858 de
355 825 469 868 legum
493 825 652 859 fontibus
675 833 707 858 et
732 825 884 859 utilitate
907 826 1076 868 cogitent:

91 882 124 909 et
141 888 242 920 saepe
256 883 416 920 repetant
431 888 547 909 secum
566 876 656 910 dicta
674 876 809 916 divina,
837 888 926 921 quae
944 876 1078 920 praeci-

91 927 194 971 piunt
215 927 258 960 de
278 927 473 960 reverentia
496 926 633 970 legibus
657 927 795 967 debita,
830 934 862 960 et
885 927 920 959 in
951 927 1078 960 animis

92 989 247 1011 amorem
264 976 331 1011 Dei
350 985 382 1011 et
400 978 516 1020 legum
534 978 739 1013 accendant.

189 1034 291 1068 Nunc
316 1047 398 1068 vero
425 1036 469 1068 ad
495 1036 708 1069 erudiendos
728 1035 886 1069 iuniores
904 1036 1077 1080 quaedam

90 1085 204 1120 dicam
222 1086 265 1119 de
284 1086 358 1130 lege
370 1085 519 1126 Placuit,
545 1086 582 1119 in
592 1085 733 1127 Codice,
753 1087 852 1120 cuius
868 1087 976 1120 verba
993 1084 1078 1119 haec

89 1143 188 1171 sunt:
214 1136 380 1178 „Placuit
395 1138 431 1170 in
449 1137 616 1171 omnibus
633 1138 739 1171 rebus
753 1138 939 1182 praecipue
955 1135 1079 1170 haberi

90 1194 162 1221 tam
185 1188 343 1221 iusticiae
368 1188 624 1234 aequitatisque
650 1188 816 1233 scriptae,
844 1199 949 1233 quam
966 1188 1078 1222 stricti

92 1238 180 1272 iuris
197 1238 400 1273 rationem.''

192 1296 274 1330 Scio
297 1295 508 1340 reprehendi
530 1308 550 1330 a
567 1298 799 1340 quibusdam,
827 1299 921 1341 quod
940 1295 998 1330 hic
1014 1310 1079 1331 no-

92 1347 204 1380 minat
224 1347 278 1378 lex
301 1347 511 1390 aequitatem
537 1346 720 1389 scriptam:
748 1358 825 1379 cum
844 1354 960 1379 tamen
985 1349 1078 1389 apud

92 1396 319 1431 Aristotelem
336 1392 504 1428 ἐπιείκεια
530 1397 736 1428 nominetur
758 1396 879 1438 scripti
898 1396 1080 1435 correctio,

90 1446 217 1481 omissa
241 1445 472 1488 inscriptione
496 1444 600 1487 legis,
634 1452 672 1478 ut
699 1456 777 1477 curn
809 1446 913 1477 iudex
944 1445 1080 1488 mitigat

90 1507 241 1542 poenam
264 1493 404 1528 homini
423 1495 600 1533 modesto,
628 1495 690 1539 qui
712 1506 785 1527 non
807 1495 1002 1538 petulantia
1020 1502 1080 1529 aut

90 1554 236 1581 naturae
252 1546 499 1591 perversitate,
525 1546 585 1578 sed
602 1545 694 1578 fame
710 1552 844 1586 motus,
871 1546 1008 1579 furatus
1031 1552 1080 1579 est

91 1599 204 1633 cibos:
231 1597 321 1631 sicut
338 1597 381 1630 de
402 1596 578 1642 aequitate
595 1608 668 1628 non
693 1596 822 1640 scripta
838 1596 998 1641 loquitur
1014 1597 1079 1630 lex.

91 1648 199 1693 Quod
222 1648 251 1681 si
275 1645 425 1692 Ephesi,
455 1648 493 1680 in
517 1646 689 1691 Digestis,
726 1648 768 1680 de
795 1659 834 1680 eo
860 1648 955 1692 quod
985 1654 1079 1681 certo

90 1700 169 1734 loco
186 1705 250 1734 etc.

194 1748 268 1783 Iam
283 1749 312 1782 si
331 1761 466 1793 semper
484 1749 710 1783 anteferenda
728 1756 815 1782 esset
833 1750 992 1794 aequitas
1006 1762 1079 1783 non

91 1801 242 1846 scripta,
268 1800 351 1845 quid
379 1812 467 1844 opus
491 1807 578 1834 esset
601 1800 754 1843 legibm,
782 1807 842 1834 aut
859 1802 1002 1845 quando
1026 1801 1080 1834 iu-

91 1853 158 1886 dex
174 1864 213 1885 ex
228 1852 354 1895 scripta
369 1852 443 1894 lege
461 1851 735 1895 pronunciaret?
762 1850 830 1884 Hic
841 1852 955 1896 qualis
971 1852 1081 1884 licen-

91 1903 139 1937 tia
164 1903 416 1938 concederetur
436 1902 497 1943 iis,
525 1902 585 1947 qui
609 1902 742 1956 alipqtii
766 1902 820 1935 ius
850 1903 1019 1947 scriptum
1049 1909 1082 1935 et

91 1954 264 1999 privatam
281 1953 522 1991 calliditatem,
551 1964 650 1998 saepe
666 1954 771 1986 etiam
789 1965 908 1987 caecos
926 1954 1082 1987 adfectus

92 2005 228 2048 legibus
247 2004 471 2038 anteferunt?

197 2062 244 2098 Ut
268 2063 376 2106 igitur
403 2061 487 2096 haec
511 2062 709 2097 distinctius
737 2064 974 2108 explicentur,
1008 2063 1082 2107 pri-

93 2126 191 2148 mum
216 2125 388 2158 exponam
413 2115 498 2159 quid
522 2114 680 2148 nominet
703 2115 757 2148 ius
778 2116 958 2156 strictum,
986 2115 1081 2159 quod

92 2172 247 2200 vetustas
263 2165 404 2207 linguae
421 2165 549 2198 latinae
572 2165 733 2200 nominat
752 2166 806 2199 ius
825 2178 1001 2200 summum
1022 2178 1081 2199 seu

95 2214 222 2250 Graeci
250 2214 544 2262 ἀκριβοὸίκαιον.

196 2274 394 2309 Discrimen
413 2282 463 2309 est
483 2276 575 2308 enim
595 2275 687 2309 inter
702 2276 756 2310 ius
781 2288 957 2310 summum
975 2282 1007 2310 et
1025 2288 1082 2310 ca—

96 2327 279 2360 lumniam.
332 2325 395 2360 Est
412 2327 505 2359 enim
525 2326 714 2367 calumnia,
744 2328 849 2361 verba
867 2334 978 2362 astute
996 2340 1082 2360 con-

96 2385 150 2412 tta
165 2378 320 2411 nativam
339 2378 548 2411 sententiam
565 2378 799 2421 interpretari,
826 2386 858 2412 et
875 2378 911 2411 in
928 2379 1082 2412 deterius

95 2428 248 2462 flectere:
277 2435 316 2462 ut
338 2429 419 2474 quia
439 2436 557 2473 pactus
582 2429 726 2471 triginta
751 2430 887 2463 dierum
910 2430 1083 2471 inducias,

96 2487 205 2513 noctu
221 2480 458 2524 populabatur
474 2491 574 2523 agros
586 2507 594 2520 ,
621 2480 716 2525 quod
735 2487 846 2514 esseut
863 2481 1001 2514 dierum
1027 2481 1080 2513 in-

97 2531 241 2570 duciae,
269 2542 342 2563 non
366 2531 523 2564 noctium
548 2531 748 2575 promissae.
808 2529 853 2565 Et
878 2532 937 2576 qui
964 2538 1083 2576 pactus

98 2582 288 2615 dimidium
307 2582 469 2623 navium,
501 2582 665 2615 dissecuit
684 2594 799 2617 naves.

201 2640 330 2674 Plenae
353 2647 434 2674 sunt
457 2641 696 2685 exemplorum
721 2639 898 2676 historiae.
952 2639 1084 2674 Paclies

151 2742 336 2777 lut-:rnna-
364 2744 466 2776 Ormi.
496 2744 576 2775 Voc.
607 2745 681 2776 ΧΠ.

1134 208 1264 242 sciebat
1282 217 1451 253 quantum
1469 211 1505 244 in
1523 212 1629 250 duce,
1657 212 1717 256 qui
1735 212 1816 245 urbi
1841 218 2014 256 praeerat,
2042 224 2118 245 mo-

1134 259 1243 292 menti
1268 267 1375 301 esset,
1403 269 1522 295 evocat
1546 274 1624 295 eum
1647 264 1688 296 ad
1717 263 1951 308 colloquium,
1979 270 2011 296 et
2036 274 2119 306 pro-

1133 310 1241 343 mittit
1258 322 1293 343 se
1309 311 1345 342 in
1363 311 1487 344 urbem
1503 313 1732 346 remissurum
1750 325 1822 346 esse
1835 314 1954 347 vivum
1972 320 2005 347 et
2020 314 2119 346 inco-

1132 360 1275 394 lumem.
1318 359 1399 394 Dux
1416 359 1507 394 nihil
1526 364 1609 396 mali
1625 365 1818 408 suspicans,
1845 365 1940 398 venit
1957 365 1994 397 in
2010 364 2119 397 collo-

1132 411 1266 456 quium.
1317 410 1406 445 Cum
1427 413 1534 455 igitur
1550 414 1619 446 iam
1637 417 1720 448 urbs
1735 416 1810 448 sine
1828 416 1916 449 duce
1933 422 2031 453 esset,
2056 427 2120 459 op-

1131 469 1265 506 pugnat
1283 474 1357 495 eam
1374 461 1520 496 Paches:
1549 472 1582 498 et
1599 477 1636 497 ea
1655 466 1804 508 potitus,
1833 467 1970 499 reducit
1985 467 2121 506 ducem,

1133 520 1166 546 et
1184 513 1234 546 ibi
1254 513 1428 549 interficit.

1233 562 1324 597 Cum
1343 562 1505 599 Athenae
1527 572 1647 609 captae
1663 573 1775 600 essent
1794 579 1811 599 a
1829 566 2028 612 Lysandro,
2055 567 2120 600 tri-

1131 615 1228 658 ginta
1245 615 1540 658 gubernatoribus
1557 628 1694 649 summa
1715 623 1867 660 potestas
1886 619 1965 650 data
1983 624 2043 657 est,
2072 618 2120 650 ita

1131 672 1170 699 ut
1186 673 1327 709 possent
1349 666 1424 699 sine
1451 667 1592 700 iudiciis
1613 667 1807 701 interficere
1831 668 2056 701 turbulentos
2072 668 2122 700 ci-

1131 728 1208 757 ves,
1238 728 1325 762 quos
1342 717 1408 761 ipsi
1431 718 1670 750 existimarent
1687 719 1904 751 seditionum
1928 719 2018 750 faces
2039 729 2121 752 esse.

1131 765 1178 800 Et
1196 774 1269 801 erat
1287 769 1457 811 promissa
1475 768 1699 802 incolumitas
1716 769 1799 813 ipsis
1816 769 1971 812 triginta,
1995 775 2027 801 et
2045 769 2122 801 aliis

1132 818 1192 862 qui
1210 818 1246 850 in
1266 830 1329 851 suo
1350 819 1504 863 quodam
1522 819 1678 862 catalogo
1707 820 1826 864 scripti
1846 827 1960 853 erant:
1990 831 2028 852 ac
2045 819 2120 852 fue—

1131 875 1186 902 rat
1210 869 1305 913 pacis
1329 876 1361 902 et
1388 867 1514 902 harum
1538 871 1784 903 conditionum
1806 878 1908 903 autor
1927 868 2123 903 Therame-

1132 930 1203 954 nes,
1257 918 1346 953 Cum
1365 926 1481 952 autem
1500 921 1634 953 videret
1648 919 1906 962 Theramenes,
1933 921 2031 954 abuti
2050 921 2124 953 col-

1133 970 1227 1012 legas
1249 981 1309 1003 sua
1337 977 1523 1013 potestate,
1551 972 1729 1004 moderari
1753 972 1998 1005 crudelitatem
2017 983 2123 1005 cona-

1132 1027 1187 1054 tus
1206 1027 1266 1055 est.
1321 1020 1440 1063 Quare
1465 1022 1630 1055 timentes
1656 1034 1734 1055 eum
1761 1023 1931 1065 collegae,
1959 1023 2123 1055 decreve-

1133 1078 1217 1105 runt
1232 1073 1429 1104 necandum
1451 1084 1532 1107 esse.
1588 1071 1827 1106 Theramenes
1851 1085 1885 1106 se
1905 1081 2063 1113 excusat,
2092 1080 2124 1106 et

1134 1122 1219 1166 petit
1235 1123 1368 1156 servari
1387 1130 1503 1167 pacta,
1530 1124 1626 1157 iuxta
1653 1124 1861 1167 catalogum.
1907 1124 1976 1157 Sed
1995 1123 2124 1157 Critias

1133 1174 1200 1214 ait,
1225 1173 1364 1206 facilem
1379 1186 1451 1206 esse
1475 1175 1738 1208 refutationem:
1767 1175 1912 1208 nomine
1929 1173 2125 1208 Therame-

1134 1224 1188 1257 nis
1212 1224 1348 1265 deleto‚
1376 1237 1449 1258 non
1475 1226 1587 1259 teneri
1607 1226 1755 1269 collegas
1781 1233 1814 1259 et
1841 1226 2011 1269 catalogo.
2066 1225 2125 1259 Sic

1134 1275 1239 1308 elusis
1256 1275 1366 1318 pactis
1379 1302 1387 1316 ‚
1415 1275 1675 1309 Theramenem
1694 1277 1846 1320 collegae
1864 1277 2092 1310 interficiunt.

1235 1333 1408 1375 Popilius,
1437 1342 1557 1375 pactus
1576 1336 1764 1369 dimidium
1782 1336 1926 1369 navium
1943 1333 2125 1372 Antiochi,

1134 1392 1239 1414 naves
1260 1394 1382 1414 omnes
1399 1383 1563 1416 dissecari
1582 1384 1694 1417 iubet:
1723 1393 1761 1419 ut
1780 1393 1976 1419 exarmatus
1994 1384 2124 1419 Antio-

1134 1429 1239 1471 chus,
1266 1432 1437 1465 rebellare
1455 1445 1526 1466 non
1543 1441 1667 1477 posset.

1237 1488 1295 1522 Sic
1312 1488 1486 1523 Cochleus
1511 1492 1811 1535 interpretabatur
1829 1494 2026 1535 decretum,
2062 1495 2126 1529 Sa-

1135 1540 1256 1572 cerdos
1282 1540 1413 1573 ducens
1436 1554 1582 1574 uxorem
1614 1543 1865 1586 suspendatur:
1898 1545 1941 1577 de
1967 1545 2126 1588 patibulo

1134 1590 1316 1631 videlicet,
1344 1604 1422 1624 cum
1449 1593 1626 1626 decretum
1653 1593 1826 1638 intelligat
1850 1596 2127 1639 suspensionem,

1134 1641 1354 1674 vacationem
1372 1643 1505 1686 publici
1520 1644 1638 1676 officii.

1236 1699 1342 1734 Tales
1366 1702 1538 1736 absurdae
1564 1709 1595 1735 et
1621 1700 1890 1748 sycophanticae
1917 1704 2127 1748 interpreta-

1134 1751 1269 1791 tiones,
1297 1752 1432 1785 alienae
1460 1766 1478 1786 a
1504 1755 1760 1787 consuetudine
1782 1755 1973 1795 sermonis,
2003 1756 2126 1788 divino

1134 1802 1210 1835 iure
1228 1800 1430 1846 prohibitae
1447 1811 1527 1838 sunt
1541 1831 1549 1844 ,
1579 1805 1672 1850 quod
1691 1805 1825 1850 inquit:
1854 1804 1934 1838 Nou
1951 1806 2043 1839 dicas
2062 1806 2127 1839 fal-

1134 1864 1211 1886 sum
1230 1854 1484 1890 testimonium.
1518 1853 1850 1889 Etlurisconsultus
1869 1857 2001 1901 inquit,
2029 1858 2126 1890 frau-

1135 1905 1214 1937 dem
1232 1904 1299 1947 legi
1317 1905 1401 1946 fieri,
1421 1918 1500 1939 cum
1517 1906 1622 1939 salvis
1636 1908 1752 1940 verbis
1771 1908 1942 1941 sententia
1959 1908 2126 1943 eluditur.

1237 1962 1365 1997 Differt.
1396 1965 1440 1998 ab
1470 1962 1535 1997 hac
1566 1963 1814 2010 sycophantica
1846 1967 1900 1999 ius
1932 1979 2125 2000 summum:

1136 2014 1316 2054 videlicet,
1344 2015 1381 2047 in
1409 2028 1477 2060 quo
1503 2028 1621 2048 revera
1645 2017 1730 2058 legis
1757 2018 1922 2050 severitas
1945 2018 1980 2049 in
2006 2018 2124 2062 aliquo

1136 2077 1217 2099 casu
1234 2066 1493 2108 mitigationem
1511 2067 1654 2109 flagitat.
1710 2066 1756 2101 Ut
1774 2068 1826 2100 lex
1847 2066 2007 2101 Romana
2028 2068 2126 2101 iube-

1135 2117 1196 2150 bat
1219 2117 1366 2149 interfici
1395 2117 1564 2158 militem,
1592 2118 1651 2162 qui
1677 2125 1797 2151 contra
1815 2117 2006 2152 Dictatoris
2025 2131 2126 2152 man-

1136 2169 1256 2200 datum
1294 2168 1504 2202 dimicasset.
1565 2168 1717 2202 Dimicat
1753 2177 1962 2213 provocatus
1996 2168 2125 2203 Manlii

1138 2217 1312 2263 Torquati
1330 2219 1441 2259 filius,
1469 2226 1501 2252 et
1520 2219 1632 2252 victor
1649 2232 1666 2252 a
1685 2227 1783 2263 patre
1802 2220 2021 2253 interficitur.
2059 2219 2125 2253 llic

1136 2281 1208 2302 non
1227 2270 1369 2314 quidem
1391 2270 1606 2302 calumniosa
1635 2271 1722 2303 iuris
1747 2271 2036 2315 interpretatione
2061 2270 2125 2305 Di-

1136 2327 1248 2353 ctator
1264 2321 1331 2354 suit
1347 2321 1519 2364 asperior,
1546 2321 1603 2353 sed
1623 2328 1738 2354 tamen
1757 2328 1923 2365 paternus
1941 2323 2044 2355 dolor
2060 2324 2123 2355 mi-

1136 2371 1340 2415 tigationem
1359 2372 1511 2416 aliquam
1529 2369 1697 2405 adhibere
1713 2379 1858 2417 poterat.

1241 2428 1287 2464 Ut
1303 2438 1417 2464 autem
1434 2431 1468 2462 in
1488 2430 1692 2464 universum
1709 2438 1860 2465 vetustas
1876 2432 1943 2465 suit
1959 2433 2124 2471 severior,

1138 2482 1184 2516 ita
1209 2481 1340 2515 multae
1363 2488 1444 2514 sunt
1467 2493 1599 2525 poenae
1624 2483 1660 2514 in
1681 2483 1858 2516 veteribus
1877 2483 2012 2526 legibus
2031 2491 2123 2516 atro-

1137 2533 1267 2572 ciores,
1295 2544 1399 2577 quam
1422 2532 1458 2565 in
1475 2533 1742 2569 recentioribus.

1247 2589 1483 2624 Usitatissima
1520 2591 1585 2624 suit
1622 2603 1733 2635 poena
1777 2593 1939 2633 talionis,
1981 2593 2121 2625 oculum

1110 2683 1112 2686 Α
1138 2654 1200 2687 pro
1218 2641 1320 2674 oculo
1337 2648 1398 2676 etc.
1431 2640 1533 2674 Nunc
1549 2642 1704 2684 mitigata
1722 2650 1781 2676 est.
1811 2642 1909 2677 Olim
1929 2643 2122 2677 calumnia-

99 2694 168 2726 (lux
181 2689 417 2731 Atheniensis,
445 2690 776 2736 cumColophoncm
797 2692 982 2733 obsideret,
1003 2694 1082 2737 quia
1110 2721 1113 2728 ,,

1138 2701 1194 2727 tor
1218 2691 1283 2726 hoc
1305 2693 1378 2737 ipso
1400 2693 1572 2737 supplicio
1597 2693 1841 2731 adficiebatur.
1871 2707 1939 2739 quo
1963 2706 2042 2727 rcus
2060 2695 2123 2726 ad<

1447 2743 1468 2776 7
