2324 2955
98 106 171 143 725

96 200 169 228 tum
184 191 228 225 de
245 198 365 226 nostro
386 191 492 227 exitio
503 218 513 234 ,
527 197 590 227 etc.
643 189 736 225 Huic
752 199 959 236 argumento
974 192 1074 225 nulla

95 249 253 277 creatura
281 243 492 288 respondere
522 248 648 286 posset.
709 241 779 275 Sed
807 243 899 276 filius
921 241 988 276 Dei
1017 254 1073 275 re-

94 293 321 337 sponsionem
343 293 514 333 ostendit,
549 293 609 337 qui
634 292 812 326 Minorem
835 294 884 327 sic
908 292 1072 337 explicat:

93 342 238 377 Iusticia
253 343 323 376 Dei
341 349 409 384 est,
423 349 463 376 ut
480 343 723 378 inobedientes
737 351 897 388 pereant:
923 343 1001 377 Nisi
1017 355 1073 377 sa-

93 394 198 428 tisfiat
214 393 370 427 iusticiae
385 393 455 427 Dei
477 405 589 438 poena
611 395 829 438 deprecantis
852 394 915 427 filii
931 407 994 438 pro
1015 405 1074 437 ge-

93 455 176 477 nere
198 441 373 484 humano,
401 451 434 478 et
457 444 494 477 in
518 457 591 478 sese
614 445 701 478 iram
718 445 949 479 inenarrabili
968 445 1074 478 mise-

92 493 244 527 ricordia
267 494 470 529 derivantis.
530 495 673 529 Prolata
702 495 811 538 igitur
841 495 1074 539 promissione

92 555 213 578 rursus
235 542 391 580 Ecclesia
420 547 561 580 condita
585 552 652 587 est,
686 558 726 579 ac
751 546 916 589 deinceps
938 556 1074 589 semper

91 592 199 628 huius
213 595 458 638 promissionis
472 597 631 630 doctrina
649 596 716 630 suit
729 594 904 629 Ecclesiae
919 596 1074 640 propria,

92 652 126 678 et
149 656 225 679 eam
251 646 296 679 ab
319 646 397 680 aliis
420 647 596 687 coetibus,
625 647 686 692 qui
710 659 745 680 se
770 653 888 691 postea
907 658 926 680 a
948 645 1072 690 primis

89 696 295 739 parentibus
309 696 554 738 seiunxerunt,
581 697 751 732 distinxit.

191 745 273 782 VII.
300 745 458 791 Septimo
477 748 670 782 recitantur
685 759 807 782 causae
824 747 1073 782 calamitatum.

91 795 232 830 Poenae
254 804 336 831 sunt
359 797 465 841 primi
485 798 622 842 lapsus,
650 810 764 837 mors,
792 810 981 832 aerumnae
1003 796 1073 831 Ec-

89 846 232 887 clesiae,
267 846 487 882 tristissimae
516 849 664 883 insidiae
698 849 941 889 diabolorum,
979 849 1074 881 iuxta

89 896 239 931 dictum:
283 894 458 931 Ponam
496 898 786 932 inimicicias
821 898 943 932 inter
975 909 1075 931 ser-

88 950 260 992 pentem
292 952 329 981 et
349 959 491 982 semen
519 948 749 982 mulieris.
810 948 927 984 Simul
957 955 1073 982 autem

89 997 303 1041 amplissima
332 999 526 1033 consolatio
555 1000 734 1044 proposita
764 1005 815 1032 est
847 1000 890 1032 de
924 1000 1075 1042 gloriosa

88 1047 253 1087 victoria,
288 1059 357 1092 qua
385 1046 542 1083 Ecclesia
571 1050 669 1083 omni
694 1057 851 1093 tempore
877 1050 1076 1083 servabitur

88 1097 133 1131 ab
148 1097 210 1130 illo
224 1095 399 1139 Domino,
426 1099 487 1144 qui
503 1108 680 1145 assumpta
696 1098 850 1133 humana
866 1106 992 1133 natura
1010 1100 1075 1133 erit

86 1156 208 1180 semen
231 1147 403 1184 mulieris.
455 1147 552 1184 Haec
574 1157 646 1184 tota
669 1150 828 1183 doctrina
845 1150 1013 1193 paulatim
1031 1150 1075 1182 il-

89 1197 235 1231 lustrata
258 1204 327 1238 est,
360 1204 400 1232 ut
424 1210 498 1233 non
523 1201 666 1242 dubito,
701 1200 887 1244 colloquiis
920 1200 983 1232 filii
1008 1198 1074 1233 Dei

89 1259 169 1281 cum
185 1247 409 1292 parentibus,
430 1250 520 1284 sicut
536 1248 710 1284 lohannes
726 1251 858 1295 inquit:
887 1249 999 1283 Filius
1015 1250 1075 1294 qui

90 1304 141 1331 est
164 1298 201 1330 in
225 1298 306 1331 sinu
328 1300 454 1343 patris,
481 1301 556 1344 ipse
575 1301 752 1335 enarravit
775 1300 889 1333 nobis.
941 1299 987 1334 Et
1003 1301 1076 1344 ipse

90 1347 259 1387 affirmat,
287 1360 322 1382 se
348 1350 451 1383 initio
474 1351 630 1385 locutum
651 1363 723 1385 esse
741 1351 777 1383 in
794 1349 969 1391 Ecclesia,
996 1363 1075 1384 cum

89 1399 223 1443 inquit:
258 1397 326 1445 τὴν
351 1398 470 1446 ἀρχὴν
496 1399 551 1435 ὅτι
579 1400 642 1436 καὶ
670 1403 769 1435 λαλῶ
795 1398 899 1445 ὑμῖν.
960 1399 1007 1434 Et
1038 1402 1075 1433 in

89 1447 292 1482 Proverbiis
315 1449 532 1484 Salomonis:
568 1452 763 1486 Delectatio
791 1452 981 1495 sapientiae
1011 1452 1075 1484 filii

89 1509 169 1532 cum
193 1499 274 1532 filiis
298 1496 496 1536 hominum.

192 1548 292 1583 vtIt.
335 1547 490 1592 Octavo,
517 1549 705 1585 Paradisus
722 1551 893 1595 significat
911 1558 943 1585 et
960 1552 1073 1585 locum

87 1605 200 1632 terrae
223 1599 426 1642 meliorem,
460 1608 492 1635 et
515 1601 620 1634 talem
648 1599 834 1635 hominum
861 1609 1009 1640 statum,
1039 1604 1075 1634 in

89 1661 160 1694 quo
177 1649 252 1682 sine
270 1657 409 1694 peccato
427 1658 460 1685 et
477 1651 552 1684 sine
568 1658 681 1685 morte
702 1653 880 1687 vixissent.
932 1651 977 1686 Et
995 1665 1075 1685 cum

89 1706 240 1744 quatuor
249 1700 438 1733 fluminum
451 1702 563 1734 fontes
579 1702 614 1734 in
627 1703 789 1746 paradiso
806 1703 948 1742 suerint,
965 1703 1075 1745 sigui-

89 1750 228 1783 ficatum
251 1757 321 1790 est,
358 1750 453 1783 iilam
479 1751 659 1784 meliorem
678 1759 811 1795 partem
830 1759 940 1785 terrae
960 1751 1074 1785 homi-

88 1811 151 1832 nes
169 1799 274 1833 fuisse
292 1799 528 1841 habitaturos,
555 1801 615 1845 qui
638 1803 803 1845 irrigatur
824 1803 867 1835 ab
882 1802 1075 1846 Euphrate,

89 1849 255 1892 Tigride,
286 1849 411 1895 Gange
436 1859 469 1885 et
493 1851 586 1886 Nilo.
642 1851 680 1884 Id
705 1853 861 1895 spacium
886 1864 1074 1896 propemo—

88 1902 170 1933 dum
190 1907 240 1934 est
259 1901 359 1935 tertia
377 1913 457 1945 pars
480 1902 588 1936 totius
605 1903 701 1935 orbis
726 1909 846 1936 terrae.

189 1949 282 1984 Eiici
305 1958 421 1986 autem
445 1964 485 1985 ex
507 1951 675 1986 Paradiso
698 1960 765 1994 est,
794 1966 832 1986 ex
852 1953 912 1985 illo
930 1954 1074 1987 meliore

87 2008 177 2034 statu
196 2002 292 2043 citet,
320 2009 353 2036 et
368 2003 511 2047 quidem
536 2000 666 2036 habere
681 2004 799 2037 omnia
818 2005 988 2037 elementa
1009 2005 1075 2037 mi-

87 2063 153 2084 nus
175 2052 322 2086 fot-licia.
377 2052 500 2086 Fuisse
524 2060 640 2086 autem
659 2056 774 2088 sedem
796 2055 989 2099 primorum
1011 2054 1074 2087 ho-

85 2103 222 2135 minum
256 2104 293 2135 in
325 2103 468 2146 regione
490 2104 604 2137 vicina
629 2104 799 2138 Damasco
827 2117 898 2138 non
926 2106 1074 2138 dubium

86 2160 145 2187 est.
190 2152 309 2195 Quare
326 2159 360 2187 et
374 2154 424 2187 ibi
444 2155 606 2188 conditos
625 2166 696 2188 esse
714 2157 908 2190 credamus.
950 2155 1073 2189 Postea

86 2203 298 2240 describitur
321 2206 502 2246 generatio
530 2206 663 2249 primae
689 2208 839 2245 sobolis,
867 2214 899 2240 et
917 2208 1074 2240 ostendi-

87 2261 160 2294 tur,
188 2255 302 2299 qualis
326 2256 432 2289 fuerit
458 2256 571 2299 prima
593 2254 765 2298 Ecclesia,
792 2265 825 2291 et
849 2270 938 2302 quae
954 2259 1074 2290 'certa—

85 2304 181 2337 mina
216 2305 331 2339 statim
372 2306 463 2339 inter
497 2308 621 2340 fratres
659 2315 777 2342 exorta
806 2309 886 2342 sint.
946 2307 995 2341 Ac
1023 2309 1073 2341 ibi

86 2355 272 2388 conciones
297 2355 381 2400 legis
409 2358 619 2398 recitantur,
647 2366 678 2392 et
706 2359 860 2392 sancitur
877 2359 953 2398 lex,
985 2371 1073 2403 quae

86 2403 252 2449 prohibet
276 2412 308 2439 et
332 2408 433 2450 punit
458 2405 668 2448 homicidia,
702 2416 735 2443 et
760 2421 917 2452 expresse
942 2410 1073 2443 dicitur

86 2456 129 2488 de
153 2463 302 2489 venturo
329 2457 477 2492 iudicio:
511 2456 565 2492 Si
592 2458 738 2493 bonus
767 2460 947 2507 fueris,
982 2460 1073 2493 eris

86 2510 318 2552 acceptus:
347 2506 411 2542 Sin
426 2510 560 2551 malus,
589 2518 766 2553 peccatum
786 2518 883 2544 tuum
909 2511 1074 2554 quiescet,

87 2556 198 2590 donec
216 2557 440 2593 revelabitur.
480 2558 548 2594 Hic
565 2561 797 2604 significatum
815 2569 884 2604 est,
913 2563 1071 2595 futurum

88 2618 180 2648 esse,
210 2614 249 2641 ut
272 2608 480 2654 aliquandiu
510 2611 721 2646 disserantur
749 2625 892 2657 poenae.
947 2612 1072 2654 Quan-

86 2669 192 2702 quam
226 2665 342 2693 autem
372 2659 599 2702 differantur,
636 2670 753 2698 tamen
776 2671 869 2698 certo
905 2670 1071 2697 venturas
1096 2689 1097 2693 ,

779 105 806 142 1.
848 93 1139 142 CHRONtCON
1165 101 1413 142 cAR10N1S.

2038 107 2110 144 726

1124 201 1196 224 esse
1229 190 1357 236 inquit.
1415 188 1468 224 Ac
1502 190 1610 224 verbo
1635 188 1917 238 'quiescendi
1951 189 2108 225 horribi-

1124 241 1167 274 lis
1184 242 1350 275 securitas
1367 241 1503 284 generIS
1528 238 1675 275 humani
1699 249 1812 276 taxata
1830 250 1897 284 est,
1923 254 2012 288 quae
2028 253 2107 276 coe-

1123 303 1162 324 ca
1187 298 1220 325 et
1241 292 1360 325 furens
1384 292 1577 326 contemnit
1598 293 1686 326 iram
1705 291 1791 333 Dei,
1819 294 1930 327 donec
1948 293 2106 327 sentiun-

1123 348 1182 375 tur
1208 354 1351 386 poenae.

1225 391 1348 425 Postea
1371 400 1560 427 narrantur
1580 405 1692 438 poena
1715 393 1823 436 Cain,
1858 401 1890 428 et
1913 396 2017 428 series
2041 407 2106 440 po-

1123 442 1287 475 steritatis
1307 443 1435 486 ipsius,
1463 450 1495 477 et
1519 444 1648 477 artium
1670 445 1841 479 inventio.
1893 445 2038 479 Necesse
2055 453 2107 479 est

1124 499 1158 525 et
1180 493 1266 525 anni
1291 493 1462 526 rationem
1489 495 1606 527 statim
1624 495 1728 528 initio
1746 495 1919 538 cognitam
1937 504 1970 529 et
1995 497 2106 530 tradi-

1122 549 1193 575 tam
1211 553 1301 584 esse,
1329 544 1410 588 quia
1429 545 1534 577 series
1553 556 1726 577 annornm
1743 546 1826 578 inde
1847 558 1954 590 usqne
1969 547 2012 580 ab
2037 547 2108 579 ini-

1123 593 1172 627 tio
1186 594 1322 636 generis
1342 592 1489 627 humani
1516 595 1552 627 in
1569 595 1674 627 sacris
1694 596 1794 628 libris
1814 596 2001 638 diligenter
2019 598 2106 630 reci-

1123 650 1192 677 tata
1217 651 1278 679 est.
1329 642 1376 678 Et
1400 652 1518 688 postea
1541 645 1578 678 in
1597 646 1799 678 narratione
1822 646 1949 679 diluvii
1971 658 2108 680 menses

1123 701 1366 730 numerantur.
1416 693 1480 730 Est
1504 702 1620 729 autem
1643 707 1767 739 magna
1785 708 1863 740 pars
1883 697 2046 730 scientiae
2066 698 2108 730 de

1123 745 1278 778 motibus
1311 751 1506 787 astrorum,
1539 747 1628 779 scire
1657 754 1775 780 motus
1799 747 1891 781 Solis
1917 754 1949 780 et
1976 748 2108 781 Lunae.

1124 794 1243 838 Quare
1267 796 1446 829 fatendum
1472 803 1537 837 est,
1574 803 1606 830 et
1631 794 1736 842 huius
1757 798 1938 831 doctrinae
1964 798 2067 831 initia
2089 810 2110 831 a

1124 846 1248 890 primis
1271 848 1476 890 parentibus
1498 848 1626 881 tradita
1659 860 1744 881 esse.
1796 847 1843 882 Et
1878 861 1956 882 cum
1992 847 2109 882 Adam

1124 903 1204 930 ante
1226 897 1363 940 lapsum
1390 898 1561 940 aspiciens
1578 904 1689 932 totum
1719 899 1806 932 coeli
1828 906 1860 932 et
1877 906 1988 932 terrae
2007 898 2110 943 opifi-

1124 947 1237 987 cium,
1267 947 1379 980 multa
1404 948 1633 988 intellexerit,
1673 961 1762 992 quae
1794 956 1910 993 postea
1947 948 2110 982 homines

1124 997 1197 1030 acie
1212 997 1340 1029 mentis
1362 1004 1544 1040 penetrare
1569 1009 1640 1030 non
1659 1006 1840 1040 poteraut,
1868 1012 1941 1032 non
1960 1001 2110 1032 dubium

1126 1054 1186 1087 est,
1213 1058 1292 1080 eum
1307 1047 1441 1080 semina
1459 1048 1701 1081 doctrinarum
1718 1049 1760 1081 de
1770 1047 1857 1089 Deo,
1885 1051 1926 1082 de
1937 1050 2023 1082 coeli
2036 1062 2112 1081 mo-

1125 1097 1238 1136 tibus,
1265 1103 1298 1129 et
1314 1097 1356 1129 de
1373 1098 1477 1130 rebus
1495 1098 1720 1131 nascentibus
1742 1099 1927 1132 tradidisse
1952 1100 2111 1143 posteris.

1225 1146 1458 1194 Longaevitas
1482 1148 1585 1182 etiam
1606 1154 1745 1191 patrum
1764 1149 1903 1192 signum
1921 1157 1988 1190 est,
2016 1151 2112 1195 quod

1126 1197 1300 1237 ostendit,
1328 1198 1525 1231 doctrinam
1543 1199 1587 1232 ab
1604 1199 1652 1232 eis
1669 1207 1894 1243 propagatam
1910 1213 1991 1234 esse.
2028 1200 2111 1233 Ideo

1126 1248 1221 1281 enim
1249 1248 1355 1291 longa
1380 1249 1472 1282 vitae
1495 1249 1607 1292 spacia
1625 1250 1746 1282 multis
1767 1262 1927 1284 concessa
1947 1258 2048 1291 sunt,
2074 1258 2113 1284 ut

1126 1304 1239 1331 essent
1257 1304 1359 1332 testes
1385 1300 1428 1331 de
1445 1300 1623 1333 continuis
1644 1300 1938 1343 patefactionibus
1955 1300 2042 1343 Dei,
2069 1303 2113 1333 de

1126 1349 1258 1389 forma,
1286 1349 1492 1382 collectione
1510 1357 1542 1383 et
1557 1350 1761 1383 defensione
1778 1349 1974 1393 Ecclesiae,
2002 1358 2034 1384 et
2060 1359 2112 1385 to-

1127 1399 1196 1433 tius
1212 1400 1393 1433 doctrinae
1413 1400 1656 1437 illustratores.

1230 1448 1336 1483 lnitio
1367 1457 1400 1484 et
1430 1452 1556 1493 figuras
1588 1452 1770 1486 literarum
1804 1452 2012 1495 excogitatas
2040 1464 2112 1486 esse

1127 1511 1265 1532 necesse
1289 1507 1350 1533 est.
1403 1501 1496 1543 Quia
1524 1509 1561 1535 ut
1584 1509 1722 1546 patrum
1748 1504 1854 1536 series
1874 1510 2115 1543 annotaretur,

1127 1562 1215 1594 opus
1236 1551 1303 1583 suit
1329 1551 1451 1585 literis.
1507 1550 1554 1585 Et
1584 1553 1711 1586 citatur
1741 1551 1927 1598 prophetia
1950 1551 2113 1594 Ilenoch,

1127 1612 1231 1645 quam
1251 1608 1414 1644 scriptam
1432 1613 1505 1634 esse
1523 1610 1795 1636 consentaneum
1816 1612 1876 1637 est.

1227 1651 1279 1684 Ac
1303 1653 1472 1684 memoria
1500 1654 1646 1695 dignum
1677 1660 1743 1694 est,
1771 1656 1865 1699 quod
1883 1663 2015 1689 veteres
2034 1655 2115 1698 qui-

1128 1701 1208 1733 dam
1225 1707 1382 1745 tempora
1400 1705 1525 1734 mnndi
1543 1704 1591 1736 sic
1611 1705 1878 1740 distribuerunt.
1929 1704 1975 1738 [t
1994 1706 2027 1737 in
2050 1704 2115 1737 ho-

1128 1751 1222 1783 mine
1242 1752 1447 1795 praecipuae
1465 1753 1555 1785 vires
1572 1762 1652 1787 sunt
1679 1752 1922 1801 ]Ῑγεμοιίκὸν,
1950 1754 2115 1798 &numer

1129 1808 1162 1834 et
1196 1800 1484 1846 ἐπιθυλιιητικὸν,
1511 1804 1557 1836 ita
1576 1805 1698 1837 dicunt
1718 1806 1820 1838 initio
1842 1807 1876 1838 in
1906 1818 2030 1848 genere
2050 1804 2117 1838 hu-

1130 1863 1233 1884 mano
1252 1854 1438 1896 praecipue
1454 1865 1612 1896 regnasse
1624 1853 1856 1902 ⁷i5‘¹‘1¹‘⁰¹'¹⁷·‘3*''⁹
1880 1858 1913 1889 id
1926 1863 1989 1896 est,
2004 1857 2117 1889 excel-

1130 1902 1236 1934 luisse
1252 1903 1460 1945 sapientiam
1485 1917 1564 1937 cum
1583 1913 1673 1938 artes
1694 1906 1856 1939 inventae
1876 1914 1976 1946 sunt,
2005 1914 2035 1939 et
2053 1919 2117 1947 gu-

1129 1952 1290 1985 bernatio
1328 1951 1443 1986 adhuc
1476 1961 1618 1997 paterna
1659 1956 1744 1996 suit,
1782 1958 1885 2000 plena
1916 1957 2118 2000 sapientiae,

1130 2003 1287 2036 iusticiae
1313 2009 1345 2036 et
1371 2005 1579 2039 autoritatis,

1230 2052 1392 2086 Secunda
1411 2061 1504 2087 aetas
1529 2056 1596 2089 suit
1615 2055 1778 2102 ¹91¹.¹“²']'5
1809 2058 1843 2089 in
1863 2070 1931 2102 qua
1953 2059 2117 2091 excelluit

1128 2104 1300 2137 fortitudo
1318 2105 1354 2136 in
1372 2105 1492 2144 bellis,
1522 2113 1554 2139 et
1573 2107 1719 2150 imperia
1738 2108 1927 2142 constituta
1945 2116 2038 2144 sunt.
2076 2109 2116 2142 lu

1128 2152 1191 2188 hac
1223 2162 1332 2189 aetate
1355 2156 1568 2199 complector
1598 2165 1749 2202 quatuor
1781 2158 2024 2197 monarchias,
2058 2161 2118 2198 sic,

1127 2212 1165 2238 ut
1183 2205 1324 2239 initium
1342 2207 1385 2239 sit
1402 2218 1420 2239 a
1438 2206 1603 2240 Nimroth
1616 2235 1624 2247 ‚
1652 2220 1763 2253 usque
1783 2210 1824 2241 ad
1845 2208 1975 2242 lulium
1991 2210 2117 2243 Caesa-

1127 2269 1219 2294 rem,
1243 2263 1319 2300 post
1336 2269 1439 2301 quem
1457 2265 1572 2291 secuta
1589 2266 1638 2292 cst
1657 2267 1816 2293 senectus
1835 2258 2021 2294 hominnm
2039 2262 2117 2294 lan-

1126 2307 1229 2350 guida
1249 2314 1280 2340 et
1297 2308 1413 2342 dedita
1434 2308 1688 2351 voluptatibus.
1745 2309 1785 2342 ln
1812 2307 1876 2343 hac
1902 2319 2023 2354 regnat
2043 2311 2115 2345 ἐπι--

1127 2355 1351 2402 ι’)»ιῃαητικὸικ
1412 2357 1488 2391 Etsi
1523 2359 1617 2391 enim
1649 2367 1681 2393 ct
1711 2360 1745 2393 in
1776 2367 1950 2404 postrema
1979 2370 2117 2396 senecta

1124 2410 1276 2442 multum
1306 2416 1354 2442 est
1378 2410 1572 2447 bellorum,
1601 2416 1717 2443 tamen
1744 2422 1814 2444 non
1844 2413 1979 2454 geritur
1998 2425 2050 2447 res
2069 2414 2117 2446 si-

1124 2460 1201 2492 mili
1220 2460 1338 2502 vigore
1357 2460 1558 2492 animorum
1578 2467 1609 2494 et
1630 2461 1762 2496 labore.
1816 2462 2008 2497 Tumultus
2031 2465 2117 2497 assi·

1124 2511 1184 2543 dni
1207 2517 1309 2549 sunt,
1345 2511 1474 2554 quibus
1498 2510 1584 2544 liunt
1616 2513 1850 2554 vastationes,
1885 2526 1958 2547 non
1984 2515 2116 2547 consti—

1124 2567 1273 2594 tuuntur
1290 2572 1352 2593 nec
1373 2568 1546 2595 ornantur
1566 2562 1724 2606 imperia.
1779 2563 1828 2597 lta
1850 2565 2019 2608 paulatim
2041 2566 2115 2597 lan-

1122 2611 1263 2654 guefieri
1302 2618 1466 2645 naturam
1500 2612 1778 2655 consideremus,
1829 2623 1861 2648 ct
1907 2616 2116 2658 cogitemus.

1122 2663 1233 2696 multa
1265 2662 1389 2696 deliria
1422 2664 1457 2695 in
1484 2660 1641 2698 Ecclesia
1668 2671 1702 2699 et
1738 2665 1898 2709 imperiis
1926 2673 2116 2710 sequutura
