2324 2955
106 127 178 163 605

106 224 159 246 res
177 211 249 255 ipsa
268 208 431 243 ostendit.
481 205 529 241 Et
545 206 678 240 dictum
697 213 764 241 est:
792 206 898 241 Fides
911 218 951 240 ex
966 206 1090 240 auditu
1115 206 1118 248 ξ

106 270 157 297 est
171 269 235 295 etc.
252 272 290 294 ac
310 259 490 293 docendae
508 265 592 292 sunt
609 264 756 298 mentem,
781 265 820 293 ut
837 259 943 292 verbo
960 257 1091 302 scripto
1116 252 1118 308 ᾗ

104 313 358 350 adsentiantur,
375 321 438 343 nec
455 309 530 342 sine
547 309 656 342 verbo
672 309 802 353 scripto
821 316 992 355 quaerant
1009 309 1094 342 alias

106 363 400 398 illuminationes,
429 367 468 394 ut
485 357 750 401 Enthusiastae,
779 367 811 394 et
829 360 933 395 multi
951 359 1094 400 similes,
1116 384 1119 389 .

106 422 137 449 et
161 425 279 449 recens
296 411 549 456 Anabaptistae
572 410 809 447 somniarunt.

204 472 264 507 20.
307 469 415 504 Multi
442 477 525 504 sunt
548 467 746 515 labyrinthi
773 470 811 503 in
838 468 1093 504 Stenckefeldii
1117 471 1119 497 ὶ

105 523 260 568 scriptis,
294 521 343 556 ait
367 522 486 555 Deum
515 533 550 554 se
573 533 647 554 non
672 521 755 554 dare
781 533 843 565 per
866 521 1033 561 verbum,
1060 526 1094 553 et

104 582 222 609 tamen
247 573 295 607 ait
319 584 381 617 per
407 572 588 605 ministros
610 570 798 614 Evangelii
824 573 900 605 dari
919 571 1092 615 Spiritum

104 632 283 666 sanctum,
327 623 356 656 si
388 629 504 656 tamen
549 622 617 666 ipsi
652 619 830 657 habebant
864 612 1119 669 Spiritum⁴

105 683 277 711 sanctum.
319 672 366 707 Et
383 674 432 708 ait
450 674 638 707 conciones
655 673 817 716 aliorum,
847 675 907 720 qui
924 684 995 706 non
1013 678 1094 705 sunt

103 727 236 767 sancti,
256 725 359 759 utiles
378 735 463 760 esse.
517 723 612 758 Haec
636 724 846 759 donatistica
873 725 977 758 etiam
996 722 1093 756 reiici

104 789 243 813 necesse
260 784 318 811 est.

206 838 267 871 21.
303 834 428 868 Toties
452 835 639 869 contendit
661 841 825 869 naturam
846 830 1036 866 humanam
1055 832 1093 863 in

103 885 247 923 Christo
268 898 341 920 non
361 897 435 919 esse
452 893 649 920 creaturam
668 892 786 929 postea
805 884 905 917 addit
920 883 1094 927 interpre-

103 939 293 978 tationem,
321 949 356 971 se
372 937 472 983 loqui
490 938 533 970 de
549 936 804 979 glorificatione
822 941 978 969 naturae.
1020 932 1093 966 Nos
1118 969 1119 974 ¹

103 990 253 1024 dicimus
271 996 433 1023 naturam
451 985 644 1021 humanam
660 998 734 1019 non
747 985 910 1019 amissam
929 996 1002 1018 esse
1017 984 1095 1027 glo-

103 1041 318 1079 rificatione,
343 1050 547 1084 quanquam
564 1037 705 1071 accessit
723 1036 896 1070 excellens
917 1043 950 1070 et
966 1035 1093 1068 ineffa-

102 1091 186 1126 bilis
215 1090 345 1135 gloria,
383 1089 648 1129 immortalitas,
685 1094 891 1132 conspectus
925 1086 1094 1120 essentiae
1116 1076 1120 1109 l

104 1142 248 1176 divinae
281 1148 315 1174 et
347 1140 480 1173 laetitia
511 1151 682 1184 superans
718 1138 880 1172 omnium
911 1139 1092 1171 beatorum

103 1195 218 1234 dona,
250 1191 538 1236 lmpassibilitas‚
573 1190 739 1233 Regnum
768 1196 802 1223 et
829 1188 1094 1223 Sacerdotium,

103 1244 186 1289 quia
205 1241 290 1277 haec
306 1254 468 1287 persona,
485 1253 573 1287 quae
589 1249 640 1275 est
655 1240 749 1274 Deus
766 1247 799 1274 et
818 1237 939 1281 homo,
958 1239 1094 1282 colligit

103 1293 318 1334 Ecclesiam,
345 1293 503 1326 defendit
526 1299 561 1325 et
585 1298 719 1333 servat,
749 1300 782 1325 et
807 1303 872 1334 pro
895 1303 934 1324 ea
959 1301 1095 1333 semper

107 1345 310 1384 intercedit,
337 1342 484 1387 depellit
503 1340 675 1375 Diabolos
699 1348 734 1375 et
759 1341 892 1375 iudicat
909 1342 1095 1381 mundum,

107 1407 220 1442 neque
238 1402 355 1428 tamen
373 1393 532 1426 facienda
551 1399 602 1426 est
617 1391 777 1425 confusio
796 1398 1014 1432 naturarum,
1031 1403 1093 1423 ne-

105 1458 173 1491 que
187 1446 322 1479 abiecto
347 1444 492 1478 alterius
516 1450 673 1477 naturae.

185 1505 274 1539 ,22.
320 1501 430 1538 Recte
467 1504 568 1535 docet
599 1501 766 1546 synodus
790 1498 989 1544 Ephesina,
1022 1511 1093 1533 una

103 1555 222 1591 Latria
250 1554 410 1587 invocari
435 1552 621 1586 dominum
655 1558 816 1585 nostrum
845 1551 960 1584 lesum
985 1548 1092 1584 Chri-

103 1615 194 1642 stum
212 1604 327 1639 Deum
350 1611 383 1638 et
407 1601 610 1643 hominem,
637 1603 697 1647 qui
723 1603 869 1636 adsidue
887 1614 949 1646 pro
968 1601 1093 1635 Eccle-

105 1660 154 1692 sia
178 1655 384 1696 intercedit,
411 1662 445 1689 et
471 1666 545 1687 eam
571 1654 723 1697 colligit,
757 1654 930 1698 protegit,
965 1660 1092 1693 servat,

105 1717 138 1743 et
157 1706 322 1742 salvabit.

207 1766 267 1800 23.
310 1761 557 1809 Reprehendit
584 1763 848 1797 Stenkefeldius
875 1770 908 1797 et
944 1761 1011 1796 hoc
1037 1763 1092 1796 di-

105 1826 199 1853 ctum
215 1817 253 1850 in
272 1814 439 1850 Ecclesiis
455 1814 597 1854 nostris,
619 1816 714 1859 quod
732 1814 951 1858 impossibile
967 1815 1010 1848 sit
1027 1812 1093 1847 ho-

105 1869 218 1902 mines
242 1868 279 1901 in
305 1865 372 1901 hac
394 1867 465 1901 vita
498 1866 659 1906 mortali,
694 1866 761 1909 legi
788 1866 851 1899 Dei
883 1865 1091 1899 satisfacere.

105 1919 182 1954 Hoc
216 1920 350 1953 dictum
383 1928 542 1962 expresse
573 1917 742 1950 traditum
780 1923 829 1950 est
862 1915 967 1951 Rom.
996 1916 1031 1950 8.
1060 1921 1119 1958 et}

106 1972 143 2004 in
173 1971 294 2005 multis
316 1970 395 2003 aliis
419 1968 624 2008 sententiis,
651 1976 684 2003 et
707 1974 812 2002 notae
834 1975 917 2002 sunt
939 1968 1093 2011 explica-

104 2021 257 2055 tissimae
291 2027 323 2054 et
355 2020 580 2065 planissimae
609 2019 854 2054 distinctiones
878 2025 1017 2052 nostrae
1049 2020 1092 2051 de

106 2073 192 2117 lege.
245 2071 325 2106 Non
341 2071 463 2105 ‚renati
490 2077 638 2114 possunt
669 2071 789 2115 aliquo
816 2071 925 2102 modo
951 2076 1091 2103 externa

741 120 1003 156 PHILIPPI
1045 118 1492 158 MELANTHONIS.

107 2124 191 2168 legis
217 2135 323 2167 opera
344 2123 468 2156 facere.
525 2120 564 2154 ln
583 2122 714 2155 renatis
741 2133 823 2154 vero
851 2127 901 2154 est
927 2118 1091 2154 inchoata

104 2174 307 2209 obedientia
338 2174 442 2207 etiam
472 2172 630 2206 interior.
684 2171 752 2206 Sed
783 2184 1006 2217 nequaquam
1043 2176 1120 2220 estl

105 2226 255 2270 perfecta
282 2225 367 2268 legis
392 2224 563 2268 impletio.
617 2222 701 2256 ldeo
720 2223 850 2256 dicitur
875 2223 913 2256 iu
930 2222 1091 2257 Psalmo:
1117 2221 1120 2254 l

107 2276 186 2310 Non
207 2275 454 2310 iustificabitur
473 2275 508 2307 in
529 2281 716 2318 conspectu
739 2280 800 2307 tuo
826 2274 942 2308 omnis
959 2274 1092 2309 vivens.
1118 2280 1119 2313 ζ

207 2343 268 2378 24.
294 2342 461 2378 Cumulat
477 2349 510 2376 et
526 2342 593 2375 alia
615 2342 701 2375 salsa
717 2342 864 2376 crimina
881 2342 1005 2384 multa,
1032 2344 1091 2377 sed
1117 2345 1119 2384 J

107 2394 289 2429 manifesta
316 2394 492 2427 calumnia
518 2401 584 2434 est,
626 2394 721 2439 quod
745 2393 975 2434 vociferatur,
1018 2407 1090 2428 non
1117 2396 1119 2430 l

107 2445 224 2480 doceri
252 2445 447 2478 doctrinam
472 2446 516 2478 de
542 2457 633 2478 nova
659 2444 861 2478 obedientia
893 2445 928 2478 in
963 2446 1091 2479 nostris
1116 2437 1119 2475 ἶ

106 2495 284 2531 Ecclesiis.
340 2496 512 2530 Dissentit
531 2503 647 2530 autem
665 2497 708 2529 de
727 2495 985 2538 iustificatione,
1010 2497 1092 2542 quia
1116 2486 1119 2511 ἦ

106 2548 289 2582 contendit
307 2544 470 2579 homines
487 2547 595 2581 iustos
613 2559 685 2581 esse
702 2554 844 2592 propter
862 2558 988 2580 novam
1006 2548 1091 2581 obe·
1116 2580 1118 2597 ,

105 2598 288 2637 dientiam,
316 2610 405 2643 quac
424 2598 459 2630 in
477 2598 524 2631 eis
542 2596 741 2638 inchoatur,
771 2599 824 2632 cui
845 2598 970 2632 tribuit
986 2599 1088 2632 etiam
1116 2602 1117 2628 l

105 2647 286 2684 Osiander
311 2661 439 2682 nomen
465 2648 620 2683 iusticiae
643 2650 838 2685 essentialis
866 2657 897 2683 et
923 2649 1010 2683 alias
1027 2661 1090 2683 en-
1114 2647 1117 2688 Ξ

105 2698 325 2735 thusiasticas
341 2699 606 2745 adpellationes.
1113 2689 1116 2737 l

2063 123 2134 156 606

1243 206 1305 244 25.
1340 206 1415 242 Etsi
1438 215 1553 241 autem
1574 208 1635 242 illa
1653 208 1803 241 fanatica
1821 208 2132 253 grandiloquentia

1142 258 1261 291 turbat
1278 259 1430 301 multos,
1455 266 1571 292 tamen
1590 260 1738 293 sciamus
1761 259 1843 293 talia
1871 271 2008 303 semper
2027 259 2133 291 fuisse

1116 315 1119 356 j
1143 315 1176 341 et
1201 309 1276 342 fore
1300 309 1335 341 in
1362 307 1518 342 Ecclesia
1544 310 1754 348 certamina,
1794 317 1827 343 et
1852 322 1917 343 nos
1943 310 2135 354 perspicuis

1143 360 1355 393 testimoniis
1379 359 1592 404 propheticis
1619 368 1650 394 et
1684 361 1884 404 apostolicis
1917 361 2132 398 muniamus,

1116 429 1120 452 1
1144 411 1232 444 sicut
1251 412 1419 455 scriptum
1441 419 1507 444 est:
1536 411 1692 444 Lucerna
1709 412 1857 455 pedibus
1875 412 1961 444 meis
1985 413 2132 444 verbum

1142 469 1255 496 tuum.
1309 462 1447 497 Deinde
1470 462 1678 506 aspiciamus
1706 474 1771 494 nos
1802 474 1960 507 quoque,
1987 463 2071 506 quid
2099 462 2135 493 in

1143 524 1224 545 vera
1250 512 1472 546 invocatione
1495 521 1527 547 et
1551 513 1588 545 in
1614 512 1854 546 consolatione
1883 514 1954 546 fiat.
2025 514 2135 555 Saepe

1144 563 1277 597 iactitat
1294 563 1556 597 Stenckseldius
1572 575 1653 597 suos
1674 561 1960 596 Enthusiasmos.
1988 562 2054 595 His
2073 575 2135 606 op-

1145 626 1317 658 ponamus
1336 627 1437 648 veros
1454 615 1593 648 dolores
1609 614 1646 646 in
1671 614 1902 647 conversione
1926 626 1984 646 seu
2013 614 2136 656 poeui-

1144 666 1264 706 tentia,
1291 673 1326 700 et
1343 678 1441 699 veras
1457 665 1727 704 consolationes,
1755 676 1844 709 quae
1860 665 1949 697 fiunt
1965 664 2043 696 fide.
2089 662 2136 696 lli

1144 723 1259 750 motus
1289 717 1365 750 noti
1393 724 1474 750 sunt
1498 716 1664 749 omnibus
1690 715 1774 760 piis,
1810 722 1842 749 et
1868 715 2070 749 concionari
2095 716 2137 746 de

1143 767 1192 800 eis
1211 779 1331 800 vocem
1351 768 1508 801 divinam
1525 767 1749 800 manifestum
1768 773 1829 800 est.

1247 834 1307 869 26.
1358 834 1590 880 ’Nequaquam
1626 834 1749 867 dicunt
1784 831 1962 867 Ecclesiae
1998 840 2138 866 nostrae

1144 888 1254 921 iustos
1284 898 1357 919 esse
1388 898 1467 926 eos,
1510 886 1571 931 qui
1606 885 1717 919 securi
1747 891 1779 919 et
1810 885 1886 918 sine
1919 884 2138 926 poenitentia

1145 939 1288 977 vivunt,
1317 937 1406 970 ebrii
1431 937 1670 980 voluptatibus
1691 943 1750 968 aut
1775 935 1934 968 fascinati
1960 932 2136 979 hypocrisi

1145 996 1175 1022 et
1192 988 1391 1028 erroribus,
1418 995 1476 1020 ant
1498 987 1721 1029 indulgentes
1744 986 1998 1029 cupiditatibus
2016 992 2138 1018 contra

1144 1039 1406 1074 conscientiam.
1476 1038 1543 1071 Sed
1573 1037 1800 1069 adfirmamus
1833 1036 1869 1068 in
1902 1048 1986 1068 voce
2016 1035 2138 1068 divina

1145 1090 1365 1123 severissima
1390 1089 1544 1133 praecipi
1569 1087 1836 1121 couversionem
1865 1098 1925 1119 seu
1952 1086 2138 1129 poeniteu-

1145 1142 1250 1182 tiam,
1275 1148 1307 1174 et
1324 1141 1453 1174 scimus
1472 1140 1509 1172 in
1526 1139 1756 1172 conversione
1781 1149 1882 1171 veros
1905 1137 2043 1170 dolores
2067 1149 2138 1170 esse

1145 1200 1328 1236 oportere,
1355 1199 1392 1225 ut
1419 1191 1456 1223 in
1475 1189 1548 1224 loe'l
1571 1190 1741 1234 scriptum
1760 1196 1826 1223 est:
1856 1187 2015 1222 Scindite
2034 1191 2138 1221 corda

1145 1250 1277 1284 vestra,
1316 1249 1349 1276 et
1373 1241 1625 1276 convertimini
1649 1242 1690 1274 ad
1719 1239 1913 1273 Dominum
1938 1238 2051 1272 Deum
2081 1252 2140 1272 ve-

1146 1301 1270 1328 strum.
1331 1292 1437 1326 Item:
1468 1292 1624 1336 Spiritus
1649 1291 1763 1333 arguit
1787 1291 1961 1323 mundum
1988 1291 2031 1322 de
2057 1302 2138 1333 pec-

1145 1352 1242 1385 cato,
1269 1345 1363 1388 quod
1384 1355 1457 1376 non
1474 1344 1621 1376 credunt
1640 1342 1676 1374 in
1695 1354 1762 1377 me.
1816 1339 2025 1373 Horrendae
2042 1348 2139 1373 tene-

1146 1397 1229 1428 brae
1253 1394 1389 1427 suntin
1413 1405 1539 1435 genere
1563 1391 1740 1430 humano,
1768 1391 1918 1424 retinere
1936 1392 2051 1431 idola,
2079 1399 2139 1425 aut

1145 1445 1324 1488 epicureas
1356 1444 1561 1487 opiniones,
1600 1451 1633 1477 et
1665 1454 1737 1475 non
1766 1443 1854 1474 velle
1881 1442 2002 1475 audire
2027 1442 2139 1476 filIum

1145 1495 1210 1529 Dei
1247 1502 1311 1528 etc.
1377 1492 1502 1527 Esaiae
1532 1493 1677 1527 ultimo:
1732 1492 1787 1525 Ad
1814 1504 1920 1537 quem
1946 1494 2141 1536 respiciam,

1145 1545 1213 1580 nisi
1240 1546 1283 1578 ad
1309 1545 1500 1578 contritum
1528 1544 1656 1588 spiritu
1681 1550 1713 1577 et
1736 1549 1944 1576 trementem
1963 1554 2140 1576 sermones

1146 1608 1253 1631 meos.

1247 1663 1307 1697 27.
1342 1662 1448 1696 Tales
1471 1663 1506 1695 in
1526 1662 1654 1708 quibus
1673 1668 1754 1695 suut
1774 1661 1873 1695 initia
1893 1662 2142 1705 poenitentiae,

1145 1715 1382 1748 iustificantur
1405 1714 1478 1748 sola
1504 1714 1570 1746 fide
1595 1714 1630 1746 in
1648 1711 1852 1753 Christum,
1885 1713 1919 1745 id
1947 1720 2016 1749 est,
2050 1713 2140 1746 acci-

1146 1766 1247 1810 piunt
1263 1766 1507 1798 remissionem
1526 1771 1748 1809 peccatorum
1765 1771 1795 1796 et
1814 1763 2140 1796 reconciliationem

1145 1828 1206 1850 seu
1241 1817 1510 1860 imputationem
1544 1815 1719 1855 iusticiae,
1760 1822 1792 1849 et
1827 1814 2051 1848 vivificantur
2080 1827 2141 1859 per

1145 1868 1256 1900 filium
1282 1866 1367 1907 Dei,
1401 1874 1434 1901 et
1458 1868 1639 1900 donantur
1665 1865 1802 1910 Spiritu
1827 1872 1964 1904 sancto,
1993 1873 2025 1899 et
2051 1866 2140 1899 fiunt

1146 1916 1314 1951 haeredes
1335 1918 1427 1951 vitae
1444 1924 1605 1951 aeternae
1629 1916 1734 1960 gratis
1759 1924 1903 1960 propter
1928 1916 2039 1949 filium
2060 1915 2139 1955 Dei,

1147 1981 1218 2003 non
1234 1976 1378 2013 propter
1395 1968 1573 2013 propriam
1592 1967 1811 2011 dignitatem.

1252 2037 1313 2072 28.
1348 2035 1423 2070 Hac
1441 2037 1508 2069 fide
1527 2036 1562 2068 in
1582 2042 1698 2069 mente
1717 2041 1926 2078 agnoscente
1945 2035 2055 2067 filium
2073 2032 2140 2067 Dei

1146 2088 1423 2121 miscricordiam
1457 2087 1665 2132 promissam
1692 2093 1836 2130 propter
1864 2085 1978 2130 ipsum
2006 2084 2139 2118 accedit

1147 2151 1207 2172 cor
1235 2140 1276 2173 ad
1302 2138 1438 2178 Deum,
1480 2145 1513 2172 et
1544 2138 1732 2184 acquiescit
1757 2149 1795 2170 ac
1820 2136 1969 2170 laetatur
1993 2136 2027 2168 in
2052 2134 2140 2170 Deo.

1145 2190 1234 2224 sicut
1266 2190 1436 2235 scriptum
1468 2197 1519 2223 est
1543 2188 1648 2223 Rom.
1678 2200 1752 2232 cap.
1769 2186 1821 2221 5.:
1860 2186 2040 2220 Iustilicati
2073 2186 2139 2219 tide

1117 2268 1119 2276 ⁴
1146 2253 1265 2285 pacem
1290 2238 1460 2275 habemus
1484 2241 1577 2285 apud
1596 2238 1731 2278 Deum,
1765 2250 1825 2282 per
1844 2237 2038 2271 Dominum
2071 2249 2135 2269 no-

1118 2326 1119 2336 ,
1145 2299 1257 2326 strum
1274 2291 1389 2326 Iesum
1406 2289 1607 2329 Christum,
1635 2301 1696 2334 per
1711 2301 1815 2334 quem
1837 2300 2011 2322 accessum
2030 2286 2139 2321 habe-

1146 2354 1223 2377 mus
1255 2343 1322 2376 fide
1353 2343 1390 2376 in
1419 2343 1568 2386 gratiam
1603 2338 1705 2375 hanc.
1767 2338 1813 2374 Et
1836 2337 1965 2384 Ephes.
1986 2339 2034 2372 3.:
2074 2338 2140 2372 Per

1145 2406 1249 2440 quem
1282 2395 1453 2428 audemus
1483 2393 1646 2426 accedere
1673 2391 1907 2431 confidenter,
1952 2403 2011 2433 per
2036 2391 2139 2423 tidem

1145 2446 1229 2480 eius.
1284 2444 1381 2478 ldem
1406 2455 1548 2489 prorsus
1568 2444 1692 2476 docent
1712 2439 1910 2486 Prophetae
1930 2440 2070 2474 Psalmo
2089 2441 2137 2474 6.;

1145 2495 1275 2530 Anima
1312 2508 1386 2528 mea
1419 2496 1558 2530 turbata
1594 2501 1645 2528 est
1677 2493 1789 2526 valde.
1851 2491 1897 2526 Et
1923 2500 1959 2525 tu
1985 2491 2138 2525 Domine

1144 2546 1355 2592 usquequo?
1389 2546 1534 2580 Salvum
1558 2557 1611 2577 me
1630 2545 1681 2577 sac
1699 2550 1842 2588 propter
1859 2544 2137 2576 miseriem-dian]

1144 2605 1252 2632 tuam.
1317 2596 1361 2631 Et
1387 2596 1512 2631 Daniel
1548 2596 1679 2642 iuquit:
1720 2595 1800 2628 Non
1834 2595 1868 2627 in
1906 2595 2040 2627 iusticia
2074 2606 2137 2625 nu-

1143 2656 1230 2689 stra,
1257 2648 1318 2681 sed
1338 2648 1579 2682 misericordia
1607 2654 1663 2681 tua
1691 2655 1833 2692 proptor
1857 2645 2052 2680 Dominum
2082 2656 2136 2675 ex-

1142 2700 1224 2734 audi
1243 2710 1317 2733 nos.
