2324 2955
205 120 278 156 203

616 107 772 145 DECL.
814 101 887 139 DE
919 101 1291 139 PONTIFICUM
1327 101 1667 140 AMBITIONE
1702 115 1782 142 E'rc,

2145 106 2218 142 204

206 200 290 237 cbos
322 202 409 234 iuste
441 198 610 234 odissent,
646 191 873 224 intuebantur
907 188 1004 220 illam
1034 194 1183 222 veterem
1207 190 1210 229 Ι
1234 188 1412 228 Christus,
1448 189 1716 223 similitudinem
1747 190 1976 234 imperiorum
2007 202 2066 224 seu
2090 191 2218 234 gradus

206 264 319 286 arcem
342 251 510 285 Romam,
538 250 569 276 et
594 240 778 275 autoritate
797 238 1006 272 Pontificum
1032 238 1186 283 peregri-

207 314 272 335 nos
289 311 382 342 reges
400 298 534 341 placare
552 293 749 326 studebant.

307 356 434 390 Facilis
458 360 507 387 est
531 359 645 385 autem
671 357 703 383 et
727 349 907 392 perspicua
932 346 1094 380 refutatio
1114 345 1186 377 eius

208 406 400 445 mendacii,
422 404 514 448 quod
533 402 694 436 Romano
712 399 874 431 Pontifici
900 397 1044 440 imperia
1063 395 1186 428 mundi

208 457 342 491 tribuit.
392 453 437 487 Et
456 459 569 486 extant
588 463 624 484 ea
642 452 684 482 de
701 461 737 482 re
754 448 879 491 scripta
897 454 1050 490 tempore
1067 445 1187 478 Ludo-

208 507 277 540 vici
292 505 419 538 Bavari
437 516 454 536 a
473 502 593 536 multis
610 501 718 539 edita,
743 499 878 541 fuitque
895 496 1076 538 diligentia
1095 501 1186 527 tanta

210 558 247 589 in
265 554 416 592 Occam,
441 560 480 586 ut
503 561 703 597 quanquam
729 559 868 591 graecae
892 547 1030 589 linguae
1048 547 1188 587 ignarus

210 606 294 646 suit,
320 612 437 638 tamen
463 602 648 645 sumpserit
670 612 688 632 a
715 598 824 631 doctis
843 608 962 638 graeca
979 595 1188 629 testimonia.

211 655 349 690 Recitat
371 654 463 686 enim
486 654 529 685 ad
550 652 693 683 verbum
712 647 917 681 sententiam
937 644 1189 690 Chrysostomi,

212 717 300 750 quae
323 711 413 737 recte
437 701 604 735 discernit
626 700 753 742 regiam
778 703 999 741 potestatem,
1033 701 1064 727 et
1084 694 1190 725 mini-

212 755 357 788 sterium
375 751 576 794 Evangelii,
605 751 697 794 quod
723 748 770 780 ait
791 746 1023 779 ministerium
1039 756 1110 777 esse
1127 745 1192 776 do-

212 805 314 838 cendi
337 803 530 835 doctrinam
555 813 572 833 a
587 799 662 832 Deo
684 798 863 835 traditam,
890 796 963 828 sine
980 795 1103 833 armis,
1129 805 1191 825 nec

212 865 284 887 esse
308 858 510 897 potestatem
533 850 694 893 cuiquam
721 847 826 880 dandi
849 853 908 878 aut
932 844 1102 888 eripiendi
1127 844 1192 875 im-

212 904 326 948 peria,
366 908 425 934 aut
456 899 630 933 condendi
659 899 748 940 leges
776 898 818 928 de
851 896 991 939 politica
1022 895 1193 937 guberna—

213 954 323 987 tione.
376 951 458 985 Sint
485 949 640 982 distincti
671 948 813 989 gradus,
847 952 886 978 ut
916 945 1003 978 dixit
1029 945 1071 976 ad
1097 943 1192 976 Con-

213 1003 380 1037 stantium
405 1000 653 1043 Imperatorem
678 998 713 1029 in
741 996 885 1041 Synodo
907 995 1102 1028 Leontinus
1125 994 1195 1038 Ly-

214 1055 339 1086 dorum
363 1049 571 1094 Episcopus:
608 1047 710 1093 t‘rsgm
733 1045 867 1080 διέπειν
890 1042 1041 1088 ταχθεὶς
1064 1042 1196 1088 ἑτέροις

215 1101 409 1146 ἐπιχειρεῖς.

316 1158 548 1202 Explodenda
569 1162 650 1189 sunt
674 1155 779 1197 igitur
795 1153 969 1186 Bonisacii
994 1151 1196 1184 constitutio

216 1218 249 1244 et
279 1210 446 1243 similium
479 1218 650 1248 nugarum
684 1210 897 1245 commenta,
939 1214 1025 1246 quae
1055 1212 1197 1233 monar-

216 1260 330 1295 chiam
348 1258 525 1302 politicam
542 1256 704 1289 Romano
720 1253 895 1296 Episcopo
914 1253 1087 1285 tribuunt.

319 1316 425 1357 Quod
443 1325 524 1346 vero
544 1313 578 1344 id
596 1311 803 1343 confirmant
822 1308 888 1341 hoc
906 1316 1009 1351 typo,
1036 1307 1117 1349 quia
1131 1305 1197 1337 Pe-

216 1375 290 1402 trus
316 1363 458 1397 dixerit:
485 1360 575 1394 Ecce
598 1361 667 1392 duo
694 1358 801 1401 gladii
827 1356 900 1395 hic,
927 1357 961 1388 id
980 1356 1107 1387 refutat
1126 1355 1198 1396 ipse

216 1416 409 1453 Dominus,
437 1418 558 1445 vetans
576 1409 720 1442 Petrum
745 1407 925 1451 praeliari,
953 1412 985 1438 et
1009 1405 1116 1437 tristis
1143 1404 1198 1435 in-

217 1464 419 1510 terpretatio
452 1468 518 1501 est,
550 1471 629 1492 cum
660 1458 791 1501 inquit:
823 1456 913 1489 Satis
946 1461 995 1487 est
1015 1456 1102 1486 duos
1127 1463 1198 1484 esse

219 1516 370 1560 gladios,
396 1513 430 1544 id
449 1518 515 1549 est,
543 1509 698 1551 geminos
714 1518 784 1538 esse
799 1504 932 1543 hostes,
957 1503 1097 1540 scilicet,
1125 1501 1199 1546 Ty-

218 1576 349 1600 rannos
366 1570 398 1595 et
415 1560 541 1604 impios
558 1558 742 1596 Doctores,
767 1552 939 1587 Etlinicos
957 1560 988 1586 et
1008 1552 1165 1586 Iudaeos.

321 1621 390 1655 Sed
407 1617 515 1662 aliqui
530 1615 646 1648 minus
663 1613 883 1657 impudentes
894 1613 1047 1643 fatentur
1057 1621 1199 1642 monar-

220 1672 334 1708 chiam
352 1669 530 1714 politicam
547 1677 620 1698 non
639 1675 709 1696 esse
727 1662 890 1696 traditam
900 1661 1022 1700 Petro,
1048 1661 1107 1692 sed
1127 1660 1199 1691 dis—

220 1728 345 1768 putant
372 1720 463 1752 inter
482 1715 674 1759 Episcopos
702 1719 862 1756 oportere
879 1711 1029 1754 primum
1048 1710 1198 1754 aliquem

222 1785 313 1810 esse,
346 1777 384 1803 ut
408 1769 452 1802 sit
477 1767 581 1805 orde,
613 1771 645 1796 et
667 1770 706 1796 ut
728 1763 871 1802 sciatur,
906 1761 983 1805 quis
1008 1771 1199 1793 convocare

221 1824 308 1856 alios
331 1821 373 1853 ad
399 1817 527 1850 iudicia
553 1822 586 1848 et
609 1815 651 1846 ad
670 1813 831 1857 Synodos
856 1812 988 1845 debeat.
1041 1809 1119 1842 Huc
1144 1821 1199 1842 ac-

222 1870 447 1906 commodant
463 1867 572 1900 dicta:
601 1864 659 1896 Tu
675 1874 708 1895 es
721 1862 855 1901 Petrus,
882 1868 913 1894 et
923 1858 1125 1903 superhanc
1136 1859 1200 1891 Pe-

223 1930 311 1956 tram
343 1917 531 1952 aedificabo
556 1914 748 1947 Ecclesiam
778 1924 901 1944 meam.
954 1910 1058 1943 Item:
1095 1909 1199 1941 Pasce

224 1982 305 2004 oves
330 1980 433 2001 meas.
484 1966 526 1998 In
550 1963 605 1996 his
629 1963 745 1995 verbis
768 1963 848 2006 quia
868 1960 1010 1994 Petrum
1028 1959 1200 1993 Dominus

222 2020 432 2065 alloquitur,
459 2016 558 2048 aiunt
582 2013 772 2057 praelatum
797 2023 867 2043 esse
885 2010 1047 2050 caeteris,
1074 2016 1106 2042 et
1123 2021 1200 2042 suc-

222 2082 390 2105 cessorem
422 2066 516 2099 Petri
547 2074 723 2097 summum
754 2059 969 2104 Episcopum
1002 2071 1084 2094 esse.
1162 2058 1199 2091 ld

224 2131 362 2166 quoque
379 2118 549 2150 refutatur
566 2113 657 2145 dicto
669 2109 818 2145 Christi:
842 2110 954 2153 Reges
972 2109 1126 2152 gentium
1138 2109 1201 2141 do-

222 2171 403 2203 minantur
421 2177 540 2198 eorum
552 2191 560 2204 ,
581 2174 642 2195 vos
659 2168 775 2194 autem
793 2172 865 2192 non
883 2173 943 2196 sic.

323 2225 586 2259 Removeantur
614 2232 633 2253 a
662 2218 857 2253 ministerio
882 2216 1065 2259 Evangelii
1092 2229 1202 2251 κακο-

225 2273 360 2321 ζηλίαι,
387 2286 472 2318 quae
490 2271 740 2305 transformant
757 2266 851 2301 hunc
869 2268 1017 2301 docendi
1036 2268 1202 2307 laborem,

226 2327 286 2371 qui
316 2324 439 2357 similis
466 2330 514 2355 est
537 2322 573 2353 in
597 2319 782 2357 omnibus,
817 2318 853 2350 in
877 2318 1051 2362 politicam
1076 2323 1201 2360 poten-

225 2378 308 2410 tiam
340 2381 397 2406 aut
427 2371 714 2404 antecellentiam.
767 2367 863 2400 Idem
891 2366 1120 2409 Evangelium
1152 2374 1201 2399 est

225 2425 383 2459 omnium
406 2429 495 2454 recte
513 2420 730 2458 docentium,
758 2425 791 2451 et
807 2418 966 2451 omnium
986 2429 1068 2450 voce
1084 2416 1200 2449 efficax

225 2482 276 2509 est
294 2474 384 2506 filius
400 2471 463 2504 Dei
484 2467 588 2516 λόγος
605 2469 735 2501 aeterni
755 2469 870 2511 patris.

326 2528 445 2563 Unum
466 2533 567 2568 caput
583 2531 632 2557 est
649 2523 823 2557 Ecclesiae
839 2524 1005 2559 filiusDei
1020 2523 1200 2568 perficiens

226 2581 344 2616 omnia
365 2579 402 2611 in
420 2576 597 2609 omnibus.
648 2573 883 2609 Removeatur
900 2582 1096 2609 monstrosa
1114 2573 1200 2614 figu-

225 2644 262 2666 ra
275 2658 283 2672 ,
311 2640 398 2675 quae
422 2626 520 2660 addit
538 2625 685 2658 alterum
703 2631 816 2667 caput.
869 2625 1041 2660 Removet
1056 2625 1200 2667 imperia

1236 247 1270 273 et
1309 239 1426 272 omnia
1469 240 1651 273 ambitiosa
1681 241 1891 280 certamina,
1927 253 2006 274 cum
2039 241 2101 274 ait:
2147 240 2217 273 Vos

1237 296 1351 323 autern
1371 300 1442 321 non
1461 289 1520 322 sic.

1339 345 1427 379 Cum
1453 352 1568 379 autem
1590 346 1626 378 in
1643 353 1765 380 natura
1783 345 1935 380 humana
1954 347 1998 380 sit
2014 344 2098 379 haec
2114 347 2219 387 labes,

1238 404 1275 430 ut
1309 397 1377 429 alta
1401 397 1638 439 concupiscat,
1671 397 1758 429 sicut
1780 397 1946 440 scriptum
1970 404 2035 430 est:
2072 395 2219 429 Initium

1240 446 1370 490 peccati
1398 447 1579 489 superbia,
1623 446 1787 478 omnibus
1817 448 2033 490 temporibus
2065 447 2220 485 suerunt,

1241 503 1321 529 sunt
1345 503 1377 528 et
1400 503 1501 529 erunt
1524 493 1707 528 horribilia
1725 496 1956 530 ambitionum
1976 497 2163 529 certamina
2184 496 2221 528 in

1240 545 1408 579 Ecclesia.
1468 545 1539 578 Nec
1569 553 1703 579 tantum
1733 546 1770 578 in
1803 546 1958 590 imperiis
1988 545 2054 580 hoc
2084 545 2222 583 accidit,

1241 597 1334 641 quod
1353 595 1489 639 scripsit
1507 597 1624 639 poe'ta:

1353 656 1480 686 Patriam
1497 663 1593 685 tamen
1611 659 1709 686 obruit
1727 659 1808 686 olim.

1359 706 1459 736 Gloria
1476 717 1638 746 paucorum
1651 731 1658 745 ,
1678 697 1785 736 'laudas
1802 709 1941 747 titulique
1961 708 2081 746 cupido.

1244 770 1360 804 Multo
1385 771 1520 814 saepius
1542 769 1707 803 Ecclesiis
1731 778 1833 804 nocet
1857 771 2021 810 ambitio,
2049 781 2111 802 nec
2135 769 2225 802 inter

1245 821 1430 864 applausus
1464 821 1585 864 populi
1616 827 1748 852 mentes
1775 820 1889 852 ebriae
1912 821 2097 853 dulcedine
2120 819 2225 852 falsae

1245 872 1375 913 gloriae
1399 877 1584 903 moventur
1607 868 1673 903 hoc
1696 870 1819 903 divino
1837 870 2001 910 fulmine,
2030 868 2226 903 Abomina-

1246 922 1294 954 tio
1319 928 1368 954 est
1385 920 1470 961 Dei,
1499 921 1664 965 quicquid
1692 927 1741 953 est
1764 921 1912 953 sublime
1937 932 2052 952 coram
2070 918 2226 952 homini-

1246 972 1327 1011 bus,
1354 984 1392 1004 ac
1420 971 1621 1014 praesertim
1648 971 1683 1002 in
1708 971 1978 1012 gubernatione,
2007 981 2085 1002 cum
2108 969 2157 1001 ibi
2183 968 2227 1001 sit

1246 1022 1398 1059 occasio,
1426 1021 1562 1053 facilius
1576 1032 1648 1053 sese
1666 1020 1814 1053 efferunt
1832 1019 2003 1054 homines.
2057 1018 2139 1052 Ideo
2159 1018 2227 1051 cito

1247 1072 1283 1103 in
1309 1072 1387 1103 sede
1403 1070 1563 1104 Romana
1589 1070 1743 1115 quaesita
1767 1078 1816 1104 est
1834 1070 2047 1107 dominatio,
2072 1081 2110 1102 ac
2127 1080 2228 1112 prae-

1248 1122 1325 1154 buit
1354 1122 1571 1153 occasionem
1603 1122 1779 1153 decretum
1802 1120 1957 1165 Synodi,
1992 1131 2080 1164 quae
2105 1117 2228 1151 Eccle-

1248 1171 1377 1203 siarum
1418 1171 1669 1213 inspectionem
1710 1171 1748 1204 in
1783 1168 1930 1203 Oriente
1972 1168 2230 1202 commendavit

1250 1221 1507 1253 Alexandrinae
1526 1218 1718 1261 Ecclesiae,
1747 1220 1781 1252 in
1794 1218 1987 1252 Occidente
2004 1231 2085 1251 vero
2095 1218 2230 1252 Roma-

1249 1282 1325 1304 nae.
1384 1269 1460 1302 Hoc
1491 1282 1569 1301 cum
1597 1276 1683 1301 esset
1709 1267 1866 1302 humano
1892 1269 1967 1301 iure
1990 1269 2231 1308 constitutum,

1249 1318 1430 1350 Romanus
1448 1318 1603 1349 Antistes
1624 1318 1740 1349 statim
1764 1325 1840 1360 post
1858 1317 2026 1350 Nicenam
2045 1318 2230 1361 Synodum

1250 1373 1343 1399 extra
1368 1364 1430 1399 has
1453 1373 1561 1399 metas
1585 1367 1701 1409 egredi
1725 1378 1847 1407 ausus,
1875 1367 1993 1410 sripsit
2010 1368 2053 1400 ad
2071 1366 2231 1402 Orientis

1249 1416 1464 1459 Episcopos,
1500 1423 1539 1449 ut
1568 1428 1585 1448 a
1609 1415 1772 1449 Romano
1805 1417 2106 1450 confirmationem
2135 1423 2231 1460 pete-

1250 1473 1338 1498 rent.
1405 1464 1510 1498 Extat
1533 1467 1713 1509 responsio
1740 1466 1776 1497 in
1799 1463 2043 1504 Theodoreto,
2078 1467 2137 1498 ubi
2165 1479 2230 1499 no-

1251 1516 1344 1548 mina
1368 1515 1602 1558 plurimorum
1626 1516 1834 1555 recitantur,
1863 1516 1955 1549 inter
1975 1527 2062 1561 quos
2081 1523 2113 1549 et
2131 1515 2230 1549 Basi—

1251 1566 1317 1597 lius
1341 1571 1410 1605 est,
1439 1565 1498 1609 qui
1517 1564 1718 1598 Romanum
1737 1565 1940 1599 Pontificem
1960 1567 2112 1609 graviter
2129 1579 2230 1600 accu-

1250 1622 1347 1654 sant,
1375 1616 1468 1658 quod
1487 1614 1862 1648 servituteniEchesiis
1879 1616 2057 1659 imponere
2076 1623 2230 1652 conetur.

1252 1663 1300 1698 Ea
1330 1663 1488 1708 Epistola
1528 1665 1664 1697 illustre
1703 1665 1943 1698 testimonium
1985 1673 2034 1699 est
2076 1673 2230 1699 vetustae

1251 1715 1467 1759 aequalitatis
1496 1713 1765 1758 Episcoporum.
1835 1715 1958 1748 Postea
1991 1723 2145 1749 secutum
2181 1723 2231 1750 est

1251 1772 1424 1798 certamen
1456 1765 1547 1797 inter
1578 1764 1779 1798 Romanum
1813 1773 1844 1799 et
1870 1765 2232 1810 Constantinopolita-

1251 1827 1357 1854 num,
1393 1815 1429 1846 in
1458 1828 1527 1859 quo
1554 1814 1746 1856 Gregorius
1771 1817 2011 1849 crudelissimo
2037 1817 2230 1860 parricidae

1251 1863 1387 1897 Phocae
1410 1865 1476 1897 suit
1497 1865 1656 1909 aequior,
1683 1866 1764 1909 quia
1789 1865 1991 1899 Romanum
2014 1865 2230 1910 Episcopum

1253 1914 1415 1958 praetulit
1431 1913 1836 1958 Constantinopolitano.
1890 1916 1957 1949 Sed
1982 1923 2097 1949 tamen
2118 1917 2230 1949 videri

1253 1966 1427 1997 modestus
1451 1965 1577 2004 voluit,
1605 1978 1676 1998 non
1700 1966 1775 1999 vult
1801 1978 1999 2011 quenquam
2023 1967 2091 1999 dici
2108 1967 2230 2000 οἰκου-

1250 2012 1410 2058 μενικὸν,
1440 2022 1472 2048 ct
1490 2016 1640 2058 graviter
1656 2023 1790 2049 accusat
1807 2017 2032 2049 ambitionem
2052 2017 2228 2061 inquiens:

1252 2063 1285 2098 Ο
1312 2072 1485 2108 tempora,
1519 2077 1538 2098 ο
1562 2078 1691 2105 mores,
1719 2073 1873 2099 vastatur
1895 2067 1989 2099 orbis
2014 2074 2184 2099 terrarum
2210 2079 2230 2100 a

1251 2116 1424 2154 barbaris,
1458 2115 1621 2148 delentur
1643 2117 1748 2149 urbes
1773 2123 1804 2149 et
1830 2118 1976 2160 templa,
2010 2117 2230 2150 trucidantur

1252 2177 1323 2198 non
1355 2165 1467 2197 solum
1499 2166 1666 2198 exercitus
1698 2167 1826 2204 nostri,
1863 2168 1920 2199 sed
1950 2167 2052 2199 etiam
2086 2166 2230 2200 inermis

1252 2215 1440 2248 multitudo
1472 2215 1507 2247 in
1538 2216 1704 2256 urbibus,
1739 2228 1854 2256 senes,
1889 2217 2003 2260 pueri,
2037 2223 2229 2257 matronae,

1252 2265 1420 2307 virgffies,
1447 2273 1663 2309 occupantur
1686 2267 1885 2309 provinciae
1905 2278 1923 2298 a
1943 2266 2135 2299 cultoribus
2150 2268 2229 2299 ido-

1252 2316 1386 2356 lorum,
1420 2316 1479 2360 qui
1510 2316 1689 2349 barbarica
1715 2316 1807 2348 idola
1839 2316 2010 2349 collocant
2034 2316 2069 2348 in
2100 2318 2229 2361 templa

1251 2372 1385 2405 nostra,
1412 2366 1592 2399 trucidatis
1614 2367 1680 2409 piis
1707 2365 1960 2399 Sacerdotibus.
2015 2365 2054 2398 ln
2077 2364 2131 2399 his
2150 2374 2228 2400 tan-

1252 2415 1294 2447 tis
1325 2415 1578 2448 calamitatibus
1603 2423 1635 2448 et
1659 2416 1840 2449 doloribus
1868 2417 2141 2459 piorumvtameu
2167 2419 2228 2450 de-

1250 2465 1414 2498 liciantur
1429 2463 1616 2509 Episcopi,
1643 2473 1675 2499 et
1700 2466 1861 2498 vanitatis
1887 2467 2029 2498 nomina
2053 2474 2227 2509 expetunt,

1250 2522 1283 2548 et
1301 2526 1409 2548 novos
1427 2527 1465 2549 ac
1483 2514 1681 2559 prophanos
1698 2515 1816 2548 titulos
1836 2516 1902 2548 sibi
1920 2517 2089 2549 tribuunt.

1351 2581 1543 2624 Gregorius
1573 2582 1732 2614 odiosum
1757 2595 1885 2617 nomen
1909 2584 2050 2623 vitavit,
2090 2584 2226 2627 princi—

1249 2637 1369 2674 patum
1386 2638 1499 2665 tamen
1518 2643 1590 2665 non
1606 2631 1742 2667 abiecit.
