<?xml version="1.0" encoding="UTF-8"?>
<!DOCTYPE html PUBLIC "-//W3C//DTD XHTML 1.0 Transitional//EN"
    "http://www.w3.org/TR/xhtml1/DTD/xhtml1-transitional.dtd">
<html xmlns="http://www.w3.org/1999/xhtml" xml:lang="en" lang="en">
 <head>
  <title>
</title>
<meta http-equiv="Content-Type" content="text/html;charset=utf-8" />
  <meta name='ocr-system' content='tesseract 3.04.00' />
  <meta name='ocr-capabilities' content='ocr_page ocr_carea ocr_par ocr_line ocrx_word'/>
</head>
<body>
  <div class='ocr_page' id='page_1' title='image "./operaquaesupersu12melauoft/operaquaesupersu12melauoft_0397.png"; bbox 0 0 2324 2955; ppageno 0'>
   <div class='ocr_carea' id='block_1_1' title="bbox 119 109 824 149">
    <p class='ocr_par' dir='ltr' id='par_1_1' title="bbox 119 109 824 149">
     <span class='ocr_line' id='line_1_1' title="bbox 119 109 824 149; baseline -0.006 -2"><span class='ocrx_word' id='word_1_1' title='bbox 119 114 191 149; x_wconf 84' lang='lat'>769</span> <span class='ocrx_word' id='word_1_2' title='bbox 797 109 824 143; x_wconf 88' lang='lat'>1.</span> 
     </span>
    </p>
   </div>
   <div class='ocr_carea' id='block_1_2' title="bbox 74 194 1108 1650">
    <p class='ocr_par' dir='ltr' id='par_1_2' title="bbox 122 194 1108 332">
     <span class='ocr_line' id='line_1_2' title="bbox 124 194 1108 240; baseline -0.005 -9"><span class='ocrx_word' id='word_1_3' title='bbox 124 197 267 232; x_wconf 85' lang='lat' dir='ltr'>servatis</span> <span class='ocrx_word' id='word_1_4' title='bbox 283 196 341 236; x_wconf 87' lang='lat' dir='ltr'>iis,</span> <span class='ocrx_word' id='word_1_5' title='bbox 369 195 430 240; x_wconf 87' lang='lat' dir='ltr'>qui</span> <span class='ocrx_word' id='word_1_6' title='bbox 456 201 598 239; x_wconf 89' lang='lat' dir='ltr'>propter</span> <span class='ocrx_word' id='word_1_7' title='bbox 621 194 877 227; x_wconf 84' lang='lat' dir='ltr'>confessionem</span> <span class='ocrx_word' id='word_1_8' title='bbox 896 195 932 227; x_wconf 93' lang='lat' dir='ltr'>in</span> <span class='ocrx_word' id='word_1_9' title='bbox 951 195 1108 227; x_wconf 83' lang='lat' dir='ltr'>flammas</span> 
     </span>
     <span class='ocr_line' id='line_1_3' title="bbox 123 243 1107 289; baseline -0.004 -8"><span class='ocrx_word' id='word_1_10' title='bbox 123 247 269 282; x_wconf 88' lang='lat' dir='ltr'>coniecti</span> <span class='ocrx_word' id='word_1_11' title='bbox 286 253 401 286; x_wconf 89' lang='lat' dir='ltr'>erant,</span> <span class='ocrx_word' id='word_1_12' title='bbox 426 245 488 279; x_wconf 87' lang='lat' dir='ltr'>ubi</span> <span class='ocrx_word' id='word_1_13' title='bbox 506 244 613 277; x_wconf 90' lang='lat' dir='ltr'>simul</span> <span class='ocrx_word' id='word_1_14' title='bbox 630 252 835 289; x_wconf 89' lang='lat' dir='ltr'>conspectus</span> <span class='ocrx_word' id='word_1_15' title='bbox 860 251 911 279; x_wconf 91' lang='lat' dir='ltr'>est</span> <span class='ocrx_word' id='word_1_16' title='bbox 929 245 1021 278; x_wconf 84' lang='lat' dir='ltr'>filius</span> <span class='ocrx_word' id='word_1_17' title='bbox 1040 243 1107 278; x_wconf 88' lang='lat' dir='ltr'>Dei</span> 
     </span>
     <span class='ocr_line' id='line_1_4' title="bbox 122 297 429 332; baseline -0.007 -1"><span class='ocrx_word' id='word_1_18' title='bbox 122 299 216 332; x_wconf 87' lang='lat' dir='ltr'>inter</span> <span class='ocrx_word' id='word_1_19' title='bbox 234 304 303 331; x_wconf 92' lang='lat' dir='ltr'>tres</span> <span class='ocrx_word' id='word_1_20' title='bbox 324 297 429 330; x_wconf 88' lang='lat' dir='ltr'>viros.</span> 
     </span>
    </p>

    <p class='ocr_par' dir='ltr' id='par_1_3' title="bbox 119 345 1107 794">
     <span class='ocr_line' id='line_1_5' title="bbox 225 345 1107 387; baseline -0.003 -6"><span class='ocrx_word' id='word_1_21' title='bbox 225 346 455 381; x_wconf 87' lang='lat' dir='ltr'>Accesserunt</span> <span class='ocrx_word' id='word_1_22' title='bbox 481 351 514 379; x_wconf 88' lang='lat' dir='ltr'>et</span> <span class='ocrx_word' id='word_1_23' title='bbox 541 345 609 378; x_wconf 88' lang='lat' dir='ltr'>alia</span> <span class='ocrx_word' id='word_1_24' title='bbox 634 346 745 380; x_wconf 88' lang='lat' dir='ltr'>multa</span> <span class='ocrx_word' id='word_1_25' title='bbox 769 346 958 387; x_wconf 86' lang='lat' dir='ltr'>miracula,</span> <span class='ocrx_word' id='word_1_26' title='bbox 993 345 1107 379; x_wconf 85' lang='lat' dir='ltr'>inter-</span> 
     </span>
     <span class='ocr_line' id='line_1_6' title="bbox 121 395 1105 445; baseline -0.006 -11"><span class='ocrx_word' id='word_1_27' title='bbox 121 399 334 445; x_wconf 87' lang='lat' dir='ltr'>pretationes</span> <span class='ocrx_word' id='word_1_28' title='bbox 350 396 479 430; x_wconf 88' lang='lat' dir='ltr'>somnii</span> <span class='ocrx_word' id='word_1_29' title='bbox 496 397 540 429; x_wconf 90' lang='lat' dir='ltr'>de</span> <span class='ocrx_word' id='word_1_30' title='bbox 556 395 681 429; x_wconf 85' lang='lat' dir='ltr'>ordine</span> <span class='ocrx_word' id='word_1_31' title='bbox 696 408 884 439; x_wconf 77' lang='lat' dir='ltr'>regnorum</span> <span class='ocrx_word' id='word_1_32' title='bbox 897 424 907 438; x_wconf 93' lang='lat'>,</span> <span class='ocrx_word' id='word_1_33' title='bbox 933 397 976 429; x_wconf 92' lang='lat' dir='ltr'>de</span> <span class='ocrx_word' id='word_1_34' title='bbox 992 407 1105 441; x_wconf 86' lang='lat' dir='ltr'>poena</span> 
     </span>
     <span class='ocr_line' id='line_1_7' title="bbox 121 447 1105 492; baseline -0.005 -8"><span class='ocrx_word' id='word_1_35' title='bbox 121 449 420 492; x_wconf 83' lang='lat' dir='ltr'>Nabogdonosor,</span> <span class='ocrx_word' id='word_1_36' title='bbox 446 453 480 481; x_wconf 91' lang='lat' dir='ltr'>et</span> <span class='ocrx_word' id='word_1_37' title='bbox 498 447 720 480; x_wconf 82' lang='lat' dir='ltr'>restitutione</span> <span class='ocrx_word' id='word_1_38' title='bbox 738 448 831 486; x_wconf 87' lang='lat' dir='ltr'>eius,</span> <span class='ocrx_word' id='word_1_39' title='bbox 860 448 903 480; x_wconf 89' lang='lat' dir='ltr'>de</span> <span class='ocrx_word' id='word_1_40' title='bbox 921 447 1105 491; x_wconf 88' lang='lat' dir='ltr'>poeniten-</span> 
     </span>
     <span class='ocr_line' id='line_1_8' title="bbox 121 496 1105 540; baseline -0.004 -7"><span class='ocrx_word' id='word_1_41' title='bbox 121 501 170 534; x_wconf 89' lang='lat' dir='ltr'>tia</span> <span class='ocrx_word' id='word_1_42' title='bbox 193 500 287 540; x_wconf 86' lang='lat' dir='ltr'>eius,</span> <span class='ocrx_word' id='word_1_43' title='bbox 313 505 347 532; x_wconf 88' lang='lat' dir='ltr'>et</span> <span class='ocrx_word' id='word_1_44' title='bbox 371 496 464 531; x_wconf 86' lang='lat' dir='ltr'>haud</span> <span class='ocrx_word' id='word_1_45' title='bbox 487 497 595 530; x_wconf 89' lang='lat' dir='ltr'>dubie</span> <span class='ocrx_word' id='word_1_46' title='bbox 617 497 684 530; x_wconf 91' lang='lat' dir='ltr'>alia</span> <span class='ocrx_word' id='word_1_47' title='bbox 712 498 822 530; x_wconf 89' lang='lat' dir='ltr'>multa</span> <span class='ocrx_word' id='word_1_48' title='bbox 840 498 991 532; x_wconf 82' lang='lat' dir='ltr'>illustria</span> <span class='ocrx_word' id='word_1_49' title='bbox 1008 497 1105 531; x_wconf 88' lang='lat' dir='ltr'>testi-</span> 
     </span>
     <span class='ocr_line' id='line_1_9' title="bbox 120 546 1105 593; baseline -0.005 -9"><span class='ocrx_word' id='word_1_50' title='bbox 120 550 241 584; x_wconf 89' lang='lat' dir='ltr'>monia</span> <span class='ocrx_word' id='word_1_51' title='bbox 263 548 478 593; x_wconf 87' lang='lat' dir='ltr'>praesentiae</span> <span class='ocrx_word' id='word_1_52' title='bbox 500 559 581 581; x_wconf 90' lang='lat' dir='ltr'>suae</span> <span class='ocrx_word' id='word_1_53' title='bbox 604 547 641 579; x_wconf 81' lang='lat' dir='ltr'>in</span> <span class='ocrx_word' id='word_1_54' title='bbox 657 546 813 581; x_wconf 78' lang='lat' dir='ltr'><strong>Ecclesia</strong></span> <span class='ocrx_word' id='word_1_55' title='bbox 831 547 926 581; x_wconf 91' lang='lat' dir='ltr'>Deus</span> <span class='ocrx_word' id='word_1_56' title='bbox 941 547 1105 587; x_wconf 87' lang='lat' dir='ltr'>ostendit,</span> 
     </span>
     <span class='ocr_line' id='line_1_10' title="bbox 120 597 1104 646; baseline -0.005 -12"><span class='ocrx_word' id='word_1_57' title='bbox 120 612 211 646; x_wconf 88' lang='lat' dir='ltr'>quae</span> <span class='ocrx_word' id='word_1_58' title='bbox 235 600 515 639; x_wconf 89' lang='lat' dir='ltr'>consideremus,</span> <span class='ocrx_word' id='word_1_59' title='bbox 549 605 581 632; x_wconf 88' lang='lat' dir='ltr'>et</span> <span class='ocrx_word' id='word_1_60' title='bbox 604 604 643 631; x_wconf 90' lang='lat' dir='ltr'>ut</span> <span class='ocrx_word' id='word_1_61' title='bbox 667 599 837 640; x_wconf 90' lang='lat' dir='ltr'>sciamus,</span> <span class='ocrx_word' id='word_1_62' title='bbox 873 611 962 643; x_wconf 90' lang='lat' dir='ltr'>quae</span> <span class='ocrx_word' id='word_1_63' title='bbox 986 605 1020 632; x_wconf 90' lang='lat' dir='ltr'>et</span> <span class='ocrx_word' id='word_1_64' title='bbox 1042 597 1104 630; x_wconf 88' lang='lat' dir='ltr'>ubi</span> 
     </span>
     <span class='ocr_line' id='line_1_11' title="bbox 119 647 1102 693; baseline -0.005 -8"><span class='ocrx_word' id='word_1_65' title='bbox 119 651 227 685; x_wconf 70' lang='lat' dir='ltr'>{uerit</span> <span class='ocrx_word' id='word_1_66' title='bbox 248 648 424 690; x_wconf 76' lang='lat' dir='ltr'>Ecclesia,</span> <span class='ocrx_word' id='word_1_67' title='bbox 456 656 489 682; x_wconf 87' lang='lat' dir='ltr'>et</span> <span class='ocrx_word' id='word_1_68' title='bbox 513 648 626 693; x_wconf 86' lang='lat' dir='ltr'>qualis</span> <span class='ocrx_word' id='word_1_69' title='bbox 651 650 756 682; x_wconf 83' lang='lat' dir='ltr'>fuerit</span> <span class='ocrx_word' id='word_1_70' title='bbox 780 650 816 682; x_wconf 90' lang='lat' dir='ltr'>in</span> <span class='ocrx_word' id='word_1_71' title='bbox 843 661 963 688; x_wconf 89' lang='lat' dir='ltr'>cruce,</span> <span class='ocrx_word' id='word_1_72' title='bbox 998 655 1030 682; x_wconf 87' lang='lat' dir='ltr'>et</span> <span class='ocrx_word' id='word_1_73' title='bbox 1046 647 1102 680; x_wconf 82' lang='lat' dir='ltr'>di·</span> 
     </span>
     <span class='ocr_line' id='line_1_12' title="bbox 120 697 1104 744; baseline -0.006 -8"><span class='ocrx_word' id='word_1_74' title='bbox 120 713 255 736; x_wconf 90' lang='lat' dir='ltr'>scamus</span> <span class='ocrx_word' id='word_1_75' title='bbox 278 701 467 734; x_wconf 85' lang='lat' dir='ltr'>discrimen</span> <span class='ocrx_word' id='word_1_76' title='bbox 483 697 660 732; x_wconf 79' lang='lat' dir='ltr'>Ecclesiae</span> <span class='ocrx_word' id='word_1_77' title='bbox 685 706 717 732; x_wconf 89' lang='lat' dir='ltr'>et</span> <span class='ocrx_word' id='word_1_78' title='bbox 732 700 961 744; x_wconf 89' lang='lat' dir='ltr'>imperiorum</span> <span class='ocrx_word' id='word_1_79' title='bbox 982 698 1104 743; x_wconf 89' lang='lat' dir='ltr'>politi-</span> 
     </span>
     <span class='ocr_line' id='line_1_13' title="bbox 119 747 1102 794; baseline -0.001 -9"><span class='ocrx_word' id='word_1_80' title='bbox 119 763 251 786; x_wconf 91' lang='lat' dir='ltr'>corum.</span> <span class='ocrx_word' id='word_1_81' title='bbox 291 749 343 784; x_wconf 92' lang='lat' dir='ltr'>Ac</span> <span class='ocrx_word' id='word_1_82' title='bbox 357 761 458 794; x_wconf 86' lang='lat' dir='ltr'>saepe</span> <span class='ocrx_word' id='word_1_83' title='bbox 474 750 609 793; x_wconf 85' lang='lat' dir='ltr'>legatur</span> <span class='ocrx_word' id='word_1_84' title='bbox 625 749 758 794; x_wconf 88' lang='lat' dir='ltr'>integra</span> <span class='ocrx_word' id='word_1_85' title='bbox 768 750 926 785; x_wconf 82' lang='lat' dir='ltr'>Danielis</span> <span class='ocrx_word' id='word_1_86' title='bbox 943 747 1102 784; x_wconf 90' lang='lat' dir='ltr'>historia.</span> 
     </span>
    </p>

    <p class='ocr_par' dir='ltr' id='par_1_4' title="bbox 74 798 1102 1400">
     <span class='ocr_line' id='line_1_14' title="bbox 219 798 1100 846; baseline -0.003 -11"><span class='ocrx_word' id='word_1_87' title='bbox 219 800 441 835; x_wconf 89' lang='lat' dir='ltr'>Confirmant</span> <span class='ocrx_word' id='word_1_88' title='bbox 462 807 579 835; x_wconf 90' lang='lat' dir='ltr'>autem</span> <span class='ocrx_word' id='word_1_89' title='bbox 606 812 670 834; x_wconf 93' lang='lat' dir='ltr'>nos</span> <span class='ocrx_word' id='word_1_90' title='bbox 693 813 833 846; x_wconf 90' lang='lat' dir='ltr'>quoque</span> <span class='ocrx_word' id='word_1_91' title='bbox 859 798 913 834; x_wconf 93' lang='lat' dir='ltr'>his</span> <span class='ocrx_word' id='word_1_92' title='bbox 933 799 1100 844; x_wconf 88' lang='lat' dir='ltr'>tempori-</span> 
     </span>
     <span class='ocr_line' id='line_1_15' title="bbox 116 849 1102 896; baseline -0.005 -9"><span class='ocrx_word' id='word_1_93' title='bbox 116 853 184 887; x_wconf 89' lang='lat' dir='ltr'>bus</span> <span class='ocrx_word' id='word_1_94' title='bbox 212 849 298 886; x_wconf 89' lang='lat' dir='ltr'>haec</span> <span class='ocrx_word' id='word_1_95' title='bbox 327 850 516 892; x_wconf 90' lang='lat' dir='ltr'>miracula,</span> <span class='ocrx_word' id='word_1_96' title='bbox 557 851 639 896; x_wconf 91' lang='lat' dir='ltr'>quia</span> <span class='ocrx_word' id='word_1_97' title='bbox 674 858 862 891; x_wconf 81' lang='lat' dir='ltr'>testantur,</span> <span class='ocrx_word' id='word_1_98' title='bbox 903 851 1102 884; x_wconf 77' lang='lat' dir='ltr'>doctrinam</span> 
     </span>
     <span class='ocr_line' id='line_1_16' title="bbox 116 900 1100 947; baseline -0.002 -11"><span class='ocrx_word' id='word_1_99' title='bbox 116 900 375 947; x_wconf 83' lang='lat' dir='ltr'>Prophetarum</span> <span class='ocrx_word' id='word_1_100' title='bbox 401 914 519 935; x_wconf 89' lang='lat' dir='ltr'>veram</span> <span class='ocrx_word' id='word_1_101' title='bbox 542 912 632 942; x_wconf 90' lang='lat' dir='ltr'>esse,</span> <span class='ocrx_word' id='word_1_102' title='bbox 660 909 693 935; x_wconf 92' lang='lat' dir='ltr'>et</span> <span class='ocrx_word' id='word_1_103' title='bbox 718 902 767 935; x_wconf 91' lang='lat' dir='ltr'>ihi</span> <span class='ocrx_word' id='word_1_104' title='bbox 791 909 928 935; x_wconf 88' lang='lat' dir='ltr'>tantum</span> <span class='ocrx_word' id='word_1_105' title='bbox 952 912 1024 934; x_wconf 88' lang='lat' dir='ltr'>esse</span> <span class='ocrx_word' id='word_1_106' title='bbox 1040 913 1100 933; x_wconf 85' lang='lat' dir='ltr'>ve-</span> 
     </span>
     <span class='ocr_line' id='line_1_17' title="bbox 116 949 1099 996; baseline -0.004 -9"><span class='ocrx_word' id='word_1_107' title='bbox 116 965 192 988; x_wconf 90' lang='lat' dir='ltr'>ram</span> <span class='ocrx_word' id='word_1_108' title='bbox 216 952 428 993; x_wconf 71' lang='lat' dir='ltr'>Ecclesiam,</span> <span class='ocrx_word' id='word_1_109' title='bbox 454 953 517 986; x_wconf 87' lang='lat' dir='ltr'>ubi</span> <span class='ocrx_word' id='word_1_110' title='bbox 541 951 710 994; x_wconf 89' lang='lat' dir='ltr'>recipitur</span> <span class='ocrx_word' id='word_1_111' title='bbox 730 952 890 985; x_wconf 91' lang='lat' dir='ltr'>doctrina</span> <span class='ocrx_word' id='word_1_112' title='bbox 914 949 1099 996; x_wconf 88' lang='lat' dir='ltr'>propheti-</span> 
     </span>
     <span class='ocr_line' id='line_1_18' title="bbox 116 1000 1100 1046; baseline -0.005 -8"><span class='ocrx_word' id='word_1_113' title='bbox 116 1016 166 1038; x_wconf 88' lang='lat' dir='ltr'>ca.</span> <span class='ocrx_word' id='word_1_114' title='bbox 225 1002 315 1037; x_wconf 88' lang='lat' dir='ltr'>Nam</span> <span class='ocrx_word' id='word_1_115' title='bbox 340 1002 462 1035; x_wconf 89' lang='lat' dir='ltr'>Iudaei</span> <span class='ocrx_word' id='word_1_116' title='bbox 494 1007 571 1044; x_wconf 90' lang='lat' dir='ltr'>post</span> <span class='ocrx_word' id='word_1_117' title='bbox 597 1002 747 1033; x_wconf 89' lang='lat' dir='ltr'>deletam</span> <span class='ocrx_word' id='word_1_118' title='bbox 771 1012 790 1033; x_wconf 87' lang='lat' dir='ltr'>a</span> <span class='ocrx_word' id='word_1_119' title='bbox 815 1001 899 1034; x_wconf 84' lang='lat' dir='ltr'>Tito</span> <span class='ocrx_word' id='word_1_120' title='bbox 925 1000 1100 1046; x_wconf 89' lang='lat' dir='ltr'>lerosoly-</span> 
     </span>
     <span class='ocr_line' id='line_1_19' title="bbox 74 1049 1101 1095; baseline -0.003 -10"><span class='ocrx_word' id='word_1_121' title='bbox 74 1083 76 1085; x_wconf 74' lang='grc'><strong>,</strong></span> <span class='ocrx_word' id='word_1_122' title='bbox 117 1065 210 1087; x_wconf 87' lang='lat' dir='ltr'>mam</span> <span class='ocrx_word' id='word_1_123' title='bbox 226 1064 300 1085; x_wconf 90' lang='lat' dir='ltr'>non</span> <span class='ocrx_word' id='word_1_124' title='bbox 318 1052 472 1085; x_wconf 84' lang='lat' dir='ltr'>retinent</span> <span class='ocrx_word' id='word_1_125' title='bbox 482 1049 678 1091; x_wconf 84' lang='lat' dir='ltr'>Danielem,</span> <span class='ocrx_word' id='word_1_126' title='bbox 705 1051 765 1095; x_wconf 90' lang='lat' dir='ltr'>qui</span> <span class='ocrx_word' id='word_1_127' title='bbox 782 1051 967 1094; x_wconf 83' lang='lat' dir='ltr'>praedixit,</span> <span class='ocrx_word' id='word_1_128' title='bbox 994 1049 1101 1084; x_wconf 89' lang='lat' dir='ltr'>Chri-</span> 
     </span>
     <span class='ocr_line' id='line_1_20' title="bbox 116 1100 1099 1146; baseline -0.003 -9"><span class='ocrx_word' id='word_1_129' title='bbox 116 1110 208 1138; x_wconf 86' lang='lat' dir='ltr'>stum</span> <span class='ocrx_word' id='word_1_130' title='bbox 221 1108 332 1137; x_wconf 87' lang='lat' dir='ltr'>stante</span> <span class='ocrx_word' id='word_1_131' title='bbox 349 1101 473 1146; x_wconf 85' lang='lat' dir='ltr'>politia</span> <span class='ocrx_word' id='word_1_132' title='bbox 486 1100 644 1133; x_wconf 87' lang='lat' dir='ltr'>Mosaica</span> <span class='ocrx_word' id='word_1_133' title='bbox 661 1108 849 1134; x_wconf 87' lang='lat' dir='ltr'>venturum</span> <span class='ocrx_word' id='word_1_134' title='bbox 866 1112 956 1142; x_wconf 91' lang='lat' dir='ltr'>esse,</span> <span class='ocrx_word' id='word_1_135' title='bbox 982 1108 1016 1134; x_wconf 91' lang='lat' dir='ltr'>et</span> <span class='ocrx_word' id='word_1_136' title='bbox 1032 1113 1099 1134; x_wconf 90' lang='lat' dir='ltr'>nu-</span> 
     </span>
     <span class='ocr_line' id='line_1_21' title="bbox 114 1150 1098 1195; baseline -0.004 -7"><span class='ocrx_word' id='word_1_137' title='bbox 114 1165 252 1188; x_wconf 91' lang='lat' dir='ltr'>merum</span> <span class='ocrx_word' id='word_1_138' title='bbox 267 1163 444 1186; x_wconf 87' lang='lat' dir='ltr'>annorum</span> <span class='ocrx_word' id='word_1_139' title='bbox 461 1151 641 1195; x_wconf 84' lang='lat' dir='ltr'>expressit.</span> <span class='ocrx_word' id='word_1_140' title='bbox 694 1150 874 1185; x_wconf 88' lang='lat' dir='ltr'>Praedixit</span> <span class='ocrx_word' id='word_1_141' title='bbox 890 1158 923 1185; x_wconf 91' lang='lat' dir='ltr'>et</span> <span class='ocrx_word' id='word_1_142' title='bbox 939 1152 1098 1184; x_wconf 87' lang='lat' dir='ltr'>futurum</span> 
     </span>
     <span class='ocr_line' id='line_1_22' title="bbox 115 1202 1100 1246; baseline -0.004 -7"><span class='ocrx_word' id='word_1_143' title='bbox 115 1216 208 1245; x_wconf 90' lang='lat' dir='ltr'>esse,</span> <span class='ocrx_word' id='word_1_144' title='bbox 232 1210 272 1237; x_wconf 93' lang='lat' dir='ltr'>ut</span> <span class='ocrx_word' id='word_1_145' title='bbox 287 1202 537 1242; x_wconf 86' lang='lat' dir='ltr'>interficiatur,</span> <span class='ocrx_word' id='word_1_146' title='bbox 564 1208 596 1234; x_wconf 87' lang='lat' dir='ltr'>et</span> <span class='ocrx_word' id='word_1_147' title='bbox 614 1207 730 1234; x_wconf 87' lang='lat' dir='ltr'>tamen</span> <span class='ocrx_word' id='word_1_148' title='bbox 752 1202 854 1235; x_wconf 86' lang='lat' dir='ltr'>tollat</span> <span class='ocrx_word' id='word_1_149' title='bbox 869 1208 1048 1246; x_wconf 88' lang='lat' dir='ltr'>peccatum</span> <span class='ocrx_word' id='word_1_150' title='bbox 1066 1209 1100 1236; x_wconf 88' lang='lat' dir='ltr'>et</span> 
     </span>
     <span class='ocr_line' id='line_1_23' title="bbox 115 1251 1098 1295; baseline -0.004 -6"><span class='ocrx_word' id='word_1_151' title='bbox 115 1261 286 1295; x_wconf 88' lang='lat' dir='ltr'>mortem,</span> <span class='ocrx_word' id='word_1_152' title='bbox 312 1259 346 1286; x_wconf 88' lang='lat' dir='ltr'>et</span> <span class='ocrx_word' id='word_1_153' title='bbox 362 1252 489 1285; x_wconf 88' lang='lat' dir='ltr'>deinde</span> <span class='ocrx_word' id='word_1_154' title='bbox 506 1251 666 1294; x_wconf 84' lang='lat' dir='ltr'>politiam</span> <span class='ocrx_word' id='word_1_155' title='bbox 678 1252 857 1285; x_wconf 83' lang='lat' dir='ltr'>Iudaicam</span> <span class='ocrx_word' id='word_1_156' title='bbox 875 1253 1098 1286; x_wconf 87' lang='lat' dir='ltr'>interituram</span> 
     </span>
     <span class='ocr_line' id='line_1_24' title="bbox 115 1302 1098 1348; baseline -0.003 -9"><span class='ocrx_word' id='word_1_157' title='bbox 115 1317 204 1347; x_wconf 90' lang='lat' dir='ltr'>esse,</span> <span class='ocrx_word' id='word_1_158' title='bbox 229 1311 263 1338; x_wconf 89' lang='lat' dir='ltr'>et</span> <span class='ocrx_word' id='word_1_159' title='bbox 281 1303 429 1337; x_wconf 87' lang='lat' dir='ltr'>Iudaeos</span> <span class='ocrx_word' id='word_1_160' title='bbox 442 1314 515 1335; x_wconf 92' lang='lat' dir='ltr'>non</span> <span class='ocrx_word' id='word_1_161' title='bbox 531 1303 605 1334; x_wconf 88' lang='lat' dir='ltr'>fore</span> <span class='ocrx_word' id='word_1_162' title='bbox 623 1302 795 1346; x_wconf 88' lang='lat' dir='ltr'>populum</span> <span class='ocrx_word' id='word_1_163' title='bbox 811 1303 890 1338; x_wconf 86' lang='lat' dir='ltr'>Dei.</span> <span class='ocrx_word' id='word_1_164' title='bbox 924 1302 998 1336; x_wconf 90' lang='lat' dir='ltr'>Has</span> <span class='ocrx_word' id='word_1_165' title='bbox 1014 1315 1098 1348; x_wconf 91' lang='lat' dir='ltr'>pro-</span> 
     </span>
     <span class='ocr_line' id='line_1_25' title="bbox 115 1352 973 1400; baseline -0.005 -10"><span class='ocrx_word' id='word_1_166' title='bbox 115 1354 253 1400; x_wconf 87' lang='lat' dir='ltr'>phetias</span> <span class='ocrx_word' id='word_1_167' title='bbox 270 1365 392 1388; x_wconf 91' lang='lat' dir='ltr'>omnes</span> <span class='ocrx_word' id='word_1_168' title='bbox 412 1352 530 1386; x_wconf 90' lang='lat' dir='ltr'>Iudaei</span> <span class='ocrx_word' id='word_1_169' title='bbox 550 1352 713 1386; x_wconf 90' lang='lat' dir='ltr'>scelerate</span> <span class='ocrx_word' id='word_1_170' title='bbox 730 1360 973 1397; x_wconf 86' lang='lat' dir='ltr'>corrumpunt.</span> 
     </span>
    </p>

    <p class='ocr_par' dir='ltr' id='par_1_5' title="bbox 111 1400 1098 1650">
     <span class='ocr_line' id='line_1_26' title="bbox 217 1400 1097 1449; baseline -0.001 -11"><span class='ocrx_word' id='word_1_171' title='bbox 217 1405 409 1439; x_wconf 89' lang='lat' dir='ltr'>Monemur</span> <span class='ocrx_word' id='word_1_172' title='bbox 433 1410 549 1437; x_wconf 89' lang='lat' dir='ltr'>autem</span> <span class='ocrx_word' id='word_1_173' title='bbox 575 1409 607 1436; x_wconf 89' lang='lat' dir='ltr'>et</span> <span class='ocrx_word' id='word_1_174' title='bbox 631 1400 698 1436; x_wconf 92' lang='lat' dir='ltr'>hoc</span> <span class='ocrx_word' id='word_1_175' title='bbox 721 1404 897 1447; x_wconf 86' lang='lat' dir='ltr'>exemplo,</span> <span class='ocrx_word' id='word_1_176' title='bbox 924 1411 963 1437; x_wconf 95' lang='lat' dir='ltr'>ut</span> <span class='ocrx_word' id='word_1_177' title='bbox 989 1415 1097 1449; x_wconf 89' lang='lat' dir='ltr'>quae-</span> 
     </span>
     <span class='ocr_line' id='line_1_27' title="bbox 115 1453 1098 1499; baseline -0.003 -9"><span class='ocrx_word' id='word_1_178' title='bbox 115 1463 230 1490; x_wconf 84' lang='lat' dir='ltr'>rentes</span> <span class='ocrx_word' id='word_1_179' title='bbox 246 1454 440 1489; x_wconf 88' lang='lat' dir='ltr'>Ecclesiam</span> <span class='ocrx_word' id='word_1_180' title='bbox 465 1465 538 1486; x_wconf 89' lang='lat' dir='ltr'>non</span> <span class='ocrx_word' id='word_1_181' title='bbox 562 1453 676 1486; x_wconf 91' lang='lat' dir='ltr'>solum</span> <span class='ocrx_word' id='word_1_182' title='bbox 694 1461 908 1497; x_wconf 87' lang='lat' dir='ltr'>spectemus,</span> <span class='ocrx_word' id='word_1_183' title='bbox 935 1455 997 1499; x_wconf 90' lang='lat' dir='ltr'>qui</span> <span class='ocrx_word' id='word_1_184' title='bbox 1014 1455 1098 1487; x_wconf 90' lang='lat' dir='ltr'>reti-</span> 
     </span>
     <span class='ocr_line' id='line_1_28' title="bbox 113 1502 1096 1549; baseline -0.004 -9"><span class='ocrx_word' id='word_1_185' title='bbox 113 1513 220 1540; x_wconf 85' lang='lat' dir='ltr'>neant</span> <span class='ocrx_word' id='word_1_186' title='bbox 236 1505 362 1549; x_wconf 90' lang='lat' dir='ltr'>scripta</span> <span class='ocrx_word' id='word_1_187' title='bbox 378 1502 582 1548; x_wconf 89' lang='lat' dir='ltr'>prophetica</span> <span class='ocrx_word' id='word_1_188' title='bbox 593 1529 602 1544; x_wconf 90' lang='lat'>,</span> <span class='ocrx_word' id='word_1_189' title='bbox 629 1504 688 1535; x_wconf 89' lang='lat' dir='ltr'>sed</span> <span class='ocrx_word' id='word_1_190' title='bbox 705 1504 765 1548; x_wconf 88' lang='lat' dir='ltr'>qui</span> <span class='ocrx_word' id='word_1_191' title='bbox 781 1504 956 1538; x_wconf 85' lang='lat' dir='ltr'>retineant</span> <span class='ocrx_word' id='word_1_192' title='bbox 967 1516 1006 1537; x_wconf 86' lang='lat' dir='ltr'>ea</span> <span class='ocrx_word' id='word_1_193' title='bbox 1022 1505 1096 1537; x_wconf 87' lang='lat' dir='ltr'>sine</span> 
     </span>
     <span class='ocr_line' id='line_1_29' title="bbox 113 1550 1096 1600; baseline -0.003 -9"><span class='ocrx_word' id='word_1_194' title='bbox 113 1556 333 1600; x_wconf 85' lang='lat' dir='ltr'>corruptelis.</span> <span class='ocrx_word' id='word_1_195' title='bbox 390 1554 436 1588; x_wconf 90' lang='lat' dir='ltr'>Ut</span> <span class='ocrx_word' id='word_1_196' title='bbox 454 1553 546 1597; x_wconf 87' lang='lat' dir='ltr'>Papa</span> <span class='ocrx_word' id='word_1_197' title='bbox 569 1560 601 1587; x_wconf 91' lang='lat' dir='ltr'>et</span> <span class='ocrx_word' id='word_1_198' title='bbox 627 1550 792 1587; x_wconf 88' lang='lat' dir='ltr'>haeretici</span> <span class='ocrx_word' id='word_1_199' title='bbox 814 1554 901 1587; x_wconf 89' lang='lat' dir='ltr'>falso</span> <span class='ocrx_word' id='word_1_200' title='bbox 926 1554 1096 1595; x_wconf 88' lang='lat' dir='ltr'>iactitant,</span> 
     </span>
     <span class='ocr_line' id='line_1_30' title="bbox 111 1601 1095 1650; baseline -0.003 -9"><span class='ocrx_word' id='word_1_201' title='bbox 111 1620 146 1642; x_wconf 88' lang='lat' dir='ltr'>se</span> <span class='ocrx_word' id='word_1_202' title='bbox 163 1607 315 1641; x_wconf 90' lang='lat' dir='ltr'>retinere</span> <span class='ocrx_word' id='word_1_203' title='bbox 339 1605 467 1648; x_wconf 90' lang='lat' dir='ltr'>scripta</span> <span class='ocrx_word' id='word_1_204' title='bbox 493 1601 697 1649; x_wconf 87' lang='lat' dir='ltr'>prophetica</span> <span class='ocrx_word' id='word_1_205' title='bbox 724 1610 757 1638; x_wconf 92' lang='lat' dir='ltr'>et</span> <span class='ocrx_word' id='word_1_206' title='bbox 776 1605 985 1648; x_wconf 85' lang='lat' dir='ltr'>apostolica,</span> <span class='ocrx_word' id='word_1_207' title='bbox 1013 1606 1095 1650; x_wconf 89' lang='lat' dir='ltr'>quia</span> 
     </span>
    </p>
   </div>
   <div class='ocr_carea' id='block_1_3' title="bbox 113 1654 1094 1750">
    <p class='ocr_par' dir='ltr' id='par_1_6' title="bbox 113 1654 1094 1750">
     <span class='ocr_line' id='line_1_31' title="bbox 113 1654 717 1700; baseline -0.005 -9"><span class='ocrx_word' id='word_1_208' title='bbox 113 1658 286 1700; x_wconf 87' lang='lat' dir='ltr'>affingunt</span> <span class='ocrx_word' id='word_1_209' title='bbox 304 1655 502 1700; x_wconf 86' lang='lat' dir='ltr'>peregrinas</span> <span class='ocrx_word' id='word_1_210' title='bbox 521 1654 717 1698; x_wconf 89' lang='lat' dir='ltr'>opiniones.</span> 
     </span>
     <span class='ocr_line' id='line_1_32' title="bbox 213 1702 1094 1750; baseline -0.005 -9"><span class='ocrx_word' id='word_1_211' title='bbox 213 1706 391 1750; x_wconf 88' lang='lat' dir='ltr'>Legantur</span> <span class='ocrx_word' id='word_1_212' title='bbox 414 1712 447 1738; x_wconf 91' lang='lat' dir='ltr'>et</span> <span class='ocrx_word' id='word_1_213' title='bbox 465 1705 652 1738; x_wconf 86' lang='lat' dir='ltr'>conciones</span> <span class='ocrx_word' id='word_1_214' title='bbox 675 1702 899 1747; x_wconf 86' lang='lat' dir='ltr'>propheticae</span> <span class='ocrx_word' id='word_1_215' title='bbox 918 1704 991 1738; x_wconf 90' lang='lat' dir='ltr'>eius</span> <span class='ocrx_word' id='word_1_216' title='bbox 1006 1710 1094 1738; x_wconf 87' lang='lat' dir='ltr'>tem-</span> 
     </span>
    </p>
   </div>
   <div class='ocr_carea' id='block_1_4' title="bbox 107 1751 1096 2713">
    <p class='ocr_par' dir='ltr' id='par_1_7' title="bbox 107 1751 1096 2713">
     <span class='ocr_line' id='line_1_33' title="bbox 111 1751 1096 1804; baseline -0.004 -12"><span class='ocrx_word' id='word_1_217' title='bbox 111 1758 224 1804; x_wconf 89' lang='lat' dir='ltr'>poris,</span> <span class='ocrx_word' id='word_1_218' title='bbox 255 1758 350 1800; x_wconf 88' lang='lat' dir='ltr'>apud</span> <span class='ocrx_word' id='word_1_219' title='bbox 379 1753 618 1793; x_wconf 85' lang='lat' dir='ltr'>Ezechielem,</span> <span class='ocrx_word' id='word_1_220' title='bbox 659 1751 865 1794; x_wconf 88' lang='lat' dir='ltr'>Danielem,</span> <span class='ocrx_word' id='word_1_221' title='bbox 903 1754 1096 1798; x_wconf 86' lang='lat' dir='ltr'>Haggeum,</span> 
     </span>
     <span class='ocr_line' id='line_1_34' title="bbox 111 1801 1094 1847; baseline -0.006 -3"><span class='ocrx_word' id='word_1_222' title='bbox 111 1807 340 1847; x_wconf 87' lang='lat' dir='ltr'>Zachariam,</span> <span class='ocrx_word' id='word_1_223' title='bbox 372 1803 536 1839; x_wconf 86' lang='lat' dir='ltr'>Esdram.</span> <span class='ocrx_word' id='word_1_224' title='bbox 589 1801 641 1836; x_wconf 93' lang='lat' dir='ltr'>Ac</span> <span class='ocrx_word' id='word_1_225' title='bbox 665 1803 708 1836; x_wconf 92' lang='lat' dir='ltr'>de</span> <span class='ocrx_word' id='word_1_226' title='bbox 733 1803 899 1837; x_wconf 89' lang='lat' dir='ltr'>vaticinio</span> <span class='ocrx_word' id='word_1_227' title='bbox 924 1803 1094 1846; x_wconf 88' lang='lat' dir='ltr'>Danielis,</span> 
     </span>
     <span class='ocr_line' id='line_1_35' title="bbox 112 1853 1095 1894; baseline -0.006 0"><span class='ocrx_word' id='word_1_228' title='bbox 112 1867 147 1894; x_wconf 86' lang='lat' dir='ltr'>et</span> <span class='ocrx_word' id='word_1_229' title='bbox 180 1860 224 1893; x_wconf 89' lang='lat' dir='ltr'>de</span> <span class='ocrx_word' id='word_1_230' title='bbox 250 1858 298 1892; x_wconf 89' lang='lat'>70</span> <span class='ocrx_word' id='word_1_231' title='bbox 328 1854 612 1890; x_wconf 84' lang='lat' dir='ltr'>hebdomadibus</span> <span class='ocrx_word' id='word_1_232' title='bbox 643 1853 735 1887; x_wconf 89' lang='lat' dir='ltr'>insra</span> <span class='ocrx_word' id='word_1_233' title='bbox 769 1854 914 1888; x_wconf 91' lang='lat' dir='ltr'>dicetur.</span> <span class='ocrx_word' id='word_1_234' title='bbox 984 1855 1095 1889; x_wconf 85' lang='lat' dir='ltr'>Valde</span> 
     </span>
     <span class='ocr_line' id='line_1_36' title="bbox 111 1904 1095 1956; baseline -0.012 -11"><span class='ocrx_word' id='word_1_235' title='bbox 111 1911 255 1956; x_wconf 89' lang='lat' dir='ltr'>prodest</span> <span class='ocrx_word' id='word_1_236' title='bbox 278 1908 381 1942; x_wconf 86' lang='lat' dir='ltr'>etiam</span> <span class='ocrx_word' id='word_1_237' title='bbox 407 1907 450 1940; x_wconf 89' lang='lat' dir='ltr'>ad</span> <span class='ocrx_word' id='word_1_238' title='bbox 479 1904 756 1939; x_wconf 86' lang='lat' dir='ltr'>consolationem</span> <span class='ocrx_word' id='word_1_239' title='bbox 781 1905 939 1949; x_wconf 90' lang='lat' dir='ltr'>piorum,</span> <span class='ocrx_word' id='word_1_240' title='bbox 979 1906 1095 1939; x_wconf 89' lang='lat' dir='ltr'>consi..</span> 
     </span>
     <span class='ocr_line' id='line_1_37' title="bbox 112 1956 1094 2002; baseline -0.005 -7"><span class='ocrx_word' id='word_1_241' title='bbox 112 1963 234 1995; x_wconf 88' lang='lat' dir='ltr'>derare</span> <span class='ocrx_word' id='word_1_242' title='bbox 257 1958 409 2002; x_wconf 87' lang='lat' dir='ltr'>insignia</span> <span class='ocrx_word' id='word_1_243' title='bbox 435 1956 593 1999; x_wconf 86' lang='lat' dir='ltr'>exempla</span> <span class='ocrx_word' id='word_1_244' title='bbox 627 1956 869 1989; x_wconf 86' lang='lat' dir='ltr'>conversionis</span> <span class='ocrx_word' id='word_1_245' title='bbox 902 1956 991 1999; x_wconf 84' lang='lat' dir='ltr'>regis</span> <span class='ocrx_word' id='word_1_246' title='bbox 1022 1956 1094 1990; x_wconf 89' lang='lat' dir='ltr'>Na-</span> 
     </span>
     <span class='ocr_line' id='line_1_38' title="bbox 111 2005 1094 2055; baseline -0.006 -10"><span class='ocrx_word' id='word_1_247' title='bbox 111 2013 355 2055; x_wconf 87' lang='lat' dir='ltr'>bogdonosor‚</span> <span class='ocrx_word' id='word_1_248' title='bbox 382 2007 503 2048; x_wconf 88' lang='lat' dir='ltr'>Darii,</span> <span class='ocrx_word' id='word_1_249' title='bbox 529 2005 625 2051; x_wconf 84' lang='lat' dir='ltr'>Cyri.</span> <span class='ocrx_word' id='word_1_250' title='bbox 680 2006 795 2048; x_wconf 82' lang='lat' dir='ltr'>Quam</span> <span class='ocrx_word' id='word_1_251' title='bbox 822 2007 958 2041; x_wconf 87' lang='lat' dir='ltr'>illustre</span> <span class='ocrx_word' id='word_1_252' title='bbox 979 2019 1094 2040; x_wconf 88' lang='lat' dir='ltr'>exem-</span> 
     </span>
     <span class='ocr_line' id='line_1_39' title="bbox 112 2057 1093 2107; baseline -0.005 -11"><span class='ocrx_word' id='word_1_253' title='bbox 112 2063 212 2107; x_wconf 90' lang='lat' dir='ltr'>plum</span> <span class='ocrx_word' id='word_1_254' title='bbox 235 2067 285 2094; x_wconf 87' lang='lat' dir='ltr'>est</span> <span class='ocrx_word' id='word_1_255' title='bbox 308 2059 463 2102; x_wconf 83' lang='lat' dir='ltr'>regulae:</span> <span class='ocrx_word' id='word_1_256' title='bbox 499 2057 622 2090; x_wconf 81' lang='lat' dir='ltr'>Gratia</span> <span class='ocrx_word' id='word_1_257' title='bbox 646 2058 811 2090; x_wconf 82' lang='lat' dir='ltr'>exuberat</span> <span class='ocrx_word' id='word_1_258' title='bbox 843 2069 947 2102; x_wconf 91' lang='lat' dir='ltr'>supra</span> <span class='ocrx_word' id='word_1_259' title='bbox 972 2070 1093 2102; x_wconf 87' lang='lat' dir='ltr'>pecca-</span> 
     </span>
     <span class='ocr_line' id='line_1_40' title="bbox 111 2107 1092 2154; baseline -0.003 -8"><span class='ocrx_word' id='word_1_260' title='bbox 111 2121 205 2154; x_wconf 83' lang='lat' dir='ltr'>tum,</span> <span class='ocrx_word' id='word_1_261' title='bbox 236 2111 418 2146; x_wconf 86' lang='lat' dir='ltr'>conversio</span> <span class='ocrx_word' id='word_1_262' title='bbox 443 2108 532 2151; x_wconf 85' lang='lat' dir='ltr'>regis</span> <span class='ocrx_word' id='word_1_263' title='bbox 558 2107 863 2150; x_wconf 84' lang='lat' dir='ltr'>Nahogdonosor&#39;?</span> <span class='ocrx_word' id='word_1_264' title='bbox 914 2108 1092 2143; x_wconf 84' lang='lat' dir='ltr'>Interfecit</span> 
     </span>
     <span class='ocr_line' id='line_1_41' title="bbox 111 2158 1093 2203; baseline -0.006 -5"><span class='ocrx_word' id='word_1_265' title='bbox 111 2162 170 2198; x_wconf 90' lang='lat' dir='ltr'>hic</span> <span class='ocrx_word' id='word_1_266' title='bbox 210 2175 269 2196; x_wconf 84' lang='lat' dir='ltr'>rex</span> <span class='ocrx_word' id='word_1_267' title='bbox 315 2161 444 2195; x_wconf 88' lang='lat' dir='ltr'>multos</span> <span class='ocrx_word' id='word_1_268' title='bbox 485 2165 638 2199; x_wconf 75' lang='lat' dir='ltr'>sanctos,</span> <span class='ocrx_word' id='word_1_269' title='bbox 686 2158 859 2192; x_wconf 90' lang='lat' dir='ltr'>deleverat</span> <span class='ocrx_word' id='word_1_270' title='bbox 905 2160 1093 2203; x_wconf 88' lang='lat' dir='ltr'>templum,</span> 
     </span>
     <span class='ocr_line' id='line_1_42' title="bbox 110 2210 1090 2260; baseline -0.006 -11"><span class='ocrx_word' id='word_1_271' title='bbox 110 2221 229 2260; x_wconf 87' lang='lat' dir='ltr'>postea</span> <span class='ocrx_word' id='word_1_272' title='bbox 244 2212 425 2247; x_wconf 86' lang='lat' dir='ltr'>mandavit</span> <span class='ocrx_word' id='word_1_273' title='bbox 439 2210 579 2245; x_wconf 85' lang='lat' dir='ltr'>adorari</span> <span class='ocrx_word' id='word_1_274' title='bbox 593 2215 734 2250; x_wconf 87' lang='lat' dir='ltr'>statuas,</span> <span class='ocrx_word' id='word_1_275' title='bbox 758 2210 906 2244; x_wconf 90' lang='lat' dir='ltr'>coniecit</span> <span class='ocrx_word' id='word_1_276' title='bbox 921 2211 957 2243; x_wconf 88' lang='lat' dir='ltr'>in</span> <span class='ocrx_word' id='word_1_277' title='bbox 976 2211 1090 2254; x_wconf 83' lang='lat' dir='ltr'>ignem</span> 
     </span>
     <span class='ocr_line' id='line_1_43' title="bbox 107 2260 1091 2304; baseline -0.004 -6"><span class='ocrx_word' id='word_1_278' title='bbox 107 2266 204 2298; x_wconf 85' lang='lat' dir='ltr'>viros</span> <span class='ocrx_word' id='word_1_279' title='bbox 221 2271 357 2298; x_wconf 90' lang='lat' dir='ltr'>sanctos</span> <span class='ocrx_word' id='word_1_280' title='bbox 369 2290 378 2303; x_wconf 94' lang='lat'>,</span> <span class='ocrx_word' id='word_1_281' title='bbox 405 2268 561 2296; x_wconf 88' lang='lat' dir='ltr'>taxantes</span> <span class='ocrx_word' id='word_1_282' title='bbox 579 2260 707 2304; x_wconf 90' lang='lat' dir='ltr'>impios</span> <span class='ocrx_word' id='word_1_283' title='bbox 724 2261 851 2295; x_wconf 86' lang='lat' dir='ltr'>cultus.</span> <span class='ocrx_word' id='word_1_284' title='bbox 899 2261 1011 2296; x_wconf 83' lang='lat' dir='ltr'>Tanta</span> <span class='ocrx_word' id='word_1_285' title='bbox 1030 2263 1091 2295; x_wconf 89' lang='lat' dir='ltr'>de-</span> 
     </span>
     <span class='ocr_line' id='line_1_44' title="bbox 111 2311 1090 2358; baseline -0.003 -9"><span class='ocrx_word' id='word_1_286' title='bbox 111 2316 191 2349; x_wconf 89' lang='lat' dir='ltr'>licta</span> <span class='ocrx_word' id='word_1_287' title='bbox 207 2320 423 2349; x_wconf 87' lang='lat' dir='ltr'>attraxerunt</span> <span class='ocrx_word' id='word_1_288' title='bbox 439 2311 647 2345; x_wconf 88' lang='lat' dir='ltr'>horribilem</span> <span class='ocrx_word' id='word_1_289' title='bbox 663 2323 829 2356; x_wconf 90' lang='lat' dir='ltr'>poenam,</span> <span class='ocrx_word' id='word_1_290' title='bbox 856 2325 874 2346; x_wconf 88' lang='lat' dir='ltr'>a</span> <span class='ocrx_word' id='word_1_291' title='bbox 890 2325 957 2358; x_wconf 88' lang='lat' dir='ltr'>qua</span> <span class='ocrx_word' id='word_1_292' title='bbox 973 2319 1090 2346; x_wconf 87' lang='lat' dir='ltr'>tamen</span> 
     </span>
     <span class='ocr_line' id='line_1_45' title="bbox 109 2363 1090 2409; baseline -0.002 -9"><span class='ocrx_word' id='word_1_293' title='bbox 109 2365 206 2400; x_wconf 91' lang='lat' dir='ltr'>Deus</span> <span class='ocrx_word' id='word_1_294' title='bbox 222 2378 300 2399; x_wconf 90' lang='lat' dir='ltr'>eum</span> <span class='ocrx_word' id='word_1_295' title='bbox 318 2372 461 2409; x_wconf 87' lang='lat' dir='ltr'>propter</span> <span class='ocrx_word' id='word_1_296' title='bbox 479 2374 595 2407; x_wconf 86' lang='lat' dir='ltr'>preces</span> <span class='ocrx_word' id='word_1_297' title='bbox 614 2369 814 2395; x_wconf 91' lang='lat' dir='ltr'>sanctorum</span> <span class='ocrx_word' id='word_1_298' title='bbox 832 2363 1004 2397; x_wconf 86' lang='lat' dir='ltr'>liberavit.</span> <span class='ocrx_word' id='word_1_299' title='bbox 1042 2363 1090 2398; x_wconf 86' lang='lat' dir='ltr'>Et</span> 
     </span>
     <span class='ocr_line' id='line_1_46' title="bbox 108 2411 1090 2462; baseline -0.004 -11"><span class='ocrx_word' id='word_1_300' title='bbox 108 2424 227 2462; x_wconf 89' lang='lat' dir='ltr'>postea</span> <span class='ocrx_word' id='word_1_301' title='bbox 245 2415 538 2450; x_wconf 81' lang='lat' dir='ltr'>commonefactus</span> <span class='ocrx_word' id='word_1_302' title='bbox 559 2411 622 2446; x_wconf 85' lang='lat' dir='ltr'>hac</span> <span class='ocrx_word' id='word_1_303' title='bbox 642 2425 751 2457; x_wconf 75' lang='lat' dir='ltr'>poena</span> <span class='ocrx_word' id='word_1_304' title='bbox 769 2414 867 2447; x_wconf 90' lang='lat' dir='ltr'>audit</span> <span class='ocrx_word' id='word_1_305' title='bbox 886 2412 1090 2458; x_wconf 84' lang='lat' dir='ltr'>Prophetas,</span> 
     </span>
     <span class='ocr_line' id='line_1_47' title="bbox 110 2465 1089 2509; baseline -0.002 -9"><span class='ocrx_word' id='word_1_306' title='bbox 110 2475 145 2502; x_wconf 88' lang='lat' dir='ltr'>et</span> <span class='ocrx_word' id='word_1_307' title='bbox 170 2479 291 2501; x_wconf 88' lang='lat' dir='ltr'>verum</span> <span class='ocrx_word' id='word_1_308' title='bbox 316 2465 429 2500; x_wconf 90' lang='lat' dir='ltr'>Deum</span> <span class='ocrx_word' id='word_1_309' title='bbox 455 2465 630 2509; x_wconf 84' lang='lat' dir='ltr'>agnoscit,</span> <span class='ocrx_word' id='word_1_310' title='bbox 658 2474 690 2497; x_wconf 90' lang='lat' dir='ltr'>et</span> <span class='ocrx_word' id='word_1_311' title='bbox 706 2465 749 2497; x_wconf 85' lang='lat' dir='ltr'>ad</span> <span class='ocrx_word' id='word_1_312' title='bbox 768 2476 846 2496; x_wconf 84' lang='lat' dir='ltr'>cum</span> <span class='ocrx_word' id='word_1_313' title='bbox 863 2465 1089 2506; x_wconf 86' lang='lat' dir='ltr'>convertitur,</span> 
     </span>
     <span class='ocr_line' id='line_1_48' title="bbox 111 2516 1089 2563; baseline -0.003 -11"><span class='ocrx_word' id='word_1_314' title='bbox 111 2531 148 2552; x_wconf 86' lang='lat' dir='ltr'>ac</span> <span class='ocrx_word' id='word_1_315' title='bbox 166 2519 352 2563; x_wconf 85' lang='lat' dir='ltr'>recipitur,</span> <span class='ocrx_word' id='word_1_316' title='bbox 379 2528 579 2561; x_wconf 84' lang='lat' dir='ltr'>quanquam</span> <span class='ocrx_word' id='word_1_317' title='bbox 599 2522 693 2549; x_wconf 89' lang='lat' dir='ltr'>tanta</span> <span class='ocrx_word' id='word_1_318' title='bbox 711 2516 821 2547; x_wconf 81' lang='lat' dir='ltr'>suerat</span> <span class='ocrx_word' id='word_1_319' title='bbox 840 2516 949 2549; x_wconf 92' lang='lat' dir='ltr'>moles</span> <span class='ocrx_word' id='word_1_320' title='bbox 967 2527 1089 2560; x_wconf 87' lang='lat' dir='ltr'>pecca—</span> 
     </span>
     <span class='ocr_line' id='line_1_49' title="bbox 110 2566 1087 2610; baseline -0.002 -7"><span class='ocrx_word' id='word_1_321' title='bbox 110 2576 247 2610; x_wconf 84' lang='lat' dir='ltr'>torum,</span> <span class='ocrx_word' id='word_1_322' title='bbox 279 2576 319 2603; x_wconf 90' lang='lat' dir='ltr'>ut</span> <span class='ocrx_word' id='word_1_323' title='bbox 342 2567 546 2609; x_wconf 79' lang='lat' dir='ltr'>magnitudo</span> <span class='ocrx_word' id='word_1_324' title='bbox 576 2578 649 2600; x_wconf 90' lang='lat' dir='ltr'>non</span> <span class='ocrx_word' id='word_1_325' title='bbox 682 2566 827 2608; x_wconf 85' lang='lat' dir='ltr'>cogitari</span> <span class='ocrx_word' id='word_1_326' title='bbox 856 2566 938 2599; x_wconf 90' lang='lat' dir='ltr'>satis</span> <span class='ocrx_word' id='word_1_327' title='bbox 969 2567 1087 2609; x_wconf 85' lang='lat' dir='ltr'>possit.</span> 
     </span>
     <span class='ocr_line' id='line_1_50' title="bbox 108 2615 1087 2662; baseline -0.002 -9"><span class='ocrx_word' id='word_1_328' title='bbox 108 2620 166 2653; x_wconf 82' lang='lat' dir='ltr'>Sic</span> <span class='ocrx_word' id='word_1_329' title='bbox 192 2620 298 2662; x_wconf 85' lang='lat' dir='ltr'>igitur</span> <span class='ocrx_word' id='word_1_330' title='bbox 315 2619 478 2661; x_wconf 87' lang='lat' dir='ltr'>cogitate:</span> <span class='ocrx_word' id='word_1_331' title='bbox 506 2615 673 2652; x_wconf 84' lang='lat' dir='ltr'>Ostendit</span> <span class='ocrx_word' id='word_1_332' title='bbox 692 2615 787 2650; x_wconf 88' lang='lat' dir='ltr'>Deus</span> <span class='ocrx_word' id='word_1_333' title='bbox 806 2617 890 2649; x_wconf 88' lang='lat' dir='ltr'>iram</span> <span class='ocrx_word' id='word_1_334' title='bbox 909 2628 1006 2650; x_wconf 87' lang='lat' dir='ltr'>suam</span> <span class='ocrx_word' id='word_1_335' title='bbox 1024 2618 1087 2651; x_wconf 86' lang='lat' dir='ltr'>ad-</span> 
     </span>
     <span class='ocr_line' id='line_1_51' title="bbox 109 2666 1087 2713; baseline 0.001 -11"><span class='ocrx_word' id='word_1_336' title='bbox 109 2681 229 2704; x_wconf 88' lang='lat' dir='ltr'>versus</span> <span class='ocrx_word' id='word_1_337' title='bbox 262 2675 376 2704; x_wconf 83' lang='lat' dir='ltr'>tantos</span> <span class='ocrx_word' id='word_1_338' title='bbox 401 2679 516 2712; x_wconf 81' lang='lat' dir='ltr'>reges,</span> <span class='ocrx_word' id='word_1_339' title='bbox 548 2666 740 2710; x_wconf 88' lang='lat' dir='ltr'>Davidem,</span> <span class='ocrx_word' id='word_1_340' title='bbox 768 2666 988 2713; x_wconf 84' lang='lat' dir='ltr'>Manassem,</span> <span class='ocrx_word' id='word_1_341' title='bbox 1017 2667 1087 2703; x_wconf 89' lang='lat' dir='ltr'>Na-</span> 
     </span>
    </p>
   </div>
   <div class='ocr_carea' id='block_1_5' title="bbox 879 105 1447 146">
    <p class='ocr_par' dir='ltr' id='par_1_8' title="bbox 879 105 1447 146">
     <span class='ocr_line' id='line_1_52' title="bbox 879 105 1447 146; baseline 0.004 -2"><span class='ocrx_word' id='word_1_342' title='bbox 879 106 1171 145; x_wconf 84' lang='lat' dir='ltr'>CHRONICON</span> <span class='ocrx_word' id='word_1_343' title='bbox 1198 105 1447 146; x_wconf 86' lang='lat' dir='ltr'>CARIONIS.</span> 
     </span>
    </p>
   </div>
   <div class='ocr_carea' id='block_1_6' title="bbox 2073 112 2146 147">
    <p class='ocr_par' dir='ltr' id='par_1_9' title="bbox 2073 112 2146 147">
     <span class='ocr_line' id='line_1_53' title="bbox 2073 112 2146 147; baseline 0.027 -2"><span class='ocrx_word' id='word_1_344' title='bbox 2073 112 2146 147; x_wconf 89' lang='grc'>770</span> 
     </span>
    </p>
   </div>
   <div class='ocr_carea' id='block_1_7' title="bbox 1149 194 2144 1552">
    <p class='ocr_par' dir='ltr' id='par_1_10' title="bbox 1156 194 2144 492">
     <span class='ocr_line' id='line_1_54' title="bbox 1160 194 2144 242; baseline 0.003 -15"><span class='ocrx_word' id='word_1_345' title='bbox 1160 194 1404 237; x_wconf 87' lang='lat' dir='ltr'>bogdonosor‚</span> <span class='ocrx_word' id='word_1_346' title='bbox 1431 207 1538 240; x_wconf 88' lang='lat' dir='ltr'>quare</span> <span class='ocrx_word' id='word_1_347' title='bbox 1561 206 1625 229; x_wconf 92' lang='lat' dir='ltr'>nos</span> <span class='ocrx_word' id='word_1_348' title='bbox 1655 208 1795 242; x_wconf 88' lang='lat' dir='ltr'>quoque</span> <span class='ocrx_word' id='word_1_349' title='bbox 1815 195 1987 230; x_wconf 88' lang='lat' dir='ltr'>iudicium</span> <span class='ocrx_word' id='word_1_350' title='bbox 2009 203 2144 231; x_wconf 89' lang='lat' dir='ltr'>metua-</span> 
     </span>
     <span class='ocr_line' id='line_1_55' title="bbox 1160 247 2143 290; baseline 0.004 -13"><span class='ocrx_word' id='word_1_351' title='bbox 1160 256 1255 285; x_wconf 88' lang='lat' dir='ltr'>mus,</span> <span class='ocrx_word' id='word_1_352' title='bbox 1283 252 1315 278; x_wconf 91' lang='lat' dir='ltr'>et</span> <span class='ocrx_word' id='word_1_353' title='bbox 1338 258 1417 279; x_wconf 89' lang='lat' dir='ltr'>vere</span> <span class='ocrx_word' id='word_1_354' title='bbox 1442 258 1708 290; x_wconf 77' lang='lat' dir='ltr'>expavescamus</span> <span class='ocrx_word' id='word_1_355' title='bbox 1735 247 1914 290; x_wconf 85' lang='lat' dir='ltr'>agnitione</span> <span class='ocrx_word' id='word_1_356' title='bbox 1938 254 2143 281; x_wconf 88' lang='lat' dir='ltr'>nostrorum</span> 
     </span>
     <span class='ocr_line' id='line_1_56' title="bbox 1159 294 2144 342; baseline 0.005 -15"><span class='ocrx_word' id='word_1_357' title='bbox 1159 296 1380 333; x_wconf 85' lang='lat' dir='ltr'>delictorum.</span> <span class='ocrx_word' id='word_1_358' title='bbox 1433 294 1479 331; x_wconf 88' lang='lat' dir='ltr'>Et</span> <span class='ocrx_word' id='word_1_359' title='bbox 1494 309 1571 330; x_wconf 92' lang='lat' dir='ltr'>cum</span> <span class='ocrx_word' id='word_1_360' title='bbox 1589 298 1759 342; x_wconf 88' lang='lat' dir='ltr'>receperit</span> <span class='ocrx_word' id='word_1_361' title='bbox 1773 297 1870 332; x_wconf 88' lang='lat' dir='ltr'>Deus</span> <span class='ocrx_word' id='word_1_362' title='bbox 1886 298 2144 332; x_wconf 90' lang='lat' dir='ltr'>contaminatos</span> 
     </span>
     <span class='ocr_line' id='line_1_57' title="bbox 1158 343 2142 392; baseline 0.004 -14"><span class='ocrx_word' id='word_1_363' title='bbox 1158 352 1228 379; x_wconf 88' lang='lat' dir='ltr'>tam</span> <span class='ocrx_word' id='word_1_364' title='bbox 1247 343 1433 381; x_wconf 90' lang='lat' dir='ltr'>horrendis</span> <span class='ocrx_word' id='word_1_365' title='bbox 1454 348 1661 387; x_wconf 86' lang='lat' dir='ltr'>sceleribus,</span> <span class='ocrx_word' id='word_1_366' title='bbox 1688 360 1761 381; x_wconf 88' lang='lat' dir='ltr'>non</span> <span class='ocrx_word' id='word_1_367' title='bbox 1777 349 1978 382; x_wconf 89' lang='lat' dir='ltr'>dubitemus</span> <span class='ocrx_word' id='word_1_368' title='bbox 1995 349 2142 392; x_wconf 86' lang='lat' dir='ltr'>gratiam</span> 
     </span>
     <span class='ocr_line' id='line_1_58' title="bbox 1159 397 2142 444; baseline 0.005 -16"><span class='ocrx_word' id='word_1_369' title='bbox 1159 397 1346 430; x_wconf 88' lang='lat' dir='ltr'>exuberare</span> <span class='ocrx_word' id='word_1_370' title='bbox 1366 409 1470 442; x_wconf 86' lang='lat' dir='ltr'>supra</span> <span class='ocrx_word' id='word_1_371' title='bbox 1489 398 1655 432; x_wconf 87' lang='lat' dir='ltr'>delictum</span> <span class='ocrx_word' id='word_1_372' title='bbox 1669 422 1678 437; x_wconf 92' lang='lat'>‚</span> <span class='ocrx_word' id='word_1_373' title='bbox 1705 406 1737 432; x_wconf 91' lang='lat' dir='ltr'>et</span> <span class='ocrx_word' id='word_1_374' title='bbox 1754 399 1866 433; x_wconf 86' lang='lat' dir='ltr'>filium</span> <span class='ocrx_word' id='word_1_375' title='bbox 1882 398 1947 433; x_wconf 89' lang='lat' dir='ltr'>Dei</span> <span class='ocrx_word' id='word_1_376' title='bbox 1965 400 2142 444; x_wconf 84' lang='lat' dir='ltr'>potentio·</span> 
     </span>
     <span class='ocr_line' id='line_1_59' title="bbox 1156 449 1695 492; baseline 0.007 -13"><span class='ocrx_word' id='word_1_377' title='bbox 1156 458 1230 480; x_wconf 87' lang='lat' dir='ltr'>rem</span> <span class='ocrx_word' id='word_1_378' title='bbox 1250 459 1322 480; x_wconf 88' lang='lat' dir='ltr'>esse</span> <span class='ocrx_word' id='word_1_379' title='bbox 1339 454 1413 482; x_wconf 89' lang='lat' dir='ltr'>toto</span> <span class='ocrx_word' id='word_1_380' title='bbox 1430 460 1537 491; x_wconf 86' lang='lat' dir='ltr'>regno</span> <span class='ocrx_word' id='word_1_381' title='bbox 1553 449 1695 492; x_wconf 81' lang='lat' dir='ltr'>peccati.</span> 
     </span>
    </p>

    <p class='ocr_par' dir='ltr' id='par_1_11' title="bbox 1149 496 2141 1552">
     <span class='ocr_line' id='line_1_60' title="bbox 1258 496 2141 542; baseline 0.003 -11"><span class='ocrx_word' id='word_1_382' title='bbox 1258 496 1443 532; x_wconf 89' lang='lat' dir='ltr'>Discamus</span> <span class='ocrx_word' id='word_1_383' title='bbox 1468 500 1572 533; x_wconf 87' lang='lat' dir='ltr'>etiam</span> <span class='ocrx_word' id='word_1_384' title='bbox 1588 505 1680 532; x_wconf 89' lang='lat' dir='ltr'>recte</span> <span class='ocrx_word' id='word_1_385' title='bbox 1699 498 1894 542; x_wconf 88' lang='lat' dir='ltr'>intelligere</span> <span class='ocrx_word' id='word_1_386' title='bbox 1919 501 2050 534; x_wconf 89' lang='lat' dir='ltr'>dictum</span> <span class='ocrx_word' id='word_1_387' title='bbox 2069 499 2141 534; x_wconf 92' lang='lat' dir='ltr'>Da-</span> 
     </span>
     <span class='ocr_line' id='line_1_61' title="bbox 1157 547 2140 592; baseline 0.004 -12"><span class='ocrx_word' id='word_1_388' title='bbox 1157 547 1260 581; x_wconf 90' lang='lat' dir='ltr'>nielis</span> <span class='ocrx_word' id='word_1_389' title='bbox 1278 549 1321 581; x_wconf 89' lang='lat' dir='ltr'>ad</span> <span class='ocrx_word' id='word_1_390' title='bbox 1348 559 1479 592; x_wconf 86' lang='lat' dir='ltr'>regem:</span> <span class='ocrx_word' id='word_1_391' title='bbox 1514 548 1659 582; x_wconf 89' lang='lat' dir='ltr'>Peccata</span> <span class='ocrx_word' id='word_1_392' title='bbox 1683 555 1741 582; x_wconf 89' lang='lat' dir='ltr'>tua</span> <span class='ocrx_word' id='word_1_393' title='bbox 1761 561 1901 583; x_wconf 82' lang='lat' dir='ltr'>remove</span> <span class='ocrx_word' id='word_1_394' title='bbox 1921 551 2079 590; x_wconf 90' lang='lat' dir='ltr'>iusticia,</span> <span class='ocrx_word' id='word_1_395' title='bbox 2107 559 2140 584; x_wconf 91' lang='lat' dir='ltr'>et</span> 
     </span>
     <span class='ocr_line' id='line_1_62' title="bbox 1156 598 2141 644; baseline 0.004 -14"><span class='ocrx_word' id='word_1_396' title='bbox 1156 598 1360 644; x_wconf 88' lang='lat' dir='ltr'>iniquitates</span> <span class='ocrx_word' id='word_1_397' title='bbox 1390 606 1466 632; x_wconf 89' lang='lat' dir='ltr'>tuas</span> <span class='ocrx_word' id='word_1_398' title='bbox 1496 599 1673 633; x_wconf 87' lang='lat' dir='ltr'>beneficiis</span> <span class='ocrx_word' id='word_1_399' title='bbox 1699 611 1777 642; x_wconf 89' lang='lat' dir='ltr'>erga</span> <span class='ocrx_word' id='word_1_400' title='bbox 1801 611 1988 643; x_wconf 87' lang='lat' dir='ltr'>pauperes,</span> <span class='ocrx_word' id='word_1_401' title='bbox 2021 608 2053 634; x_wconf 91' lang='lat' dir='ltr'>et</span> <span class='ocrx_word' id='word_1_402' title='bbox 2075 602 2141 635; x_wconf 89' lang='lat' dir='ltr'>erit</span> 
     </span>
     <span class='ocr_line' id='line_1_63' title="bbox 1156 649 2140 694; baseline 0.002 -12"><span class='ocrx_word' id='word_1_403' title='bbox 1156 650 1290 683; x_wconf 88' lang='lat' dir='ltr'>sanatio</span> <span class='ocrx_word' id='word_1_404' title='bbox 1307 649 1518 683; x_wconf 90' lang='lat' dir='ltr'>delictorum</span> <span class='ocrx_word' id='word_1_405' title='bbox 1534 656 1687 683; x_wconf 90' lang='lat' dir='ltr'>tuorum.</span> <span class='ocrx_word' id='word_1_406' title='bbox 1741 649 1874 683; x_wconf 90' lang='lat' dir='ltr'>Concio</span> <span class='ocrx_word' id='word_1_407' title='bbox 1892 658 1941 684; x_wconf 84' lang='lat' dir='ltr'>est</span> <span class='ocrx_word' id='word_1_408' title='bbox 1957 651 2140 694; x_wconf 86' lang='lat' dir='ltr'>poeniten-</span> 
     </span>
     <span class='ocr_line' id='line_1_64' title="bbox 1155 700 2138 745; baseline 0.002 -13"><span class='ocrx_word' id='word_1_409' title='bbox 1155 700 1245 740; x_wconf 92' lang='lat' dir='ltr'>tiae,</span> <span class='ocrx_word' id='word_1_410' title='bbox 1279 700 1315 733; x_wconf 91' lang='lat' dir='ltr'>in</span> <span class='ocrx_word' id='word_1_411' title='bbox 1343 711 1410 745; x_wconf 89' lang='lat' dir='ltr'>qua</span> <span class='ocrx_word' id='word_1_412' title='bbox 1437 700 1536 745; x_wconf 92' lang='lat' dir='ltr'>prior</span> <span class='ocrx_word' id='word_1_413' title='bbox 1556 711 1636 744; x_wconf 90' lang='lat' dir='ltr'>pars</span> <span class='ocrx_word' id='word_1_414' title='bbox 1664 700 1833 744; x_wconf 86' lang='lat' dir='ltr'>praecipit</span> <span class='ocrx_word' id='word_1_415' title='bbox 1856 702 2138 735; x_wconf 85' lang='lat' dir='ltr'>conversionem:</span> 
     </span>
     <span class='ocr_line' id='line_1_65' title="bbox 1155 747 2140 794; baseline 0.002 -11"><span class='ocrx_word' id='word_1_416' title='bbox 1155 747 1280 783; x_wconf 90' lang='lat' dir='ltr'>Abiice</span> <span class='ocrx_word' id='word_1_417' title='bbox 1299 757 1456 794; x_wconf 86' lang='lat' dir='ltr'>peccata,</span> <span class='ocrx_word' id='word_1_418' title='bbox 1481 757 1513 784; x_wconf 89' lang='lat' dir='ltr'>et</span> <span class='ocrx_word' id='word_1_419' title='bbox 1538 751 1753 784; x_wconf 90' lang='lat' dir='ltr'>convertaris</span> <span class='ocrx_word' id='word_1_420' title='bbox 1774 752 1818 784; x_wconf 92' lang='lat' dir='ltr'>ad</span> <span class='ocrx_word' id='word_1_421' title='bbox 1835 751 2007 785; x_wconf 88' lang='lat' dir='ltr'>iusticiam</span> <span class='ocrx_word' id='word_1_422' title='bbox 2028 759 2060 786; x_wconf 91' lang='lat' dir='ltr'>et</span> <span class='ocrx_word' id='word_1_423' title='bbox 2077 752 2140 785; x_wconf 89' lang='lat' dir='ltr'>be-</span> 
     </span>
     <span class='ocr_line' id='line_1_66' title="bbox 1155 800 2139 845; baseline 0.004 -13"><span class='ocrx_word' id='word_1_424' title='bbox 1155 800 1377 834; x_wconf 90' lang='lat' dir='ltr'>neficentiam</span> <span class='ocrx_word' id='word_1_425' title='bbox 1400 812 1479 844; x_wconf 86' lang='lat' dir='ltr'>erga</span> <span class='ocrx_word' id='word_1_426' title='bbox 1503 801 1631 835; x_wconf 91' lang='lat' dir='ltr'>iniuste</span> <span class='ocrx_word' id='word_1_427' title='bbox 1655 813 1849 845; x_wconf 84' lang='lat' dir='ltr'>oppressOS.</span> <span class='ocrx_word' id='word_1_428' title='bbox 1902 801 2002 836; x_wconf 88' lang='lat' dir='ltr'>Sicut</span> <span class='ocrx_word' id='word_1_429' title='bbox 2017 800 2139 836; x_wconf 89' lang='lat' dir='ltr'>Esaias</span> 
     </span>
     <span class='ocr_line' id='line_1_67' title="bbox 1154 850 2139 895; baseline 0.003 -12"><span class='ocrx_word' id='word_1_430' title='bbox 1154 850 1287 895; x_wconf 84' lang='lat' dir='ltr'>inquit:</span> <span class='ocrx_word' id='word_1_431' title='bbox 1320 851 1480 885; x_wconf 87' lang='lat' dir='ltr'>Desinite</span> <span class='ocrx_word' id='word_1_432' title='bbox 1497 852 1587 885; x_wconf 83' lang='lat' dir='ltr'>male</span> <span class='ocrx_word' id='word_1_433' title='bbox 1609 853 1740 893; x_wconf 90' lang='lat' dir='ltr'>facere,</span> <span class='ocrx_word' id='word_1_434' title='bbox 1768 859 1801 886; x_wconf 90' lang='lat' dir='ltr'>et</span> <span class='ocrx_word' id='word_1_435' title='bbox 1827 852 1948 886; x_wconf 89' lang='lat' dir='ltr'>discite</span> <span class='ocrx_word' id='word_1_436' title='bbox 1971 860 2062 886; x_wconf 90' lang='lat' dir='ltr'>recte</span> <span class='ocrx_word' id='word_1_437' title='bbox 2085 853 2139 886; x_wconf 86' lang='lat' dir='ltr'>fa·-</span> 
     </span>
     <span class='ocr_line' id='line_1_68' title="bbox 1154 901 2139 947; baseline 0.003 -13"><span class='ocrx_word' id='word_1_438' title='bbox 1154 913 1241 936; x_wconf 89' lang='lat' dir='ltr'>cere.</span> <span class='ocrx_word' id='word_1_439' title='bbox 1295 901 1457 935; x_wconf 87' lang='lat' dir='ltr'>Secunda</span> <span class='ocrx_word' id='word_1_440' title='bbox 1480 914 1558 946; x_wconf 89' lang='lat' dir='ltr'>pars</span> <span class='ocrx_word' id='word_1_441' title='bbox 1582 909 1631 936; x_wconf 88' lang='lat' dir='ltr'>est</span> <span class='ocrx_word' id='word_1_442' title='bbox 1649 903 1843 944; x_wconf 89' lang='lat' dir='ltr'>absolutio,</span> <span class='ocrx_word' id='word_1_443' title='bbox 1876 904 2038 937; x_wconf 85' lang='lat' dir='ltr'>videlicet</span> <span class='ocrx_word' id='word_1_444' title='bbox 2056 915 2139 947; x_wconf 91' lang='lat' dir='ltr'>pro—</span> 
     </span>
     <span class='ocr_line' id='line_1_69' title="bbox 1154 951 2138 998; baseline 0.004 -14"><span class='ocrx_word' id='word_1_445' title='bbox 1154 951 1274 984; x_wconf 86' lang='lat' dir='ltr'>missio</span> <span class='ocrx_word' id='word_1_446' title='bbox 1292 953 1509 985; x_wconf 86' lang='lat' dir='ltr'>remissionis</span> <span class='ocrx_word' id='word_1_447' title='bbox 1528 959 1765 996; x_wconf 79' lang='lat' dir='ltr'>peccatorum,</span> <span class='ocrx_word' id='word_1_448' title='bbox 1792 965 1894 998; x_wconf 73' lang='lat' dir='ltr'>quam</span> <span class='ocrx_word' id='word_1_449' title='bbox 1913 961 2052 997; x_wconf 90' lang='lat' dir='ltr'>oportet</span> <span class='ocrx_word' id='word_1_450' title='bbox 2069 955 2138 987; x_wconf 85' lang='lat' dir='ltr'>fide</span> 
     </span>
     <span class='ocr_line' id='line_1_70' title="bbox 1153 1000 2139 1048; baseline 0.003 -13"><span class='ocrx_word' id='word_1_451' title='bbox 1153 1001 1276 1045; x_wconf 86' lang='lat' dir='ltr'>accipi.</span> <span class='ocrx_word' id='word_1_452' title='bbox 1329 1000 1381 1035; x_wconf 87' lang='lat' dir='ltr'>Ac</span> <span class='ocrx_word' id='word_1_453' title='bbox 1405 1002 1442 1035; x_wconf 87' lang='lat' dir='ltr'>in</span> <span class='ocrx_word' id='word_1_454' title='bbox 1463 1003 1580 1047; x_wconf 91' lang='lat' dir='ltr'>priore</span> <span class='ocrx_word' id='word_1_455' title='bbox 1602 1009 1701 1046; x_wconf 88' lang='lat' dir='ltr'>parte</span> <span class='ocrx_word' id='word_1_456' title='bbox 1724 1015 1802 1036; x_wconf 91' lang='lat' dir='ltr'>cum</span> <span class='ocrx_word' id='word_1_457' title='bbox 1822 1005 2036 1048; x_wconf 87' lang='lat' dir='ltr'>praecipitur</span> <span class='ocrx_word' id='word_1_458' title='bbox 2052 1016 2139 1037; x_wconf 89' lang='lat' dir='ltr'>con-</span> 
     </span>
     <span class='ocr_line' id='line_1_71' title="bbox 1154 1051 2138 1094; baseline 0.004 -11"><span class='ocrx_word' id='word_1_459' title='bbox 1154 1052 1285 1090; x_wconf 87' lang='lat' dir='ltr'>versio,</span> <span class='ocrx_word' id='word_1_460' title='bbox 1320 1063 1393 1084; x_wconf 91' lang='lat' dir='ltr'>non</span> <span class='ocrx_word' id='word_1_461' title='bbox 1418 1051 1484 1085; x_wconf 92' lang='lat' dir='ltr'>hoc</span> <span class='ocrx_word' id='word_1_462' title='bbox 1509 1053 1656 1094; x_wconf 87' lang='lat' dir='ltr'>dicitur,</span> <span class='ocrx_word' id='word_1_463' title='bbox 1688 1059 1826 1086; x_wconf 86' lang='lat' dir='ltr'>nostras</span> <span class='ocrx_word' id='word_1_464' title='bbox 1848 1054 1994 1088; x_wconf 89' lang='lat' dir='ltr'>virtutes</span> <span class='ocrx_word' id='word_1_465' title='bbox 2010 1054 2138 1087; x_wconf 86' lang='lat' dir='ltr'>mereri</span> 
     </span>
     <span class='ocr_line' id='line_1_72' title="bbox 1152 1101 2138 1146; baseline 0.003 -12"><span class='ocrx_word' id='word_1_466' title='bbox 1152 1101 1394 1135; x_wconf 88' lang='lat' dir='ltr'>remissionem</span> <span class='ocrx_word' id='word_1_467' title='bbox 1430 1109 1672 1146; x_wconf 86' lang='lat' dir='ltr'>peccatorum,</span> <span class='ocrx_word' id='word_1_468' title='bbox 1706 1104 1765 1136; x_wconf 92' lang='lat' dir='ltr'>sed</span> <span class='ocrx_word' id='word_1_469' title='bbox 1798 1109 1934 1137; x_wconf 91' lang='lat' dir='ltr'>tantum</span> <span class='ocrx_word' id='word_1_470' title='bbox 1969 1105 2138 1138; x_wconf 90' lang='lat' dir='ltr'>traditum</span> 
     </span>
     <span class='ocr_line' id='line_1_73' title="bbox 1153 1153 2138 1198; baseline 0.005 -14"><span class='ocrx_word' id='word_1_471' title='bbox 1153 1158 1202 1185; x_wconf 90' lang='lat' dir='ltr'>est</span> <span class='ocrx_word' id='word_1_472' title='bbox 1227 1159 1469 1197; x_wconf 89' lang='lat' dir='ltr'>praeceptum,</span> <span class='ocrx_word' id='word_1_473' title='bbox 1497 1153 1533 1186; x_wconf 89' lang='lat' dir='ltr'>in</span> <span class='ocrx_word' id='word_1_474' title='bbox 1551 1165 1622 1198; x_wconf 92' lang='lat' dir='ltr'>quo</span> <span class='ocrx_word' id='word_1_475' title='bbox 1647 1159 1680 1187; x_wconf 88' lang='lat' dir='ltr'>et</span> <span class='ocrx_word' id='word_1_476' title='bbox 1696 1153 1802 1187; x_wconf 88' lang='lat' dir='ltr'>verba</span> <span class='ocrx_word' id='word_1_477' title='bbox 1823 1161 1915 1188; x_wconf 90' lang='lat' dir='ltr'>recte</span> <span class='ocrx_word' id='word_1_478' title='bbox 1935 1154 2138 1198; x_wconf 87' lang='lat' dir='ltr'>intelligen-</span> 
     </span>
     <span class='ocr_line' id='line_1_74' title="bbox 1152 1202 2136 1249; baseline 0.002 -14"><span class='ocrx_word' id='word_1_479' title='bbox 1152 1203 1196 1235; x_wconf 88' lang='lat' dir='ltr'>da</span> <span class='ocrx_word' id='word_1_480' title='bbox 1232 1209 1322 1236; x_wconf 88' lang='lat' dir='ltr'>sunt.</span> <span class='ocrx_word' id='word_1_481' title='bbox 1388 1202 1498 1246; x_wconf 87' lang='lat' dir='ltr'>Regia</span> <span class='ocrx_word' id='word_1_482' title='bbox 1529 1204 1652 1237; x_wconf 88' lang='lat' dir='ltr'>concio</span> <span class='ocrx_word' id='word_1_483' title='bbox 1684 1210 1736 1238; x_wconf 84' lang='lat' dir='ltr'>est</span> <span class='ocrx_word' id='word_1_484' title='bbox 1768 1204 1811 1237; x_wconf 88' lang='lat' dir='ltr'>de</span> <span class='ocrx_word' id='word_1_485' title='bbox 1846 1211 1919 1239; x_wconf 89' lang='lat' dir='ltr'>toto</span> <span class='ocrx_word' id='word_1_486' title='bbox 1951 1204 2136 1249; x_wconf 81' lang='lat' dir='ltr'>Decalogo.</span> 
     </span>
     <span class='ocr_line' id='line_1_75' title="bbox 1151 1251 2138 1299; baseline 0.004 -13"><span class='ocrx_word' id='word_1_487' title='bbox 1151 1251 1312 1298; x_wconf 90' lang='lat' dir='ltr'>Cumque</span> <span class='ocrx_word' id='word_1_488' title='bbox 1352 1255 1558 1288; x_wconf 86' lang='lat' dir='ltr'>nominatur</span> <span class='ocrx_word' id='word_1_489' title='bbox 1590 1254 1749 1295; x_wconf 88' lang='lat' dir='ltr'>lusticia,</span> <span class='ocrx_word' id='word_1_490' title='bbox 1788 1253 2138 1299; x_wconf 87' lang='lat' dir='ltr'>comprehenduntur</span> 
     </span>
     <span class='ocr_line' id='line_1_76' title="bbox 1151 1303 2137 1349; baseline 0.005 -14"><span class='ocrx_word' id='word_1_491' title='bbox 1151 1315 1234 1336; x_wconf 89' lang='lat' dir='ltr'>vera</span> <span class='ocrx_word' id='word_1_492' title='bbox 1259 1304 1392 1347; x_wconf 85' lang='lat' dir='ltr'>agnitio</span> <span class='ocrx_word' id='word_1_493' title='bbox 1418 1303 1506 1345; x_wconf 90' lang='lat' dir='ltr'>Dei,</span> <span class='ocrx_word' id='word_1_494' title='bbox 1537 1304 1670 1347; x_wconf 83' lang='lat' dir='ltr'>agnitio</span> <span class='ocrx_word' id='word_1_495' title='bbox 1694 1305 1857 1349; x_wconf 90' lang='lat' dir='ltr'>promissi</span> <span class='ocrx_word' id='word_1_496' title='bbox 1873 1306 2075 1348; x_wconf 87' lang='lat' dir='ltr'>salvatoris,</span> <span class='ocrx_word' id='word_1_497' title='bbox 2103 1314 2137 1340; x_wconf 89' lang='lat' dir='ltr'>et</span> 
     </span>
     <span class='ocr_line' id='line_1_77' title="bbox 1151 1353 2137 1400; baseline 0.005 -14"><span class='ocrx_word' id='word_1_498' title='bbox 1151 1353 1246 1386; x_wconf 84' lang='lat' dir='ltr'>fides.</span> <span class='ocrx_word' id='word_1_499' title='bbox 1298 1353 1437 1387; x_wconf 91' lang='lat' dir='ltr'>Deinde</span> <span class='ocrx_word' id='word_1_500' title='bbox 1462 1354 1729 1399; x_wconf 90' lang='lat' dir='ltr'>praecipiuntur</span> <span class='ocrx_word' id='word_1_501' title='bbox 1750 1355 1917 1389; x_wconf 85' lang='lat' dir='ltr'>beneficia</span> <span class='ocrx_word' id='word_1_502' title='bbox 1945 1357 1982 1389; x_wconf 92' lang='lat' dir='ltr'>in</span> <span class='ocrx_word' id='word_1_503' title='bbox 2007 1357 2137 1400; x_wconf 87' lang='lat' dir='ltr'>guber-</span> 
     </span>
     <span class='ocr_line' id='line_1_78' title="bbox 1151 1403 2136 1449; baseline 0.005 -12"><span class='ocrx_word' id='word_1_504' title='bbox 1151 1405 1312 1446; x_wconf 88' lang='lat' dir='ltr'>natione,</span> <span class='ocrx_word' id='word_1_505' title='bbox 1340 1412 1379 1439; x_wconf 93' lang='lat' dir='ltr'>ut</span> <span class='ocrx_word' id='word_1_506' title='bbox 1394 1406 1536 1448; x_wconf 89' lang='lat' dir='ltr'>cogitet,</span> <span class='ocrx_word' id='word_1_507' title='bbox 1562 1406 1709 1449; x_wconf 87' lang='lat' dir='ltr'>imperia</span> <span class='ocrx_word' id='word_1_508' title='bbox 1726 1418 1743 1439; x_wconf 90' lang='lat' dir='ltr'>a</span> <span class='ocrx_word' id='word_1_509' title='bbox 1755 1403 1830 1439; x_wconf 89' lang='lat' dir='ltr'>Deo</span> <span class='ocrx_word' id='word_1_510' title='bbox 1849 1407 2038 1441; x_wconf 91' lang='lat' dir='ltr'>constituta</span> <span class='ocrx_word' id='word_1_511' title='bbox 2051 1419 2136 1447; x_wconf 88' lang='lat' dir='ltr'>esse,</span> 
     </span>
     <span class='ocr_line' id='line_1_79' title="bbox 1150 1456 2135 1499; baseline 0.004 -11"><span class='ocrx_word' id='word_1_512' title='bbox 1150 1461 1188 1488; x_wconf 91' lang='lat' dir='ltr'>ut</span> <span class='ocrx_word' id='word_1_513' title='bbox 1220 1456 1361 1489; x_wconf 81' lang='lat' dir='ltr'>foveant</span> <span class='ocrx_word' id='word_1_514' title='bbox 1394 1463 1427 1489; x_wconf 92' lang='lat' dir='ltr'>et</span> <span class='ocrx_word' id='word_1_515' title='bbox 1461 1462 1580 1499; x_wconf 87' lang='lat' dir='ltr'>tegant</span> <span class='ocrx_word' id='word_1_516' title='bbox 1613 1456 1805 1498; x_wconf 85' lang='lat' dir='ltr'>legitimam</span> <span class='ocrx_word' id='word_1_517' title='bbox 1833 1458 2052 1497; x_wconf 87' lang='lat' dir='ltr'>societatem,</span> <span class='ocrx_word' id='word_1_518' title='bbox 2096 1470 2135 1492; x_wconf 87' lang='lat' dir='ltr'>ac</span> 
     </span>
     <span class='ocr_line' id='line_1_80' title="bbox 1149 1504 2069 1552; baseline 0.005 -15"><span class='ocrx_word' id='word_1_519' title='bbox 1149 1506 1354 1549; x_wconf 88' lang='lat' dir='ltr'>praesertim</span> <span class='ocrx_word' id='word_1_520' title='bbox 1372 1512 1411 1539; x_wconf 94' lang='lat' dir='ltr'>ut</span> <span class='ocrx_word' id='word_1_521' title='bbox 1428 1517 1613 1550; x_wconf 89' lang='lat' dir='ltr'>oppressae</span> <span class='ocrx_word' id='word_1_522' title='bbox 1629 1504 1809 1540; x_wconf 87' lang='lat' dir='ltr'>Ecclesiae</span> <span class='ocrx_word' id='word_1_523' title='bbox 1825 1519 1927 1552; x_wconf 87' lang='lat' dir='ltr'>opem</span> <span class='ocrx_word' id='word_1_524' title='bbox 1944 1508 2069 1543; x_wconf 86' lang='lat' dir='ltr'>ferant.</span> 
     </span>
    </p>
   </div>
   <div class='ocr_carea' id='block_1_8' title="bbox 1404 1595 1878 1637">
    <p class='ocr_par' dir='ltr' id='par_1_12' title="bbox 1404 1595 1878 1637">
     <span class='ocr_line' id='line_1_81' title="bbox 1404 1595 1878 1637; baseline 0.006 -11"><span class='ocrx_word' id='word_1_525' title='bbox 1404 1595 1463 1627; x_wconf 88' lang='lat' dir='ltr'>De</span> <span class='ocrx_word' id='word_1_526' title='bbox 1491 1605 1615 1637; x_wconf 74' lang='lat' dir='ltr'>reyno</span> <span class='ocrx_word' id='word_1_527' title='bbox 1646 1595 1878 1629; x_wconf 79' lang='lat' dir='ltr'>Samariae.</span> 
     </span>
    </p>
   </div>
   <div class='ocr_carea' id='block_1_9' title="bbox 1139 1657 2135 2715">
    <p class='ocr_par' dir='ltr' id='par_1_13' title="bbox 1142 1657 2135 2400">
     <span class='ocr_line' id='line_1_82' title="bbox 1250 1657 2135 1702; baseline 0.006 -12"><span class='ocrx_word' id='word_1_528' title='bbox 1250 1657 1366 1701; x_wconf 91' lang='lat' dir='ltr'>Supra</span> <span class='ocrx_word' id='word_1_529' title='bbox 1390 1657 1524 1691; x_wconf 85' lang='lat' dir='ltr'>dictum</span> <span class='ocrx_word' id='word_1_530' title='bbox 1547 1664 1617 1699; x_wconf 91' lang='lat' dir='ltr'>est,</span> <span class='ocrx_word' id='word_1_531' title='bbox 1651 1666 1730 1702; x_wconf 91' lang='lat' dir='ltr'>post</span> <span class='ocrx_word' id='word_1_532' title='bbox 1752 1659 1979 1693; x_wconf 88' lang='lat' dir='ltr'>Salomonem</span> <span class='ocrx_word' id='word_1_533' title='bbox 2006 1662 2135 1696; x_wconf 85' lang='lat' dir='ltr'>dilace-</span> 
     </span>
     <span class='ocr_line' id='line_1_83' title="bbox 1148 1707 2134 1751; baseline 0.008 -13"><span class='ocrx_word' id='word_1_534' title='bbox 1148 1711 1264 1739; x_wconf 86' lang='lat' dir='ltr'>ratum</span> <span class='ocrx_word' id='word_1_535' title='bbox 1289 1718 1361 1739; x_wconf 91' lang='lat' dir='ltr'>esse</span> <span class='ocrx_word' id='word_1_536' title='bbox 1384 1718 1533 1750; x_wconf 86' lang='lat' dir='ltr'>regnum</span> <span class='ocrx_word' id='word_1_537' title='bbox 1557 1708 1680 1751; x_wconf 90' lang='lat' dir='ltr'>populi</span> <span class='ocrx_word' id='word_1_538' title='bbox 1704 1707 1789 1750; x_wconf 89' lang='lat' dir='ltr'>Dei,</span> <span class='ocrx_word' id='word_1_539' title='bbox 1816 1716 1848 1743; x_wconf 87' lang='lat' dir='ltr'>et</span> <span class='ocrx_word' id='word_1_540' title='bbox 1875 1723 1893 1744; x_wconf 93' lang='lat' dir='ltr'>a</span> <span class='ocrx_word' id='word_1_541' title='bbox 1911 1710 1997 1745; x_wconf 92' lang='lat' dir='ltr'>Iuda</span> <span class='ocrx_word' id='word_1_542' title='bbox 2014 1713 2134 1746; x_wconf 85' lang='lat' dir='ltr'>decem</span> 
     </span>
     <span class='ocr_line' id='line_1_84' title="bbox 1148 1756 2135 1804; baseline 0.007 -14"><span class='ocrx_word' id='word_1_543' title='bbox 1148 1756 1262 1790; x_wconf 90' lang='lat' dir='ltr'>tribus</span> <span class='ocrx_word' id='word_1_544' title='bbox 1284 1757 1422 1790; x_wconf 89' lang='lat' dir='ltr'>avulsas</span> <span class='ocrx_word' id='word_1_545' title='bbox 1447 1769 1530 1792; x_wconf 86' lang='lat' dir='ltr'>esse.</span> <span class='ocrx_word' id='word_1_546' title='bbox 1577 1756 1630 1791; x_wconf 88' lang='lat' dir='ltr'>Ea</span> <span class='ocrx_word' id='word_1_547' title='bbox 1649 1758 1852 1794; x_wconf 85' lang='lat' dir='ltr'>dilaceratio</span> <span class='ocrx_word' id='word_1_548' title='bbox 1869 1761 1966 1804; x_wconf 84' lang='lat' dir='ltr'>regni</span> <span class='ocrx_word' id='word_1_549' title='bbox 1989 1768 2021 1796; x_wconf 90' lang='lat' dir='ltr'>et</span> <span class='ocrx_word' id='word_1_550' title='bbox 2040 1763 2135 1797; x_wconf 86' lang='lat' dir='ltr'>bella</span> 
     </span>
     <span class='ocr_line' id='line_1_85' title="bbox 1148 1807 2135 1857; baseline 0.008 -17"><span class='ocrx_word' id='word_1_551' title='bbox 1148 1807 1265 1840; x_wconf 89' lang='lat' dir='ltr'>civilia</span> <span class='ocrx_word' id='word_1_552' title='bbox 1281 1807 1426 1842; x_wconf 90' lang='lat' dir='ltr'>adsidua</span> <span class='ocrx_word' id='word_1_553' title='bbox 1442 1808 1595 1852; x_wconf 87' lang='lat' dir='ltr'>peperit,</span> <span class='ocrx_word' id='word_1_554' title='bbox 1624 1816 1656 1843; x_wconf 91' lang='lat' dir='ltr'>et</span> <span class='ocrx_word' id='word_1_555' title='bbox 1672 1821 1784 1844; x_wconf 86' lang='lat' dir='ltr'>novos</span> <span class='ocrx_word' id='word_1_556' title='bbox 1807 1823 1846 1844; x_wconf 88' lang='lat' dir='ltr'>ac</span> <span class='ocrx_word' id='word_1_557' title='bbox 1865 1812 1992 1857; x_wconf 91' lang='lat' dir='ltr'>impios</span> <span class='ocrx_word' id='word_1_558' title='bbox 2009 1814 2135 1848; x_wconf 83' lang='lat' dir='ltr'>cultus.</span> 
     </span>
     <span class='ocr_line' id='line_1_86' title="bbox 1148 1856 2133 1900; baseline 0.009 -11"><span class='ocrx_word' id='word_1_559' title='bbox 1148 1856 1242 1899; x_wconf 86' lang='lat' dir='ltr'>Quia</span> <span class='ocrx_word' id='word_1_560' title='bbox 1275 1869 1372 1900; x_wconf 86' lang='lat' dir='ltr'>reges</span> <span class='ocrx_word' id='word_1_561' title='bbox 1398 1858 1594 1900; x_wconf 88' lang='lat' dir='ltr'>Samariae,</span> <span class='ocrx_word' id='word_1_562' title='bbox 1628 1872 1672 1893; x_wconf 90' lang='lat' dir='ltr'>ne</span> <span class='ocrx_word' id='word_1_563' title='bbox 1703 1861 1816 1894; x_wconf 89' lang='lat' dir='ltr'>maior</span> <span class='ocrx_word' id='word_1_564' title='bbox 1845 1869 1933 1896; x_wconf 87' lang='lat' dir='ltr'>esset</span> <span class='ocrx_word' id='word_1_565' title='bbox 1963 1864 2133 1898; x_wconf 85' lang='lat' dir='ltr'>autoritas</span> 
     </span>
     <span class='ocr_line' id='line_1_87' title="bbox 1147 1907 2133 1956; baseline 0.008 -16"><span class='ocrx_word' id='word_1_566' title='bbox 1147 1919 1268 1951; x_wconf 87' lang='lat' dir='ltr'>regum</span> <span class='ocrx_word' id='word_1_567' title='bbox 1293 1907 1399 1949; x_wconf 87' lang='lat' dir='ltr'>luda,</span> <span class='ocrx_word' id='word_1_568' title='bbox 1432 1916 1574 1953; x_wconf 90' lang='lat' dir='ltr'>propter</span> <span class='ocrx_word' id='word_1_569' title='bbox 1598 1910 1768 1954; x_wconf 90' lang='lat' dir='ltr'>templum</span> <span class='ocrx_word' id='word_1_570' title='bbox 1793 1918 1825 1945; x_wconf 90' lang='lat' dir='ltr'>et</span> <span class='ocrx_word' id='word_1_571' title='bbox 1857 1913 2044 1956; x_wconf 84' lang='lat' dir='ltr'>collegium</span> <span class='ocrx_word' id='word_1_572' title='bbox 2075 1926 2133 1948; x_wconf 89' lang='lat' dir='ltr'>sa-</span> 
     </span>
     <span class='ocr_line' id='line_1_88' title="bbox 1148 1958 2132 2004; baseline 0.008 -13"><span class='ocrx_word' id='word_1_573' title='bbox 1148 1958 1350 1999; x_wconf 88' lang='lat' dir='ltr'>cerdotum,</span> <span class='ocrx_word' id='word_1_574' title='bbox 1391 1966 1513 1993; x_wconf 90' lang='lat' dir='ltr'>contra</span> <span class='ocrx_word' id='word_1_575' title='bbox 1544 1959 1655 2001; x_wconf 84' lang='lat' dir='ltr'>legem</span> <span class='ocrx_word' id='word_1_576' title='bbox 1696 1961 1854 1995; x_wconf 89' lang='lat' dir='ltr'>divinam</span> <span class='ocrx_word' id='word_1_577' title='bbox 1884 1963 2132 2004; x_wconf 86' lang='lat' dir='ltr'>instituerunt,</span> 
     </span>
     <span class='ocr_line' id='line_1_89' title="bbox 1146 2009 2132 2056; baseline 0.006 -14"><span class='ocrx_word' id='word_1_578' title='bbox 1146 2016 1184 2042; x_wconf 90' lang='lat' dir='ltr'>ut</span> <span class='ocrx_word' id='word_1_579' title='bbox 1212 2009 1247 2041; x_wconf 89' lang='lat' dir='ltr'>in</span> <span class='ocrx_word' id='word_1_580' title='bbox 1271 2021 1333 2042; x_wconf 93' lang='lat' dir='ltr'>suo</span> <span class='ocrx_word' id='word_1_581' title='bbox 1359 2021 1467 2052; x_wconf 88' lang='lat' dir='ltr'>regno</span> <span class='ocrx_word' id='word_1_582' title='bbox 1494 2010 1633 2043; x_wconf 87' lang='lat' dir='ltr'>duobus</span> <span class='ocrx_word' id='word_1_583' title='bbox 1660 2011 1764 2051; x_wconf 88' lang='lat' dir='ltr'>locis,</span> <span class='ocrx_word' id='word_1_584' title='bbox 1793 2012 1829 2045; x_wconf 91' lang='lat' dir='ltr'>in</span> <span class='ocrx_word' id='word_1_585' title='bbox 1844 2011 1968 2046; x_wconf 86' lang='lat' dir='ltr'>Bethel</span> <span class='ocrx_word' id='word_1_586' title='bbox 1993 2021 2024 2047; x_wconf 88' lang='lat' dir='ltr'>et</span> <span class='ocrx_word' id='word_1_587' title='bbox 2039 2013 2132 2056; x_wconf 88' lang='lat' dir='ltr'>Dan,</span> 
     </span>
     <span class='ocr_line' id='line_1_90' title="bbox 1146 2060 2131 2104; baseline 0.007 -12"><span class='ocrx_word' id='word_1_588' title='bbox 1146 2060 1384 2093; x_wconf 89' lang='lat' dir='ltr'>conderentur</span> <span class='ocrx_word' id='word_1_589' title='bbox 1412 2060 1563 2104; x_wconf 88' lang='lat' dir='ltr'>templa,</span> <span class='ocrx_word' id='word_1_590' title='bbox 1603 2061 1665 2093; x_wconf 90' lang='lat' dir='ltr'>ubi</span> <span class='ocrx_word' id='word_1_591' title='bbox 1700 2061 1803 2095; x_wconf 88' lang='lat' dir='ltr'>vituli</span> <span class='ocrx_word' id='word_1_592' title='bbox 1837 2063 1934 2096; x_wconf 87' lang='lat' dir='ltr'>aurei</span> <span class='ocrx_word' id='word_1_593' title='bbox 1968 2065 2131 2100; x_wconf 86' lang='lat' dir='ltr'>collocati</span> 
     </span>
     <span class='ocr_line' id='line_1_91' title="bbox 1146 2110 2129 2154; baseline 0.006 -11"><span class='ocrx_word' id='word_1_594' title='bbox 1146 2116 1245 2151; x_wconf 87' lang='lat' dir='ltr'>sunt,</span> <span class='ocrx_word' id='word_1_595' title='bbox 1270 2117 1309 2144; x_wconf 92' lang='lat' dir='ltr'>ut</span> <span class='ocrx_word' id='word_1_596' title='bbox 1329 2110 1583 2154; x_wconf 81' lang='lat' dir='ltr'>significarent,</span> <span class='ocrx_word' id='word_1_597' title='bbox 1617 2111 1666 2144; x_wconf 93' lang='lat' dir='ltr'>ibi</span> <span class='ocrx_word' id='word_1_598' title='bbox 1692 2112 1960 2147; x_wconf 87' lang='lat' dir='ltr'>sacrificandum</span> <span class='ocrx_word' id='word_1_599' title='bbox 1979 2126 2069 2154; x_wconf 89' lang='lat' dir='ltr'>esse,</span> <span class='ocrx_word' id='word_1_600' title='bbox 2095 2123 2129 2150; x_wconf 87' lang='lat' dir='ltr'>et</span> 
     </span>
     <span class='ocr_line' id='line_1_92' title="bbox 1144 2159 2128 2210; baseline 0.005 -16"><span class='ocrx_word' id='word_1_601' title='bbox 1144 2162 1340 2194; x_wconf 89' lang='lat' dir='ltr'>sacerdotes</span> <span class='ocrx_word' id='word_1_602' title='bbox 1359 2174 1399 2195; x_wconf 92' lang='lat' dir='ltr'>eo</span> <span class='ocrx_word' id='word_1_603' title='bbox 1416 2159 1686 2196; x_wconf 88' lang='lat' dir='ltr'>attrahebantur</span> <span class='ocrx_word' id='word_1_604' title='bbox 1708 2165 1885 2205; x_wconf 89' lang='lat' dir='ltr'>mercede,</span> <span class='ocrx_word' id='word_1_605' title='bbox 1913 2166 2071 2210; x_wconf 87' lang='lat' dir='ltr'>undique</span> <span class='ocrx_word' id='word_1_606' title='bbox 2089 2178 2128 2200; x_wconf 84' lang='lat' dir='ltr'>ex</span> 
     </span>
     <span class='ocr_line' id='line_1_93' title="bbox 1144 2209 2129 2250; baseline 0.005 -5"><span class='ocrx_word' id='word_1_607' title='bbox 1144 2212 1330 2245; x_wconf 86' lang='lat' dir='ltr'>levissimis</span> <span class='ocrx_word' id='word_1_608' title='bbox 1361 2209 1578 2246; x_wconf 83' lang='lat' dir='ltr'>hominibus.</span> <span class='ocrx_word' id='word_1_609' title='bbox 1640 2212 1693 2246; x_wconf 86' lang='lat' dir='ltr'>Ita</span> <span class='ocrx_word' id='word_1_610' title='bbox 1728 2220 1761 2247; x_wconf 90' lang='lat' dir='ltr'>et</span> <span class='ocrx_word' id='word_1_611' title='bbox 1785 2215 1965 2248; x_wconf 89' lang='lat' dir='ltr'>doctrinae</span> <span class='ocrx_word' id='word_1_612' title='bbox 1995 2224 2027 2250; x_wconf 87' lang='lat' dir='ltr'>ct</span> <span class='ocrx_word' id='word_1_613' title='bbox 2053 2217 2129 2250; x_wconf 88' lang='lat' dir='ltr'>cul-</span> 
     </span>
     <span class='ocr_line' id='line_1_94' title="bbox 1143 2264 2128 2312; baseline 0.006 -16"><span class='ocrx_word' id='word_1_614' title='bbox 1143 2270 1242 2296; x_wconf 90' lang='lat' dir='ltr'>tuum</span> <span class='ocrx_word' id='word_1_615' title='bbox 1277 2264 1481 2307; x_wconf 90' lang='lat' dir='ltr'>depravatio</span> <span class='ocrx_word' id='word_1_616' title='bbox 1513 2264 1611 2307; x_wconf 85' lang='lat' dir='ltr'>regni</span> <span class='ocrx_word' id='word_1_617' title='bbox 1634 2264 1864 2298; x_wconf 89' lang='lat' dir='ltr'>mutationem</span> <span class='ocrx_word' id='word_1_618' title='bbox 1889 2274 2036 2312; x_wconf 81' lang='lat' dir='ltr'>sequuta</span> <span class='ocrx_word' id='word_1_619' title='bbox 2066 2275 2128 2304; x_wconf 84' lang='lat' dir='ltr'>est.</span> 
     </span>
     <span class='ocr_line' id='line_1_95' title="bbox 1143 2312 2128 2360; baseline 0.006 -13"><span class='ocrx_word' id='word_1_620' title='bbox 1143 2312 1265 2348; x_wconf 88' lang='lat' dir='ltr'>Postea</span> <span class='ocrx_word' id='word_1_621' title='bbox 1284 2321 1317 2348; x_wconf 91' lang='lat' dir='ltr'>et</span> <span class='ocrx_word' id='word_1_622' title='bbox 1336 2314 1404 2348; x_wconf 90' lang='lat' dir='ltr'>alia</span> <span class='ocrx_word' id='word_1_623' title='bbox 1429 2312 1566 2349; x_wconf 88' lang='lat' dir='ltr'>ethnica</span> <span class='ocrx_word' id='word_1_624' title='bbox 1592 2314 1701 2356; x_wconf 83' lang='lat' dir='ltr'>idola,</span> <span class='ocrx_word' id='word_1_625' title='bbox 1727 2313 1813 2349; x_wconf 84' lang='lat' dir='ltr'>Baal</span> <span class='ocrx_word' id='word_1_626' title='bbox 1841 2322 1872 2350; x_wconf 92' lang='lat' dir='ltr'>et</span> <span class='ocrx_word' id='word_1_627' title='bbox 1893 2317 1982 2360; x_wconf 88' lang='lat' dir='ltr'>alia,</span> <span class='ocrx_word' id='word_1_628' title='bbox 2008 2318 2128 2354; x_wconf 87' lang='lat' dir='ltr'>addita</span> 
     </span>
     <span class='ocr_line' id='line_1_96' title="bbox 1142 2372 1236 2400; baseline 0.021 -2"><span class='ocrx_word' id='word_1_629' title='bbox 1142 2372 1236 2400; x_wconf 85' lang='lat' dir='ltr'>sunt.</span> 
     </span>
    </p>

    <p class='ocr_par' dir='ltr' id='par_1_14' title="bbox 1139 2414 2128 2715">
     <span class='ocr_line' id='line_1_97' title="bbox 1244 2414 2128 2463; baseline 0.008 -15"><span class='ocrx_word' id='word_1_630' title='bbox 1244 2414 1457 2461; x_wconf 86' lang='lat' dir='ltr'>Quanquam</span> <span class='ocrx_word' id='word_1_631' title='bbox 1486 2421 1600 2449; x_wconf 90' lang='lat' dir='ltr'>autem</span> <span class='ocrx_word' id='word_1_632' title='bbox 1633 2415 1671 2448; x_wconf 92' lang='lat' dir='ltr'>in</span> <span class='ocrx_word' id='word_1_633' title='bbox 1699 2416 1839 2459; x_wconf 88' lang='lat' dir='ltr'>publica</span> <span class='ocrx_word' id='word_1_634' title='bbox 1875 2420 2128 2463; x_wconf 85' lang='lat' dir='ltr'>gubernatione</span> 
     </span>
     <span class='ocr_line' id='line_1_98' title="bbox 1140 2466 2125 2510; baseline 0.005 -11"><span class='ocrx_word' id='word_1_635' title='bbox 1140 2467 1220 2500; x_wconf 88' lang='lat' dir='ltr'>talis</span> <span class='ocrx_word' id='word_1_636' title='bbox 1250 2467 1453 2510; x_wconf 83' lang='lat' dir='ltr'>depravatio</span> <span class='ocrx_word' id='word_1_637' title='bbox 1484 2478 1502 2499; x_wconf 87' lang='lat' dir='ltr'>a</span> <span class='ocrx_word' id='word_1_638' title='bbox 1528 2466 1668 2508; x_wconf 82' lang='lat' dir='ltr'>regibus</span> <span class='ocrx_word' id='word_1_639' title='bbox 1700 2467 1857 2502; x_wconf 88' lang='lat' dir='ltr'>instituta</span> <span class='ocrx_word' id='word_1_640' title='bbox 1887 2471 1970 2505; x_wconf 82' lang='lat' dir='ltr'>suit:</span> <span class='ocrx_word' id='word_1_641' title='bbox 2009 2478 2125 2505; x_wconf 79' lang='lat' dir='ltr'>tamen</span> 
     </span>
     <span class='ocr_line' id='line_1_99' title="bbox 1139 2516 2126 2565; baseline 0.006 -15"><span class='ocrx_word' id='word_1_642' title='bbox 1139 2516 1235 2551; x_wconf 90' lang='lat' dir='ltr'>Deus</span> <span class='ocrx_word' id='word_1_643' title='bbox 1267 2518 1435 2549; x_wconf 88' lang='lat' dir='ltr'>immensa</span> <span class='ocrx_word' id='word_1_644' title='bbox 1464 2517 1704 2551; x_wconf 87' lang='lat' dir='ltr'>misericordia</span> <span class='ocrx_word' id='word_1_645' title='bbox 1734 2518 1771 2551; x_wconf 89' lang='lat' dir='ltr'>in</span> <span class='ocrx_word' id='word_1_646' title='bbox 1795 2516 1862 2553; x_wconf 84' lang='lat' dir='ltr'>hoc</span> <span class='ocrx_word' id='word_1_647' title='bbox 1883 2520 1994 2565; x_wconf 89' lang='lat' dir='ltr'>impio</span> <span class='ocrx_word' id='word_1_648' title='bbox 2019 2534 2126 2565; x_wconf 84' lang='lat' dir='ltr'>regno</span> 
     </span>
     <span class='ocr_line' id='line_1_100' title="bbox 1139 2565 2126 2612; baseline 0.005 -12"><span class='ocrx_word' id='word_1_649' title='bbox 1139 2568 1300 2601; x_wconf 87' lang='lat' dir='ltr'>excitavit</span> <span class='ocrx_word' id='word_1_650' title='bbox 1315 2568 1520 2601; x_wconf 85' lang='lat' dir='ltr'>excellentes</span> <span class='ocrx_word' id='word_1_651' title='bbox 1538 2565 1749 2612; x_wconf 87' lang='lat' dir='ltr'>Prophetas,</span> <span class='ocrx_word' id='word_1_652' title='bbox 1776 2567 1911 2611; x_wconf 86' lang='lat' dir='ltr'>Eliam‚</span> <span class='ocrx_word' id='word_1_653' title='bbox 1937 2570 2126 2611; x_wconf 84' lang='lat' dir='ltr'>Elisaeum,</span> 
     </span>
     <span class='ocr_line' id='line_1_101' title="bbox 1139 2616 2125 2665; baseline 0.004 -14"><span class='ocrx_word' id='word_1_654' title='bbox 1139 2616 1267 2659; x_wconf 81' lang='lat' dir='ltr'>Amos,</span> <span class='ocrx_word' id='word_1_655' title='bbox 1294 2616 1444 2659; x_wconf 88' lang='lat' dir='ltr'>Oseam,</span> <span class='ocrx_word' id='word_1_656' title='bbox 1470 2625 1502 2652; x_wconf 85' lang='lat' dir='ltr'>et</span> <span class='ocrx_word' id='word_1_657' title='bbox 1518 2618 1622 2659; x_wconf 88' lang='lat' dir='ltr'>alios,</span> <span class='ocrx_word' id='word_1_658' title='bbox 1648 2631 1709 2663; x_wconf 88' lang='lat' dir='ltr'>per</span> <span class='ocrx_word' id='word_1_659' title='bbox 1734 2632 1823 2665; x_wconf 89' lang='lat' dir='ltr'>quos</span> <span class='ocrx_word' id='word_1_660' title='bbox 1837 2619 2028 2655; x_wconf 78' lang='lat' dir='ltr'>Ecclesiam</span> <span class='ocrx_word' id='word_1_661' title='bbox 2052 2622 2125 2655; x_wconf 91' lang='lat' dir='ltr'>col-</span> 
     </span>
     <span class='ocr_line' id='line_1_102' title="bbox 1139 2668 2122 2715; baseline 0.005 -14"><span class='ocrx_word' id='word_1_662' title='bbox 1139 2669 1238 2713; x_wconf 81' lang='lat' dir='ltr'>legit,</span> <span class='ocrx_word' id='word_1_663' title='bbox 1278 2675 1473 2704; x_wconf 80' lang='lat' dir='ltr'>revocatam</span> <span class='ocrx_word' id='word_1_664' title='bbox 1498 2669 1542 2703; x_wconf 86' lang='lat' dir='ltr'>ad</span> <span class='ocrx_word' id='word_1_665' title='bbox 1566 2669 1640 2703; x_wconf 89' lang='lat' dir='ltr'>veri</span> <span class='ocrx_word' id='word_1_666' title='bbox 1664 2668 1729 2704; x_wconf 83' lang='lat' dir='ltr'>Dei</span> <span class='ocrx_word' id='word_1_667' title='bbox 1755 2672 1989 2715; x_wconf 85' lang='lat' dir='ltr'>agnitionem,</span> <span class='ocrx_word' id='word_1_668' title='bbox 2023 2679 2054 2706; x_wconf 87' lang='lat' dir='ltr'>et</span> <span class='ocrx_word' id='word_1_669' title='bbox 2079 2672 2122 2706; x_wconf 87' lang='lat' dir='ltr'>ad</span> 
     </span>
    </p>
   </div>
  </div>
 </body>
</html>
