2324 2955
93 102 168 138 949
655 99 683 136 1.

97 186 197 220 Gotti
225 192 299 219 arte
329 185 512 219 traxissent
535 182 683 217 Decium
716 184 752 216 in
784 185 858 218 loca
893 184 1075 229 palustria,

95 237 188 269 filius
212 236 350 270 fortiter
371 235 544 268 dimicans
570 235 606 266 in
628 234 740 277 prima
773 236 845 268 acie
872 236 1074 269 interfectus

96 294 156 320 est.
208 285 312 320 Pater
337 287 388 318 ira
413 292 446 318 et
470 285 591 317 dolore
617 285 754 327 longius
775 289 966 328 procedens
981 297 1074 318 mer-

95 347 153 370 sus
170 342 220 370 est
236 337 272 369 in
292 336 454 380 paludem
466 361 475 375 ,
499 341 531 368 et
548 335 595 367 ibi
614 335 736 378 periit,
759 348 836 368 cum
854 337 995 369 vixisset
1009 348 1073 369 an-

95 398 159 420 nos
182 386 448 432 qninquaginta.

197 443 238 477 In
263 441 327 476 hac
354 441 499 476 historia
533 442 685 485 primum
717 443 902 482 scribitur,
946 443 1073 476 Gottos

91 494 223 527 bellum
251 493 410 527 intulisse
438 490 630 533 Romanis,
666 500 698 526 et
725 493 816 526 intra
843 494 971 527 limites
996 493 1073 527 Ro-

92 544 188 577 mani
206 544 344 588 imperii
362 542 550 576 transiisse.
576 542 647 575 Nec
663 543 810 576 dubium
831 550 900 584 est,
926 544 1071 577 eandem

93 601 233 638 gentem
252 600 490 637 nuncupatam
508 603 580 625 esse
597 590 712 626 Gelas
730 601 762 627 et
783 594 924 628 Gottos:
954 601 986 627 et
1002 594 1072 626 lin-

92 657 195 688 guam
232 657 353 678 eorum
386 643 620 676 Teutonicam
656 655 727 677 esse
755 645 978 677 manifestum
1010 650 1070 676 est.

92 694 165 729 Ubi
191 695 276 727 olim
295 694 332 727 in
353 693 436 727 Asia
453 693 550 726 sedes
574 694 726 735 suerint,
753 706 793 727 ex
810 694 992 728 Herodoto
1009 706 1071 737 ap—

94 751 207 789 paret.

196 802 283 836 Inde
300 802 474 846 progressi
493 811 710 838 accesserunt
728 804 772 836 ad
790 801 988 837 Thraciam.
1025 800 1071 835 Et

91 860 210 898 postea
234 853 380 896 longum
406 859 555 886 tractum
577 866 594 886 a
613 853 797 886 Pannonia
823 866 933 898 usque
951 855 993 886 ad
1012 853 1071 886 lit-

91 911 148 937 tus
179 902 354 937 Balticum
389 909 423 936 et
458 903 590 936 vicinas
626 904 757 937 insulas
792 905 1070 947 compleverunt.

92 954 176 987 lnde
202 965 325 987 rursus
347 953 465 993 effusi,
492 953 643 996 primum
669 953 910 993 Pannoniam,
943 954 1071 986 deinde

93 1003 230 1037 ltaliam
247 1009 473 1046 occuparunt.
526 1002 662 1036 Nomen
685 1002 813 1044 Getae,
838 1002 975 1044 Gedid,
1002 1003 1070 1035 mi-

92 1054 187 1087 litem
206 1053 387 1096 significat.

142 1153 248 1186 Anno
278 1151 404 1185 mundi
430 1158 552 1196 quater
574 1151 785 1192 millesimo,
820 1152 1071 1193 ducentesimo,

295 1202 431 1235 decimo
448 1208 585 1234 octavo.

141 1252 248 1286 Anno
266 1251 403 1287 Romae
431 1251 619 1284 millesimo
651 1257 757 1284 sexto.

141 1302 247 1336 Anno
256 1300 389 1336 Christi
404 1301 643 1335 ducentesimo
658 1301 948 1346 quinquagesimo
964 1308 1070 1336 sexto.

430 1392 732 1427 Valerianus.

195 1465 426 1501 Valerianus
442 1468 632 1511 imperator
648 1467 692 1500 ab
709 1466 862 1499 exercitu
886 1467 923 1499 in
941 1464 1070 1500 Rlietia

90 1519 201 1552 sactus
218 1525 269 1552 est
288 1530 402 1551 senex.
456 1517 633 1559 Regnavit
649 1528 761 1550 annos
780 1524 942 1561 quatuor,
969 1524 1071 1550 natus

90 1569 125 1602 in
148 1568 281 1601 familia
301 1568 463 1602 Romana
490 1567 731 1605 nobilissima,
760 1567 920 1599 videlicet
936 1566 1069 1600 Corne-

88 1619 147 1652 lia.
198 1616 348 1661 Propter
383 1617 556 1651 iusticiam
595 1623 628 1650 et
654 1617 900 1649 fortitudinem
925 1616 1070 1650 Senatui

89 1670 177 1702 adeo
201 1679 318 1707 carus,
346 1673 384 1700 ut
407 1675 506 1701 antea
523 1665 658 1700 Censor
684 1667 984 1701 consentientibus
1002 1667 1070 1699 De-

89 1719 131 1752 cii
160 1716 379 1762 imperatoris
398 1723 431 1750 et
454 1716 603 1750 Senatus
617 1717 792 1759 suffragiis
816 1717 926 1749 sactus
954 1717 1070 1749 suerit.

89 1768 213 1802 Postea
239 1780 318 1801 cum
342 1767 427 1799 alibi
452 1766 511 1798 alii
541 1766 768 1809 imperatores
790 1767 834 1798 ab
861 1767 1071 1799 exercitibus

87 1819 193 1853 creati
218 1825 252 1852 et
276 1817 449 1850 interfecti
465 1822 598 1855 essent,
624 1813 718 1848 hunc
737 1816 889 1849 libenter
908 1823 941 1849 et
960 1816 1071 1849 Sena·

87 1877 143 1904 tus
160 1876 193 1903 et
210 1879 331 1901 omnes
352 1867 521 1900 exercitus
545 1872 762 1909 receperunt.

192 1927 280 1961 Fuit
302 1926 404 1960 initio
430 1926 523 1958 mitis
550 1936 627 1967 erga
653 1922 894 1963 Christianos,
920 1926 978 1957 sed
1009 1937 1071 1967 po-

88 1986 160 2014 stea
186 1991 204 2011 a
222 1977 327 2020 Mago
343 1974 516 2022 Aegyptio
546 1975 709 2007 incitatus
727 1982 795 2012 est,
822 1981 860 2007 nt
880 1986 1070 2019 persequu-

88 2031 221 2065 tionem
243 2034 422 2067 moveret,
457 2027 517 2071 qui
546 2026 717 2070 persuasit
742 2025 844 2058 etiam
871 2025 921 2064 ei,
950 2032 987 2058 nt
1005 2023 1071 2058 hu-

89 2091 209 2112 manas
229 2076 360 2111 hostias
376 2083 553 2110 mactaret.
607 2075 687 2108 Non
711 2076 901 2108 diuturnus
926 2076 990 2108 suit
1014 2073 1070 2108 hic

90 2132 202 2164 furor.
265 2128 448 2162 Profectus
476 2128 569 2160 enim
599 2138 692 2158 anno
715 2133 839 2171 quarto
873 2126 1009 2168 imperii
1034 2126 1069 2158 in

92 2179 279 2214 Orientem
298 2177 509 2211 Valerianus
530 2183 651 2210 contra
668 2175 809 2216 Persas,
837 2177 949 2209 victus
966 2183 998 2209 et
1014 2189 1072 2209 ca·
1096 2205 1097 2209 ,

88 2239 168 2276 ptus
185 2236 235 2263 est
251 2242 267 2262 a
285 2240 364 2271 rege
383 2228 520 2261 Persico
540 2227 689 2270 Sapore,
717 2227 777 2272 qui
796 2227 930 2271 aliquot
948 2238 1072 2267 annos,

88 2281 225 2327 quoties
249 2292 378 2324 equum
404 2279 631 2316 conscendit,
670 2279 793 2321 pedem
820 2277 945 2310 cervici
968 2277 1070 2309 Vale-

90 2331 181 2366 riani
202 2330 407 2374 imponens,
435 2342 497 2372 pro
525 2329 677 2362 scabello
695 2340 735 2360 eo
754 2338 838 2360 usus
857 2334 918 2362 est.
973 2326 1072 2361 Tan-

88 2384 167 2416 dem
192 2381 229 2413 in
254 2387 403 2414 extrema
430 2387 566 2412 senecta
593 2378 726 2412 viventi
757 2384 869 2411 cutem
895 2390 913 2411 a
938 2378 1071 2411 cervice

90 2434 131 2465 ad
152 2432 257 2477 pedes
275 2431 436 2464 detraxit.

192 2491 230 2524 Id
252 2490 386 2533 insigne
409 2489 605 2533 exemplum
633 2487 889 2521 inconstantiae
910 2488 1071 2520 [ortunae

91 2541 364 2577 consideremus.
424 2539 492 2573 Sed
526 2539 629 2572 simul
662 2539 765 2572 etiam
802 2537 971 2570 iudicium
1006 2537 1071 2571 Dei

89 2603 334 2638 agnoscamus,
360 2590 418 2635 qui
443 2590 491 2623 sic
516 2589 655 2633 punivit
677 2589 937 2626 crudelitatem,
966 2601 1069 2633 quam

90 2646 256 2678 adversus
287 2640 479 2675 Ecclesiam
513 2641 682 2680 exercuit,
721 2646 754 2673 et
786 2639 1002 2683 impietatem
1034 2639 1069 2672 in

733 97 1025 136 CHRONICON
1053 95 1298 133 CARIONIS.
1353 98 1477 135 PARS
1507 99 1551 137 11.

2033 105 2106 140 950

1124 182 1333 215 mactatione
1349 180 1583 218 humanarum
1600 182 1805 225 hostiarum,
1829 194 1862 220 et
1880 189 2103 233 deploremus

1125 239 1240 265 tantos
1258 233 1393 266 furores
1411 234 1447 265 in
1465 246 1600 268 summo
1618 236 1756 280 imperii
1774 237 1926 280 fastigio.

1226 280 1313 316 Eius
1336 291 1491 328 tempore
1509 280 1723 332 Cyprianus
1748 287 1785 319 in
1808 286 1926 322 Africa
1947 290 2103 323 trucida-

1127 338 1185 365 tus
1203 339 1264 372 est,

1225 380 1436 428 Dionysius
1446 382 1739 428 Alexandrinus,
1759 389 1819 433 qui
1837 389 1957 423 multis
1973 390 2102 423 errori-

1126 433 1192 465 bus
1211 434 1412 466 adversatus
1434 435 1519 475 fuit,
1546 448 1648 469 senex
1665 437 1702 470 in
1720 439 1862 471 exilium
1882 440 2002 482 pulsus
2017 447 2078 474 est.

1227 479 1427 516 Cheremon
1443 484 1637 529 Episcopus
1656 488 1692 519 in
1712 489 1800 521 urbe
1817 488 1993 532 Nicopoli,
2021 502 2099 523 cum

1125 532 1161 564 in
1188 533 1331 566 exilium
1357 535 1477 577 pulsus
1502 543 1588 568 esset
1613 549 1691 569 cum
1718 550 1843 581 magna
1867 540 2098 573 multitudine

1124 581 1427 624 Christianorum,
1455 592 1486 618 et
1511 592 1654 629 propter
1681 595 1854 621 senectam
1876 589 1948 632 ipse
1969 597 2001 622 et
2017 602 2101 623 con-

1124 633 1208 665 iunx
1235 635 1421 677 procedere
1446 647 1517 667 non
1544 644 1702 678 possent,
1742 645 1915 680 spectante
1940 640 2101 673 multitu—

1125 683 1207 715 dine
1225 684 1260 715 in
1278 684 1413 717 coelum
1432 686 1561 718 sublati
1576 694 1656 720 sunt
1674 685 1874 721 Cheremon
1890 694 1921 720 et
1937 690 2100 725 coniunx.

1125 732 1174 766 Ita
1194 732 1288 766 Deus
1306 735 1545 768 testimonium
1565 737 1781 779 praesentiae
1802 750 1884 771 suae
1910 738 2002 772 inter
2019 751 2101 773 exu-

1124 784 1172 816 les
1196 784 1360 819 ostendit.

1224 833 1400 878 Tempore
1433 833 1613 868 Valeriani
1646 843 1678 870 et
1702 834 1871 872 Novatus
1898 840 2099 884 praesbyter

1123 881 1326 924 Romanus,
1351 892 1449 917 atrox
1474 885 1657 919 dissidium
1686 888 1722 920 in
1746 887 1901 922 Ecclesia
1926 890 2101 930 excitavit,

1123 944 1253 975 negans
1284 934 1504 977 recipiendos
1535 948 1606 968 esse
1644 938 1775 979 lapsos,
1812 940 1872 983 qni
1902 952 1979 972 cum
2004 946 2099 973 metu

1124 983 1380 1026 suppliciorum
1398 993 1578 1026 negassent
1594 997 1628 1018 se
1646 985 1864 1022 Christianos
1883 1001 1965 1030 esse,
1982 997 2101 1033 postea

1123 1034 1166 1065 ad
1191 1034 1445 1076 poenitentiam
1469 1035 1643 1068 redibant.
1703 1036 1798 1070 Haec
1821 1040 1949 1081 species
1972 1040 2100 1072 severi-

1123 1083 1202 1116 tatis
1229 1084 1360 1116 multos
1384 1084 1508 1122 traxit,
1535 1092 1573 1117 ut
1589 1085 1715 1119 Novati
1742 1089 1948 1121 sententiam
1975 1100 2100 1133 seque-

1123 1140 1254 1166 rentur.
1308 1131 1354 1165 Et
1380 1131 1463 1166 haec
1486 1135 1633 1168 durities
1658 1143 1775 1180 postea
1799 1138 1966 1171 translata
1991 1146 2037 1171 est
2057 1140 2101 1172 ad

1123 1183 1209 1215 alios
1228 1184 1354 1226 lapsus.
1408 1183 1528 1225 Quare
1545 1186 1823 1221 nominabantur
1839 1182 2012 1227 Camari,
2040 1189 2100 1233 qui

1123 1245 1196 1265 non
1219 1233 1435 1276 recipiebant
1452 1234 1566 1278 lapsos
1586 1236 1621 1267 in
1639 1238 1821 1270 manifesta
1848 1240 1987 1272 delicta.

1227 1283 1306 1316 Non
1323 1284 1433 1316 multo
1450 1293 1528 1328 post
1541 1283 1775 1321 Alexandriae
1789 1286 1960 1322 ItIiletius
1978 1288 2100 1322 eodem

1123 1334 1285 1376 dogmate
1302 1331 1494 1366 Ecclesiam
1523 1336 1694 1372 distraxit.

1225 1383 1292 1416 Sed
1312 1384 1475 1417 refutavit
1491 1382 1585 1418 hune
1607 1399 1759 1420 errorem
1780 1389 1988 1422 firmissimis
2005 1389 2102 1423 testi-

1124 1433 1254 1465 moniis
1278 1431 1492 1478 Dionysius
1515 1434 1814 1478 Alexandrinus,
1855 1440 1965 1473 citans
1995 1440 2101 1472 etiam

1124 1484 1279 1527 exempla
1298 1485 1518 1527 superiorum
1538 1493 1702 1524 aetatum.
1753 1487 1799 1522 Et
1824 1491 2019 1534 exemplum
2034 1489 2102 1522 Pe-

1124 1534 1169 1566 tri
1193 1541 1316 1567 notum
1345 1541 1412 1572 est,
1449 1537 1492 1567 de
1516 1549 1586 1580 quo
1612 1550 1689 1570 cum
1717 1546 1817 1572 antea
1842 1541 1975 1574 dictum
1999 1547 2101 1573 esset:

1123 1583 1251 1616 Beatus
1275 1596 1309 1617 es
1335 1584 1475 1618 Simon:
1509 1598 1589 1619 caro
1613 1594 1645 1621 et
1668 1590 1810 1632 sanguis
1835 1602 1907 1623 non
1932 1590 2102 1623 revelavit

1124 1634 1209 1673 tibi,
1244 1636 1301 1666 sed
1322 1641 1420 1677 pater
1435 1648 1531 1668 meus
1548 1638 1724 1672 coelestis:
1757 1646 1873 1673 tamen
1893 1641 1966 1684 ipse
1983 1647 2101 1684 postea

1124 1690 1157 1715 ct
1182 1684 1297 1725 lapsus
1321 1691 1353 1716 et
1376 1693 1535 1728 receptus
1560 1695 1620 1722 est.
1673 1687 1719 1722 Et
1740 1689 1870 1723 Paulus
1893 1691 2015 1734 recipit
2032 1689 2101 1724 Co-

1124 1730 1314 1772 rinthium,
1348 1735 1407 1778 qui
1436 1742 1513 1777 post
1539 1736 1709 1770 incestum
1733 1740 1822 1773 redit
1846 1741 1888 1773 ad
1916 1741 2101 1784 poeniten-

1124 1784 1221 1818 tiam.
1269 1782 1315 1817 Et
1332 1784 1532 1818 dulcissima
1550 1799 1614 1818 vox
1633 1789 1798 1822 omnibus
1815 1797 1897 1823 nota
1916 1791 1973 1824 sit:
2003 1790 2104 1833 Quo-

1125 1834 1186 1866 ties
1205 1834 1405 1867 remittam?
1430 1834 1511 1867 Non
1530 1838 1664 1880 septies,
1682 1841 1739 1871 sed
1758 1840 1951 1883 septuagies
1968 1841 2104 1884 septies,

1125 1882 1266 1925 Quibus
1284 1885 1400 1916 verbis
1417 1885 1634 1927 significatur
1649 1895 1680 1921 et
1698 1889 1820 1931 ingens
1841 1891 2044 1928 infirmitas,
2071 1897 2105 1924 et

1123 1934 1227 1966 simul
1244 1934 1457 1977 amplissima
1476 1937 1668 1970 consolatio
1686 1940 1908 1981 proponitur.
1943 1939 1988 1974 Et
2007 1939 2104 1984 Apo-

1124 1984 1235 2028 calyp.
1256 1984 1288 2016 3.
1307 1984 1452 2017 dicitur:
1480 1983 1554 2027 Age
1573 1988 1844 2030 poenitentiam:
1871 1989 1961 2023 Ecce
1989 1997 2040 2024 sto
2058 1991 2102 2023 ad

1123 2034 1269 2074 ostium,
1298 2041 1331 2067 et
1350 2035 1467 2078 pulso,
1496 2036 1523 2067 si
1545 2037 1623 2080 quis
1642 2039 1759 2072 audiet
1778 2052 1898 2073 vocem
1918 2052 2045 2080 meam,
2068 2048 2104 2075 et

1124 2084 1274 2127 aperiet,
1308 2085 1486 2127 ingrediar
1509 2088 1551 2118 ad
1576 2099 1667 2122 eum.
1728 2088 1913 2123 Recitatur
1940 2097 1972 2124 et
1997 2091 2102 2134 digna

1124 2135 1404 2168 consideratione
1422 2133 1566 2169 historia
1585 2139 1627 2171 ‹le
1648 2137 1805 2173 Iohanne
1823 2139 2013 2185 Apostolo‚
2041 2141 2102 2186 qui

1124 2185 1379 2218 adolescentem
1399 2198 1437 2218 ex
1456 2188 1624 2221 sodalicio
1644 2189 1925 2224 latrunculorum
1956 2192 2103 2226 reduxit.

1124 2236 1248 2279 Sitque
1283 2243 1377 2278 grata
1411 2237 1478 2279 piis
1508 2235 1592 2270 haec
1616 2251 1697 2273 vera
1730 2242 2040 2280 commonefactio,
2072 2249 2105 2275 et

1123 2286 1232 2327 magis
1249 2294 1364 2319 ament
1384 2287 1599 2328 doctriuam,
1627 2302 1715 2334 quae
1735 2290 1769 2322 in
1790 2289 1958 2324 Ecclesiis
1975 2292 2105 2326 uostris

1125 2337 1168 2368 de
1187 2334 1251 2369 liae
1269 2338 1473 2380 quaestione
1488 2339 1651 2379 traditur,
1679 2352 1757 2372 cum
1774 2341 1915 2376 videant
1931 2340 2105 2376 Ecclesias

1125 2393 1261 2420 nostras
1278 2388 1476 2420 consentire
1500 2400 1577 2421 cum
1604 2389 1745 2423 iudiciis
1772 2391 1925 2426 sincerae
1951 2393 2106 2438 antiqui-

1123 2437 1217 2470 tatis.
1273 2437 1387 2480 Magis
1411 2438 1513 2471 etiam
1541 2447 1659 2473 ament
1684 2441 1791 2474 ritum
1825 2443 1980 2486 privatae
2003 2444 2105 2476 abso-

1124 2488 1289 2528 lutionis,
1316 2488 1396 2532 quia
1425 2495 1556 2521 veteres
1581 2491 1683 2523 etiam
1714 2489 1806 2524 bunc
1826 2493 1931 2526 ritum
1952 2494 2103 2526 citarunt

1125 2545 1288 2582 tanquam
1308 2539 1547 2571 testiinonium
1565 2541 1607 2573 de
1627 2542 1836 2586 recipiendis
1855 2544 1972 2587 lapsis,
2012 2543 2101 2575 Rota

1125 2588 1169 2621 sit
1190 2595 1304 2621 autem
1332 2589 1465 2632 integra
1501 2591 1686 2633 explicatio
1719 2594 1977 2626 contnwersiae
2001 2591 2105 2625 huius

1125 2639 1209 2671 alibi
1242 2639 1387 2680 tradita,
1429 2647 1466 2674 ut
1500 2640 1569 2676 sint
1602 2644 1817 2686 praemuniti
1850 2644 1960 2677 animi
1985 2650 2105 2676 contra
