2324 2955
175 119 247 154 295

275 202 351 237 Oro
369 209 482 235 autem
500 199 608 231 filium
626 196 689 230 Dei
709 195 903 230 Dominum
923 203 1082 230 nostrum
1103 196 1156 229 le-

175 252 458 290 sumChrisuun,
483 256 521 281 ut
539 259 601 280 nos
619 260 757 292 quoque
776 248 812 280 in
832 246 885 280 his
902 248 1006 280 tantis
1023 247 1158 280 discor-

176 306 243 337 diis
274 302 422 346 publicis
444 300 616 341 gubernet
640 306 671 331 et
703 305 879 342 protegat,
910 305 942 331 et
968 297 1071 330 saciat
1094 310 1158 331 nos

178 351 285 396 σκεύη
303 350 420 388 ἐλέους
438 358 469 382 et
488 361 616 391 organa
633 349 796 381 salutaria
820 349 948 382 nostris
964 349 1159 390 animabus,

177 404 350 436 Ecclesiae
368 402 567 434 universae-
596 399 740 431 familiis
756 401 883 433 nostris
907 407 938 433 et
956 390 1159 443 posteritati,

355 451 447 485 Dixi.

178 454 303 487 Amen.

990 666 1035 683 an⁴
1058 654 1148 683 1558.

985 698 1154 711 κη’-,κν

190 651 254 684 No.
275 651 357 685 168.

396 751 470 790 De
502 753 596 791 vita
626 751 937 804 Bugenliagii.

246 829 341 854 Select.
360 828 438 855 Dect,
465 828 496 853 T.
517 828 560 854 lll.
588 838 613 862 p.
634 829 683 853 819
701 838 774 862 sqq„
805 830 920 858 Servest,
942 830 973 856 T.
997 829 1041 856 111.
1066 839 1088 863 p.
1102 830 1161 856 779,

278 862 396 930 Ξ1”.71ἑὲ11.
413 862 476 887 Mel.
495 862 519 888 d.
537 864 574 887 13.
592 865 659 895 Aug⁴
679 865 751 888 1555.
768 877 800 880 —
837 864 915 897 Apud
933 864 1047 890 Richard
1067 864 1098 889 Τ.
1115 864 1161 888 111.

179 986 303 1018 Oratio
332 982 378 1016 cle
400 986 476 1016 vita
492 986 574 1017 Rev.
603 986 673 1017 viri
701 984 808 1018 Dum.
835 988 988 1019 Ioannis
1011 987 1162 1031 Buyen-

178 1034 284 1079 haya·
317 1037 536 1075 Pomerani,
601 1034 724 1067 Theoi.
761 1037 869 1070 Doct.
919 1041 955 1069 et
992 1038 1162 1069 Pastoris

179 1086 369 1117 Ecclesiae
407 1085 619 1129 Witeber9.,
672 1095 694 1117 α
726 1087 864 1119 Petro
905 1087 1160 1120 Vincentio

182 1135 490 1176 Vratislaviensi,
535 1136 683 1167 Decumo
725 1136 874 1182 Collegit*
912 1136 1161 1181 philosophici

595 1183 740 1218 habita.

179 1251 325 1292 Gratias
341 1269 402 1299 ago
424 1255 498 1288 Deo
515 1265 655 1290 aeterno
681 1258 770 1301 patri
789 1256 936 1290 Domini
956 1261 1065 1292 nostri
1085 1260 1159 1293 lesu

177 1306 328 1346 Christi,
368 1307 513 1338 creatori
532 1308 618 1338 coeli
642 1314 674 1339 et
690 1314 818 1346 terrae,
846 1314 877 1339 et
894 1308 1110 1349 Angelorum
1129 1318 1159 1341 et

176 1357 379 1396 bominum,
413 1367 579 1388 unacum
606 1357 676 1388 lilio
701 1368 763 1388 suo
789 1364 992 1397 coaeterno,
1023 1366 1054 1390 et
1078 1358 1157 1402 Spi-

178 1409 246 1441 ritu
263 1413 399 1445 sancto,
427 1407 520 1450 quod
537 1406 724 1439 clementer
742 1419 804 1439 nos
821 1414 934 1440 servat
951 1415 982 1440 et
1000 1410 1159 1452 protegit,

176 1466 209 1492 et
231 1457 373 1501 praebet
396 1457 635 1489 doctrinarum
670 1458 809 1497 lumen,
851 1465 884 1490 et
920 1465 992 1491 toto
1023 1466 1160 1501 pectore

177 1521 255 1542 eum
279 1519 362 1547 oro,
390 1514 428 1539 ut
452 1518 588 1550 semper
611 1508 701 1539 inter
725 1519 788 1539 nos
813 1508 880 1539 sibi
899 1514 1074 1540 aeternam
1092 1507 1160 1541 Ec·-

176 1559 315 1592 clesiam
338 1557 497 1598 colligat,
532 1563 564 1589 et
591 1563 747 1599 protegat
772 1563 804 1589 et
828 1558 995 1599 gubernet
1016 1571 1096 1599 uos,
1122 1567 1159 1592 ut

176 1607 342 1641 salutaria
374 1608 558 1638 doceamus
598 1614 629 1640 et
656 1608 846 1647 discamus,
885 1620 946 1640 nec
978 1609 1158 1651 tingamus,

176 1665 235 1691 aut
258 1657 474 1690 stabiliamus
498 1657 587 1689 ullas
615 1658 826 1700 perniciosas
853 1659 1049 1700 opiniones.
1102 1660 1156 1693 Ad

177 1708 265 1741 hanc
290 1719 402 1739 meam
428 1707 640 1748 orationem,
673 1715 705 1740 et
729 1715 840 1742 vestra
864 1716 941 1742 vota
965 1710 1159 1753 adiungite,

176 1767 208 1792 et
226 1759 330 1802 petite
342 1785 350 1797 ,
377 1764 415 1790 ut
432 1758 524 1790 filius
540 1755 604 1791 Dei
624 1770 779 1791 summus
802 1760 961 1792 sacerdos
979 1768 1098 1794 noster
1115 1761 1158 1794 sit

176 1806 417 1853 πρεσβευτής,
458 1808 633 1857 perferens
661 1815 814 1842 nostram
852 1810 1084 1853 precationem
1114 1813 1155 1844 ad

175 1867 354 1892 aeternum
380 1866 522 1901 patrem.

276 1908 383 1942 Recte
408 1915 522 1941 autent
548 1909 745 1942 institutum
771 1917 837 1950 est,
871 1917 906 1943 ut
933 1911 968 1942 in
995 1908 1048 1943 1115
1074 1924 1157 1945 con-

174 1959 347 2001 gressibus
367 1959 477 1991 oratio
501 1956 686 1999 habeatur,
714 1960 767 1991 vel
784 1962 826 1992 de
843 1961 959 2005 aliqua
979 1969 1074 2004 parte
1093 1966 1156 1995 ‹lo-

175 2012 386 2048 ctrinarum,
431 2009 483 2040 vel
516 2009 558 2041 de
598 2010 763 2053 exemplis
795 2012 994 2053 cognitione
1030 2014 1156 2056 dignis,

174 2059 260 2093 Cum
279 2060 384 2101 igitur
402 2061 444 2091 de
470 2067 674 2102 argumento
701 2061 952 2102 deliberarem,
981 2064 1065 2096 etin
1090 2063 1155 2098 hoc

174 2111 301 2143 recenti
320 2111 411 2142 luctu
429 2106 543 2142 adhuc
562 2110 673 2151 imago
685 2110 885 2144 Reverendi
904 2114 968 2145 viri
990 2113 1155 2148 lobannis

174 2158 388 2202 Bugenbagii
421 2159 573 2192 Pastoris
605 2158 780 2193 Ecclesiae
811 2170 948 2195 nostrae
981 2166 1091 2198 oculis
1124 2174 1154 2199 et

176 2211 350 2242 mentibus
369 2211 496 2243 nostris
513 2212 732 2252 obversetur,
758 2225 829 2244 non
854 2214 949 2245 aliud
969 2227 1154 2257 argumen-

174 2267 246 2293 tum
264 2262 524 2293 anteserendum
546 2261 653 2304 ipsius
671 2259 837 2295 historiae
853 2265 990 2304 censui,
1017 2279 1104 2309 quae
1123 2274 1155 2300 et

174 2312 216 2342 de
245 2311 402 2342 doctrina
434 2311 589 2344 iuniores
619 2313 726 2345 multa
762 2322 898 2354 monet,
941 2322 973 2348 et
999 2319 1151 2360 exempla

174 2361 328 2393 continet
353 2361 442 2392 vitae
467 2362 578 2396 utilia.
638 2361 798 2408 Cumque
831 2365 866 2396 in
894 2363 983 2398 hanc
1007 2374 1151 2400 aetatem

174 2410 337 2443 inciderit
355 2411 498 2442 mutatio
518 2410 751 2445 Ecclesiaruin
767 2414 933 2457 insignis,
961 2417 1150 2459 plurimum

172 2461 278 2493 refert
294 2461 514 2503 posteritatis,
541 2463 626 2494 scire
643 2465 760 2507 quales
777 2465 916 2503 suerint,
943 2467 1001 2511 qui
1021 2469 1151 2501 doctri-

172 2522 252 2543 nam
287 2512 517 2543 emendarunt
560 2519 592 2545 et
631 2514 730 2546 initio
778 2526 1076 2560 propagaverunt.
1119 2527 1149 2551 et

170 2573 319 2605 quorum
337 2560 540 2603 Principum
560 2569 591 2595 et
608 2564 881 2603 gubernatorum
897 2569 1022 2601 studiis
1041 2570 1149 2603 adiuti

169 2612 255 2649 sint,
280 2623 322 2644 ne
339 2623 439 2644 caeco
459 2612 694 2646 multitudinis
718 2615 846 2658 impetu
870 2626 1003 2662 recepta
1021 2621 1149 2653 doctri—

168 2673 211 2694 na
236 2668 388 2705 putetur.
449 2660 578 2695 Extant
602 2664 791 2705 fragmenta
812 2670 1039 2703 certaminum
1056 2678 1147 2704 vete-

742 112 902 146 DECL.
944 110 1016 146 DE
1053 110 1190 147 VITA
1225 114 1614 151 BUGENHAGII.

2116 122 2190 156 296

1208 199 1256 231 ris
1285 198 1477 240 Ecclesiae,
1518 212 1607 244 quae
1640 202 1702 235 etsi
1736 208 1817 235 sunt
1840 203 1977 245 exigua,
2011 212 2125 239 tamen
2150 208 2194 240 de

1208 251 1327 283 multis
1358 250 1493 293 magnis
1516 252 1620 283 rebus
1652 253 1861 286 confirmant
1886 254 1972 296 piOS.
2031 254 2077 288 Ut
2099 258 2190 299 apud

1210 299 1371 333 Ireneum
1390 308 1423 334 et
1441 300 1700 334 Tertullianum
1713 329 1721 342 ,
1748 303 1806 346 qui
1825 310 2082 338 antecesserunt
2098 305 2190 350 Syn-

1209 352 1316 383 odum
1352 350 1520 383 Nicenam
1558 351 1628 383 sere
1660 354 1827 386 ducentos
1859 366 1988 394 annos,
2029 355 2193 397 leguntur

1211 401 1359 434 illustria
1378 401 1576 434 testimonia
1599 399 1680 447 περὶ
1702 398 1830 448 λόγον,
1863 406 1955 448 apud
1975 404 2192 438 Clementem

1211 451 1371 484 refutatio
1389 458 1438 484 cst
1454 452 1609 491 illorum,
1633 453 1694 496 qui
1709 453 1908 496 coniugium
1926 453 2196 498 prohibuerunt,

1211 509 1243 534 et
1259 509 1339 535 sunt
1356 502 1506 535 insertae
1524 502 1744 535 dulcissimae
1759 505 1986 540 narrationes,
2033 507 2088 539 De
2105 506 2194 539 reci-

1211 553 1349 595 piendis
1374 553 1477 596 lapsis
1502 554 1730 586 redeuntibus
1756 554 1797 585 ad
1819 556 2084 597 poenitentiam,
2109 569 2193 589 con-

1212 603 1392 635 firmamur
1415 603 1614 636 testimonio
1639 603 1733 637 Petri
1756 602 2010 645 Alexandrini,
2038 606 2098 649 qui
2115 606 2193 639 Me-

1212 653 1294 686 letio
1329 655 1530 686 adversatus
1565 660 1625 688 est.
1688 653 1739 687 Ac
1771 655 1920 697 optarim
1948 656 2078 688 maiore
2102 668 2196 698 cura,

1213 704 1430 736 eruditorum
1455 711 1487 737 et
1509 704 1646 746 piorum
1674 702 1859 745 historias,
1891 706 2093 749 praesertim
2128 718 2195 745 eas,

1213 754 1248 786 in
1267 755 1394 799 quibus
1418 754 1606 787 certamina
1629 756 1807 788 doctrinae
1829 764 1967 789 narrata
1983 763 2085 797 sunt,
2110 769 2195 789 con-

1212 812 1363 837 servatas
1384 817 1469 837 esse:
1507 802 1569 837 bas
1596 805 1661 848 legi
1684 812 1779 838 muto
1804 807 1926 839 utilius
1949 815 2052 848 esset,
2088 819 2193 852 quarn

1213 856 1403 889 recentium
1429 855 1639 888 Pontificum
1667 856 1831 893 consilia,
1866 858 1926 901 qui
1952 865 1990 891 ut
2016 870 2112 891 suam
2141 865 2194 902 ty-

1213 907 1395 939 rannidem
1431 906 1645 946 stabilirent,
1679 907 1770 939 bella
1802 915 2005 948 moverunt,
2040 920 2128 953 quae
2159 909 2195 940 in

1213 956 1311 989 Italia
1342 964 1374 989 et
1401 955 1591 989 Germania
1617 969 1759 999 magnas
1790 958 2001 990 vastationes
2029 959 2196 992 fecerunt.

1213 1007 1322 1040 Nobis
1340 1020 1421 1040 vero
1439 1007 1473 1039 in
1494 1006 1691 1039 Academiis
1707 1008 1890 1051 praecipue
1905 1021 2007 1041 curae
2024 1010 2066 1042 sit
2081 1015 2195 1052 poste—

1214 1057 1260 1089 ris
1277 1059 1413 1090 tradere
1431 1057 1610 1090 doctrinae
1631 1058 1829 1091 testimonia
1849 1059 1884 1090 in
1905 1056 2061 1092 historiis
2077 1060 2195 1091 erudi-

1213 1114 1329 1140 torum
1353 1115 1384 1141 et
1408 1108 1567 1152 piorum,
1602 1109 1661 1152 qui
1680 1107 1852 1142 Ecclesias
1875 1116 1908 1142 et
1933 1111 2046 1142 studia
2069 1110 2196 1151 guber-

1213 1165 1395 1192 naverunt.
1465 1158 1583 1199 Quare
1611 1160 1654 1190 de
1682 1160 1752 1193 vita
1786 1160 1895 1191 nostri
1923 1159 2077 1193 Pastoris
2105 1157 2195 1192 hanc

1213 1209 1447 1241 narrationem
1474 1209 1565 1240 bona
1583 1209 1651 1241 fide
1679 1210 1821 1252 collegi,
1850 1222 1954 1254 quam
1975 1212 2041 1254 piis
2062 1217 2194 1253 gratam

1212 1265 1244 1291 et
1260 1259 1406 1301 posteris
1429 1259 1550 1291 utilem
1569 1259 1642 1290 sore
1660 1259 1789 1294 iudico,

1311 1304 1388 1338 Etsi
1411 1312 1525 1337 autem
1551 1304 1703 1337 Basilius
1729 1307 1864 1351 inquit,
1896 1310 1939 1340 de
1970 1311 2098 1341 sanctis
2123 1320 2194 1340 non

1212 1367 1300 1399 opus
1320 1367 1391 1388 esse
1418 1355 1750 1389 commemoratione
1777 1358 1927 1400 patriae,
1961 1358 2042 1403 quia
2067 1371 2134 1391 una
2153 1359 2196 1391 sit

1211 1406 1407 1439 communis
1424 1407 1555 1449 patria,
1578 1406 1738 1438 omnium
1763 1409 2001 1449 nobilissima,
2029 1408 2195 1449 Ecclesia,

1212 1463 1325 1488 tamen
1343 1457 1424 1489 sciri
1440 1457 1581 1499 prodest
1596 1456 1768 1488 maiorum
1792 1458 2012 1501 disciplinam
2024 1485 2032 1498 ,
2059 1472 2098 1491 ex
2116 1460 2195 1503 qui—

1211 1507 1274 1538 bus
1290 1507 1438 1550 quisque
1462 1512 1564 1538 natus
1592 1512 1653 1540 est.
1706 1505 1864 1540 Primum
1886 1508 1993 1551 igitur
2015 1510 2058 1541 de
2075 1507 2192 1542 Patria

1211 1557 1320 1589 nostri
1338 1556 1491 1590 Pastoris
1509 1556 1695 1588 dicendum
1715 1563 1775 1589 est.

1312 1606 1352 1639 ln
1378 1607 1494 1640 littore
1515 1605 1726 1639 Germanico
1752 1608 1793 1639 ad
1813 1606 1994 1640 Oceanum
2010 1608 2192 1648 Arctoum,

1209 1659 1291 1690 inde
1321 1669 1430 1702 usque
1461 1669 1478 1689 a
1504 1656 1650 1689 flumine
1678 1656 1831 1698 Vistula,
1866 1660 1958 1703 quod
1984 1667 2106 1693 notum
2132 1668 2192 1699 est,

1209 1720 1329 1741 versus
1352 1719 1511 1740 occasum
1541 1708 1582 1739 ad
1612 1707 1734 1739 urbem
1766 1707 1941 1742 Sundium
1967 1710 2070 1753 longa
2097 1711 2192 1753 regio

1209 1766 1277 1799 est,
1314 1770 1402 1803 quae
1433 1770 1526 1791 nunc
1551 1756 1776 1790 Pomeraniae
1806 1771 1935 1792 nomen
1965 1757 2085 1802 babet,
2119 1762 2190 1794 sere

1209 1810 1359 1842 mediam
1378 1809 1493 1841 influit
1513 1808 1682 1847 Viadrus,
1709 1821 1798 1853 quae
1818 1810 1938 1843 multis
1956 1812 2059 1845 rehus
2078 1813 2118 1844 ad
2138 1813 2191 1844 vi-

1209 1867 1277 1894 tam
1296 1859 1496 1893 necessariis
1513 1859 1557 1891 ita
1574 1859 1747 1899 abundat,
1774 1867 1811 1893 ut
1826 1861 1904 1893 aliis
1921 1862 2084 1904 gentihus
2099 1863 2190 1896 mul-

1208 1912 1250 1944 tis
1276 1911 1469 1950 frumenta,
1505 1911 1655 1953 pecudes
1683 1916 1716 1943 et
1742 1910 1851 1953 pisces
1876 1913 2013 1946 vendat.
2072 1913 2190 1955 Quare

1207 1969 1240 1995 et
1258 1962 1392 2003 magnis
1410 1968 1441 1994 et
1458 1960 1633 2004 opulentis
1650 1961 1797 1994 urbibus
1813 1969 1935 1995 ornata
1961 1969 2028 2003 est,
2056 1964 2092 1995 in
2110 1964 2189 2008 qui-

1206 2014 1271 2046 bus
1290 2012 1358 2045 11151
1375 2013 1464 2055 leges
1481 2009 1645 2044 honestae
1657 2023 1774 2044 severe
1788 2012 2072 2054 defenderentur,
2099 2015 2186 2047 mul-

1206 2065 1320 2097 titudo
1336 2062 1526 2107 tranquilla
1551 2073 1620 2094 esse
1639 2074 1711 2094 non
1739 2070 1871 2106 posset,
1897 2075 1960 2096 nec
1980 2066 2187 2098 commercia

1206 2127 1284 2147 cum
1307 2113 1498 2157 peregrinis
1520 2124 1590 2145 esse
1615 2119 1766 2156 possent.
1819 2112 1998 2158 Principes
2022 2114 2130 2157 igitur
2155 2122 2187 2148 et

1207 2165 1432 2208 Magistratus
1447 2163 1618 2196 iusticiam
1637 2170 1837 2196 constanter
1853 2171 2005 2199 tuentur.
2047 2163 2185 2198 Etcum

1205 2216 1275 2249 sint
1297 2214 1473 2248 Ecclesiae
1498 2214 1544 2245 ibi
1566 2212 1630 2246 Dei
1658 2214 1827 2247 beneficio
1852 2221 1942 2247 recte
1968 2215 2186 2255 constitutae,

1205 2273 1367 2299 amantur
1388 2265 1490 2298 etiam
1515 2271 1666 2298 caeterae
1693 2266 1854 2305 virtutes,
1890 2276 1969 2298 vera
1990 2263 2055 2298 Dei
2084 2266 2186 2299 invo-

1204 2318 1311 2357 catio,
1347 2316 1591 2358 coniugiorum
1617 2316 1701 2348 fides
1725 2321 1757 2347 et
1779 2315 1958 2349 modestia.
2019 2316 2110 2349 Sunt
2135 2317 2183 2350 ibi

1204 2375 1236 2401 et
1251 2368 1488 2400 doctrinarum
1513 2366 1638 2399 studia.
1691 2363 1753 2398 Est
1777 2377 1859 2397 vero
1878 2371 1910 2398 et
1933 2366 1967 2397 in
1989 2378 2026 2398 ea
2044 2367 2185 2409 regione

1203 2430 1326 2461 magna
1349 2418 1544 2462 frequentia
1571 2416 1782 2455 nobilitatis,
1816 2416 1852 2447 in
1878 2428 1944 2460 qua
1968 2417 2067 2451 multi
2091 2430 2183 2451 nunc

1203 2481 1342 2514 quoque
1368 2480 1433 2501 usu
1455 2467 1601 2500 militiae
1624 2467 1705 2499 clari
1731 2472 1830 2506 sunt,
1864 2467 1965 2499 multi
2001 2467 2126 2501 virtute
2151 2475 2183 2501 et

1201 2521 1328 2563 opibus
1345 2519 1477 2557 ornati,
1504 2517 1600 2551 domi
1619 2516 1762 2549 consilia
1784 2517 1923 2558 publica
1946 2525 2081 2558 regunt.

1300 2569 1370 2603 Nec
1388 2570 1422 2601 111
1442 2570 1511 2602 ulla
1539 2574 1634 2612 parte
1653 2566 1864 2599 Germaniae
1883 2568 2000 2610 plures
2020 2580 2056 2600 ex
2077 2581 2181 2614 eque-

1200 2622 1259 2653 stri
1278 2622 1402 2653 ordine
1420 2619 1595 2652 doctrinas
1612 2618 1823 2659 intelligunt,
1853 2630 1955 2662 qnam
1975 2619 2034 2650 ibi.
2080 2618 2179 2652 Fuis-

1199 2682 1234 2704 se
1261 2684 1335 2704 eam
1361 2670 1535 2713 regionem
1555 2668 1638 2701 olim
1660 2669 1770 2710 gentis
1791 2668 1958 2701 Suevicae
1973 2671 2108 2709 sedem,
2140 2683 2178 2702 ex
