2324 2955
92 116 165 152 317

91 201 173 241 diti,
207 207 240 233 et
270 201 306 233 in
332 198 466 234 honore
492 198 636 233 haberet
658 199 892 245 praemiisque
909 198 1072 235 afficeret,

89 251 149 295 qui
173 248 296 284 harum
322 252 588 295 disciplinarum
619 250 820 293 cognitione
852 249 1071 283 excellerent.

88 300 165 334 Hoc
188 302 319 335 iudicio
348 304 390 335 de
414 302 542 335 nostris
566 302 700 334 artibus
733 301 820 335 tanti
846 299 1071 344 Imperatoris

87 360 298 387 moveantur
322 353 575 392 adolescentes,
618 359 656 385 ut
681 352 796 386 studia
820 348 1070 395 Philosophiae

88 403 348 445 magnifaciant.

186 460 275 493 Cum
291 467 406 494 autem
427 468 459 494 et
482 458 545 493 hos
569 461 710 503 triginta
736 461 823 493 duos
848 456 1013 492 honestos
1037 463 1071 490 et

85 512 207 544 doctos
224 511 318 544 viros
336 524 432 544 more
450 509 590 544 scholae
608 511 766 551 auditos,
793 508 1068 554 compererimus

84 562 122 594 in
151 559 381 605 Philosophia
415 562 627 606 praeclaram
661 572 805 594 navasse
837 572 1000 605 operam,
1035 564 1067 590 et

82 623 261 656 speremus
279 624 337 645 cos
355 613 431 645 usui
447 613 582 645 futuros
600 618 633 645 et
655 618 863 645 ornamento
879 623 918 644 ac
935 608 1066 654 praesi-

84 663 143 696 dio
178 661 355 696 Ecclesiae
389 661 523 695 Christi
555 670 587 696 et
622 661 877 706 Reipublicae,
913 671 1065 705 aequum

83 725 226 752 censeo,
252 721 290 747 ut
308 714 350 746 iis
372 711 568 746 honoribus
589 714 647 758 qui
669 714 855 746 autoritate
874 711 1066 756 Imperato—

82 776 160 797 rum
178 764 289 798 doctis
305 764 465 797 attributi
483 771 576 803 sunt,
593 777 610 796 a
628 764 774 807 collegio
797 769 916 796 nostro
934 772 1066 795 ornen-

81 821 148 848 tur.
203 814 322 857 Quare
338 814 401 848 tibi
428 826 485 847 eos
503 815 702 848 doctissime
719 814 862 847 domine
877 811 1016 846 Decane
1033 819 1066 845 et

82 864 362 898 Procancellarie
378 867 604 905 commendo,
639 872 674 899 et
697 872 775 909 peto
800 864 937 907 collegii
952 862 1065 896 nostri

79 921 113 948 et
127 916 285 960 ipsorum
304 917 460 956 nomine,
485 922 526 949 ut
544 916 687 949 titulum
709 916 757 948 eis
777 922 809 948 et
827 916 973 958 gradum
984 913 1064 947 Ma-

79 966 209 1009 gisterii
228 964 464 1011 philosophici
481 967 647 1001 conseras.
686 965 767 1008 Quo
783 965 952 999 beneficio
970 964 1064 1008 ipsos

78 1017 144 1050 tibi
169 1017 206 1050 in
230 1024 438 1061 perpetuum
471 1017 660 1051 devincies,
714 1015 791 1050 Oro
823 1016 926 1049 etiam
949 1013 1063 1049 Deum

77 1074 258 1101 aeternum
284 1074 417 1111 patrem
433 1067 578 1100 Domini
604 1068 713 1100 nostri
741 1066 819 1100 lesu
843 1065 997 1106 Christi,
1024 1072 1064 1099 ut

75 1115 250 1151 Ecclesias
276 1115 402 1151 harum
426 1118 609 1161 regionum
636 1125 669 1152 et
695 1116 786 1151 hanc
809 1115 966 1151 scholam
997 1129 1064 1149 no-

78 1175 184 1202 stram
202 1169 392 1202 clementer
408 1175 550 1202 tueatur
569 1182 607 1202 ac
624 1176 800 1213 protegat,
827 1175 861 1202 et
876 1174 990 1201 servet
1008 1168 1062 1200 lu-

76 1231 150 1252 cem
184 1220 365 1253 doctrinae
399 1231 481 1253 suae
517 1232 555 1253 ac
587 1220 702 1253 studia
739 1217 905 1257 honesta,
942 1226 975 1252 et
999 1230 1062 1251 nos

75 1281 197 1303 omnes
215 1278 313 1314 regat
328 1283 367 1304 ac
384 1271 568 1304 custodiat.
621 1270 716 1304 Dixi.

84 1469 150 1503 No.
171 1467 253 1501 170.

141 1586 216 1626 De
244 1584 604 1624 consideratione
636 1584 839 1638 corporis
867 1584 987 1624 hum.

140 1691 169 1716 tn
184 1689 309 1715 oration.
324 1688 355 1714 T.
375 1689 405 1714 V,
422 1697 447 1719 p,
465 1687 510 1712 106
519 1698 589 1722 sqq.y
612 1688 637 1712 in
649 1687 777 1714 Oration.
792 1688 936 1722 postremis
953 1698 979 1722 p.
998 1688 1058 1714 112.

174 1730 199 1750 et
218 1724 288 1758 apud
310 1723 437 1749 ttiehant.
456 1723 487 1747 'l'.
510 1722 542 1748 lt.
564 1733 587 1756 p.
611 1723 668 1747 161.

70 1815 198 1847 Oratio
219 1810 285 1855 (de
301 1809 599 1845 consideratione
615 1810 773 1845 humani
787 1812 964 1855 corporiS,
991 1822 1056 1844 seu

68 1864 114 1899 de
158 1865 374 1898 anatomt'ca
416 1860 627 1905 doctrina)‚·
673 1864 836 1896 recitata
879 1872 903 1894 α
950 1863 1054 1895 Vito

73 1913 376 1956 Wz'nfflemz'o,
405 1915 502 1946 artis
528 1913 625 1946 ιιηοιί.
646 1914 775 1954 Daci„
812 1911 849 1947 d.
868 1912 928 1947 25.
947 1914 1055 1957 Maii,
1080 1933 1082 1938 ·

70 1978 153 2001 cum
171 1965 313 2012 ‚qradus
330 1965 503 1998 Doctoris
520 1966 559 1997 in
577 1969 660 1997 arte
673 1963 823 1998 «medica
839 1964 1048 1998 decernere-

92 2023 154 2052 tur
164 2018 320 2050 Doctori
333 2017 465 2050 Ιυαηηὶ
485 2018 718 2062 MoninyerO,
738 2014 1029 2049 Onoltzbacensi.

65 2112 168 2151 Ante
192 2123 305 2146 annos
328 2119 468 2146 centum
496 2120 530 2146 et
553 2124 631 2153 sex,
666 2113 722 2145 die
752 2113 919 2147 vicesimo
954 2126 1050 2147 nono

65 2165 176 2206 Maii,
201 2169 337 2207 captam
355 2175 427 2196 esse
452 2164 574 2196 urbem
595 2162 943 2209 Constantinopolim
964 2166 1048 2198 scri-

66 2218 181 2256 bitur,
208 2226 297 2260 quae
319 2215 440 2247 multis
467 2215 592 2247 seculis
610 2227 688 2247 vere
703 2216 846 2248 urbium
865 2216 973 2249 totius
989 2228 1049 2259 ge.-

64 2268 158 2302 neris
181 2265 327 2299 humani
354 2266 473 2309 regina
500 2267 585 2305 suit,
616 2273 648 2299 et
676 2278 747 2298 non
768 2268 882 2300 solum
903 2279 963 2300 arx
981 2268 1047 2300 im-

63 2319 172 2364 perii,
199 2317 258 2351 sed
275 2316 378 2350 etiam
395 2317 638 2350 doctrinarum
663 2324 695 2350 ct
713 2315 888 2351 Ecclesiae
912 2320 1046 2361 pracci-

62 2382 130 2415 pua
147 2369 253 2402 sedes.

164 2426 252 2461 Eius
274 2433 390 2461 tantae
413 2428 461 2459 rei
487 2428 560 2460 dies
584 2441 661 2460 rum
690 2428 850 2468 instaret,
877 2441 914 2460 ac
938 2429 1043 2461 menti
1069 2471 1071 2474 ι

62 2492 158 2514 meae
178 2479 275 2511 velut
291 2478 401 2511 oculis
419 2479 690 2511 obversarentur
708 2480 766 2511 illa
786 2476 968 2511 horribilis
985 2492 1044 2512 ex-
1069 2480 1070 2495 ³

62 2530 249 2576 pugnatiO,
284 2529 405 2561 caedes
432 2528 655 2573 imperatoris
686 2537 717 2562 et
751 2542 895 2571 magnae
919 2530 1043 2563 multi—

61 2582 195 2617 tudinis
218 2580 393 2613 nobilium
428 2580 554 2613 virtute
585 2582 856 2625 praestantium,
899 2581 1041 2622 civium,

59 2640 317 2671 matronarum,
341 2630 646 2674 pudicissimarum
665 2633 841 2674 virginum
866 2639 898 2666 et
924 2632 1040 2665 insan—

59 2692 155 2722 tum,
190 2683 380 2716 libidinum
406 2682 649 2723 confusiones,
684 2684 901 2717 literatorum
932 2684 1039 2716 truci-

422 113 579 149 DECL.
610 112 683 148 DE
723 111 1259 148 CONSIDERATIONE
1299 114 1606 152 CORPORIS
1641 118 1779 154 HUM.

2038 120 2111 154 318

1097 207 1101 246 J
1126 199 1233 237 datio,
1255 201 1683 245 doctrinaruminteritus,
1706 212 1739 238 et
1758 202 2106 239 contumeliaeChri—

1097 253 1099 267 ³
1126 249 1187 287 sti,
1215 262 1303 293 quae
1328 259 1445 294 postea
1471 262 1605 288 secutae
1628 253 1743 288 adhuc
1770 256 1806 288 in
1832 268 1868 289 ea
1887 257 1974 290 urbe
1990 257 2105 289 domi-

1126 306 1269 332 nantur:
1299 313 1341 332 ne
1366 303 1463 345 potui
1489 305 1630 348 quidem
1656 306 1730 338 sine
1752 307 1874 339 dolore
1892 319 1981 347 esse,
2011 307 2104 349 cogi-

1124 357 1201 383 tans
1219 358 1251 384 et
1267 352 1309 382 de
1326 351 1387 385 illo
1405 354 1602 387 tristissimo
1627 358 1801 400 exemplo,
1829 365 1861 391 et
1885 359 1927 390 de
1947 355 2104 390 horribi-

1125 401 1216 433 libus
1240 402 1352 434 ruinis
1377 405 1535 437 omnium
1564 407 1811 451 imperiorum,
1839 409 1968 453 quibus
1985 415 2102 441 osten-

1123 451 1175 484 dit
1192 451 1285 484 Deus
1303 452 1389 485 iram
1409 466 1505 487 suam
1524 459 1689 490 adversus
1711 459 1846 499 generis
1865 457 2009 492 humani
2028 471 2102 492 sce-

1123 502 1212 542 lera,
1239 510 1269 535 et
1290 504 1331 535 de
1348 506 1467 538 multis
1485 508 1616 546 causis,
1644 508 1772 552 quibus
1793 508 1983 543 Germania
2002 510 2102 542 simi·

1122 553 1172 586 les
1186 565 1314 596 poenas
1334 554 1490 589 attrahit.

1224 604 1302 646 Qua
1322 605 1358 637 in
1374 607 1583 649 cogitatione
1605 614 1762 652 tempora
1786 610 1889 642 etiarn
1907 612 2102 645 considero.

1122 652 1334 689 instauratio
1359 669 1376 689 a
1395 657 1629 691 Constantino
1652 659 1740 693 facta
1766 661 1959 694 collocatur
1984 662 2020 693 iu
2039 674 2102 694 an—

1120 717 1207 738 num
1241 718 1259 738 a
1294 714 1376 740 nato
1411 706 1553 742 Christo
1579 722 1618 742 ex
1647 710 1783 753 virgine
1820 712 2101 744 trecentesimum

1120 756 1299 800 quintum,
1324 758 1383 802 qui
1400 759 1467 792 fuit
1485 766 1566 793 ante
1584 767 1734 793 mortem
1753 760 1978 795 Constantini
1997 763 2101 807 quin-

1119 813 1175 840 tus
1195 819 1320 841 annus.
1374 807 1563 842 Excidium
1587 810 1713 845 incidit
1740 812 1777 844 in
1797 824 1928 845 annum
1955 813 2102 845 millesi-

1118 869 1235 899 mum,
1278 859 1638 903 quadrigentesimum
1671 863 2000 908 quinquagesimum
2032 870 2100 895 ter-

1117 907 1218 942 tium.
1274 908 1504 943 Intervallum
1520 918 1570 945 est
1585 913 1669 945 anni
1688 914 1784 946 mille
1800 921 1938 947 centum
1956 921 1989 948 et
2005 921 2102 947 octo-

1118 959 1243 994 decim.
1296 959 1469 1002 Congruit
1486 962 1595 1004 igitur
1611 964 1682 996 fere
1699 965 1839 997 duratio
1856 964 2100 999 urbisRomae

1117 1019 1226 1054 usquc
1245 1011 1286 1042 ad
1306 1009 1472 1051 Totilam,
1500 1013 1559 1056 qui
1578 1025 1652 1045 eam
1677 1015 1856 1047 destruxit.
1910 1014 1962 1048 Ac
1978 1016 2099 1057 singu-

1118 1061 1182 1093 lari
1202 1061 1371 1093 beneficio
1390 1060 1456 1094 Dei
1474 1063 1595 1095 multis
1615 1065 1740 1097 seculis
1767 1063 1851 1097 haec
1876 1066 1960 1097 urbs
1977 1064 2100 1098 Eccle-

1117 1112 1184 1144 sias
1202 1112 1237 1144 in
1253 1110 1334 1144 Asia
1353 1119 1385 1145 et
1402 1113 1517 1146 vicina
1535 1111 1688 1148 Thracia
1707 1122 1740 1149 et
1760 1114 1907 1149 Graecia
1933 1116 2100 1154 defendit,

1117 1163 1228 1195 donec
1252 1163 1420 1206 paulatim
1444 1172 1587 1207 propter
1609 1162 1793 1198 hominum
1817 1167 1942 1199 delicta
1960 1167 2099 1209 longius

1117 1214 1152 1245 in
1165 1212 1394 1246 Occidentem
1413 1215 1520 1247 armis
1538 1214 1698 1249 Turcicis
1719 1214 1955 1250 Mahometica
1972 1217 2099 1261 impie—

1117 1271 1166 1297 tas
1186 1265 1320 1297 invecta
1339 1272 1405 1304 est,
1432 1272 1464 1298 et
1491 1263 1581 1299 hanc
1605 1267 1714 1309 ipsam
1738 1279 1850 1300 arcem
1878 1268 2016 1311 imperii
2034 1280 2098 1311 op-

1117 1315 1259 1356 pressit,
1284 1315 1373 1347 sicut
1391 1314 1751 1351 anteConstantinum
1770 1318 1943 1361 praedixit
1954 1316 2096 1351 Metho-

1116 1363 1194 1395 dius
1213 1363 1338 1407 Lyciae
1361 1362 1567 1408 Episcopus.

1217 1412 1306 1446 Cum
1333 1421 1448 1447 autem
1466 1415 1648 1449 videamus
1674 1425 1751 1460 post
1775 1418 1809 1450 id
1830 1425 1980 1463 tempus,
2007 1431 2095 1463 quae

1115 1462 1239 1494 ruinae
1260 1463 1294 1494 in
1313 1462 1459 1496 Graecia
1480 1471 1513 1496 et
1526 1464 1711 1499 Pannonia
1729 1475 1864 1501 secutae
1881 1470 1966 1510 sint,
1994 1476 2026 1503 et
2046 1470 2095 1503 la-

1116 1512 1263 1545 trocinia
1282 1512 1431 1545 't‘urcica
1457 1514 1492 1545 in
1517 1516 1692 1549 vestibulo
1719 1516 1931 1552 Germaniae
1955 1521 2095 1563 conspi—

1115 1564 1270 1605 ciantur,
1299 1564 1341 1595 de
1360 1564 1507 1606 posteris
1532 1567 1662 1599 nostris
1685 1568 1897 1609 cogitemus,
1926 1576 1957 1603 et
1982 1570 2094 1602 filium

1114 1613 1177 1647 Dei
1194 1612 1387 1646 Dominum
1410 1621 1569 1648 nostrum
1590 1615 1701 1649 lesum
1730 1616 1928 1660 Christum,
1957 1620 2016 1665 qui
2042 1621 2096 1653 di·

1112 1665 1177 1698 xit:
1206 1663 1283 1707 Ego
1297 1665 1478 1698 vobiscum
1498 1678 1574 1698 sum
1599 1679 1708 1712 usque
1743 1671 1785 1702 ad
1819 1671 2094 1704 cousummatio-

1113 1728 1192 1748 nem
1211 1716 1336 1755 scculi‚
1365 1728 1548 1759 precemur
1564 1718 1654 1751 veris
1675 1720 1880 1762 gemitibus,
1908 1729 1943 1754 ut
1972 1729 2005 1754 et
2030 1734 2093 1754 nos

1112 1774 1245 1807 servet,
1269 1768 1441 1809 gubernet
1461 1774 1494 1801 et
1510 1775 1687 1812 protegat,
1708 1777 1740 1803 et
1764 1771 1800 1803 in
1818 1769 1872 1804 his
1890 1773 2093 1812 regionibus

1110 1830 1247 1862 semper
1263 1824 1439 1851 aeternam
1458 1816 1649 1852 Ecclesiam
1670 1821 1736 1853 sibi
1764 1822 1922 1864 colligat,
1953 1830 1984 1855 et
2010 1835 2092 1867 pro-

1110 1875 1186 1912 pter
1208 1881 1305 1902 suam
1329 1868 1476 1912 gloriam
1502 1871 1696 1913 posteritati
1728 1879 1759 1904 et
1790 1874 1932 1906 familiis
1964 1875 2092 1907 nostris

1109 1918 1423 1953 tribuatEcclesias
1439 1926 1529 1953 recte
1551 1921 1752 1955 invocantes
1770 1923 1882 1966 ipsum
1903 1931 1932 1957 et
1951 1925 2091 1968 politias

1108 1971 1300 2003 mediocres
1324 1977 1357 2003 et
1382 1969 1563 2003 honestam
1597 1972 1819 2016 disciplinam
1846 1981 1876 2006 et
1911 1976 2090 2007 doctrina—

1107 2034 1183 2054 rum
1204 2022 1336 2060 lucem,
1362 2028 1394 2053 et
1412 2021 1448 2052 in
1467 2019 1519 2053 his
1538 2022 1743 2063 regionibns
1762 2025 1960 2057 barbaricas
1984 2026 2087 2058 vasti-

1077 2087 1079 2096 *
1106 2079 1190 2105 tates
1206 2072 1279 2104 fieri
1298 2084 1370 2104 non
1387 2072 1490 2106 sinat.

1206 2122 1393 2156 Credimus
1417 2129 1466 2161 te,
1500 2122 1548 2154 fili
1572 2123 1641 2155 Dei
1666 2122 1817 2157 Domine
1846 2123 1922 2158 lesu
1948 2124 2087 2159 Christe

1104 2174 1261 2207 induisse
1280 2185 1427 2205 massam
1447 2180 1586 2206 nostrae
1604 2181 1765 2210 naturae.
1795 2187 1837 2206 ne
1856 2176 2015 2209 funditus
2034 2185 2085 2210 to-

1103 2233 1176 2258 tum
1203 2237 1312 2267 genus
1340 2222 1533 2257 humanum
1552 2225 1697 2268 periret,
1726 2232 1757 2258 et
1782 2232 1834 2265 te,
1862 2228 1922 2270 qui
1951 2228 2084 2260 dixisti:

1101 2275 1176 2319 Ego
1192 2288 1269 2309 sum
1290 2276 1389 2313 vitis,
1419 2286 1480 2307 vos
1498 2276 1678 2318 palmites,
1707 2276 1927 2314 invocamus.
1955 2286 1991 2311 ut
2021 2291 2084 2310 nos

1100 2335 1134 2361 et
1159 2335 1314 2371 posteros
1342 2334 1479 2359 nostros
1503 2326 1566 2359 tibi
1593 2326 1741 2365 inseras,
1769 2335 1806 2360 ut
1831 2328 1898 2361 sint
1924 2331 2083 2373 palmites

1100 2379 1170 2419 tui,
1198 2390 1335 2421 semper
1354 2384 1385 2410 te
1402 2378 1624 2410 celebrantes
1669 2376 1764 2409 ldem
1787 2390 1847 2410 vos
1864 2392 1984 2413 omnes
2003 2394 2080 2413 eum

1097 2430 1263 2463 omnibus
1281 2430 1346 2472 piis
1367 2429 1399 2460 in
1422 2426 1487 2459 boc
1505 2439 1688 2470 congressu
1708 2430 1912 2472 precemini.

1198 2480 1395 2523 Utrumque
1418 2485 1531 2511 autem
1559 2480 1729 2523 praecepit
1758 2480 1848 2512 tilius
1868 2481 1948 2519 Dei,
1980 2483 2078 2513 iuro-

1096 2532 1267 2565 cationem
1288 2538 1317 2563 et
1335 2531 1449 2562 studia
1468 2530 1661 2568 doctrinae„
1689 2542 1726 2563 ac
1741 2531 1784 2563 de
1802 2533 1999 2565 studiorum
2022 2545 2079 2564 ue-

1094 2583 1268 2624 glectioue
1285 2581 1511 2613 roinminatio
1532 2582 1655 2614 tradita
1683 2588 1731 2614 ost
1745 2610 1752 2619 ,
1776 2594 1880 2627 quam
1899 2584 2078 2616 audientes

1093 2632 1336 2666 cohorreseere
1353 2643 1474 2664 omnes
1491 2633 1636 2665 debent:
1664 2633 1757 2674 Quia
1776 2634 1954 2666 scientiam
1977 2646 2076 2676 repu-

1064 2689 1065 2708 ἶ
1092 2685 1183 2722 listi,
1213 2684 1379 2727 repellam
1403 2690 1452 2720 te,
1482 2695 1524 2716 ne
1542 2684 1735 2716 sacerdotio
1753 2682 1839 2716 milii
1861 2685 2025 2725 fungaris
