2324 2955
97 122 168 157 189

93 209 156 240 dae
172 207 405 239 necessarium
423 213 521 240 esset.
573 204 619 239 Et
636 206 685 239 ait
703 206 794 239 idem
807 233 816 247 ,
844 218 878 239 se
897 206 971 238 dies
989 212 1080 238 totos

93 257 327 302 imperatoriis
346 257 493 300 negotiis
512 263 544 290 et
562 257 676 289 officio
696 258 881 290 commisso
902 256 1079 295 tribuisse,

92 315 284 342 nocturnas
318 320 399 341 vero
433 306 536 340 boras
569 308 753 353 plerasque
776 309 964 341 scribendo
994 319 1080 339 con-

93 359 293 403 sumpsisse.
351 358 421 392 Iter
446 359 578 391 faciens
602 359 679 391 ideo
706 359 825 391 lectica
846 370 929 391 usus
947 365 1013 397 est,
1040 364 1078 390 ut

93 417 206 443 totum
233 409 268 442 id
291 416 429 453 tempus
452 410 608 442 tribuere
632 410 775 443 lectioni
798 417 831 443 et
855 408 1078 442 annotationi

92 466 216 504 posset.

193 533 357 580 Denique
392 535 440 568 ita
475 535 577 568 libris
599 535 722 568 affixus
756 535 841 575 suit,
874 534 1011 580 quoties
1033 534 1103 568 ab,

90 585 215 619 officiis
236 586 388 631 publicis
412 593 445 620 et
470 586 593 619 aulicis
627 586 921 630 occupationibus
946 596 1075 618 vacuus
1101 610 1103 619 ,

90 637 175 678 suit,
201 644 243 671 ut
259 649 317 670 eos
334 649 374 670 ex
391 637 554 669 manibus
579 649 651 670 non
675 638 883 681 deponeret,
911 644 944 671 et
972 647 1076 668 omne

90 694 230 732 tempus
254 688 398 732 periisse
420 687 651 728 existimaret,
677 690 772 733 qnod
794 689 904 721 sudiis
920 699 990 720 non
1008 686 1076 718 im-

89 845 141 873 est
158 851 255 879 eam,
283 852 388 885 quam
405 840 442 872 in
459 841 533 873 eius
549 841 687 885 scriptis
703 854 805 874 nemo
825 853 897 874 non
914 840 1075 878 miratur,

91 902 209 924 rerum
246 891 485 925 abstrusarum
511 899 543 925 et
574 892 895 925 diversissimarum
922 891 1072 935 copiam.

91 939 134 974 In
162 938 217 974 hls
242 954 326 986 φειδ
352 949 468 975 tamen
496 944 787 986 occupaumnbus
810 949 947 987 sempsn
971 949 1074 975 mmm
1128 966 1350 1010 pationibus,
1384 966 1482 999 cuius
1506 966 1572 998 sibi
1597 973 1687 999 recte
1713 966 1901 999 collocatae
1928 967 1963 998 iu
1987 967 2114 1000 studiis

536 993 626 1026 Nam
652 1001 684 1027 et
710 1007 855 1027 suorum
876 1001 1074 1037 temporum
1101 1003 1102 1008 ¹

89 992 178 1025 alios
205 993 334 1026 multos
360 993 480 1025 libros.

88 1040 274 1076 historiam
290 1044 492 1087 complexus
511 1051 560 1077 est
579 1057 649 1078 uno
667 1052 700 1079 et
718 1045 862 1089 triginta
881 1043 1075 1078 volumini-

88 1095 172 1135 bus,
201 1100 234 1127 et
250 1094 318 1127 alia
336 1095 463 1138 scripta
481 1096 608 1136 edidit,
637 1109 715 1129 cum
740 1104 855 1129 tamen
883 1108 955 1128 non
980 1095 1072 1127 ultra
1101 1113 1103 1131 ι

89 1156 224 1178 annum
242 1152 377 1179 sextum
395 1153 426 1179 et
445 1146 776 1192 quinquagesimum
802 1147 923 1181 aetatis
941 1145 1075 1180 vixerit.

191 1220 243 1255 Ac
256 1227 297 1255 ut
315 1222 358 1254 de
375 1229 487 1256 morte
503 1235 644 1267 quoque
663 1223 772 1267 ipsius
793 1236 850 1264 ea,
876 1235 964 1268 quae
981 1229 1075 1256 certo

88 1271 219 1306 tradita
240 1279 323 1306 sunt
345 1273 389 1305 ab
412 1274 534 1306 eodem
551 1273 668 1306 Plinio
688 1274 829 1307 iuniore
846 1275 881 1306 in
899 1274 966 1307 alia
987 1272 1077 1317 Epi-

89 1322 237 1365 pistola,
258 1322 413 1354 breviter
430 1335 701 1354 commemorem
714 1349 721 1362 ,
748 1322 831 1356 llaec
851 1324 923 1366 ipsa
940 1335 1076 1366 semper

91 1372 269 1412 discendi,
296 1372 398 1414 plura
427 1380 458 1405 et
485 1373 691 1415 explorandi
716 1381 748 1406 et
766 1374 962 1406 annotandi
982 1373 1076 1405 insa-

88 1422 220 1456 tiabilis
245 1422 418 1464 cupiditas
444 1423 475 1454 ei
505 1434 607 1455 causa
626 1423 821 1456 exitii'suit.
876 1423 966 1456 Nam
995 1435 1073 1454 cum

88 1472 242 1505 secundo
267 1483 361 1504 anno
383 1470 610 1515 Imperatoris
628 1472 722 1512 Titi,
750 1474 809 1517 qui
839 1480 919 1506 ante
947 1473 1076 1505 decen-

91 1523 192 1556 nium
218 1521 514 1568 Ierosolymorum
541 1523 711 1566 templum
743 1531 775 1556 et
804 1524 926 1556 urbem
953 1523 1076 1555 incen—

88 1574 148 1607 dio
187 1579 402 1613 vastaverat,
445 1585 547 1606 mons
582 1572 796 1618 Campaniae
830 1574 1004 1607 Vesuvius
1038 1574 1074 1605 in

89 1636 226 1658 summo
241 1623 369 1657 vertice
388 1631 524 1668 ruptus,
553 1624 729 1668 ingentem
747 1626 876 1658 nubem
894 1624 1022 1658 cineris
1044 1631 1075 1657 et

89 1675 231 1720 vaporis
252 1672 457 1718 sulphurei,
485 1675 587 1709 mixti
610 1676 719 1708 exesis
745 1676 925 1720 pumicum
945 1676 1075 1720 lapidi-

88 1727 178 1767 bus,
205 1737 276 1759 una
292 1737 370 1759 cum
388 1726 539 1760 flammis
556 1726 807 1768 eiacularetur,
835 1726 986 1767 Plinius,
1015 1726 1074 1771 qui

89 1777 285 1822 praefectus
300 1783 385 1810 tunc
403 1777 503 1809 classi
519 1776 716 1817 Romanae,
735 1778 915 1811 Misenum
935 1785 1073 1821 portum

87 1829 247 1869 tenebat,
271 1828 366 1861 unde
391 1835 626 1871 assurgentem
651 1829 753 1863 illum
776 1830 913 1862 fumum
933 1840 1075 1862 cernere

87 1879 212 1924 procul
237 1879 371 1923 potuit,
398 1885 437 1912 ut
461 1891 598 1912 causam
625 1877 730 1913 huius
745 1880 899 1913 mirandi
918 1879 1073 1913 incendii

86 1930 235 1975 propius
277 1937 520 1973 cognosceret,
562 1931 643 1963 navi
683 1931 878 1965 Liburnica
917 1931 1072 1964 secundo

87 1987 193 2014 vento
211 1981 375 2014 advectus
394 1988 455 2016 est.
507 1980 576 2014 Sed
602 1994 679 2015 cum
705 1983 890 2025 ingruente
907 1983 974 2014 iam
991 1994 1074 2025 pro-

87 2032 167 2076 pius
191 2031 375 2072 incendio,
403 2039 435 2065 et
460 2032 628 2065 omnibus
651 2034 740 2067 circa
764 2034 851 2066 locis
869 2034 940 2066 alto
958 2033 1073 2066 cinere

88 2089 121 2116 et
137 2082 298 2125 congerie
317 2083 497 2126 pumicum
516 2083 703 2117 eiectorum
724 2085 893 2129 oppletis,
922 2084 994 2128 ipse
1018 2096 1073 2116 re-

87 2133 186 2177 gredi
212 2133 378 2166 adversus
400 2140 543 2166 ventum
568 2147 641 2167 non
665 2143 796 2180 posset,
823 2148 893 2181 quo
918 2136 1072 2168 secundo

88 2190 295 2223 accesserat,
330 2185 440 2217 altero
461 2185 538 2225 die,
562 2198 665 2230 quam
691 2199 730 2219 eo
752 2194 913 2226 venerat,
941 2186 1072 2219 Stabiis

88 2236 181 2269 inter
199 2246 323 2268 manus
341 2247 484 2268 suorum
505 2237 680 2280 collapsus
697 2238 866 2276 moritur,
893 2238 1072 2280 praefoca-

86 2293 161 2326 tus,
189 2292 227 2318 ut
248 2286 465 2326 existimant,
493 2284 674 2331 sulphurei
706 2289 844 2332 vaporis
864 2295 896 2321 et
913 2289 1071 2321 cinerum

87 2349 125 2370 ac
140 2332 298 2379 fuliginis
315 2343 479 2371 attractae
496 2349 557 2381 per
575 2340 841 2383 respirationem
855 2340 965 2384 copia.
1003 2338 1072 2372 Ac-

86 2388 172 2421 cidit
194 2394 310 2420 autem
338 2385 404 2421 hoc
431 2388 575 2421 Vesuvii
614 2388 830 2423 horrendum
866 2391 1070 2423 incendium

86 2450 199 2479 anno,
225 2445 262 2471 nt
285 2439 376 2477 dixi,
401 2440 510 2472 altero
539 2448 571 2473 et
598 2442 727 2474 ultinm
749 2442 886 2485 imperii
906 2441 979 2474 Titi
1004 2441 1069 2473 Ye-

86 2489 236 2533 spasiani
250 2516 258 2529 ,
287 2490 345 2534 qui
367 2497 440 2533 post
459 2503 586 2534 paucos
605 2504 739 2525 menses
767 2493 838 2536 ipse
855 2505 994 2537 quoque
1013 2505 1071 2535 pe·
1095 2515 1096 2525 i

86 2540 157 2574 stili
176 2541 272 2573 febre
289 2541 460 2573 extinctus
477 2549 542 2581 cst,
568 2544 627 2587 qui
649 2545 710 2577 suit
733 2556 846 2576 annus
872 2551 947 2587 post
965 2541 1071 2575 (Iliri-

86 2592 128 2625 sti
147 2592 296 2624 natalem
316 2592 570 2634 octuagesimus
595 2597 787 2633 secundus,
814 2594 936 2627 aetatis
954 2601 1068 2627 aulem

85 2641 214 2682 Plinii,
243 2650 282 2675 nt
307 2643 439 2675 dietum
465 2650 530 2684 est,
558 2653 672 2679 sextus
697 2654 729 2680 et
748 2645 1070 2690 quimpiagesinuis,

86 2700 118 2726 et
137 2693 391 2726 climactericus
408 2702 562 2728 octavus,

551 119 708 155 DECL.
746 120 816 154 DE
861 118 1002 154 vtTA
1043 117 1117 152 ET
1161 116 1429 153 SCRIPTIS
1471 118 1663 153 PL1N11.

2050 119 2120 154 190

1192 202 1287 236 Haec
1305 204 1346 235 de
1363 202 1509 238 authore
1528 212 1648 239 nostro
1666 205 1818 239 breviter
1840 216 2114 239 commemorare

1132 254 1246 297 volui,
1276 254 1424 286 maxime
1442 267 1516 288 eam
1533 257 1578 289 ob
1596 268 1752 297 causam,
1778 263 1818 290 ut
1839 268 1917 289 cum
1935 257 2113 290 auditores

1131 305 1167 336 in
1187 302 1251 337 hoc
1270 302 1417 338 authore
1437 306 1750 341 innumerabilium
1769 313 1800 340 et
1826 318 2033 341 arcanarum
2058 320 2113 341 re-

1130 367 1207 387 rum
1225 356 1406 388 scientiam
1431 368 1470 388 ex
1495 357 1730 400 plurimorum
1750 358 1887 401 scriptis
1903 365 2113 403 excerptam,

1130 412 1162 438 et
1177 406 1311 450 optimo
1330 406 1454 439 ordine
1473 408 1697 442 distributam
1723 409 1921 449 invenient,
1949 409 2113 453 cogitent,

1129 458 1307 501 quomodo
1326 457 1422 489 illam
1446 465 1516 491 tam
1542 459 1775 502 multiplicem
1803 460 2038 493 eruditionem
2057 461 2112 493 vir

1128 508 1214 540 adeo
1233 508 1376 541 caeteris
1399 509 1568 551 negotiis,
1595 510 1826 547 militaribus,
1854 511 2018 551 urbanis,
2047 523 2113 544 au-

1128 558 1224 597 licis,
1263 559 1461 592 domesticis
1492 567 1699 604 occupatus,
1742 561 1909 605 consequi
1939 562 2113 604 potuerit,

1128 609 1296 642 nimirum
1322 622 1394 642 non
1416 622 1556 650 somno,
1590 610 1781 650 conviviis,
1818 611 1914 650 lusu,
1942 613 2113 646 obambu-

1127 660 1321 693 lationibus
1339 669 1370 694 et
1385 661 1561 694 similibus
1576 661 1712 694 frivolis
1729 662 2034 704 occupationibus:
2053 664 2112 696 sed

90 738 241 782 pertitus
258 739 392 772 fuisset.
434 737 509 771 Hac
528 739 588 771 ille
605 740 660 772 vir
676 740 879 783 diligentia,
909 736 972 771 hac
990 738 1074 770 assi·
1100 732 1101 755 ἶ
1128 723 1205 743 cum
1226 719 1312 745 esset
1329 724 1399 745 acm
1421 724 1561 755 mgemo
1579 713 1769 755 praednus’
1788 718 1819 744 et
1834 712 1995 754 ssagmnn
2015 714 2114 756 cupi-

94 789 246 830 duitate,
278 786 345 822 hoc
362 789 501 822 ardenti
525 790 643 823 studio
663 791 842 831 discendi,
869 795 1075 823 consecutus
1101 798 1102 802 ¹

1128 763 1235 795 ditate
1261 769 1465 795 tenerentur
1489 763 1640 806 plurima
1668 763 1921 805 cognoscendi,
1949 761 2114 797 adhibuit

1126 825 1201 845 eam
1220 813 1359 855 legendi
1383 821 1414 847 et
1442 813 1619 846 scribendi
1637 813 1897 854 assiduitatem,
1925 821 1957 847 et
1976 821 2113 858 ternpo-

1126 864 1174 896 ris
1199 864 1472 907 parsimoniam,
1500 870 1538 896 ut
1563 864 1697 897 nullam
1727 864 1793 897 sibi
1822 862 1945 897 horam
1971 865 2114 898 effluere

1129 921 1315 958 pateretur,
1337 916 1476 960 quietus
1492 915 1613 948 saltem
1632 916 1675 948 ab
1692 915 1770 948 aliis
1787 916 1991 948 necessariis
2009 928 2113 949 occu-

1129 1018 1220 1051 ratio
1239 1029 1312 1049 non
1331 1023 1516 1052 constaret.

1230 1067 1285 1100 Ad
1310 1065 1400 1100 lianc
1423 1068 1530 1110 igitur
1553 1074 1622 1101 tam
1652 1068 1860 1102 indefessam
1886 1075 1918 1102 et
1935 1069 2038 1102 nobis
2056 1069 2113 1101 vix

1127 1118 1333 1152 credibilem
1350 1119 1570 1161 diligentiam
1589 1116 1743 1152 hominis
1764 1127 1833 1152 tam
1852 1120 2015 1164 potentis,
2042 1126 2112 1152 tam

1128 1170 1330 1213 locupletiS,
1362 1176 1432 1202 tam
1468 1169 1620 1214 denique
1652 1171 1830 1214 occupati,
1865 1182 1992 1216 quaeso
2025 1169 2113 1203 mihi

1127 1233 1317 1265 parumper
1340 1221 1461 1253 saltem
1490 1222 1644 1254 conserte
1673 1229 1792 1254 nostro
1819 1219 1885 1254 hoc
1918 1222 2033 1254 seculo
2058 1221 2114 1254 di-

1128 1272 1300 1304 scentium
1323 1284 1445 1315 operas
1471 1279 1504 1304 et
1529 1273 1705 1312 studium,
1741 1280 1780 1305 ut
1804 1273 1973 1313 videatis,
2009 1284 2113 1317 quam

1129 1320 1221 1353 nihil
1248 1323 1362 1353 simile
1387 1323 1479 1364 apud
1502 1323 1651 1362 multos,
1680 1323 1740 1367 qui
1761 1323 1871 1355 etiam.
1882 1335 1953 1355 non
1970 1334 2113 1366 prorsus

1130 1372 1246 1414 ignavi
1266 1369 1386 1403 haberi
1405 1372 1547 1411 volunt,
1576 1373 1789 1407 inveniatur.
1844 1372 1952 1406 Multi
1975 1380 2056 1406 sunt
2076 1374 2112 1405 in

1129 1434 1166 1453 ea
1187 1422 1369 1464 opinione,
1398 1429 1434 1454 ut
1451 1433 1485 1454 se
1502 1434 1648 1455 munere
1665 1421 1863 1457 scholastici
1881 1424 2015 1466 egregie
2032 1425 2114 1456 sun-

1127 1478 1200 1504 ctos
1216 1472 1450 1511 arbitrentur,
1478 1472 1506 1504 si
1530 1472 1685 1505 interdiu
1714 1485 1819 1506 unam
1847 1480 1951 1518 atque
1968 1475 2113 1508 alteram

1127 1521 1312 1554 lectionem
1331 1522 1508 1564 publicam
1528 1523 1717 1560 audierint,
1746 1530 1778 1556 et
1793 1524 1964 1568 reliquam
1980 1533 2114 1568 partem

1127 1572 1209 1612 diei,
1236 1572 1335 1616 quasi
1353 1572 1454 1604 valde
1472 1572 1664 1616 defatigati,
1690 1573 1749 1606 illa
1770 1574 2044 1615 auscultatione,
2070 1578 2114 1608 ad

1128 1623 1350 1655 resectionem
1378 1623 1492 1655 virum
1517 1624 1781 1668 absumptarum
1803 1625 1953 1664 scilicet,
1980 1626 2115 1660 instru-

1127 1674 1254 1706 mentis
1272 1673 1425 1714 musicis,
1441 1674 1797 1716 deambulationibus,
1818 1683 1877 1710 aut
1896 1677 1999 1710 etiam
2018 1689 2113 1711 com-

1128 1725 1369 1769 potationibus
1403 1732 1624 1760 consumant.
1677 1725 1757 1758 Non
1781 1724 1952 1761 adhibent
1979 1740 2113 1772 eorum,

1126 1788 1214 1820 quae
1236 1776 1378 1820 publice
1402 1776 1520 1809 audita
1549 1783 1650 1819 sunt,
1673 1778 1901 1811 domesticam
1930 1780 2113 1823 repetitio—

1126 1839 1226 1867 nem,
1253 1839 1325 1859 non
1345 1827 1517 1867 lectionis,
1546 1828 1766 1872 scriptionis,
1794 1829 2113 1873 pronunciationis,

1126 1878 1316 1910 memoriae
1332 1878 1444 1910 ullum
1463 1878 1517 1910 vel
1536 1879 1756 1912 rarissimum
1777 1880 1993 1914 exercitium.
2030 1881 2112 1915 Nou

1126 1935 1300 1961 conantur
1318 1941 1515 1961 sermonem
1536 1940 1637 1962 suum
1655 1931 1698 1962 ad
1728 1943 1848 1964 eorum
1877 1932 2112 1965 imitationem

1125 1980 1286 2019 formare,
1304 1980 1362 2024 qni
1383 1980 1568 2023 purissime
1584 1987 1617 2013 et
1634 1982 1875 2024 propriissime
1891 1982 1997 2015 locuti
2016 1989 2109 2024 sunt,

1125 2032 1281 2063 contenti
1299 2028 1363 2062 hoc
1380 2030 1513 2073 vulgari
1531 2037 1562 2063 et
1583 2030 1799 2075 improprio,
1828 2040 1860 2066 et
1883 2043 1982 2075 saepe
2004 2034 2108 2066 etiam

1126 2083 1295 2114 mendoso
1316 2082 1488 2114 orationis
1505 2092 1642 2123 genere,
1668 2083 1761 2126 quod
1781 2094 1846 2116 nsu
1865 2090 2013 2122 tantum,
2036 2084 2111 2117 sine

1126 2133 1278 2171 iudicio,
1304 2133 1379 2166 sine
1407 2145 1488 2165 cura
1516 2132 1705 2165 mundicici
1724 2140 1755 2166 et
1773 2133 2018 2178 proprietatis,
2047 2148 2110 2169 au-

1124 2184 1260 2216 dientes
1292 2184 1380 2216 alios
1413 2183 1520 2215 simili
1552 2184 1762 2226 negligentia
1797 2185 2001 2230 loquentes,
2043 2186 2109 2218 sibi

1124 2235 1239 2267 obiter
1263 2241 1522 2278 compararunt.
1577 2232 1621 2267 Et
1647 2236 1741 2278 qnod
1771 2235 2109 2278 perniciosissimum

1123 2292 1193 2325 est,
1217 2298 1338 2318 omnes
1369 2286 1435 2317 iam
1460 2286 1566 2317 serine
1589 2285 1654 2317 sibi
1683 2286 1746 2329 ipsi
1771 2293 2014 2330 praeceptores
2037 2300 2109 2320 esse

1124 2338 1260 2377 volunt,
1278 2336 1477 2380 pancissimi
1494 2342 1587 2374 sunt,
1612 2336 1672 2380 qui
1690 2337 1877 2370 exstimant
1894 2338 1961 2370 sibi
1981 2340 2109 2381 guber—

1123 2395 1244 2421 natore
1261 2388 1460 2421 studiorum
1479 2394 1510 2420 et
1528 2388 1781 2420 manuductore
1798 2400 1886 2432 opus
1905 2400 1989 2423 esse.
2038 2389 2106 2422 lta-

1123 2452 1189 2483 que
1206 2452 1284 2471 cum
1304 2439 1489 2481 diligentes
1507 2448 1578 2470 esse
1597 2438 1740 2479 volunt,
1767 2446 1913 2473 sumunt
1930 2452 1992 2473 suo
2014 2441 2107 2473 arbi·

1122 2492 1189 2523 trio
1212 2488 1395 2523 authorem
1419 2489 1571 2532 aliquem
1597 2489 1760 2532 privatim
1794 2490 2001 2533 legendnm,
2036 2504 2108 2524 non

1122 2554 1224 2586 quein
1244 2542 1379 2573 ratioet
1400 2541 1486 2571 ordo
1507 2540 1940 2584 studioruiii-postulabat‚
1969 2543 2027 2575 sed
2048 2543 2106 2586 qui

1123 2593 1158 2624 in
1178 2592 1371 2636 praesentia
1394 2592 1622 2624 iucunditatis
1638 2592 1772 2637 aliquid
1791 2593 1916 2625 afferre
1934 2593 2109 2625 existima-

1122 2650 1189 2676 tur.
1245 2641 1331 2675 Eius
1356 2643 1411 2674 vix
1434 2643 1518 2674 dum
1546 2643 1635 2675 bene
1660 2643 1805 2686 inspecti
1843 2644 1979 2686 obrepit
2011 2643 2108 2675 sasti—

1121 2695 1231 2734 dium,
1260 2694 1441 2738 quaeritur
1458 2705 1495 2726 ex
1516 2691 1612 2727 theca
1632 2694 1774 2728 libraria
1794 2695 1883 2727 alius
1903 2695 2021 2733 codex,
2041 2693 2108 2726 iam
