2324 2955
185 130 254 166 143

180 215 285 248 nibus
317 211 413 245 meis.
475 207 574 240 Iubet
609 203 711 235 etiam
746 200 902 243 singulos
934 200 1066 234 interea
1099 211 1154 233 re-

181 274 336 308 pugnare
354 258 529 293 erroribus
549 260 581 286 et
596 259 685 285 recte
703 251 813 284 facere
828 249 994 291 officium,
1022 249 1157 284 etiamsi

182 312 346 347 humanis
372 305 526 341 consiliis
551 309 581 336 et
605 301 804 341 laboribus,
831 312 943 345 neque
961 299 1156 339 mandacia,

184 374 295 406 neque
326 357 468 391 dissidia
497 353 614 387 omnia
645 353 682 384 in
712 349 775 384 hac
803 351 926 383 mundi
955 350 1159 383 confusione

185 412 260 446 tolli
285 414 438 453 possunt.
491 404 561 437 Nec
585 410 700 436 tamen
729 412 869 444 prorsus
892 408 994 434 erunt
1019 399 1159 433 inutilia

183 462 321 505 piorum
347 455 546 491 certamina.

282 524 365 558 Dixi
390 523 431 556 de
461 519 601 554 iudiciis
627 515 801 551 Ecclesiae
829 515 1042 549 brevissime.
1094 513 1162 547 Hic

184 583 298 611 autem
333 575 375 607 de
410 571 524 605 officio
556 568 688 613 politici
721 566 940 608 magistratus
974 564 1027 598 his
1060 565 1163 597 annis

186 637 284 670 saepe
302 623 458 669 quaestio
475 627 568 653 mota
586 624 646 652 est.
700 616 807 650 Recte
830 628 872 648 ne
896 616 1052 648 fecerunt
1068 614 1164 648 Con-

186 675 360 710 stantinus
377 679 410 706 et
428 669 668 707 Theodosius,
694 667 786 711 quod
806 666 981 699 idolorum
998 664 1163 697 sacrificia

189 721 472 770 prohibuerunt?
523 719 631 753 Recte
650 728 692 749 ne
715 717 794 749 fecit
821 722 960 748 senatus
977 713 1165 747 Geneven—

189 777 254 815 sis,
281 775 373 819 quod
399 772 580 805 Servetum
600 768 725 800 ultimo
750 765 919 808 supplicio
941 765 1077 804 affecit,
1104 763 1165 807 qui

186 832 336 859 veterem
355 819 572 856 Samosateni
597 817 807 859 impietatem
824 814 1025 854 renovavit,
1053 821 1084 847 et
1104 825 1166 845 nc-

187 875 279 919 gavit
297 869 407 920 λόγον
424 881 495 903 esse
512 863 774 913 ὑιμσῑάμειόν,
799 872 830 898 et
847 865 956 897 filium
967 863 1034 898 Dei
1049 863 1166 897 omni-

187 931 364 969 potentem
388 920 482 954 esse?
533 917 579 951 Et
605 923 725 949 contra
742 915 942 948 universam
957 914 1166 956 scripturam

186 971 427 1018 propheticam
447 976 479 1002 et
494 967 718 1012 apostolicam
737 965 875 1009 negavit
901 965 1011 998 filium
1029 963 1095 997 Dei
1112 963 1167 996 in-

188 1024 385 1058 vocandum
412 1031 494 1053 esse.

287 1085 409 1124 Deliis
425 1083 688 1130 quaestionibus
713 1082 813 1126 plane
836 1088 869 1115 et
886 1081 960 1114 sine
976 1080 1047 1113 ulla
1064 1080 1170 1113 dubi-

189 1140 320 1175 tatione
359 1136 571 1180 respondeo,
610 1133 847 1174 magistratum
881 1131 1063 1174 politicum
1095 1142 1168 1162 non

190 1202 261 1225 esse
284 1185 552 1225 armentarium,
583 1191 616 1216 et
640 1189 776 1216 tantum
808 1193 926 1224 pacem
952 1187 985 1214 et
1012 1180 1168 1223 corporis

190 1242 282 1274 bona
298 1237 388 1271 tueri
405 1236 550 1274 debere,
577 1233 664 1266 sicut
683 1232 784 1265 multi
811 1231 940 1264 insulse
963 1231 1170 1274 loquuntur,

190 1291 250 1324 sed
277 1299 348 1321 esse
371 1286 572 1319 ministrum
599 1283 683 1324 Dei,
711 1288 744 1314 et
767 1281 969 1324 disciplinae
993 1280 1170 1312 custodem

192 1341 287 1372 iuxta
304 1344 477 1378 utranque
495 1332 648 1373 decalogi
667 1331 834 1364 tabulam.
887 1329 985 1362 Sicut
1002 1335 1118 1360 autem
1135 1328 1172 1358 in

192 1388 348 1434 qualibet
372 1391 445 1418 arte
466 1382 614 1427 primam
633 1385 770 1423 oportet
793 1389 911 1411 curam
929 1389 1000 1410 esse
1018 1375 1172 1415 artificis,

192 1446 231 1472 ut
260 1443 369 1470 artem
396 1445 500 1479 quam
530 1437 663 1464 exercet
694 1428 885 1470 intelligat,
920 1427 968 1459 sic
992 1426 1104 1470 prima
1128 1425 1173 1458 sit

193 1500 276 1522 cura
299 1485 540 1527 magistratus,
565 1487 605 1513 ut
624 1480 734 1522 legem
751 1478 854 1517 sciat,
882 1483 915 1509 et
933 1476 1016 1508 sciat
1032 1486 1103 1508 esse
1119 1485 1174 1507 sa—

195 1536 363 1583 pientiam
378 1533 445 1567 Dei
462 1532 504 1564 ad
528 1528 593 1562 hoc
616 1529 728 1572 ipsum
749 1527 951 1570 patefactam
971 1525 1089 1567 generi
1107 1522 1174 1556 hu-

195 1599 323 1626 mano,
349 1590 388 1617 ut
409 1583 452 1615 sit
476 1579 715 1615 testimonium
740 1578 783 1609 de
802 1575 897 1615 Deo3
935 1575 1020 1608 sciat
1044 1581 1076 1607 et
1099 1571 1177 1614 hoc,

196 1649 269 1671 sese
284 1645 403 1668 vocem
420 1631 486 1665 Dei
504 1641 574 1662 esse
598 1629 634 1660 in
652 1629 723 1669 tege
748 1626 996 1670 proponenda,
1022 1631 1055 1658 et
1073 1623 1177 1656 disci-

197 1687 331 1733 plinam
347 1689 489 1728 propter
506 1679 651 1723 gloriam
669 1676 734 1710 Dei
752 1677 918 1710 tuendam
936 1686 1019 1707 esse.
1056 1673 1177 1706 Altera

197 1748 279 1772 cura
304 1735 368 1774 sit,
394 1739 432 1765 ut
457 1740 601 1773 corpora
626 1728 801 1760 defendat.
857 1725 939 1758 Ideo
963 1723 1178 1757 severissime

197 1784 367 1831 praecipit
390 1783 445 1815 lex
475 1780 595 1813 divina
620 1779 662 1810 de
688 1776 876 1821 puniendis
908 1772 1122 1818 blasphemis
1146 1779 1180 1805 et

199 1835 360 1882 periuris.

300 1900 371 1934 Nec
404 1899 463 1941 illa
496 1894 676 1929 barbarica
709 1891 882 1926 excusatio
914 1891 1090 1924 audienda
1121 1896 1182 1930 est,

202 1956 292 1996 leges
307 1951 384 1983 illas
401 1947 572 1991 pertinere
588 1945 630 1977 ad
647 1943 806 1987 politiam
823 1941 1028 1979 Mosaicam,
1049 1952 1121 1973 non
1138 1940 1179 1973 ad

200 2010 346 2036 nostras.
395 1998 441 2032 L't
458 1996 641 2037 decalogus
658 1995 730 2037 ipse
748 1994 789 2025 ad
809 2003 930 2025 omnes
947 1991 1108 2035 pertinet,
1134 1989 1181 2023 ita

201 2054 304 2087 iudex
335 2050 466 2093 ubique
497 2046 616 2078 omnia
645 2043 801 2086 decalogi
826 2042 938 2075 officia
971 2041 1007 2073 in
1043 2047 1182 2074 externa

203 2100 387 2145 disciplina
403 2105 553 2132 tueatur.
607 2094 698 2128 Sunt
715 2100 829 2126 autem
854 2089 1092 2136 blasphemiae
1109 2102 1184 2123 ma-

202 2154 327 2186 nifesta
351 2147 526 2182 invocatio
552 2145 749 2183 idolorum,
774 2142 943 2186 professio
969 2142 1184 2184 dogmatum,

205 2213 293 2247 quae
316 2201 500 2233 adfirmant
521 2195 653 2240 aliquid
681 2205 752 2226 esse
767 2191 900 2232 Deum,
927 2192 1021 2236 quod
1047 2203 1119 2224 non
1136 2197 1186 2224 est

205 2252 321 2291 Deus,
347 2255 406 2282 aut
430 2259 517 2292 quae
533 2242 725 2279 detrahunt
741 2242 965 2276 autoritatem
992 2241 1045 2273 illi
1065 2253 1185 2284 perso-

207 2313 291 2339 nae,
320 2310 407 2344 quae
426 2304 474 2330 est
492 2303 615 2329 natura
634 2293 739 2333 Deus,
765 2299 804 2326 ut
821 2299 902 2325 sunt
920 2289 1099 2334 Epicurei,
1126 2298 1185 2324 aut

206 2348 396 2396 Pyrrlionii
415 2348 568 2383 furores,
591 2352 650 2379 aut
666 2342 904 2382 Sainosateni,
929 2348 990 2374 aut
1005 2338 1186 2374 Manichei

208 2402 446 2435 deliramenta.
492 2395 538 2429 [ji
554 2395 659 2437 igitur
675 2395 727 2427 lex
743 2393 837 2425 iubet
855 2391 953 2424 irasci
974 2391 1114 2430 talibus,
1140 2391 1186 2424 ita

208 2451 429 2493 magistratus
454 2446 497 2479 sit
516 2445 594 2477 viva
613 2445 684 2482 lex,
712 2455 789 2475 vere
807 2443 923 2475 doleat
948 2448 1088 2485 propter
1111 2441 1187 2482 glo-

209 2502 296 2534 riam
320 2497 407 2536 Dei,
435 2509 472 2529 ac
495 2494 632 2527 ardenti
655 2492 792 2526 Nemesi
815 2492 1024 2525 accendatur
1044 2492 1088 2524 ad
1117 2491 1184 2523 tol-

211 2551 312 2584 lenda
330 2548 388 2580 illa
406 2543 616 2578 catliarmata
628 2570 636 2581 ‚
663 2554 749 2587 quae
767 2541 880 2576 Deum
897 2541 1090 2575 manifestis
1104 2552 1188 2573 con-

211 2599 366 2634 tumeliis
392 2596 560 2629 afficiunt.
612 2592 735 2625 Minus
766 2599 952 2625 moventur
983 2589 1050 2624 hoc
1082 2601 1187 2633 argu-

211 2657 330 2684 mento
355 2658 450 2691 reges
472 2652 506 2679 et
528 2643 720 2689 principes,
745 2642 826 2686 quia
842 2653 951 2687 pauca
967 2641 1089 2677 talium
1104 2651 1188 2685 poe-

725 115 883 151 DECL.
917 114 990 149 DE
1026 113 1269 150 IUDICIIS
1304 112 1638 150 ECCLESIAE.

2113 113 2201 149 144·

1212 211 1336 232 narum
1355 197 1510 241 exempla
1525 198 1657 234 vident.
1710 197 1778 232 Sed
1792 210 1865 231 non
1881 199 2106 242 spectandum
2124 203 2184 236 est,

1212 249 1296 294 quid
1315 249 1371 281 fiat
1384 274 1392 288 ‚
1420 248 1478 280 sed
1502 247 1586 291 quid
1605 248 1678 281 fieri
1694 249 1824 282 debeat.

1313 304 1389 339 Etsi
1413 310 1527 337 autern
1550 302 1655 338 huius
1682 314 1821 339 nostrae
1845 305 2036 338 sententiae
2061 305 2188 337 veritas

1214 356 1396 389 manifesta
1414 361 1474 394 est,
1501 360 1616 386 tamen
1633 356 1734 388 multi
1753 356 1813 399 qui
1830 356 1896 389 sibi
1912 355 2086 388 licentiam
2105 366 2189 386 con-

1214 406 1290 439 cedi
1307 405 1430 437 volunt
1448 405 1594 437 ludendi
1613 405 1841 447 opinionibus
1855 407 1897 438 de
1915 406 2010 445 Deo,
2036 411 2075 438 ut
2092 404 2191 440 libet,

1215 461 1400 500 opponunt
1424 455 1535 487 varias
1567 455 1815 488 cavillationes.
1873 455 2032 488 Primum
2057 454 2193 492 dicunt,

1216 507 1452 548 magistratum
1475 517 1547 537 non
1564 515 1663 548 posse
1680 505 1805 548 punire
1818 505 2043 547 cogitationes
2055 503 2192 542 mentis,

1216 555 1417 600 praesertim
1435 567 1512 587 cum
1535 567 1597 587 nec
1616 556 1698 587 dare
1722 555 1963 587 adsensionem
1982 555 2108 598 possit,
2135 552 2193 586 cui

1217 611 1421 649 argumento
1437 616 1516 637 vere
1533 605 1581 638 sic
1600 606 1884 648 respondendum
1903 610 1961 638 est.

1318 663 1543 706 Magistratus
1560 669 1700 696 externa
1719 663 1843 696 delicta
1868 662 2011 705 puniat,
2038 668 2078 694 ut
2093 661 2195 693 adul-

1218 713 1323 754 teria,
1349 725 1421 746 non
1445 713 1612 746 interiora
1631 713 1803 745 incendia.
1856 712 1913 746 Sic
1940 719 1971 745 et
1988 712 2080 745 dicta
2102 711 2196 744 blas-

1218 762 1363 808 phema,
1388 775 1461 796 non
1476 763 1596 796 tacitas
1613 763 1721 795 animi
1738 763 1975 805 cogitationes.

1319 821 1368 857 At
1384 834 1488 856 nemo
1506 829 1617 866 potest
1635 822 1789 855 iudicare
1807 833 1846 855 ea
1863 834 1952 866 quae
1968 833 2040 855 non
2064 820 2197 854 intelli-

1219 873 1286 916 git,
1311 879 1350 906 ut
1366 884 1447 906 vere
1464 872 1614 906 dicitur:

1274 935 1280 939 “
1323 928 1474 968 μηδέποτε
1496 928 1605 968 κρίνειν
1627 924 1806 966 ἀδαήμονας
1828 925 1943 966 ἄνδρας
1966 925 2073 962 ἐάσεις.

1220 978 1266 1013 Et
1288 978 1355 1013 hoc
1379 981 1454 1024 ipso
1482 986 1637 1022 tempore
1655 979 1777 1011 dicunt
1801 978 1929 1011 armari
1952 984 1985 1011 et
2009 977 2086 1011 acui
2109 977 2200 1010 sevi-

1221 1030 1308 1063 ciam
1333 1037 1586 1075 tyrannorum,
1614 1028 1675 1073 qui
1700 1035 1781 1061 sunt
1805 1025 1921 1061 hostes
1942 1026 2144 1070 Evangelii,
2170 1026 2201 1060 si

1221 1079 1366 1114 audiant
1382 1079 1488 1113 armis
1506 1079 1672 1112 tuendam
1692 1089 1763 1110 esse
1781 1078 1988 1113 doctrinam.

1322 1137 1395 1171 Nos
1414 1149 1495 1171 vcro
1520 1144 1628 1171 metas
1653 1147 1731 1169 suas
1748 1148 1849 1169 nosse
1872 1143 1904 1169 et
1928 1135 2103 1169 custodire
2127 1146 2202 1167 ma·-

1221 1188 1403 1231 gistratum
1440 1188 1620 1226 volumus,
1655 1193 1696 1220 ut
1723 1186 1760 1218 in
1787 1186 1929 1219 caeteris
1959 1185 2071 1218 causis
2099 1196 2202 1217 nemo

1223 1239 1297 1270 sine
1320 1237 1475 1279 legitima
1498 1236 1698 1278 cognitione
1725 1236 1925 1278 puniendus
1943 1242 2011 1274 est,
2037 1235 2084 1267 ita
2101 1246 2204 1277 prae-

1223 1288 1324 1330 cipue
1349 1293 1445 1318 curet
1465 1286 1687 1326 magistratus
1711 1285 1747 1316 in
1764 1297 1800 1317 re
1821 1291 1918 1318 tanta
1935 1284 2101 1317 constitui
2117 1284 2204 1326 legi-

1225 1336 1308 1367 tima
1324 1332 1500 1366 Ecclesiae
1518 1333 1658 1366 iudicia.
1694 1331 1943 1366 Convocentur
1959 1333 2106 1377 Synodi,
2131 1345 2205 1366 non

1225 1383 1337 1428 qualis
1361 1390 1411 1416 est
1442 1383 1501 1416 illa
1526 1382 1670 1416 Cleonis
1699 1383 1792 1425 apud
1818 1376 2108 1426 Aristophanem,
2142 1383 2207 1416 ubi

1225 1433 1382 1466 considet
1397 1432 1516 1465 ovium
1533 1432 1654 1465 concio
1665 1458 1674 1472 ‚
1701 1438 1734 1464 et
1750 1432 1895 1464 balaena
1910 1433 2083 1475 praesidet
2096 1444 2206 1475 grun-

1225 1483 1341 1516 nitum
1365 1483 1469 1515 edens
1493 1481 1607 1525 porci,
1635 1487 1670 1515 et
1693 1488 1814 1515 tenens
1837 1482 2006 1515 trutinam
2022 1493 2061 1515 ac
2083 1494 2206 1526 preco-

1226 1544 1306 1565 nem
1332 1529 1524 1571 adhibens,
1551 1531 1611 1576 qui
1637 1538 1740 1575 caput
1759 1528 1866 1565 habet
1886 1528 2063 1576 κόρακος,
2091 1543 2151 1566 seu
2166 1539 2207 1567 ut

1228 1581 1427 1616 Alcibiades
1445 1581 1600 1622 dicebat,
1623 1579 1850 1626 τραυλίζων,
1877 1579 2040 1620 κόλακος.

1329 1638 1424 1672 Haec
1448 1639 1663 1673 conveniunt
1686 1640 1727 1672 ad
1753 1638 1998 1673 Tridentinam
2023 1639 2207 1686 Synodum

1267 1690 1365 1729 ania,
1391 1701 1496 1734 quam
1520 1689 1680 1723 Pontifex
1703 1689 1849 1723 balaena
1872 1691 2032 1733 regebat,
2059 1691 2208 1734 grunni-

1231 1749 1304 1773 tum
1328 1739 1424 1783 porci
1448 1740 1571 1779 edens,
1605 1746 1636 1772 et
1661 1751 1849 1783 praecones
1878 1747 1976 1774 erant
1999 1736 2150 1786 κόρακες
2174 1748 2209 1775 et

1232 1787 1381 1828 κόλακες
1397 1787 1560 1822 monachi
1581 1796 1614 1823 et
1631 1797 1869 1825 assentatores.
1921 1790 2002 1824 Non
2026 1791 2095 1825 sint
2113 1791 2209 1824 iudi-

1203 1842 1209 1854 “
1232 1851 1285 1874 ces
1301 1839 1433 1873 indocti
1452 1839 1612 1873 fascinati
1630 1840 1725 1873 salsis
1740 1840 1986 1884 opinionibus,
2013 1852 2133 1884 regum
2150 1848 2210 1875 aut

1232 1890 1329 1933 vulgi
1346 1886 1512 1929 κόλακες,
1541 1902 1612 1922 non
1636 1891 1809 1924 cudantur
1825 1892 1962 1924 decreta
1979 1891 2016 1924 in
2033 1892 2210 1925 centauri-

1232 1940 1281 1973 cis
1306 1939 1477 1973 conviviis
1499 1940 1619 1973 autin
1648 1941 1825 1985 gyneceiS,
1859 1942 1917 1974 sed
1951 1942 2089 1984 regulae
2119 1942 2210 1984 regis

1234 1988 1396 2034 Iosaphat
1414 1990 1686 2034 obtemperetur.
1736 1991 1826 2025 Sunt
1849 1991 1885 2023 in
1911 1991 2086 2025 iudicibus
2103 1991 2211 2025 timor

1234 2041 1309 2081 Dei,
1334 2040 1478 2074 scientia
1495 2046 1527 2073 et
1543 2040 1723 2083 diligentia
1742 2042 1777 2074 in
1795 2042 2002 2081 cognitione.
2040 2041 2094 2075 Sit
2109 2042 2212 2075 etiam

1234 2091 1306 2134 ipse
1335 2090 1556 2133 magistratus
1586 2092 1782 2124 membrum
1813 2090 2008 2129 Ecclesiae,
2041 2092 2212 2135 intelligat

1235 2141 1444 2181 doctrinam,
1468 2148 1558 2174 amet
1574 2141 1767 2180 veritatem,
1793 2142 1929 2174 intersit
1946 2141 2149 2183 cognitioni,
2173 2149 2213 2176 ut

1235 2191 1424 2224 adfuerunt
1441 2189 1712 2232 Constantinus,
1739 2189 1978 2229 Theodosius,
2003 2190 2213 2232 Martianus,

1236 2242 1320 2275 sciat
1344 2252 1378 2274 se
1404 2241 1599 2284 praesidere
1620 2254 1692 2275 non
1717 2248 1755 2274 ut
1779 2242 1978 2281 balaenam,
2006 2242 2066 2274 sed
2089 2248 2128 2275 ut
2147 2242 2213 2276 Dei

1236 2291 1434 2324 ministrum
1447 2316 1456 2329 ,
1483 2297 1515 2324 et
1530 2292 1678 2334 gloriam
1694 2291 1758 2326 Dei
1775 2291 1939 2324 omnibus
1959 2291 2063 2324 rebus
2080 2293 2213 2326 antefe-

1236 2348 1307 2381 rat,
1341 2341 1460 2375 audiat
1486 2342 1660 2382 eruditos,
1692 2342 1790 2375 cedat
1820 2353 1901 2374 vera
1925 2341 2142 2382 dicentibus,
2175 2355 2213 2377 ac

1236 2391 1391 2434 regulam
1411 2399 1591 2437 sequatur:
1632 2389 1762 2425 Omnia
1781 2392 1942 2436 probate,
1969 2393 2063 2437 quod
2081 2393 2213 2426 bonum

1239 2449 1290 2476 est
1313 2448 1438 2477 tenete.
2017 2451 2020 2453 ’

1337 2490 1429 2525 Cum
1462 2491 1568 2534 igitur
1597 2498 1676 2524 ante
1699 2502 1846 2534 poenam
1878 2491 2013 2525 institui
2037 2503 2152 2524 veram
2182 2499 2215 2527 et

1238 2542 1332 2585 piam
1350 2542 1586 2585 cognitionem
1612 2547 1644 2573 et
1664 2541 1939 2574 admonitionem
1956 2541 2115 2581 velimus,
2142 2553 2215 2575 non

1239 2592 1363 2624 damus
1393 2603 1488 2625 arma
1519 2590 1658 2624 iniustis
1686 2590 1962 2633 magistratibus,
1996 2592 2054 2623 sed
2087 2603 2145 2624 eos
2171 2594 2215 2626 de

1240 2641 1364 2676 ordine
1380 2641 1592 2675 iudiciorum
1610 2646 1642 2674 et
1659 2652 1852 2685 poenarum
1867 2642 2206 2678 commonefacimus,
