2324 2955
219 114 291 148 843

223 199 372 231 reditum
392 196 589 235 Thebanis,
617 203 648 229 et
674 195 771 228 urbis
796 195 1084 228 instaurationem
1109 207 1195 228 con-
1219 200 1221 239 j
1247 204 1377 238 poenae
1395 193 1616 227 comitantur.

224 249 338 287 cessit,
374 259 476 290 quam
507 244 739 278 Athenienses
763 252 795 278 et
819 245 876 277 alii
903 245 1029 278 Graeci
1052 245 1195 278 adiuve-
1220 250 1221 282 ξ

224 304 316 331 runt.
377 295 414 327 ld
443 297 569 328 sactum
602 302 650 328 est
679 307 772 328 anno
797 296 975 335 vicesimo,
1012 302 1194 339 postquam

458 112 661 149 SCRIPTA
688 112 762 145 PH.
790 110 904 146 MEL.
930 109 995 145 AD
1023 109 1147 147 HIST.
1176 107 1319 145 PROF.
1347 106 1412 142 ET
1440 106 1628 144 PIIILOS.
1654 108 1972 148 SPECTANTIA.

224 345 364 378 Thebae
380 346 423 377 ab
440 345 639 377 Alexandro
656 346 786 378 deletae
805 352 903 384 sunt,
930 346 1110 384 videlicet,
1133 357 1196 378 an-
1220 366 1222 382 ρ

223 408 266 427 no
283 401 402 428 octavo
422 402 499 439 post
517 402 663 428 mortem
683 394 886 430 Alexandri.

544 480 606 512 De
631 479 874 525 Antiyono.

1220 475 1226 548 l

318 542 452 577 Occisis
483 543 670 578 Cassandri
702 545 782 577 filiis
813 545 995 588 posteritas
1020 542 1224 589 Antigoni?

220 595 365 628 retinuit
390 594 658 635 Macedoniam,
691 603 729 628 ut
750 602 865 638 postea
892 596 1061 628 dicemus.

220 646 257 677 in
283 658 318 677 re
352 645 520 678 iudicium
546 646 612 678 Dei
646 646 895 680 consi‹leret1u·.

220 707 366 737 regnum
402 697 443 727 ad
480 708 553 735 eos,
600 696 670 739 qui-
693 708 731 728 ex
768 696 860 737 regia
900 696 1006 738 stirpe
1043 696 1195 728 suerunt.

221 745 354 777 Omnes
378 746 470 777 enirn
493 746 668 784 scribunt,
703 743 922 788 Antigonum
949 745 1060 777 filium
1092 745 1196 778 fuisse

1117 595 1196 637 Qua
1222 618 1224 625 .

956 645 1076 679 Rediit
1102 646 1196 678 enim
1222 660 1223 664 ¹

1222 598 1224 612 t

1222 632 1224 657 l

1221 673 1223 750 l

220 793 377 838 Philippi
410 793 585 834 Nothum,
629 807 666 827 ac
702 795 793 827 inter
827 797 930 828 (luces
958 796 1223 828 antecelluisse*

220 857 297 877 eum
313 845 459 884 virtute,
487 845 690 886 magnitudo
710 858 824 878 rerum
842 852 1013 887 gestarum
1033 846 1195 880 ostendit.
1221 868 1222 871 =

221 893 297 938 lpse
317 895 418 927 etiam
437 895 470 926 in
491 893 625 927 Edictis
641 902 771 939 patrem
795 896 955 929 nominat
978 893 1195 939 Philippum.

322 943 439 977 Gessit
464 945 614 987 primum
641 946 771 977 bellum
800 947 965 978 adversus
989 943 1196 985 Eumenem,

219 1006 322 1037 quem
339 993 522 1027 Perdiccas
538 995 605 1027 sibi
621 996 845 1035 adiunxerat,
874 1008 951 1028 cum
969 996 1100 1028 bellum
1112 994 1195 1028 Pto-

220 1044 349 1076 lemaeo
374 1044 538 1080 inferret,
573 1042 811 1078 monarchiam
843 1047 885 1077 ad
913 1057 984 1077 sese
1007 1045 1195 1078 translatu-

220 1104 290 1128 rus.

350 1093 509 1138 Cumque
538 1092 714 1127 Eumenes
750 1101 870 1127 contra
901 1093 1128 1137 Antipatrum
1162 1100 1195 1126 et
1220 1099 1221 1125 i

1220 841 1223 855 l

2146 113 2220 148 844

1669 192 1756 226 Nam
1774 201 1806 228 et
1822 193 2041 239 Cleopatram
2063 209 2218 231 sororem

1248 242 1458 283 Alexandri,
1497 254 1615 276 recens
1649 244 1795 277 interfici
1827 243 2027 288 Antigonus
2060 248 2223 288 iusserat,

1248 299 1427 337 propterea
1451 294 1545 337 quod
1573 293 1647 326 eius
1676 294 1876 337 coniugium
1901 297 2025 329 caeteri
2050 309 2143 341 reges
2160 310 2222 341 pe-

1248 343 1376 378 tebant.
1428 342 1587 388 Cumque
1606 343 1674 375 iam
1692 345 1846 386 potentia
1862 356 1996 379 summa
2015 354 2100 380 esset
2116 348 2222 381 Anti-

1248 393 1348 436 goni,
1378 393 1637 426 coniunxerunt
1658 405 1692 425 se
1717 394 1880 427 adversus
1903 408 1982 428 eum
2008 408 2085 429 cum
2105 396 2222 430 Ptole-

1249 455 1347 475 maeo
1373 450 1405 476 et
1430 442 1574 476 Seleuco
1597 442 1790 476 Cassander
1813 451 1846 477 et
1862 444 2108 490 Lysimachus,
2136 459 2223 491 quos

1249 500 1365 526 tamen
1388 493 1434 526 ita
1460 493 1589 536 sprevit
1608 491 1827 535 Antigonus,
1855 501 1892 527 ut
1911 496 2059 536 diceret,
2086 508 2120 529 se
2151 497 2223 530 dis-

1250 544 1444 586 sipaturum
1461 554 1531 576 esse
1548 555 1622 583 eos,
1649 551 1813 588 tanquam
1834 556 1955 587 agmen
1972 547 2106 586 avium,
2135 558 2223 591 quae

1250 594 1466 637 Spermologi
1493 594 1732 626 nominantur.
1785 593 1994 639 Quanquam
2021 602 2135 628 autem
2159 597 2223 628 ali-

1250 651 1334 687 quot
1364 644 1498 686 magnis
1528 644 1667 687 praeliis
1692 642 1890 686 Antigonus
1921 645 2068 684 vicerat,
2106 652 2224 678 tamen

1250 695 1390 726 taudem
1416 694 1453 727 in
1480 694 1552 726 acie
1575 694 1695 726 multis
1719 694 1925 727 vulneribus
1947 696 2094 739 acceptis
2111 696 2224 729 extin-

1249 750 1322 776 ctus
1341 750 1408 783 est,
1435 756 1511 776 cum
1531 744 1699 787 attigisset
1715 756 1845 776 annum
1864 746 2123 788 octogesimum.

1350 794 1417 826 Hic
1434 795 1499 827 fuit
1517 795 1626 827 exitus
1646 792 1831 836 Antigoni,
1859 795 1918 839 qui
1943 796 2033 829 inter
2049 807 2224 828 successo-

1249 855 1301 876 res
1333 842 1524 877 Alexandri
1560 845 1687 878 virtute
1716 845 1892 883 excelluit,
1926 857 1964 878 ac
1991 847 2102 878 donec
2128 846 2224 886 vixit,

1249 894 1426 926 Minorem
1452 895 1571 927 Asiam
1595 902 1628 928 et
1646 894 1778 927 vicinas
1795 887 1953 937 regitines
1970 908 2079 940 usque
2096 897 2138 928 ad
2157 895 2223 940 Sy-

1248 944 1335 976 riam
1354 945 1476 978 tenuit.
1529 944 1651 977 Postea
1676 945 1767 977 filius
1782 943 1981 978 Demetrius
1999 946 2121 978 amissa
2140 944 2224 978 Asia

1220 998 1221 1015 ³
1248 1006 1392 1036 regnum
1412 994 1639 1027 Macedoniae
1656 995 1805 1027 extincta
1823 994 2008 1028 Cassandri
2024 996 2224 1040 posteritate

1220 1079 1221 1095 l

1218 1129 1221 1149 l

218 1142 400 1177 Craterum
417 1145 569 1176 duxisset
586 1145 770 1183 exercitus,
799 1151 829 1177 et
847 1143 1011 1177 Craterus
1033 1144 1069 1175 in
1094 1155 1194 1186 prae·
1220 1170 1221 1173 ,

1219 1198 1315 1224 ⁴tam
1353 1204 1390 1224 ex
1426 1190 1528 1225 Phile
1556 1193 1735 1235 Antipatri
1769 1193 1857 1233 filia,
1892 1206 2035 1227 uxorem
2070 1196 2223 1234 dederat,

219 1193 266 1225 lio
293 1194 469 1236 periisset,
499 1206 599 1238 quem
628 1193 838 1227 Macedones
863 1195 964 1226 valde
989 1194 1192 1231 dilexerant,

218 1244 295 1276 irati
314 1244 481 1276 exercitus
506 1244 725 1277 Macedonici
748 1246 869 1278 ducem
893 1244 1025 1277 faciunt
1043 1242 1193 1285 Antigo-
1218 1280 1219 1291 ἶ

217 1305 301 1325 num
321 1300 439 1326 contra
458 1293 662 1327 Eumenem.

217 1349 266 1375 tra
292 1342 491 1375 Perdiccam
515 1351 546 1377 et
568 1341 781 1384 Eumenem,
813 1344 1014 1388 Antipater,
1042 1343 1189 1385 Antigo-

216 1404 282 1425 nus
300 1400 330 1426 et
350 1393 578 1426 Ptolemaeus.
634 1392 728 1426 Ilaec
746 1395 857 1438 prima
881 1395 1054 1427 contraria
1073 1394 1192 1426 foede-

216 1455 251 1474 ra
276 1443 362 1475 sacta
389 1449 480 1476 sunt.

214 1593 391 1636 equitibus
408 1593 610 1626 interfectus
630 1601 688 1626 cst.

315 1642 397 1676 Post
416 1644 606 1676 triennium
623 1642 782 1675 Eumene
800 1644 890 1676 victo
908 1645 1098 1676 secundum
1115 1645 1189 1676 bel·
1214 1669 1215 1677 .

216 1692 286 1724 lum
314 1694 415 1735 gessit
439 1691 639 1736 Antigonus
667 1694 833 1725 adversus
863 1692 1117 1732 Cassandrum,
1151 1704 1189 1725 ac

215 1743 326 1774 victor
342 1754 479 1785 sperare
498 1740 734 1774 monarchiam
752 1743 877 1786 coepit.
927 1741 1104 1775 Profectus
1124 1744 1188 1784 igi-

215 1799 271 1824 tur
286 1792 320 1824 in
333 1792 470 1836 Syriam
490 1793 687 1836 provincias
704 1793 833 1824 vicinas
851 1793 1052 1835 occupavit,
1079 1801 1110 1826 et
1126 1793 1189 1826 Se-

215 1843 349 1874 leucum
374 1844 625 1885 perterrefecit,
660 1850 696 1876 ut
720 1844 763 1875 ad
786 1842 1022 1875 Ptolemaeum
1055 1843 1090 1875 in
1116 1842 1186 1875 Ae-

212 1899 356 1936 gyptum
382 1893 526 1935 sugeret.
579 1892 627 1925 Ita
648 1893 813 1925 disiuncti
838 1900 918 1926 sunt
934 1892 1135 1935 Antigonus
1155 1900 1187 1926 et

211 1941 451 1982 Ptolemaeus,
491 1943 549 1987 qui
582 1943 819 1975 defensionem
852 1942 987 1976 Seleuci
1025 1944 1189 1987 suscepit.

212 1990 287 2024 lloc
306 1993 445 2025 tertium
471 1993 601 2025 bellum
626 1993 854 2036 asperrimum
871 1994 954 2032 suit,
981 1993 1017 2025 in
1040 2006 1111 2038 quo
1127 2006 1187 2026 va-

211 2042 282 2074 riae
306 2042 395 2074 vices
420 2043 575 2077 fuerunt.
631 2042 698 2075 Sed
725 2055 802 2075 curn
827 2043 957 2085 ingenti
983 2055 1095 2086 pugna
1123 2056 1186 2075 na-

211 2092 277 2123 vali
299 2093 341 2124 ad
359 2091 512 2136 Cyprum
532 2093 667 2126 vicisset
685 2092 883 2126 Demetrius
900 2091 1070 2134 Antigoni
1094 2094 1188 2127 filius

210 2140 399 2174 Ptolemaei
424 2144 584 2181 classem,
619 2144 725 2186 captis
745 2143 892 2175 sedecim
917 2144 1074 2176 millibus
1090 2145 1186 2176 mili-

211 2198 304 2231 tum,
340 2199 371 2225 et
399 2194 565 2225 demersis
597 2194 747 2226 navibus
772 2193 950 2232 ducentis,
983 2192 1185 2235 Antigonus

212 2252 282 2273 sese
311 2249 343 2275 et
375 2243 483 2275 filium
516 2242 732 2276 Demetrium
765 2254 864 2288 reges
896 2244 1112 2284 nominavit,
1152 2251 1183 2277 et

212 2291 404 2324 diademate
437 2294 531 2335 regio
562 2294 613 2327 uti
644 2294 766 2337 coepit.
821 2293 958 2327 Horum
987 2295 1185 2338 exemplum

212 2347 244 2373 et
269 2339 484 2374 Ptolemaeus
513 2344 667 2377 imitatus
700 2350 768 2384 est,
802 2351 832 2376 et
857 2345 982 2377 deinde
1005 2344 1183 2385 Seleucus,

209 2392 419 2432 recuperatis
445 2393 514 2425 suis
539 2394 741 2436 provinciis.
800 2394 857 2427 Sic
884 2407 972 2426 nova
1007 2406 1111 2436 regna
1143 2408 1180 2426 ex

211 2440 400 2473 Alexandri
419 2441 617 2475 monarchia
634 2451 707 2476 orta
725 2451 816 2483 sunt,
843 2445 928 2476 sicut
943 2443 1069 2478 Daniel
1083 2457 1180 2487 prae-

208 2491 353 2524 dixerat.
404 2490 522 2532 Pugna
541 2495 580 2524 ad
600 2493 753 2538 Cyprum
771 2495 856 2527 facta
875 2502 923 2527 est
943 2501 1018 2537 post
1033 2502 1179 2528 mortem

208 2539 420 2580 Alexandri,
447 2542 584 2574 circiter
605 2556 736 2576 annum
763 2544 996 2585 sedecimum,
1020 2544 1179 2578 videlicet

207 2588 420 2635 Olympiade
435 2592 617 2624 centesima
636 2601 665 2625 et
682 2595 812 2626 decima
829 2602 960 2628 octava.
1013 2594 1064 2627 Ac
1081 2596 1177 2627 brevi

207 2648 282 2683 post
301 2653 465 2674 conversa
485 2648 531 2674 est
548 2640 717 2683 Antigoni
738 2644 894 2684 fortuna,
922 2652 960 2678 ut
976 2645 1178 2688 superbiam

531 1443 577 1476 Et
604 1443 744 1476 initium
770 1445 943 1477 bellorum
969 1452 1084 1477 ortum
1104 1451 1153 1476 est
1173 1455 1191 1476 a
1216 1451 1218 1474 ξ

215 1494 404 1536 cupiditate
428 1493 678 1525 dominationis
702 1494 905 1535 Perdiccae,
938 1495 998 1539 qui
1022 1501 1061 1527 ut
1086 1505 1191 1537 supra

215 1543 384 1582 diximus,
418 1555 495 1576 cuin
526 1545 567 1576 ad
598 1542 795 1588 Aegyptum
826 1546 1038 1583 accessisset,
1071 1557 1089 1577 a
1119 1544 1191 1577 suis
1216 1537 1217 1553 ³

716 1293 766 1328 lta
785 1296 1043 1328 coniunxerunt
1057 1306 1092 1326 se
1109 1306 1193 1326 con·
1218 1302 1219 1341 ᾗ

1248 1044 1403 1076 retinuit.
1456 1043 1522 1076 Sed
1553 1057 1630 1076 cum
1656 1056 1859 1088 recuperare
1883 1044 2003 1077 Asiam
2029 1053 2224 1082 conaretur,

1249 1099 1280 1125 et
1307 1093 1401 1124 varia
1425 1093 1565 1125 fortuna
1593 1094 1724 1125 bellum
1755 1102 1886 1136 gereret
1911 1097 2076 1129 adversus
2101 1095 2223 1129 Seleu-

1247 1154 1325 1173 cum
1348 1154 1532 1184 generum,
1564 1143 1619 1175 cui
1646 1142 1865 1175 Stratonicen
1887 1145 1993 1176 filiam
2019 1157 2134 1184 suam,
2161 1157 2224 1177 na-

1246 1243 1387 1274 tandem
1417 1255 1434 1275 a
1457 1242 1602 1275 Seleuco
1627 1254 1754 1285 genero
1771 1250 1890 1287 captus
1914 1251 1978 1285 est,
2006 1246 2097 1288 apud
2119 1256 2222 1289 quem

1246 1292 1403 1335 captivus
1437 1305 1529 1325 anno
1565 1294 1667 1326 tertio
1693 1300 1851 1326 mortuus
1879 1301 1947 1333 est,
1982 1307 2060 1327 cum
2084 1295 2224 1327 vixisset

1245 1354 1355 1374 annos
1373 1350 1523 1387 quatuor
1549 1349 1582 1375 et
1604 1342 1875 1387 quinquaginta,
1905 1350 2036 1377 tantam
2062 1350 2223 1386 expertus

1244 1392 1406 1424 fortunae
1433 1393 1653 1432 varietatem,
1686 1399 1724 1425 ut
1750 1395 1793 1425 de
1826 1404 1865 1425 eo
1897 1405 2016 1426 versus
2038 1392 2223 1437 Sophoclis

1246 1443 1470 1484 pronunciati
1495 1443 1583 1480 sint,
1612 1443 1655 1475 de
1682 1443 1786 1475 lunae
1808 1442 2033 1477 incrementis
2051 1451 2083 1478 et
2101 1445 2222 1477 decre-

1244 1499 1381 1526 mentm.

1268 1619 1454 1651 Posteri
1479 1615 1679 1661 fuerunt
1706 1627 1837 1662 reyes
1862 1617 2191 1652 Macedoniae.

1343 1688 1549 1734 Antigonus
1578 1687 1782 1729 Secundus,
1810 1697 1912 1722 natus
1932 1702 1970 1723 ex
1991 1689 2111 1728 Phile,
2140 1689 2219 1723 An-

1242 1740 1360 1782 tipatri
1388 1741 1476 1780 filia,
1510 1740 1670 1771 laudatus
1704 1746 1848 1783 propter
1879 1740 2048 1773 iusticiam
2078 1747 2110 1774 et
2142 1753 2218 1773 mo-

1241 1791 1470 1822 derationem.
1533 1789 1702 1821 Graeciae
1728 1801 1845 1831 pacem
1872 1791 2034 1823 restituit.
2098 1790 2217 1833 Quare

1240 1852 1257 1871 a
1278 1839 1421 1872 Graecis
1440 1839 1643 1871 nominatus
1659 1845 1709 1872 est
1723 1837 1936 1886 Εὐεργέτης.
1989 1839 2042 1874 Ex
2062 1838 2127 1874 hoc
2140 1842 2216 1874 An-

1240 1890 1363 1933 tigono
1377 1889 1539 1923 Secundo
1555 1895 1657 1922 natus
1673 1895 1722 1922 est

1341 1937 1552 1972 Demetrius
1570 1936 1777 1982 Secundus,
1803 1940 1862 1984 qui
1881 1951 1953 1973 non
1970 1941 2031 1973 diu
2048 1942 2216 1984 regnavit.

1340 1987 1551 2035 Philippus.
1617 1988 1693 2022 Hoc
1735 1990 1916 2033 impubere
1956 1998 2051 2024 tutor
2091 2004 2214 2034 regna-

1240 2042 1301 2079 vit,
1331 2041 1506 2084 patruelis,
1534 2040 1798 2082 cognominatus
1813 2038 1946 2073 Doson.
1987 2040 2108 2074 Postea
2127 2040 2212 2075 Phi-

1239 2091 1353 2135 lippus
1379 2098 1517 2134 accepto
1543 2097 1688 2133 paterno
1708 2102 1814 2133 regno
1845 2091 1910 2124 suit
1934 2092 2102 2132 crudelis,
2137 2099 2169 2126 et
2192 2104 2211 2125 a

1237 2140 1408 2174 Romanis
1443 2142 1553 2173 victus
1581 2152 1698 2184 pacem
1731 2141 1868 2183 petivit.
1929 2140 2058 2174 Filium
2085 2141 2211 2175 Deme-

1238 2192 1342 2225 trium
1365 2192 1453 2224 falso
1470 2198 1664 2223 accusatum
1681 2203 1698 2224 a
1714 2190 1839 2223 Perseo
1856 2192 1978 2230 fratre,
2004 2192 2186 2225 interfecit.

1339 2242 1511 2276 Successit
1536 2238 1706 2281 Perseus,
1739 2248 1859 2284 captus
1885 2255 1902 2274 a
1926 2240 2108 2276 Romanis.

1338 2292 1431 2325 Haec
1455 2292 1609 2335 exempla
1632 2299 1829 2333 congru-unt
1852 2293 1894 2323 ad
1920 2291 2090 2332 regulam,
2119 2304 2211 2336 quae

1236 2344 1337 2376 dicit:
1365 2343 1502 2376 [usticia
1520 2342 1667 2375 stabiliri
1684 2339 1868 2377 thronum,
1897 2347 1929 2373 et
1947 2352 2049 2382 regna
2068 2349 2209 2385 propter

1235 2393 1447 2426 iniusticiam
1470 2393 1612 2425 unitari.
1669 2391 1766 2425 Haec
1789 2393 1832 2422 de
1856 2388 2025 2431 Antigoni
2059 2393 2206 2435 posteri-

1235 2451 1301 2476 tate
1326 2444 1481 2476 breviter
1499 2442 1762 2480 annotavimus,
1791 2449 1828 2472 ut
1854 2452 1971 2482 regum
2002 2442 2105 2474 series
2129 2448 2204 2485 post

1233 2492 1473 2527 Alexandrum
1493 2500 1669 2537 utcunque
1687 2491 1898 2524 considerari
1919 2492 2035 2533 possit.
2077 2490 2202 2524 Daniel

1232 2545 1373 2577 caete-ris
1397 2544 1553 2583 omissis,
1582 2544 1626 2575 de
1647 2540 1784 2583 regibus
1801 2539 1980 2585 Aegyptiis
1999 2549 2030 2574 et
2051 2541 2203 2586 Syriacis

1231 2595 1339 2627 multa
1365 2594 1590 2630 vaticinatur,
1619 2602 1768 2635 quornm
1787 2591 1893 2623 series
1915 2593 2122 2624 recensenda
2142 2599 2203 2632 est,

1230 2652 1266 2677 ut
1285 2645 1370 2677 sacri
1390 2645 1470 2676 libri
1487 2642 1739 2684 intelligantur.
