2324 2955
121 108 191 143 195

115 191 210 224 lestis
229 191 412 225 doctrinae
426 190 577 225 retinere
594 191 678 236 ipsi,
706 199 738 227 et
762 194 898 227 tradere.
916 192 1038 227 liberis
1056 204 1094 225 ac

115 242 261 285 posteris
279 243 408 275 nostris
432 242 614 285 possimus.

215 291 329 326 Acuat
352 292 510 325 discendi
538 305 656 326 curam
684 299 714 325 et
731 293 968 328 assiduitatem
988 292 1092 326 etiam

114 339 241 376 horum
266 350 463 386 temporum
488 342 640 376 incertus
665 351 790 385 status,
826 351 858 377 et
884 344 1092 387 impenden-

114 393 202 426 tium
226 392 458 426 mutationum
483 400 515 426 et
539 394 772 428 vastationum
799 406 871 427 non
896 395 983 427 falso
1006 404 1091 426 con-

114 450 234 487 ceptus
263 450 393 482 metm,
427 449 466 476 ut
497 445 580 476 dum
607 444 844 488 tranquillitas
875 445 1091 483 conceditur,

111 492 326 526 instruamus
352 504 414 526 nos
438 505 555 527 rerum
579 493 851 527 necessariarum
883 495 1090 537 cognitione,

111 549 152 576 ut
168 543 340 587 possimus
361 555 432 576 esse
452 544 568 576 fideles
596 545 755 577 custodes
780 551 958 578 tantorum
976 546 1089 578 bono-

112 605 202 634 rum,
230 593 358 638 quibus
374 592 468 626 Deus
484 592 677 627 Ecclesiam
696 591 801 627 liuius
815 595 984 639 postremi
1002 602 1089 628 tem-

109 644 205 687 poris
220 644 344 676 mundi
361 643 510 678 ornavit.

213 693 330 727 Licuit
347 694 526 737 superiore
543 701 652 728 aetate
667 694 881 728 discentibus
907 696 1087 740 aliquanto

111 742 240 777 lentius
265 743 303 775 in
324 743 449 777 studiis
472 745 617 785 versari,
645 752 677 778 et
703 757 774 778 non
798 752 868 778 tam
886 746 1086 786 utilitatem,

111 805 216 838 quam
242 793 345 827 etiam
368 793 621 828 iucunditatem
646 795 800 840 aliquam
827 808 866 828 ex
888 796 930 828 iis
956 797 1087 836 venari,

110 855 189 877 cum
215 850 371 887 tempora
393 844 580 877 laetissima
605 845 768 885 fuerunt,
795 853 827 879 et
850 847 1087 891 tranquillitas

110 893 148 926 in
177 892 318 937 Repub.
341 901 454 934 tanta,
487 902 525 928 ut
550 895 715 928 collatum
741 896 829 929 illud
863 898 1019 929 seculum
1043 898 1084 929 ad

108 941 201 977 hanc
235 945 469 984 tumultuum,
506 945 736 978 certaminum
769 958 808 979 ac
838 947 1084 980 confusionum

109 993 416 1028 foecundissimam
441 1000 587 1028 aetatem
611 1002 789 1036 nostram,
815 1008 960 1029 aureum
988 1009 1084 1030 secu-

107 1044 183 1077 lum
201 1044 313 1077 videri
331 1044 493 1087 potuerit.
545 1044 592 1078 At
608 1052 691 1078 tunc
709 1046 810 1079 etiam
829 1047 939 1081 multo
956 1049 1085 1080 arden-

109 1095 177 1127 tius
199 1094 266 1128 snit
287 1095 442 1128 studium
466 1094 734 1140 plerorumque,
762 1109 839 1129 cum
857 1098 977 1130 nullus
993 1098 1083 1131 cala-

108 1145 269 1178 mitatum
285 1151 398 1178 metus
415 1152 572 1187 urgeret,
599 1158 703 1190 quam
723 1158 817 1180 nunc
833 1154 900 1185 est,
928 1148 987 1181 ubi
1013 1149 1082 1180 fere

108 1194 237 1237 singuli
261 1195 334 1227 dies
354 1195 491 1239 aliquos
512 1207 622 1228 novos
644 1203 792 1230 terrores
818 1198 999 1237 adserunt,
1023 1198 1082 1242 qui

108 1245 371 1288 dissipationem
386 1243 528 1278 'Scliolis
553 1246 774 1280 minitantur.
829 1246 902 1280 Cur
925 1260 997 1280 non
1017 1248 1083 1290 igi-

108 1301 167 1328 tur
190 1295 370 1327 imitamur
395 1301 514 1327 cautos
539 1301 573 1327 et
597 1296 780 1336 diligentes
808 1297 996 1337 agricolas,
1023 1298 1083 1340 qui

108 1344 254 1377 maturis
277 1344 345 1375 iam
369 1344 546 1385 frugibus,
579 1355 658 1376 cum
688 1345 901 1387 tempestatis
934 1352 994 1378 aut
1018 1346 1085 1377 im-

107 1394 225 1427 brium
242 1393 339 1435 signa
355 1392 471 1436 aliqua
487 1392 675 1434 ingruunt,
703 1405 824 1426 omnes
841 1395 1084 1437 occupationes

108 1443 205 1481 alias,
234 1443 440 1486 voluptates,
469 1453 568 1474 curas
584 1449 843 1484 postponentes,
868 1455 931 1475 nec
947 1444 1084 1475 iumen-

107 1494 169 1531 tis,
196 1504 260 1525 nec
284 1491 453 1531 familiae,
488 1502 552 1523 nec
584 1491 791 1534 corporibus
822 1492 893 1525 suis
927 1500 1085 1535 parcunt,

106 1550 165 1577 aut
188 1543 339 1588 quietem
363 1541 473 1574 ullam
499 1542 714 1581 concedunt,
742 1543 854 1574 donec
877 1543 1003 1586 raptim
1023 1544 1082 1574 de-

107 1594 247 1634 messis,
276 1592 447 1635 congestis
469 1598 502 1624 ct
525 1591 721 1634 importatis
746 1592 923 1634 frugibus,
951 1600 1086 1635 tempe-

107 1650 235 1678 statum
268 1643 415 1675 iniurias
449 1648 481 1675 et
503 1641 705 1674 violentiam
732 1643 976 1676 antevertant?
1012 1642 1084 1677 Cur

108 1706 174 1728 nos
196 1694 393 1730 stertimus,
421 1698 453 1724 et
479 1699 548 1726 tam
574 1692 726 1734 segniter
747 1693 860 1725 studia
884 1700 1084 1732 tractamus,

107 1744 206 1790 quasi
241 1743 401 1788 polliceri
434 1742 537 1775 nobis
571 1742 677 1775 vitam
719 1740 940 1776 Mathusalae
980 1744 1083 1776 aetati

107 1795 287 1840 aequalem
311 1793 503 1838 possimus,
532 1799 570 1825 ut
591 1793 684 1837 quod
707 1790 773 1826 hoc
788 1805 881 1825 anno
897 1805 969 1827 non
990 1794 1084 1826 didi-

106 1847 276 1885 cerimus,
311 1844 538 1889 sequentibus
565 1843 666 1875 annis
690 1855 754 1876 nos
789 1855 968 1886 speremus
1001 1844 1083 1876 satis

106 1896 312 1940 tempestive
334 1893 606 1928 consecuturos?
639 1892 879 1938 Conqueritur
906 1895 948 1927 de
979 1894 1082 1927 unica

106 1953 180 1981 arte
205 1946 348 1980 medica.
375 1944 536 1978 Medicus
561 1944 816 1977 cruditissimus
840 1943 1083 1989 Hippocrates,

108 1997 313 2040 ampliorem
332 2007 406 2028 eam
425 2006 517 2037 esse,
545 2006 648 2038 quam
667 2007 755 2039 quae
775 1994 812 2027 in
831 1992 895 2027 hac
910 1996 999 2028 vitae
1017 1992 1084 2028 liu-

106 2058 229 2080 manae
244 2047 413 2080 brevitate
430 2044 578 2086 perdisci
591 2051 702 2088 queat,
717 2057 796 2078 cum
814 2045 947 2090 inquit:
966 2043 984 2078 ὁ
1001 2043 1084 2089 βίος

107 2094 270 2143 βραχὺς,
305 2093 368 2141 ἡδὲ
398 2094 505 2140 τίχιή
533 2092 674 2139 μακρὴ,
719 2093 737 2129 ὁ
765 2092 803 2129 δὲ
833 2093 959 2141 καιρὸς
990 2094 1083 2134 ὀξὺς.

109 2147 207 2191 Quid
237 2160 300 2180 nos
325 2146 509 2186 faciemus,
536 2145 664 2190 quibus
691 2146 806 2189 plures
827 2153 917 2179 artes
941 2153 999 2180 ant
1024 2159 1083 2179 co—

107 2199 326 2242 gnoscendae
347 2203 407 2230 aut
430 2203 520 2229 certe
552 2196 804 2237 degustandae,
833 2203 866 2230 et
895 2209 1083 2240 propemo-

108 2251 193 2283 dum
220 2255 372 2294 quatuor
398 2246 538 2289 linguae
554 2246 738 2279 discendae
755 2247 859 2280 sunt?
885 2255 917 2280 et
936 2248 978 2280 ad
998 2244 1082 2280 baec

107 2300 179 2343 ipsa
197 2305 265 2332 tam
281 2298 376 2331 varia
393 2303 425 2330 et
437 2296 594 2330 diflicilia
610 2296 723 2329 studia
739 2304 935 2341 temporum
954 2295 1081 2331 horum

110 2349 337 2387 infoelicitas‚
366 2360 488 2392 parum
512 2347 778 2391 tranquillitatis
799 2359 1002 2382 concessura
1027 2349 1081 2381 vi-

109 2402 223 2435 detur.
275 2398 424 2432 Turcica
441 2398 554 2430 rabies
570 2403 745 2439 grassatur
762 2398 873 2431 indies
892 2406 925 2432 et
943 2399 1082 2441 longius

109 2457 143 2484 et
169 2449 324 2489 saevius,
350 2456 384 2482 et
403 2460 475 2481 non
499 2448 604 2480 modo
633 2447 806 2480 intestinis
831 2449 959 2482 nostris
978 2449 1082 2481 dissi-

110 2501 178 2535 diis
203 2500 390 2540 invitatur,
424 2499 483 2532 sed
521 2495 709 2531 attrabitur
741 2498 843 2530 etiam
873 2498 1082 2532 foedissimis

107 2551 308 2585 foederibus
322 2557 354 2583 et
369 2548 599 2592 pactionibus.
654 2547 695 2580 ln
713 2547 903 2581 Germania
920 2555 1013 2582 tanta
1031 2557 1082 2584 est

108 2601 313 2644 Principum
333 2599 519 2640 dissensio,
539 2605 571 2632 et
589 2599 680 2632 inter
697 2598 788 2642 ipsos
805 2599 996 2632 diffidentia
1008 2627 1017 2640 ,
1044 2607 1081 2634 ut

110 2650 271 2686 homines
289 2650 523 2691 intelligentes
540 2647 630 2682 nibil
650 2649 758 2693 magis
778 2656 950 2691 metuant,
976 2662 1079 2695 quam

159 2703 336 2735 ΜειΑΜ-κ.
360 2702 464 2734 Orsa.
492 2700 667 2734 VomXss.

572 106 734 142 DECL.
765 105 840 142 DE
884 106 1025 142 VITA
1061 104 1133 142 ET
1168 105 1438 145 SCRIPTIS
1473 110 1670 149 PLINIL

2054 124 2124 158 194

1143 203 1319 224 novorum
1342 193 1515 228 bellorum
1541 197 1721 239 incendia,
1756 202 1810 234 vel
1834 203 1993 246 priorum
2017 218 2119 251 aegre

1144 242 1337 285 sopitorum
1358 244 1506 279 flammis
1525 248 1641 281 denuo
1667 253 1946 296 erumpentibus,
1974 258 2119 291 maiores

1141 292 1365 348 vastationes,
1418 293 1511 328 Haec
1528 298 1681 340 pericula
1700 311 1778 333 cum
1804 314 1866 335 nos
1884 305 2119 350 circumstent,

1141 354 1213 374 non
1232 354 1299 374 iam
1319 350 1369 376 est
1385 343 1558 388 integrum
1576 349 1678 382 nobis
1691 351 1815 385 ociosis
1833 354 2119 400 circumspectare

1141 398 1175 425 et
1205 403 1353 433 cessare,
1382 402 1441 428 ant
1461 396 1545 429 alias
1571 410 1624 431 res
1644 411 1762 442 agere,
1782 403 1840 435 sed
1865 416 1969 448 quem
1994 409 2116 442 admo-

1140 443 1224 475 dum
1246 450 1371 476 nautae
1400 445 1549 488 faciunt,
1583 449 1663 492 qui,
1696 451 1780 483 dum
1811 456 1972 489 secundis
2003 460 2117 493 ventis

1139 493 1211 533 usi,
1247 493 1454 538 aliquandiu
1486 497 1681 540 remigandi
1712 500 1868 536 laborem
1895 507 2115 551 remiserunt,

1139 549 1171 575 et
1188 555 1313 586 corpus
1330 557 1367 577 ac
1383 546 1539 580 animum
1557 548 1672 592 quiete
1688 556 1720 582 et
1746 550 1880 586 lusibus
1905 567 2115 601 recrearunt,

1137 593 1199 626 ubi
1215 594 1269 626 vel
1288 596 1400 629 venus
1426 597 1684 637 destituuntur,
1712 600 1767 632 vel
1791 606 1975 638 contrariis
2001 610 2115 652 repel-

1137 643 1277 685 luntur,
1320 646 1376 679 vel
1409 653 1652 691 tempestatum
1682 649 1779 692 signa
1809 653 2113 698 animadvertunt,

1137 706 1215 727 mox
1233 696 1274 727 ad
1294 707 1406 729 remos
1431 705 1464 731 et
1483 699 1649 731 rudentes
1666 709 1870 741 accurrunt,
1899 711 1931 738 et
1948 709 2112 741 commis-

1135 755 1212 777 sum
1236 746 1382 790 quisque
1404 759 1533 781 munus
1558 755 1698 782 strenue
1722 757 1850 784 etcum
1866 755 2016 789 maximo
2035 770 2112 792 cor-

1136 795 1232 838 poris
1255 802 1288 829 et
1311 797 1420 830 animi
1449 805 1575 831 conatu
1603 808 1784 842 capessunt
1815 809 1848 836 et
1878 816 2112 850 exequuntur:

1136 845 1183 879 ita
1209 857 1271 878 nos
1294 847 1391 880 decet
1414 848 1700 892 impendentibus
1728 857 1777 884 tot
1808 854 1988 896 periculiS‚
2024 871 2112 903 quae

1135 896 1236 928 nobis
1273 895 1471 937 scholarum
1503 899 1767 943 dissipationem
1805 910 1837 936 et
1872 906 2112 942 doctrinarum

1134 946 1417 980 obscurationem
1440 948 1641 990 minantur,
1674 963 1811 985 summo
1835 956 1950 988 studio
1973 965 2005 991 et
2026 971 2111 992 con-

1134 996 1291 1029 tentione
1308 998 1443 1038 anniti,
1470 1005 1509 1031 ut
1525 1011 1587 1032 nos
1605 1008 1777 1044 quantum
1795 1005 1939 1038 omnino
1957 1007 2030 1040 fieri
2049 1022 2111 1053 po-

1134 1052 1216 1086 test,
1249 1048 1523 1081 necessarIarum
1547 1050 1674 1082 artium
1707 1051 1865 1086 doctrina
1889 1055 2112 1101 instruamus,

1133 1096 1307 1138 geminam
1328 1098 1373 1129 ob
1394 1110 1550 1131 causam:
1579 1098 1761 1141 Primum,
1787 1109 1825 1135 ut
1842 1103 1888 1143 ‚in
1912 1111 2113 1142 cummuni-

1133 1147 1196 1178 bus
1227 1148 1484 1181 calamitatibus
1517 1148 1583 1192 ipsi
1615 1150 1750 1183 firmam
1777 1155 2051 1190 consolationem
2078 1168 2110 1194 et

1132 1207 1227 1239 spem
1254 1194 1381 1230 habere
1406 1199 1578 1240 possimus
1602 1207 1760 1234 aeternae
1780 1203 1918 1245 salutis,
1945 1208 2112 1253 quicquid

1133 1246 1235 1278 etiam
1248 1247 1283 1278 in
1298 1245 1361 1280 liae
1376 1248 1446 1281 vita
1460 1249 1562 1281 nobis
1576 1251 1720 1291 accidat,
1737 1258 1768 1285 et
1781 1254 2008 1297 mitigationis
2024 1273 2111 1303 quo-

1133 1308 1199 1338 que
1216 1308 1407 1338 poenarum
1419 1324 1428 1337 ,
1452 1310 1555 1342 quam
1566 1297 1661 1332 Deus
1679 1302 1941 1343 poenitentibus
1958 1315 1989 1340 et
2007 1322 2110 1343 suum

1132 1345 1285 1377 officium
1303 1347 1424 1378 sedulo
1441 1347 1659 1387 facientibus,
1676 1360 1777 1393 saepe
1791 1355 1973 1394 promittit.
2002 1359 2112 1392 Dein-

1133 1394 1186 1433 de,
1212 1401 1251 1427 ut
1269 1395 1304 1434 ii,
1331 1407 1418 1439 quos
1436 1396 1473 1428 in
1491 1398 1671 1430 communi
1686 1401 1868 1445 naufragio
1887 1403 1981 1438 Deus
1999 1420 2111 1443 emer-

1133 1453 1211 1484 gere
1231 1451 1263 1476 et
1290 1456 1466 1487 superesse
1491 1446 1658 1487 voluerit,
1686 1451 1802 1483 sedata
1831 1454 1996 1489 nonnihil
2022 1466 2111 1493 tem-

1133 1498 1283 1534 pestate,
1309 1494 1436 1526 fractae
1460 1495 1560 1526 navis
1587 1497 1723 1530 tabulas
1745 1502 1844 1543 quasi
1868 1505 2050 1550 colligere,
2078 1520 2111 1546 et

1132 1541 1252 1574 ruinas
1279 1553 1341 1574 suo
1365 1543 1513 1587 quisque
1535 1544 1612 1577 loco
1635 1552 1667 1579 et
1688 1549 1813 1583 ordine
1839 1563 1901 1595 pro
1927 1556 2021 1590 virili
2037 1571 2111 1594 sar-

1132 1591 1201 1624 cire
1212 1600 1352 1635 queant,
1362 1593 1576 1638 «micaeque,
1589 1596 1755 1631 utlumen
1766 1601 1922 1636 coelestis
1933 1606 2112 1645 doctrinae

1134 1648 1167 1675 et
1183 1642 1324 1675 utilium
1342 1643 1471 1676 artium
1491 1656 1612 1678 rursus
1628 1648 1795 1683 excitetur
1817 1659 1850 1685 et
1875 1666 2100 1694 conservetur

1232 1691 1334 1725 llanc
1357 1695 1727 1731 commonefactionem
1746 1701 1788 1733 de
1807 1704 1990 1740 sedulitate
2010 1710 2046 1742 in
2065 1689 2112 1745 li:

1133 1749 1287 1776 terarum
1305 1745 1439 1784 studio,
1466 1745 1622 1779 fortassis
1639 1749 1816 1793 aliquibus
1832 1753 2024 1800 insuavem,
2051 1765 2110 1796 sed

1132 1793 1279 1826 omnino
1306 1791 1373 1827 hoc
1396 1794 1502 1827 nimis
1527 1796 1674 1831 delicato
1699 1806 1732 1833 et
1747 1803 1847 1835 molli
1863 1812 1895 1839 et
1910 1807 2109 1854 voluptario

1131 1844 1247 1876 seculo
1285 1852 1404 1878 nostro
1449 1848 1696 1890 necessariam,
1739 1851 1817 1885 ideo
1858 1855 2110 1896 instituendam

1133 1894 1236 1934 duxi,
1263 1895 1345 1939 quia
1367 1907 1446 1928 cum
1475 1897 1518 1929 de
1541 1896 1659 1931 Plinio
1682 1900 1814 1946 aliquid
1840 1906 2028 1944 dicendum
2054 1911 2110 1948 hic

1132 1950 1239 1984 esset,
1267 1945 1340 1977 eins
1367 1946 1574 1980 incredibile
1596 1950 1736 1983 sudium
1754 1960 1786 1986 et
1810 1960 1975 2000 temporis
1997 1965 2108 2004 parsi-

1131 1994 1248 2026 monia
1281 1993 1369 2027 mihi
1401 2007 1538 2029 causam
1566 2000 1744 2041 praebuit,
1772 2010 1810 2036 ut
1836 2002 1925 2040 lianc
1952 2019 2106 2047 nostram

1131 2044 1324 2078 socordiam
1343 2046 1574 2089 deplorarem,
1600 2055 1632 2081 et
1649 2061 1727 2082 cum
1745 2049 1850 2086 liuius
1864 2061 2007 2101 autoris,
2034 2070 2107 2097 tum

1131 2095 1322 2138 superioris
1347 2097 1468 2129 aetatis
1491 2099 1648 2142 exemplo
1672 2112 1726 2133 me
1744 2109 1775 2135 et
1791 2104 1878 2138 alios
1896 2110 1939 2140 ad
1955 2112 2107 2147 dilium-

1132 2146 1216 2178 tiam
1238 2147 1487 2184 exuscitarem‚
1516 2148 1588 2180 sine
1612 2162 1679 2194 qua
1705 2152 1834 2187 virtute
1859 2155 1949 2191 nibil
1978 2139 2105 2198 monuo

1131 2207 1255 2239 genere
1283 2198 1373 2230 vitae
1396 2197 1483 2230 offici
1510 2206 1568 2232 aut
1600 2203 1794 2244 comparari
1822 2205 1925 2240 laude
1958 2212 2107 2255 dignum

1131 2252 1260 2290 potest,
1288 2254 1320 2280 et
1337 2248 1515 2280 verissime
1529 2249 1616 2282 dixit
1635 2249 1823 2286 llesiodus:
1846 2256 1914 2292 αἰεὶ
1929 2257 1967 2294 δ’
1985 2261 2034 2296 du
2050 2265 2106 2300 2¹0-

1132 2295 1272 2344 λιεργὸς
1289 2295 1382 2342 ἀνὴρ
1401 2296 1519 2331 ἄταισι
1543 2298 1696 2334 παλαίει.
2009 2298 2013 2307 ’
2038 2285 2045 2309 i

1231 2346 1307 2380 Oro
1329 2355 1444 2381 autem
1462 2347 1572 2380 Deum
1596 2358 1775 2386 aeternum
1801 2364 1933 2399 patrem
1960 2362 2105 2401 Domini

1130 2398 1241 2431 nostri
1259 2398 1334 2431 lesu
1352 2396 1503 2437 Christi,
1530 2406 1566 2432 ut
1592 2401 1662 2444 ipse
1686 2403 1722 2436 in
1744 2407 1846 2440 nobis
1868 2411 1991 2447 excitet
2006 2428 2104 2450 amo—

1130 2461 1203 2481 rem
1227 2455 1256 2481 et
1283 2449 1437 2481 studium
1458 2453 1716 2491 cognoscendae
1731 2462 1763 2489 et
1783 2465 2026 2502 propagandae
2044 2480 2102 2502 ve-

1130 2499 1260 2538 ritatis,
1292 2505 1324 2531 et
1349 2498 1556 2532 discentium
1582 2510 1699 2537 coetus
1729 2512 1762 2539 et
1788 2505 1872 2542 haec
1902 2511 2100 2551 scholarum

1130 2547 1278 2593 hospitia
1297 2555 1471 2592 protegat,
1499 2553 1804 2598 et'praeceptores‚
1828 2571 1916 2603 quos
1931 2564 2098 2607 §iugum-5

1130 2600 1284 2632 bonitate
1317 2600 1419 2631 nobis
1449 2600 1565 2634 fideles
1602 2606 1780 2648 praebuit,
1816 2610 1876 2644 diu
1911 2613 2102 2652 incolumes

1129 2655 1320 2684 conservet.
1372 2650 1469 2686 Dixi.

1523 2703 1569 2738 13
