2324 2955
164 124 254 162 1051

159 213 318 248 fuerunt,
345 212 376 239 et
394 199 649 240 Iurisconsulti,
676 208 827 243 quorum
846 205 971 238 magna
987 193 1054 228 fuit
1070 205 1133 227 au-

162 261 301 298 toritas,
329 261 512 300 postquam
534 249 720 284 duodecim
738 247 876 281 tabulae
890 244 1134 279 Romanarum

162 312 276 353 legum
302 305 431 349 populo
456 301 652 346 propositae
677 298 815 343 publice
837 297 998 330 fuerunt.
1025 291 1073 328 Et
1097 299 1137 327 ut

164 370 257 393 nunc
283 363 363 389 sunt
390 354 427 386 in
446 350 647 386 Academiis
663 348 778 382 studia
797 345 1006 381 discentium
1023 351 1056 378 et
1072 344 1137 377 do-

165 407 320 443 centium
336 404 441 446 leges,
468 409 500 436 et
515 399 803 445 respondentium
817 399 860 431 de
877 396 969 429 iure:
998 394 1046 428 ita
1061 395 1138 427 fue-

166 465 250 493 runt
266 457 350 490 olim
368 454 504 489 Romae
516 480 524 494 ‚
551 451 678 485 deinde
696 450 732 482 in
750 449 836 482 urbe
852 446 994 492 BerytO,
1022 451 1139 489 postea

165 504 474 548 Constantinopoli
496 509 614 536 coetus
629 499 829 534 docentium
847 504 879 530 et
895 495 1116 529 discentium.

267 556 425 599 Cumque
442 554 479 586 in
498 553 634 587 Italiam
645 550 756 590 Cotti,
781 544 1142 588 deindeLongobardi

168 617 199 644 et
217 606 345 641 Franci
362 604 489 649 patrias
505 604 596 645 leges
614 601 823 640 intulissent,
837 598 981 631 tandem
994 591 1143 628 Lolha-

171 660 248 692 rius
266 657 357 692 Saxo
382 655 572 699 imperator
596 651 799 685 admonitus
824 649 867 682 ab
889 645 1036 680 Irnerio
1055 645 1144 678 luris

171 710 379 751 interprete,
421 705 481 749 qui
505 703 644 737 auditor
667 702 850 734 doctorum
876 698 914 730 in
938 698 1026 730 urbe
1049 695 1146 729 Con-

173 755 403 800 stantinopoli
432 756 562 794 fuerat,
602 762 722 785 rursus
748 762 786 783 ex
818 745 1040 782 bibliothecis
1064 757 1145 790 pro-

173 809 257 843 ferri
278 808 387 840 libros
404 802 675 838 Pandectarum
703 801 820 840 iussit,
857 805 890 831 et
912 797 1069 830 enarrari
1087 806 1147 828 eos

174 860 284 892 libros
304 856 505 893 Bononiae,
531 860 562 886 et
591 851 741 885 iudicari
764 851 799 882 in
819 848 917 882 ltalia
944 854 1148 881 controver-

175 909 243 943 sias
272 919 312 940 ex
337 906 407 939 illis
423 903 594 939 Romanis
619 902 755 946 legibus
777 898 969 934 mandavit.
1022 896 1073 931 Ita
1089 908 1149 929 ve-

176 966 233 993 tus
247 956 581 991 Iurisconsultorum
600 952 759 986 doctrina
783 963 823 983 ex
841 947 1151 990 Constantinopoli

176 1020 298 1043 rursus
315 1008 351 1039 in
370 1006 505 1040 ltaliam
526 1005 622 1037 illata
648 1010 709 1036 est.

278 1056 355 1091 Etsi
378 1062 491 1088 autem
517 1054 659 1097 quidam
684 1050 884 1092 vituperant
902 1045 1153 1084 Iustinianum,

179 1108 273 1154 quod
290 1118 329 1139 ex
341 1103 591 1138 vetustioribus
608 1100 750 1142 integris
766 1097 903 1141 scriptis
919 1103 1055 1130 tantum
1070 1096 1152 1127 bre-

180 1170 256 1192 vem
286 1155 475 1199 Epitomen
503 1152 637 1195 excerpi
678 1149 833 1184 iusserit:
878 1154 995 1180 tamen
1035 1145 1153 1178 iudico

180 1209 281 1242 valde
302 1204 554 1239 benemeritum
579 1214 663 1234 esse.
714 1199 804 1233 Nam
837 1209 914 1230 cum
945 1197 1006 1229 illa
1038 1202 1153 1229 vetera

181 1256 363 1291 volumina
384 1261 526 1298 propter
543 1250 821 1295 magnitudinem
839 1247 973 1292 alioqui
998 1245 1154 1291 peritura

179 1307 334 1346 fuerint,
360 1305 461 1337 valde
484 1303 624 1347 prodest
646 1300 812 1345 reliquias
837 1308 1016 1342 superesse
1036 1296 1157 1340 plenas

182 1355 404 1395 eruditionis,
429 1366 497 1399 qua
513 1353 701 1397 aequalitas
718 1350 803 1383 alias
820 1346 1051 1387 arithmetica,
1070 1346 1157 1379 alias

182 1407 390 1453 geometrica
407 1403 634 1448 proportione
655 1401 831 1445 sapienter
857 1398 1011 1444 quaesita
1029 1404 1098 1437 est,
1123 1402 1157 1429 et

182 1459 315 1492 multae
331 1454 647 1489 demonstrationes
663 1451 809 1485 traditae
827 1456 918 1483 sunt.
951 1448 1022 1481 Nec
1039 1459 1157 1481 assen-

183 1510 253 1543 tior
269 1506 461 1550 Procopio,
487 1504 546 1550 qui
566 1503 826 1536 Tribonianum
845 1501 892 1533 ait
909 1499 1000 1541 leges
1020 1498 1158 1531 venales

184 1557 370 1597 habuisse,
396 1568 474 1589 cum
493 1555 633 1600 quidem
654 1553 713 1586 ille
730 1553 801 1595 ipse
819 1551 968 1583 fateatur
984 1561 1062 1581 eum
1078 1560 1158 1581 eru-

187 1609 322 1641 ditione
349 1606 566 1640 excelluisse:
596 1600 742 1650 φύσεως
761 1597 919 1645 δυνάμει
944 1600 1074 1644 ἐχρῆτο
1098 1595 1159 1632 καὶ

186 1656 351 1695 παιὸ,ίας
381 1657 429 1694 εἷς
456 1653 571 1699 ἄκρὸν
597 1652 768 1700 ἄφίκετο,
792 1649 945 1695 αἱμύλος
968 1647 1006 1684 δὲ
1032 1646 1078 1693 ἦν
1099 1645 1161 1682 καὶ

187 1702 477 1754 (μλοχρηιιατίας
512 1702 656 1746 νόσημα
690 1703 895 1734 {mumdum
934 1697 1061 1733 ἱκανὸς
1100 1700 1163 1738 τῆς

188 1756 353 1793 παιδείας
379 1750 580 1797 περιουσία.

290 1806 401 1848 Saepe
423 1810 537 1835 autem
562 1799 758 1834 turbulenti
782 1795 946 1831 homines
970 1795 1165 1829 excitarunt
1189 1801 1193 1812 ·

189 1857 362 1892 tumultus
380 1866 450 1886 non
468 1853 581 1885 solum
596 1858 716 1883 contra
733 1849 846 1891 legum
865 1846 1081 1885 doctrinam,
1106 1845 1165 1877 sed

190 1908 294 1940 etiam
303 1912 422 1938 contra
433 1909 543 1936 totum
555 1901 737 1945 politicum
747 1898 926 1932 ordinem:
949 1896 1166 1929 sustulerunt

191 1956 454 1990 distinctionem
466 1951 715 1986 Dominiorum
727 1976 737 1990 ,
763 1948 993 1982 instituerunt
1008 1957 1167 1979 commu-

192 2007 407 2040 nicationem
446 2003 649 2036 facultatum
675 1999 914 2039 Platonicam,
954 1998 1168 2030 damnarunt

192 2056 440 2099 Magistratus,
467 2053 594 2086 iudicia
613 2058 646 2085 et
670 2050 845 2094 legitimas
861 2059 1005 2092 poenaS.

295 2106 402 2139 Tales
424 2104 561 2136 furores
583 2102 668 2135 olim
702 2105 904 2144 sparserunt
926 2097 1171 2142 Carpocrates,

193 2156 357 2191 Marcion
380 2161 414 2189 et
443 2154 526 2192 alii,
558 2159 591 2186 et
620 2150 736 2185 adhuc
768 2149 1019 2184 circumferunt
1048 2153 1169 2180 nostro

194 2215 353 2251 tempore
375 2203 639 2248 Anabaptistae.
688 2199 954 2235 Carolostadius
976 2210 1049 2232 non
1072 2197 1170 2230 vole—

194 2258 256 2290 bat
271 2256 382 2289 videri
399 2265 540 2299 prorsus
558 2253 699 2286 abolere
716 2252 826 2294 leges:
852 2251 910 2283 sed
938 2248 1171 2282 contendebat

196 2313 361 2350 oportere
393 2305 525 2339 iudicia
558 2303 712 2337 exerceri
745 2302 842 2335 iuxta
880 2300 1038 2333 forenses
1078 2299 1170 2342 leges

195 2356 318 2391 Moisi.

297 2405 395 2439 Haec
432 2405 663 2439 deliramenta
701 2402 819 2435 omnia
852 2413 894 2434 ex
926 2397 983 2434 bis
1016 2398 1172 2433 tenebris

197 2457 381 2495 oriuntur,
408 2457 500 2499 quod
516 2461 654 2488 autores
670 2465 791 2486 eorum
810 2459 842 2486 et
857 2451 1082 2495 adplausores
1097 2461 1171 2482 non

199 2506 402 2548 intelligunt
431 2505 620 2537 discrimen
651 2503 827 2543 iusticiae,
865 2503 909 2534 de
931 2513 997 2546 qua
1031 2499 1172 2544 proprie

199 2557 431 2590 concionatur
450 2552 678 2596 Evangelium
703 2560 736 2586 et
762 2553 855 2585 vitae
883 2551 1069 2596 politicae,
1108 2561 1173 2582 nee

399 115 606 157 SCRIPTA
631 114 706 149 ΡΠ.
733 111 848 149 MEL.
873 109 939 146 AD
967 108 1092 146 fflS'r.
1120 105 1264 144 PROF.
1291 106 1355 142 ET
1382 103 1571 142 PHtLOs.
1597 104 1915 143 SPECTANTIA.

2058 102 2156 138 1052

1186 200 1220 228 et
1237 192 1408 227 iusticiam
1425 198 1602 225 aeternam
1625 190 1800 232 restituat,
1822 190 1911 224 sicut
1924 188 2053 224 Danie'l
2077 200 2158 233 per-

1188 244 1305 288 spicue
1338 242 1470 287 inquit:
1515 240 1721 275 Adducetur
1759 240 1897 274 iusticia
1935 240 2160 284 sempiterna·

1188 294 1290 327 Hanc
1312 292 1463 326 restituit
1488 291 1580 325 filius
1594 289 1672 324 Dei
1691 292 1729 324 in
1747 291 1921 325 cordibus.
1977 289 2024 324 Ut
2041 296 2158 323 autem

1190 345 1227 377 in
1244 343 1391 376 diversis
1407 342 1608 386 regionibus
1630 341 1764 375 utimur
1779 341 2010 375 dissimilibus
2023 339 2161 372 dierum

1191 394 1332 439 spaciis:
1366 393 1414 426 ita
1437 393 1475 425 in
1499 392 1641 436 politica
1666 391 1736 425 vita
1760 392 1845 426 sinit
1868 402 1934 425 nos
1955 391 1991 424 in
2016 389 2163 425 diversis

1192 444 1347 489 imperiis
1371 443 1424 477 uti
1446 443 1583 486 legibus
1607 442 1792 484 civilibus,
1823 453 1912 487 quae
1944 448 2061 475 tamen
2081 450 2162 473 cum

1193 496 1266 539 lege
1282 502 1428 528 naturae
1445 499 1654 536 congruunt.

1295 543 1427 579 Extant
1443 550 1557 577 autem
1577 543 1727 587 plurima
1745 540 1872 585 scripta
1888 547 2086 574 nostrarum
2096 538 2166 573 Ec-

1195 596 1398 636 clesiarum‚
1433 595 1562 639 quibus
1587 593 1798 626 muniuntur
1823 591 1871 635 pii
1895 598 2015 625 contra
2039 590 2167 623 fanati-

1197 658 1255 680 cos
1271 652 1303 679 et
1318 645 1500 678 seditiosos
1516 644 1670 684 furores,
1697 650 1730 677 et
1746 648 1892 675 ornatur
1908 641 2060 685 dignitas
2075 640 2169 685 poli-

1198 697 1257 731 tici
1277 696 1411 729 ordinis
1428 702 1460 728 et
1482 695 1612 737 legum.

1300 746 1337 779 ld
1360 745 1475 779 obiter
1491 742 1546 778 bic
1563 753 1812 783 commemoro,
1827 753 1906 776 cum
1922 742 1966 775 de
1982 739 2172 775 Iustiniani

1198 797 1299 831 libris
1316 796 1503 829 dicendum
1518 801 1617 828 esset.
1667 793 1759 837 Quia
1785 792 1872 827 utile
1891 799 1941 826 est
1957 790 2173 826 considerari

1200 847 1359 882 omnium
1375 854 1572 889 temporum
1590 844 1780 878 certamina
1799 844 1842 877 de
1858 843 1973 887 legum
1990 850 2023 878 et
2038 840 2175 875 ordinis

1202 898 1334 943 politici
1351 897 1529 939 dignitate.

1301 946 1406 979 Dixi
1436 946 1528 980 inter
1555 944 1693 988 insigna
1722 945 1812 979 sacta
1835 943 2023 977 Iustiniani
2049 953 2121 975 esse
2143 947 2177 976 et

1203 995 1340 1040 Synodi
1360 996 1665 1034 convocationem,
1700 996 1743 1028 de
1769 1007 1835 1040 qua
1858 1006 1939 1027 mox
1961 994 2117 1027 dicemus
2138 991 2176 1024 in

1203 1044 1380 1079 Ecclesiae
1399 1042 1563 1084 historia,
1588 1055 1690 1088 quam
1716 1050 1828 1077 attexo
1844 1044 1988 1077 caeteris
2004 1042 2178 1075 narratio-

1206 1096 1322 1128 nibus.
1372 1092 1510 1127 Omitto
1535 1093 1638 1126 etiam
1665 1093 1946 1126 aedificationum
1972 1092 2179 1135 descriptio-

1207 1157 1287 1183 nes,
1329 1155 1418 1189 quae
1449 1144 1610 1186 legantur
1631 1143 1723 1186 apud
1749 1142 1973 1186 Procopium.
2024 1141 2182 1174 Mnnivit

1207 1195 1338 1228 limites
1360 1194 1497 1238 imperii
1523 1194 1560 1226 in
1587 1191 1738 1226 Oriente
1762 1200 1795 1226 et
1815 1190 2021 1226 Occidente.
2074 1189 2120 1225 Et
2142 1191 2181 1224 fit

1208 1246 1342 1278 mentio
1359 1244 1457 1284 Istri,
1483 1244 1521 1276 in
1547 1243 1645 1277 cuius
1672 1244 1747 1287 ripa
1768 1243 1896 1276 multas
1919 1243 2023 1276 urbes
2037 1249 2069 1275 et
2086 1251 2181 1274 arces

1209 1296 1379 1330 condidit.
1430 1292 1477 1328 Et
1501 1294 1648 1327 Traiani
1680 1300 1823 1338 pontem
1854 1293 1974 1326 refecit
2002 1293 2040 1326 in
2063 1291 2183 1331 Dacia,

1210 1358 1298 1391 quae
1322 1352 1372 1379 est
1388 1341 1596 1380 VValaehia.
1648 1343 1809 1389 Suntque
1833 1344 1938 1376 verba
1959 1342 2121 1386 Procopii
2141 1342 2183 1374 de

1212 1396 1303 1430 Istro
1324 1394 1428 1429 haec:
1455 1391 1594 1429 κάτεισι
1619 1391 1689 1438 μὲν
1712 1394 1750 1433 ἐξ
1771 1392 1885 1439 ὁρίων
1901 1395 1976 1427 τῶν
1995 1393 2034 1427 ἐν
2048 1392 2185 1429 κελτοΐς

1210 1444 1374 1492 ποταμὸς
1383 1445 1530 1492 Ἴστρος.
1561 1445 1738 1490 Loquitur
1751 1445 1844 1478 enim
1860 1443 2032 1477 Herodoti
2049 1453 2156 1477 more.

1543 1564 1611 1597 De
1638 1564 1870 1597 Ecclesia.

1317 1646 1450 1689 Quinta
1478 1645 1644 1691 Synodus
1685 1642 1917 1689 οἷκουμενικὴ
1945 1655 1963 1677 a
1992 1642 2189 1676 Iustiniano

1215 1697 1552 1736 Constantinopolin
1570 1702 1758 1729 convocata
1775 1702 1824 1728 est
1843 1706 1938 1726 anno
1952 1691 2085 1727 Christi
2103 1691 2190 1728 552.

1217 1744 1298 1789 quia
1321 1750 1354 1776 et
1377 1743 1546 1786 reliquiae
1561 1742 1716 1776 Nestorii
1739 1752 1772 1776 et
1789 1742 1961 1788 Eutychis
1983 1741 2096 1777 adhuc
2114 1751 2190 1777 tur-

1217 1795 1349 1828 babant
1365 1791 1538 1825 Ecclesias
1561 1793 1598 1824 in
1617 1791 1789 1832 Oriente,
1826 1799 1858 1826 et
1885 1791 2047 1826 monachi
2071 1793 2108 1825 in
2121 1792 2191 1826 Pa·

1219 1844 1364 1878 laestina
1381 1843 1598 1876 renovabant
1617 1841 1807 1886 Origenica
1823 1843 2065 1878 deliramenta.
2104 1842 2192 1876 Fin-

1219 1895 1347 1939 gebant
1363 1904 1486 1926 omnes
1509 1894 1642 1926 animas
1661 1891 1833 1926 humanas
1847 1893 1952 1927 initio
1969 1893 2093 1926 mundi
2109 1904 2193 1926 con-

1220 1947 1312 1979 ditas
1334 1956 1407 1977 esse
1429 1950 1509 1976 ante
1533 1955 1691 1987 corpora.
1744 1942 1831 1977 Item
1857 1942 2027 1977 Diabolos
2050 1941 2194 1977 habitu-

1221 2007 1277 2030 ros
1293 1995 1396 2028 finem
1415 2006 1618 2038 poenarum,
1633 2000 1665 2026 et
1682 1994 1795 2027 salvos
1811 1994 1947 2027 futuros
1967 2006 2050 2028 esse.
2084 1992 2194 2026 Dein-

1222 2048 1265 2080 de
1282 2045 1489 2090 spargebant
1504 2051 1536 2078 et
1552 2045 1612 2078 alii
1630 2044 1747 2088 plures
1764 2051 1979 2078 monstrosas
1996 2044 2194 2088 opiniones.

1220 2096 1383 2141 Repetita
1402 2103 1451 2129 est
1470 2095 1576 2138 igitur
1589 2095 1806 2128 confirmatio
1833 2095 1984 2140 symboli
1999 2093 2137 2134 Nicent,
2159 2099 2195 2127 et

1222 2146 1467 2181 condemnatio
1491 2145 1730 2186 Samosateni,
1754 2145 1854 2188 Arii,
1888 2144 2041 2178 Nestorii
2066 2151 2098 2178 et
2119 2142 2193 2177 Eu-

1221 2195 1347 2243 tychis,
1373 2195 1503 2230 Scribit
1514 2193 1734 2240 Nicephorns
1749 2195 1948 2229 interfuisse
1960 2193 2040 2228 huic
2049 2194 2193 2239 Synodo

1222 2248 1426 2282 Romanum
1448 2244 1661 2290 Episcopum
1691 2243 1892 2291 Vigilium.
1940 2245 2132 2279 Retinetur
2156 2243 2195 2276 in

1224 2298 1358 2332 Graeca
1374 2296 1532 2340 Liturgia
1554 2297 1746 2337 cantilena,
1773 2309 1863 2341 quae
1876 2295 2031 2329 continet
2050 2295 2192 2328 brevem

1223 2347 1477 2382 confessionem
1493 2353 1613 2380 contra
1629 2347 1759 2381 multos
1774 2356 1921 2380 errores.
1969 2342 2058 2379 Eam
2073 2345 2196 2379 dicunt

1223 2411 1241 2432 a
1261 2397 1461 2432 Iustiniano
1474 2404 1555 2442 post
1568 2409 1645 2430 eam
1661 2396 1850 2443 Synodum
1864 2395 2092 2440 compositam
2111 2405 2196 2428 esse.

1195 2420 1199 2490 ι
1224 2449 1292 2483 Sed
1327 2448 1485 2482 existimo
1518 2448 1697 2481 communi
1728 2446 1982 2480 deliberatione
2002 2445 2138 2491 Synodi
2161 2451 2195 2479 et

1224 2499 1399 2543 scriptam,
1426 2505 1458 2532 et
1474 2496 1644 2532 Ecclesiis
1659 2497 1819 2531 traditam
1840 2507 1927 2532 esse.
1976 2495 2093 2529 Verba
2110 2492 2196 2528 baec

1223 2556 1319 2583 sunt:
1348 2547 1537 2592 Unigenite
1550 2549 1599 2581 fili
1615 2555 1648 2581 et
1663 2548 1809 2580 verbum
1827 2545 1913 2587 Dei,
1937 2545 2000 2591 qui
2023 2558 2101 2579 cum
2127 2545 2194 2577 im·

199 2607 353 2650 cogitant
376 2605 518 2638 missum
544 2615 617 2636 esse
638 2604 748 2636 filium
765 2601 851 2643 Dei,
874 2609 913 2636 ut
932 2602 970 2634 in
986 2602 1092 2634 corde
1105 2612 1171 2633 no-
1223 2600 1385 2634 mortalis
1397 2599 1462 2639 sis,
1485 2597 1700 2642 assumpsisti
1722 2594 1911 2630 humanam
1934 2602 2095 2630 naturam
2111 2607 2195 2640 pro-

199 2669 279 2690 tam
297 2657 430 2695 lucem,
455 2653 669 2697 agnitionem
687 2659 721 2686 et
743 2653 1001 2687 invocationem
1016 2651 1090 2684 veri
1104 2649 1172 2684 Dei
1223 2657 1303 2695 pter
1323 2656 1482 2684 nostram
1499 2649 1645 2683 salutem
1667 2659 1711 2681 ex
1733 2654 1852 2681 sancta
1865 2645 1932 2681 Dei
1948 2646 2135 2691 genitrice,
2159 2651 2194 2679 et
