2324 2955
175 119 247 154 491

284 203 340 238 18.
375 197 514 234 Nemini
531 203 647 229 tamen
663 193 744 227 licet
761 192 837 226 sine
853 192 1037 226 vocatione
1055 204 1158 227 occu-

206 266 262 288 are
279 248 525 285 ministerium.
577 244 661 278 Ideo
687 250 720 277 et
742 243 922 278 distinctio
945 246 1161 288 παροικιῶν,

179 313 230 339 est
246 303 330 337 iuris
353 298 483 338 divini,
510 296 592 342 quia
616 307 689 328 non
717 301 861 328 vocatus
886 306 959 328 non
984 293 1088 329 debet
1112 294 1162 329 ir-

180 363 340 397 rumpere
359 349 396 382 in
417 348 569 381 alienam
584 345 793 380 Ecclesiam.

284 409 341 444 19.
374 406 496 442 Altera
517 417 595 451 pars
619 404 763 449 politiae
788 403 1057 443 ecclesiasticae,
1084 411 1165 438 sunt

180 460 422 497 ordinationes
444 459 552 491 factae
576 453 732 489 humana
762 454 947 488 autoritate
970 452 1166 500 Episcopo-

180 524 257 547 rum
283 518 342 544 aut
369 509 604 555 synodorum,
631 513 670 540 ut
694 506 822 549 gradus
843 505 1088 539 ministrorum
1110 506 1167 539 di-

185 564 328 597 stinctae
353 556 565 605 διοικήσεις,
601 564 822 600 temporum,
856 556 1016 590 locorum
1037 556 1167 590 discri-

179 614 294 653 mina,
317 617 455 657 oportet
481 609 575 642 enim
604 619 675 642 esse
692 604 875 646 εὐταξίαν.

282 671 342 706 20.
381 667 534 714 Oportet
559 667 667 710 igitur
689 665 888 699 conservari
915 665 1000 699 tales
1023 665 1169 700 ordina-

182 724 313 762 tiones,
340 722 401 754 sed
421 716 638 753 detrahenda
656 724 707 750 est
724 717 772 750 eis
789 716 911 761 opinio
927 717 1054 750 cultus.

283 782 344 815 21.
379 778 477 813 Sicut
507 778 562 810 lex
580 775 724 810 rnoralis
741 782 790 809 est
807 775 862 808 lex
879 782 1043 816 naturae,
1067 774 1113 809 ita
1134 774 1172 808 in

185 843 310 877 genere
330 828 606 864 ceremoniarum
625 826 804 860 ordinatio
823 832 871 859 est
888 826 975 859 iuris
991 825 1173 867 naturalis,

184 883 266 929 quia
292 882 383 914 inter
408 877 569 912 homines
588 884 712 911 natura
736 876 886 922 requirit
905 874 1098 920 εὐταξίαν,
1140 883 1173 910 et

186 935 241 967 lex
272 930 478 965 naturaliter
512 929 549 961 in
583 928 649 962 tria
679 938 805 970 genera
841 927 1091 971 distinguitur,
1136 927 1174 961 in

184 983 333 1023 Morale,
367 980 536 1015 Iudiciale
554 985 586 1013 et
603 977 858 1014 Ceremoniale.

288 1042 346 1075 22.
380 1037 535 1072 Prosunt
554 1043 670 1069 autem
689 1043 724 1069 et
741 1033 805 1069 bae
823 1036 916 1079 ipsae
935 1035 1176 1068 ordinationes

189 1093 232 1127 ad
259 1089 502 1134 disciplinam,
541 1094 574 1120 et
599 1093 680 1119 sunt
705 1086 958 1126 instrumenta,
1000 1097 1063 1129 per
1087 1097 1176 1130 quae

183 1142 282 1177 Deus
300 1148 401 1174 vocat
416 1137 577 1172 homines
595 1137 637 1169 ad
656 1148 773 1169 veram
795 1135 970 1180 pietatem.
1023 1134 1113 1168 Nam
1137 1132 1175 1167 hi

185 1194 276 1227 ritus
294 1190 527 1225 assuefaciunt
543 1185 704 1220 homines
729 1187 773 1219 ad
790 1186 1027 1226 audiendum,
1057 1183 1177 1220 Evan-

187 1243 318 1287 gelium
334 1253 396 1286 per
412 1240 507 1285 quod
523 1238 618 1272 Deus
635 1244 684 1271 est
703 1237 834 1270 efficax.

289 1300 350 1335 23.
374 1298 526 1332 Basilius
537 1303 628 1329 recte
640 1295 726 1328 dicit
736 1296 779 1327 de
789 1295 900 1327 libero
912 1293 1077 1327 arbitrio:
1104 1290 1174 1337 μό-

187 1364 256 1387 νον
272 1348 444 1394 θέλησον,
459 1345 520 1381 καὶ
531 1344 549 1380 ὅ
561 1343 648 1383 θεὸς
657 1346 891 1389 flammaue,
909 1343 1066 1377 Tantum
1082 1344 1181 1384 velis,

191 1410 224 1436 et
240 1401 334 1435 Deus
351 1396 599 1444 praeoccurrit.
651 1394 742 1428 Nam
767 1401 799 1428 et
823 1393 1011 1438 promissio
1034 1394 1180 1428 univer-

191 1453 273 1487 salis
289 1458 351 1491 est,
378 1456 410 1483 et
428 1461 505 1482 cum
524 1459 542 1480 a
559 1446 667 1479 verbo
685 1445 898 1478 ordiendum
916 1445 978 1483 sit,
1007 1451 1099 1478 certe
1116 1446 1181 1478 do-

192 1502 293 1539 cendi
312 1507 393 1534 sunt
408 1498 570 1533 homines
595 1508 639 1530 ne
663 1502 877 1540 repugnent,
912 1496 971 1528 sed
997 1502 1037 1529 ut
1060 1506 1180 1528 assen-

193 1554 336 1588 tiantur,

227 1683 389 1732 (XXX.)
430 1682 540 1716 Alia
571 1679 860 1724 disputatio:
898 1677 944 1712 de
972 1679 1156 1712 ministris

262 1737 608 1772 Sacramentorum.
661 1732 763 1773 (Opp.
781 1731 873 1762 Basil.
890 1730 948 1764 111.
976 1742 1007 1771 p.
1024 1731 1112 1770 297.)

200 1828 277 1878 Qui
295 1842 355 1864 vos
375 1827 492 1868 audit,
519 1838 573 1860 me
591 1825 708 1865 audit,
735 1836 803 1857 vox
825 1830 875 1857 est
898 1823 1002 1867 plena
1026 1823 1186 1856 consola-

200 1883 327 1922 tionis,
353 1885 498 1914 testatur
515 1877 607 1909 enim
626 1875 771 1919 perinde
787 1886 849 1907 nos
868 1871 1100 1917 Evangelium
1123 1885 1187 1906 an-

200 1932 406 1968 nunciatum
432 1940 492 1973 per
510 1925 672 1961 homines
691 1925 847 1969 accipere
864 1925 1012 1968 debere,
1039 1936 1077 1958 ac
1096 1924 1124 1956 si
1144 1924 1186 1957 de

200 1984 296 2020 coelo
313 1986 464 2016 sonaret.

306 2043 342 2075 2.
377 2037 459 2071 Non
477 2042 568 2070 recte
591 2041 776 2068 senserunt
792 2033 1016 2073 Donatistae,
1042 2033 1102 2078 qui
1127 2044 1190 2066 ne-

203 2093 333 2138 gabant
357 2089 461 2122 licere
486 2087 539 2120 uti
565 2085 800 2119 Sacramentis
828 2091 888 2117 aut
909 2084 1035 2125 verbo,
1069 2096 1148 2117 cum
1171 2095 1190 2118 a

202 2141 383 2187 flagitiosis
400 2144 603 2173 tractantur.

308 2199 341 2233 3.
378 2196 468 2231 Cum
484 2195 615 2229 Paulus
633 2192 696 2227 ait:
727 2190 943 2235 Episcopum
967 2192 1095 2225 debere
1119 2203 1191 2225 esse

208 2248 449 2297 ἀνέγκλητον,
476 2258 549 2279 non
566 2251 617 2278 est
635 2244 682 2277 sic
701 2243 962 2286 accipiendum,
989 2243 1087 2287 quasi
1112 2254 1192 2275 sen-

203 2302 271 2337 tiat
288 2298 498 2343 Episcopum
516 2296 590 2329 sine
609 2300 747 2340 peccato
771 2305 842 2326 esse
868 2304 985 2337 posse,
1014 2300 1053 2327 ut
1077 2291 1192 2326 homi-

211 2362 274 2386 nes
290 2348 432 2384 fanatici
449 2348 736 2390 interpretantur.

314 2407 348 2441 4.
380 2405 450 2439 Nec
475 2404 717 2437 remissionem
742 2407 980 2446 peccatorum,
1021 2413 1085 2434 nec
1114 2413 1194 2445 pec-

214 2466 287 2494 cata
306 2463 396 2491 recte
413 2456 633 2498 intelligunt,
660 2453 720 2499 qui
745 2459 881 2486 tantum
905 2458 1045 2486 externa
1068 2452 1194 2486 delicta

215 2510 369 2545 iudicant
389 2518 459 2538 esse
477 2512 624 2549 peccata.

319 2566 354 2601 5,
389 2565 459 2598 Lex
484 2570 533 2596 est
557 2562 764 2606 spiritualis,
796 2573 869 2595 non
895 2561 1054 2605 politica,
1089 2574 1196 2607 quare

217 2624 354 2665 peccata
370 2614 484 2649 cordis
502 2614 645 2652 iudicat,
673 2624 744 2645 non
765 2619 900 2646 tantum
920 2619 1096 2647 externam
1113 2625 1196 2647 con-

220 2668 461 2705 uersationem.

945 105 1429 144 DISPUTATIONES

2121 114 2197 152 492

1211 192 1392 238 (XXXI.)
1441 193 1548 228 Alia
1590 193 1880 240 disputatio:
1931 197 1977 233 de
2008 203 2196 244 potestate

1213 247 1380 281 Cluvium
1398 247 1435 278 et
1450 242 1711 283 Absolutionis.
1755 249 1856 291 (Opp.
1872 249 1965 282 Basa.
1979 249 2038 283 111.
2063 263 2094 293 p.
2109 254 2200 293 322.)

1213 322 1324 364 Sicut
1349 335 1524 374 sceptrum
1542 329 1712 374 significat
1729 343 1877 376 regnum
1899 344 1960 367 seu
1984 332 2114 377 regiam
2139 347 2202 378 po-

1216 386 1373 414 testatem
1384 406 1392 420 ,
1419 379 1468 413 ita
1484 379 1604 414 Clavis
1620 380 1791 424 significat
1816 390 2020 426 potestatem
2037 384 2204 418 domesti-

1217 442 1276 464 cae
1306 429 1624 465 administrationis
1654 436 1932 478 μεταφορικῶς,
1972 442 2012 469 ut
2045 435 2205 469 videmus

1218 480 1309 515 tradi
1326 487 1531 524 potestatem
1547 482 1740 516 traditione
1755 482 1918 518 clavium.

1321 533 1358 567 2.
1391 529 1465 566 Aut
1482 532 1571 566 sicut
1596 532 1734 576 gladius
1763 533 1933 576 significat
1949 537 2206 582 μεταφορικῶς

1220 581 1428 627 imperium,
1450 594 1512 617 seu
1527 590 1733 628 potestatem
1751 584 1935 617 exercendi
1959 585 2088 618 iudicia
2110 587 2206 630 capi-

1220 633 1325 674 talia,
1353 632 1400 666 ita
1426 633 1541 667 claves
1563 634 1759 677 significant
1778 641 1983 678 potestatem
2005 635 2207 669 oeconomi-

1222 696 1297 718 cam
1310 708 1320 723 ,
1347 695 1407 717 seu
1423 684 1577 718 officium
1592 685 1871 720 oeconomicum.

1324 734 1356 768 3.
1392 732 1516 769 Claves
1531 735 1697 779 igiturgin
1712 733 1906 780 Evangelio
1925 735 2122 780 significant
2143 747 2209 780 po—

1223 791 1381 821 testatem
1398 786 1552 831 aliquam
1564 813 1572 826 ,
1598 797 1660 819 seu
1675 786 1843 821 officium.

1327 834 1360 869 4.
1391 833 1437 870 Et
1453 835 1615 870 Christus
1631 836 1769 870 vocavit
1791 837 1925 879 claves,
1950 849 2023 870 non
2041 836 2210 881 gladium,

1224 893 1264 921 ut
1283 885 1446 931 Apostoli
1470 887 1709 930 intelligerent
1724 887 1792 920 sibi
1814 888 2098 932 procurationem
2114 899 2212 921 com-

1226 937 1339 978 mitti,
1367 938 1541 971 diversam
1559 938 1603 971 ab
1621 937 1780 982 imperio.

1329 986 1366 1021 5.
1410 987 1504 1023 Sunt
1528 995 1644 1022 autem
1669 988 1802 1030 claves,
1838 988 1993 1022 officium
2021 986 2156 1031 ligandi
2181 994 2215 1021 et

1226 1038 1430 1072 remittendi
1447 1045 1596 1083 peccata.

1330 1088 1364 1121 6.
1401 1087 1479 1121 Hoc
1496 1095 1565 1127 est,
1595 1096 1677 1122 sunt
1699 1089 1814 1133 ipsum
1838 1089 2076 1123 ministerium
2094 1086 2216 1121 Evan-

1229 1138 1331 1182 gelii,
1374 1149 1457 1171 nam
1483 1137 1718 1182 Evangelium
1747 1145 1798 1172 est
1833 1138 1942 1182 ligare
1976 1145 2010 1174 et
2037 1137 2214 1171 remittere

1229 1195 1382 1233 peccata.

1333 1246 1367 1280 7.
1401 1245 1556 1289 Quidam
1571 1246 1776 1290 intelligunt
1796 1246 1921 1288 claves,
1947 1258 2021 1279 non
2037 1246 2075 1279 in
2092 1256 2219 1289 genera

1230 1297 1274 1329 de
1289 1296 1506 1337 ministerio,
1531 1298 1590 1330 sed
1608 1298 1651 1330 de
1670 1297 1914 1330 iurisdictione
1929 1296 1966 1329 in
1975 1294 2148 1337 Ecclesia,
2175 1296 2219 1330 ad

1231 1347 1394 1391 ligandos
1409 1347 1586 1390 singulos,
1613 1354 1673 1381 aut
1692 1347 1937 1381 absolvendos.

1333 1405 1369 1439 8.
1419 1404 1552 1438 Verum
1582 1405 1656 1439 sive
1685 1406 1728 1439 de
1750 1405 1968 1443 ministerio,
2011 1406 2082 1438 sive
2114 1404 2219 1438 iuris-

1232 1456 1386 1490 dictione
1404 1456 1667 1498 intelligantur,
1693 1462 1825 1488 certum
1841 1462 1908 1495 est,
1933 1453 2167 1497 Evangelium
2187 1463 2218 1489 et

1232 1507 1271 1539 in
1288 1517 1475 1538 commune
1494 1505 1688 1549 praedicari
1703 1516 1815 1550 posse,
1841 1512 1874 1540 et
1892 1504 2101 1538 annunciari
2119 1516 2218 1549 posse

1233 1555 1395 1599 singulis.

1340 1612 1374 1648 9.
1410 1612 1508 1646 Sicut
1524 1610 1686 1647 Christus
1709 1613 1861 1647 absolvit
1880 1614 2010 1647 multos
2032 1614 2221 1656 singulari-

1234 1672 1305 1704 ter,
1340 1671 1373 1697 et
1396 1664 1495 1697 iubet
1510 1662 1653 1697 Petrum
1676 1664 1858 1698 remittere
1886 1664 2010 1707 fratri,
2045 1664 2106 1710 qui
2132 1664 2221 1697 deli-

1235 1714 1365 1761 querit.

1339 1771 1397 1807 10.
1439 1770 1540 1804 Valet
1576 1770 1682 1813 igitur
1713 1771 1849 1813 privata
1874 1769 2082 1809 Absolutio,
2116 1779 2148 1805 et
2173 1780 2221 1806 est

1236 1834 1317 1856 vera
1332 1834 1398 1856 vox
1407 1820 1604 1864 Evangelii,
1630 1820 1713 1865 quia
1724 1818 1956 1864 Evangelium
1974 1822 2105 1866 pariter
2122 1823 2224 1864 valet,

1236 1873 1310 1907 sive
1327 1873 1466 1912 multis,
1493 1872 1565 1905 sive
1582 1871 1730 1914 singulis
1748 1872 1996 1907 annuncietur.

1344 1932 1400 1967 11.
1443 1929 1601 1964 Infidelis
1626 1937 1693 1971 est,
1724 1930 1785 1976 qui
1811 1930 1958 1976 cogitat,
1989 1929 2224 1976 Evangelium

1239 1984 1288 2017 ad
1308 1981 1465 2025 singulos
1483 1981 1717 2026 applicatum,
1744 1981 1916 2014 incertum
1936 1993 2018 2015 esse.

1343 2043 1400 2076 12.
1440 2039 1511 2074 Nec
1536 2041 1652 2080 obest,
1685 2040 1780 2085 quod
1809 2040 1953 2085 quidam
1977 2041 2225 2083 vociferantur,

1241 2091 1413 2126 Homines
1430 2103 1502 2124 non
1519 2102 1617 2135 posse
1634 2091 1816 2124 remittere
1827 2097 1974 2134 peccata.
2025 2090 2115 2125 Cum
2131 2093 2225 2125 enim

1243 2149 1394 2181 constet,
1445 2139 1608 2175 homines
1640 2139 1769 2175 habere
1802 2142 2006 2175 mandatum
2040 2140 2226 2185 Evangelii

1242 2193 1489 2238 praedicandi,
1524 2199 1659 2226 constat
1683 2189 1846 2226 homines
1869 2189 1997 2225 habere
2019 2192 2226 2227 mandatum

1244 2244 1445 2278 remittendi
1463 2251 1612 2288 peccata.

1347 2302 1404 2337 13.
1439 2299 1484 2335 Et
1508 2301 1614 2335 iidem
1640 2302 1811 2341 fatentur,
1836 2312 1871 2334 se
1896 2300 2071 2334 remittere
2090 2308 2228 2346 peccata

1244 2352 1283 2385 in
1315 2365 1518 2392 commune,
1563 2365 1642 2386 curn
1669 2352 1808 2397 publice
1833 2351 1958 2384 docent
1983 2349 2226 2394 Evangelium.

1246 2401 1320 2437 Aut
1335 2404 1363 2437 si
1382 2410 1510 2447 negant
1527 2415 1561 2436 se
1579 2410 1662 2436 tunc
1676 2402 1874 2446 praedicare
1892 2402 2131 2435 remissionem
2149 2415 2228 2447 pec-

1245 2461 1421 2495 catorum,
1448 2466 1563 2499 neque
1578 2453 1663 2499 quid
1681 2453 1725 2485 sit
1735 2450 1966 2494 Evangelium
1979 2479 1988 2493 ,
2015 2465 2128 2498 neque
2144 2454 2228 2499 quid

1246 2504 1291 2538 sit
1309 2505 1467 2539 remissio
1484 2511 1722 2549 peecatorum,
1751 2502 1966 2545 intelligunt.

1353 2563 1410 2600 14.
1448 2562 1569 2608 Neque
1593 2568 1709 2595 tamen
1733 2561 1875 2605 prodest
1902 2561 2060 2594 remissio
2094 2562 2230 2606 privata

1247 2622 1308 2648 aut
1325 2614 1483 2659 publica,
1508 2612 1575 2646 nisi
1593 2612 1658 2644 fide
1674 2608 1962 2655 apprehendatur
1977 2612 2139 2653 verbum,
2162 2624 2228 2647 ne-

1247 2677 1316 2710 que
1334 2675 1455 2699 rursus
1468 2663 1543 2696 sine
1560 2663 1666 2696 verbo
1686 2663 1829 2696 existere
1847 2662 1930 2695 fides
1948 2669 2069 2707 potest.
