2324 2955
174 94 246 129 863

177 175 353 215 Ecclesia,
402 176 438 207 in
471 186 537 217 qua
570 172 672 204 etiam
705 169 895 203 certamina
923 168 1158 202 ambitionum

181 229 273 261 inter
296 229 453 259 doctores
476 227 706 263 corrumpunt
730 220 926 252 doctrinam
952 225 984 251 et
1003 219 1161 262 discipli-

182 290 273 310 nant.

183 324 468 368 degeneraverint
491 321 763 354 Macahaeorum
794 319 943 363 posteri,
978 331 1048 351 nou
1078 332 1163 353 con-

184 378 329 408 fidamus
353 373 525 405 maiorum
550 371 684 404 meritis
708 377 768 403 aut
791 371 938 405 virtute,
972 370 1030 402 sed
1055 370 1164 403 simus

184 438 223 458 eo
247 424 493 467 modestiores,
521 428 559 455 ut
573 420 639 455 Dei
662 422 754 454 dona
773 432 792 453 a
808 421 1001 453 maioribus
1016 427 1165 464 accepta,

186 475 409 509 retineamus-

428 596 625 631 Herodis
649 597 924 640 posteritas.

290 672 379 706 Cum
405 671 517 705 Iulius
542 672 579 704 in
594 669 753 716 Aegypto
778 671 1013 714 periculosum
1034 669 1167 702 bellum

190 730 339 766 gereret,
366 724 514 755 multum
531 723 561 755 ei
578 722 709 765 profuit
720 721 898 763 Antipatri
915 720 1071 753 Idumaei
1085 732 1169 765 pro-

192 773 345 805 videntia
370 779 403 806 et
428 773 530 812 fides,
556 772 637 816 quia
654 771 813 813 regiones
830 771 910 803 illae
928 768 1010 803 huic
1029 770 1170 803 notissi-

191 835 267 856 mae
290 829 406 862 erant,
433 829 465 855 et
483 822 579 855 ssexit
594 822 637 854 ad
655 821 843 854 amicitiam
859 820 941 854 Iulii
956 818 1171 864 blempliitas

192 880 223 905 et
248 873 344 906 alios.
395 871 477 905 Ideo
493 871 620 905 Caesar
637 869 826 914 Antipatro
845 871 990 904 tradidit
1006 870 1170 904 Iudaeam

191 923 376 964 regendam
401 923 474 955 sine
492 922 588 965 regio
603 922 764 959 nomine,
793 922 851 954 sed
877 921 1020 954 nomine
1045 922 1172 963 guber-

190 973 334 1005 natoris.
390 971 564 1015 Deinceps
584 972 690 1014 igitur
708 971 834 1004 Iudaea
855 972 1057 1014 peregrinos
1074 971 1173 1014 prin-

193 1023 287 1065 cipes
303 1034 342 1054 ex
358 1019 519 1054 Ethnicis
533 1027 643 1060 natos,
669 1019 804 1054 habuit.
856 1021 959 1062 Quod
980 1034 1057 1054 cum
1074 1031 1173 1062 aegre

193 1073 325 1105 ferrent
347 1072 488 1114 Iudaei,
523 1083 561 1104 ac
582 1071 817 1114 disputarent,
842 1070 970 1103 Tribui
995 1067 1095 1102 Iuda
1119 1082 1174 1102 re-

193 1134 301 1165 gnum
327 1122 535 1164 promissum
562 1131 633 1153 esse
657 1122 769 1153 donec
792 1119 939 1152 Messias
963 1126 1174 1158 nasceretur,

195 1172 345 1205 subinde
369 1178 501 1205 atroces
525 1171 713 1204 seditiones
739 1177 933 1203 moverunt.
992 1170 1043 1203 Ac
1069 1168 1174 1202 Anti-

193 1229 308 1265 pater,
351 1222 411 1265 qui
445 1222 619 1265 sapienter
646 1228 679 1253 et
710 1222 886 1253 moderate
916 1221 1175 1259 dominabatur,

194 1280 310 1305 tamen
326 1283 461 1304 veneno
477 1277 616 1304 necatus
633 1278 682 1304 est
697 1283 715 1303 a
733 1270 861 1303 Iudaeo
880 1268 1043 1309 Malcho,
1071 1281 1175 1315 quem

195 1328 312 1365 postea
331 1320 489 1354 Herodes
507 1333 614 1364 prope
632 1321 767 1365 Tyrum
786 1321 973 1353 interfecit.

297 1368 457 1403 Ilerodes
481 1370 637 1411 Primus,
666 1371 758 1403 filius
782 1369 978 1413 Antipatri,
1014 1382 1116 1414 quem
1144 1376 1176 1402 et

195 1420 423 1455 Ascaloniten
446 1421 649 1460 nominant,
676 1422 719 1453 ab
741 1418 914 1458 Ascalon,
942 1432 1029 1464 quae
1052 1420 1119 1453 suit
1140 1419 1176 1451 in

196 1470 359 1504 Idumaea
372 1498 380 1512 ,
408 1472 487 1504 vivo
513 1478 608 1514 patre
627 1470 821 1503 Galilaeam
841 1481 963 1513 magna
979 1482 1057 1503 cum
1074 1470 1176 1502 laude

198 1522 336 1554 virtutis
368 1522 472 1561 rexit,
513 1528 546 1554 et
576 1521 782 1554 seditionem
813 1528 942 1554 motam
974 1533 992 1553 a
1024 1521 1176 1564 quodam

197 1569 345 1604 Ezechia
373 1571 554 1614 oppressit.
607 1570 768 1614 Cumque
797 1578 874 1613 post
903 1577 1051 1603 mortem
1072 1570 1177 1604 Anti-

197 1621 288 1664 patri
306 1627 483 1665 sperarent
499 1619 629 1658 Iudaei,
657 1621 764 1663 ipsius
781 1621 871 1653 filios
888 1621 1000 1653 excuti
1016 1632 1055 1652 ex
1069 1632 1176 1662 regno

198 1682 316 1714 posse,
353 1669 534 1704 attrahunt
564 1671 760 1703 exulantem
785 1671 877 1712 apud
902 1668 1049 1702 Parthos
1073 1669 1177 1702 Anti-

199 1732 349 1763 gonum,
378 1722 419 1753 de
445 1733 515 1765 quo
539 1732 663 1763 supra,
685 1720 745 1764 qui
770 1720 908 1752 adiutus
924 1731 941 1751 a
958 1715 1098 1752 Parthis
1117 1731 1178 1761 po—

200 1771 286 1803 titur
309 1772 394 1803 urbe
413 1769 635 1815 lerosolyma.
689 1770 755 1803 Sed
782 1782 859 1802 cum
881 1769 1015 1813 aliquot
1041 1769 1178 1812 praeliis

200 1820 338 1853 vicisset
355 1819 527 1857 Herodes,
554 1820 755 1853 nominatus
773 1826 821 1852 est
836 1820 879 1852 ab
898 1819 1054 1852 Antonio
1073 1819 1178 1852 totius

202 1869 349 1903 Iudaeae
366 1868 567 1903 Tetrarcha.
620 1869 705 1903 Post
728 1881 855 1913 paucos
879 1881 990 1902 annos
1009 1880 1086 1901 cum
1103 1868 1180 1902 Ro-

201 1931 293 1952 mam
319 1920 488 1960 venisset,
515 1918 663 1952 Octavio
681 1927 713 1953 et
730 1920 886 1952 Antonio
904 1919 1180 1958 dominantibus,

203 1970 296 2012 regio
327 1970 472 2002 nomine
495 1977 639 2003 ornatus
662 1977 729 2008 est,
766 1977 798 2003 et
821 1982 879 2002 rex
904 1970 1011 2003 totius
1033 1969 1180 2002 Iudaeae

202 2020 395 2063 appellatus
420 2021 456 2052 in
473 2019 685 2064 Capitolium
702 2021 826 2053 ductus
843 2026 911 2060 est,
939 2020 1073 2052 medius
1090 2020 1181 2053 inter

204 2068 391 2103 Octavium
430 2077 462 2103 et
492 2070 706 2112 Antonium,
748 2068 963 2115 Olympiade
994 2070 1180 2103 centesima

203 2121 432 2162 octuagesima
453 2121 588 2165 quinta.

306 2170 426 2204 Tertio
460 2182 553 2203 anno
584 2178 679 2214 post,
717 2182 795 2203 cum
826 2170 1004 2204 Antonius
1031 2171 1182 2204 venisset

206 2218 447 2258 Antiochiam,
482 2221 594 2254 securi
623 2221 791 2264 percussit
816 2221 1045 2264 Antigonum.
1111 2220 1181 2254 De-

207 2270 289 2302 inde
319 2269 493 2304 Herodem
524 2271 688 2304 adsiduae
722 2271 911 2305 seditiones
941 2277 1182 2311 exercuerunt,

207 2320 264 2352 sed
294 2320 404 2354 victor
431 2321 557 2354 occidit
580 2333 756 2354 summum
780 2321 949 2355 Senatum
974 2322 1097 2366 populi
1123 2320 1182 2355 Iu-

207 2369 316 2409 daici,
359 2382 460 2414 quem
496 2371 726 2406 nominabant
758 2372 977 2416 septuaginta
1007 2373 1095 2405 duos
1128 2383 1181 2405 se-

207 2431 334 2453 mores.

307 2468 414 2503 Anno
436 2471 607 2505 tricesimo
631 2472 729 2514 regni
751 2472 903 2506 Herodis
926 2477 1037 2506 natus
1061 2476 1111 2505 est
1137 2483 1182 2505 ex

207 2516 346 2552 Μανία
366 2520 502 2565 virgine
515 2519 625 2564 filins
641 2520 731 2563 Dei,
757 2521 943 2557 Dominus
961 2527 1080 2556 noster
1109 2521 1181 2555 Ia-

206 2583 223 2603 s
235 2583 256 2604 u
267 2582 284 2603 s
306 2567 366 2604 Ch
377 2570 528 2604 ristus.
578 2571 645 2604 llic
660 2584 825 2606 numerus
839 2574 924 2607 anni
939 2586 958 2607 a
975 2573 1094 2607 multis
1109 2580 1180 2607 tra-

207 2622 301 2655 ditus
325 2630 393 2662 est,
421 2633 506 2667 quos
528 2633 664 2666 sequor.
716 2622 785 2657 Nec
802 2624 1018 2668 diligentiam
1036 2624 1178 2658 illorum

419 89 622 126 SCRIPTA
648 87 722 122 PII.
751 84 865 120 MEL.
894 83 959 117 AD
985 83 1108 120 IllST.
1136 83 1278 122 PROF.
1307 83 1371 118 ΕΤ
1398 82 1591 119 PHILOS.
1620 82 1939 121 SPECTANTIA.

330 275 488 317 Cumque
522 271 841 309 considerabimus,
877 281 982 313 quam
1015 270 1189 312 turpiter*¹

2115 87 2187 122 864

1212 168 1394 211 improbO,
1421 168 1482 211 qui
1509 174 1578 201 tres
1601 180 1712 202 annos
1735 169 1921 210 adiiciunt,
1948 171 2007 204 sed
2032 171 2189 215 disputa·

1213 219 1342 252 tionem
1362 218 1497 252 omitto.

1313 268 1474 300 Herodes
1499 267 1588 300 filios
1612 268 1856 312 Antipatrum,
1889 269 2133 303 Aristobulum
2157 278 2191 304 et

1214 319 1455 351 Alexandrum
1482 325 1625 361 propter
1647 319 1879 362 suspicionem
1903 320 2110 353 insidiarum
2132 333 2192 353 oc-

1215 369 1309 401 cidit.
1376 368 1625 401 Successerunt
1647 369 1736 412 patri
1762 368 1895 402 Ilerodi
1921 377 1988 403 tres
2011 370 2090 409 filii,
2123 371 2193 402 Ar-

1216 417 1373 458 chelaus,
1409 419 1470 462 qui
1496 417 1660 451 Iudaeam
1692 419 1806 451 tenuit
1832 419 1907 452 sine
1931 421 2075 453 nomine
2099 420 2194 462 regio

1217 480 1326 502 annos
1357 480 1496 503 novem.
1559 467 1676 501 Iluius
1706 469 1837 502 mentio
1868 470 1905 503 fit
1937 470 1973 502 in
2003 468 2197 504 Matthaeo.

1217 519 1375 552 Herodes
1408 519 1557 562 Antipas
1595 531 1698 563 quem
1733 519 1956 552 nominemus
1983 519 2196 564 Secundum,

1219 570 1278 615 qui
1299 568 1493 602 Galilaeam
1517 569 1646 609 tenuit,
1672 581 1689 602 a
1710 582 1779 613 quo
1796 569 1997 603 interfectus
2013 576 2062 602 est
2080 568 2197 602 Ioan-

1219 632 1279 652 nes
1302 617 1492 664 Baptista.
1544 617 1750 663 Philippus,
1785 620 1845 664 qui
1870 620 1984 653 tenuit
2001 618 2200 653 Trachoni—

1219 672 1292 704 tida
1314 671 1387 703 sive
1415 668 1597 704 Ituraeam.
1663 669 1800 702 Nomen
1824 670 1971 714 Antipas
1997 671 2199 704 mutilatum

1221 727 1270 754 est
1302 733 1342 753 ex
1368 717 1614 765 Ἀντίπατρος.
1674 718 1898 753 Trachonitis
1929 719 2104 753 Graecum
2136 727 2200 761 est,

1221 771 1443 813 confragosa,
1476 781 1597 814 aspera
1624 782 1684 803 seu
1715 771 1908 814 scopulosa.
1968 770 2065 804 Idem
2090 771 2200 814 signi-

1221 822 1298 854 ficat
1315 820 1449 854 Ituraea
1465 819 1613 854 Ebraeis
1629 832 1648 853 a
1666 820 1835 853 vocabulo
1849 820 1954 861 Tira,
1981 821 2074 866 quod
2092 821 2201 864 signi-

1222 872 1299 905 ficat
1318 878 1447 904 turrem
1459 897 1468 911 ,
1496 871 1568 903 sive
1587 871 1623 903 iu
1640 871 1820 904 montibus
1836 877 1998 914 angustas
2014 872 2139 906 fauces.

1324 919 1518 954 Archelaus
1539 928 1570 954 et
1595 920 1753 954 Herodes
1768 921 1917 964 Antipas
1940 921 2082 964 relegati
2107 928 2200 961 sunt,

1223 983 1302 1004 cum
1329 971 1470 1015 quidem
1496 970 1654 1003 Herodes
1680 971 1829 1014 Antipas
1851 970 2002 1005 Romam
2028 972 2202 1014 profectus

1224 1027 1328 1058 esset,
1355 1028 1393 1054 ut
1416 1032 1560 1063 regnum
1579 1021 1799 1064 impetraret,
1827 1033 1896 1065 quo
1914 1033 1986 1053 non
2004 1022 2202 1065 impetrate,

1225 1071 1262 1102 in
1287 1070 1401 1103 reditu
1417 1069 1575 1113 Philippi
1601 1071 1783 1112 coniugem
1807 1071 1907 1103 duxit
1925 1083 2079 1105 uxorem.
2132 1071 2202 1104 Po-

1225 1126 1295 1152 stea
1319 1120 1490 1161 relegatus
1514 1126 1674 1152 mortuus
1693 1126 1742 1152 est
1760 1120 1796 1151 in
1816 1119 1945 1155 Gallia.
1994 1120 2131 1154 Nomen
2151 1128 2202 1154 te-

1225 1170 1303 1202 nuit
1327 1165 1571 1211 Tetrarchae,
1607 1170 1701 1214 quod
1725 1170 1894 1212 significat
1917 1169 2132 1214 Principem,
2167 1172 2203 1203 id

1226 1226 1294 1260 est,
1317 1231 1390 1251 non
1416 1231 1553 1262 regem,
1580 1220 1638 1252 sed
1664 1217 1849 1252 habentem
1874 1221 1945 1263 regi
1969 1221 2117 1254 similem
2138 1233 2203 1263 gu—

1226 1270 1488 1310 bernationem,
1523 1270 1685 1303 videlicet
1709 1270 1907 1313 Agricolas,
1934 1268 2105 1313 opifices,
2133 1271 2204 1305 Cu-

1225 1320 1314 1352 riam
1340 1327 1372 1354 et
1391 1319 1586 1358 Militiam,
1617 1321 1676 1352 sed
1700 1320 1763 1360 ita,
1797 1327 1835 1353 ut
1861 1320 2034 1364 superiori
2059 1322 2204 1355 domino

1227 1377 1372 1414 pareret.

1328 1419 1486 1453 Herodes
1502 1419 1666 1460 Tertius,
1693 1420 1791 1453 cuius
1806 1431 1999 1464 cognomen
2017 1422 2205 1466 estAgrip-

1227 1482 1286 1514 pa,
1314 1470 1406 1503 filius
1430 1471 1626 1504 Aristobuli
1653 1469 1842 1516 (interfecti
1866 1484 1885 1504 a
1909 1472 2020 1515 primo
2046 1471 2203 1516 Herode)

1227 1521 1288 1565 qui
1312 1521 1485 1554 interfecit
1504 1521 1667 1554 Iacobum
1685 1521 1893 1565 Apostolum
1916 1522 2025 1555 filiurn
2042 1522 2204 1557 Zebedei.

1227 1570 1332 1603 Hunc
1358 1570 1535 1603 Herodem
1558 1572 1749 1614 Agrippam
1775 1570 1941 1604 Tiberius
1964 1571 2100 1606 Romae
2130 1585 2205 1605 car-

1228 1621 1297 1653 ceri
1326 1621 1485 1660 inclusit,
1519 1623 1613 1664 quod
1638 1620 1820 1653 familiaris
1845 1629 1931 1654 esset
1952 1621 1991 1655 C.
2014 1621 2204 1665 Caligulae,

1227 1682 1330 1713 quem
1349 1669 1513 1703 Tiberius
1539 1671 1677 1714 imperii
1701 1682 1930 1702 successorem
1958 1683 2028 1704 esse
2053 1684 2125 1705 non
2145 1686 2207 1706 vo-

1228 1720 1304 1753 luit.
1363 1718 1487 1752 Postea
1511 1719 1669 1762 Caligula
1698 1731 1776 1751 eum
1807 1720 1970 1754 liberavit
1996 1733 2035 1754 ex
2059 1734 2205 1764 carcere,

1228 1776 1260 1802 et
1290 1769 1386 1801 dedit
1415 1770 1445 1802 ei
1468 1768 1778 1809 Trachonitidem,
1812 1782 1916 1814 quam
1941 1768 2128 1815 Philippus
2156 1780 2206 1808 te-

1228 1825 1363 1858 nuerat,
1390 1826 1423 1852 et
1438 1819 1597 1852 attribuit
1614 1820 1747 1862 regium
1765 1831 1905 1853 nomen.
1959 1820 2127 1856 Claudius
2143 1826 2206 1857 ad-

1229 1869 1319 1902 didit
1336 1868 1527 1902 Samariam
1548 1876 1580 1902 et
1598 1868 1772 1904 Iudaeam.
1826 1869 1876 1904 Ita
1895 1882 2015 1904 rursus
2032 1884 2123 1906 unus
2140 1875 2207 1909 fuit

1229 1931 1287 1952 rex
1308 1918 1468 1952 Herodes
1490 1919 1662 1963 Agrippa,
1688 1918 1854 1961 Iudaeae,
1881 1920 2058 1955 Samariae
2082 1931 2113 1957 et
2131 1923 2206 1958 Ga-

1229 1970 1370 2012 lilaeae,
1397 1970 1457 2014 qui
1474 1970 1632 2013 regnavit
1647 1981 1757 2003 annos
1774 1978 1901 2014 septem
1914 1999 1923 2013 ‚
1951 1973 2095 2016 punitus
2112 1982 2206 2017 post-

1229 2032 1333 2064 quam
1378 2021 1515 2054 necavit
1544 2019 1728 2062 Iacobum,
1780 2021 1868 2056 sicut
1905 2031 2067 2058 narratur
2097 2025 2206 2060 Acto-

1230 2082 1307 2104 rum
1327 2073 1383 2105 12.

1331 2120 1415 2154 Post
1446 2118 1551 2153 huius
1574 2120 1726 2155 Herodis
1752 2121 1929 2167 Agrippae
1956 2126 2104 2159 mortem
2126 2139 2205 2160 cum

1231 2172 1323 2205 filius
1348 2171 1504 2215 Agrippa
1533 2179 1619 2205 esset
1648 2172 1866 2213 adolescens,
1900 2180 1933 2208 et
1956 2173 2081 2209 Iudaea
2102 2177 2205 2219 plena

1230 2222 1445 2255 seditionum
1471 2229 1575 2263 esset,
1601 2234 1722 2255 rursus
1744 2234 1805 2266 per
1825 2222 2004 2257 Romanos
2020 2224 2206 2268 Magistra-

1231 2280 1285 2307 tus
1309 2271 1551 2305 administrata
1576 2279 1635 2306 est.
1687 2272 1755 2307 Sed
1772 2272 1940 2307 Claudius
1962 2275 2104 2309 tradidit
2124 2274 2205 2312 huic

1232 2323 1405 2366 Agrippae
1424 2320 1626 2355 Chalcidem
1650 2323 1686 2355 in
1707 2322 1827 2368 Syria,
1853 2331 1885 2357 et
1907 2324 2039 2366 regium
2063 2338 2204 2367 nomen,

1232 2381 1264 2407 et
1287 2370 1587 2406 Trachonitidem.
1654 2372 1747 2406 Nero
1777 2373 1911 2406 addidit
1934 2374 2050 2419 aliqua
2076 2378 2204 2421 oppida

1232 2424 1268 2456 in
1291 2423 1430 2456 Iudaea.
1482 2421 1598 2456 Huius
1622 2423 1796 2466 Agrippae
1819 2430 1973 2468 tempore
1994 2425 2205 2472 lerosolyma

1231 2474 1342 2507 deleta
1360 2479 1419 2506 est.
1470 2472 1527 2506 Fit
1543 2473 1617 2506 eius
1635 2473 1764 2506 mentio
1780 2470 1949 2507 Actorum
1965 2477 2024 2510 21.
2063 2476 2205 2520 Regna-

1232 2524 1280 2557 vit
1310 2534 1421 2557 annos
1452 2523 1576 2566 viginti
1607 2529 1747 2566 septem.
1813 2521 1917 2557 Philo
1949 2526 2085 2566 scribit,
2123 2526 2204 2562 huic

1230 2574 1404 2618 Agrippae
1422 2573 1533 2607 filium
1552 2573 1656 2606 fuisse
1670 2572 1777 2605 alium
1796 2573 1985 2618 Agrippam
2001 2577 2132 2610 socium
2150 2590 2204 2612 se-

1229 2624 1347 2658 ditiosi
1386 2623 1472 2665 viri,
1519 2623 1580 2668 qui
1620 2628 1774 2667 tempore
1806 2624 1954 2659 Adriani
1984 2626 2202 2672 imperatoris
