2324 2955
167 117 259 151 1071

215 200 322 235 Anno
366 199 486 232 mundi
529 202 650 240 quater
674 195 859 228 millesimo
893 193 1136 228 trecentesimo

365 247 573 290 sexagesimo
601 253 706 279 sexto.

215 301 320 334 Anno
338 299 473 333 Romae
490 297 676 330 millesimo
700 295 943 329 trecentesimo
967 295 1142 340 quinqua-

371 349 500 391 gesimo
526 348 662 392 quinto.

216 401 320 434 Anno
347 398 476 434 Christi
504 397 751 431 sexcentesimo
774 403 909 441 quarto

544 482 761 517 Phocus.

265 548 410 585 Phocus
433 550 599 594 ignobilis
623 548 791 582 Centurio
812 545 986 579 Thracius
1012 557 1072 588 per
1093 556 1144 577 se-

164 604 335 636 ditionem
357 608 492 635 creatus
507 601 706 644 imperator.
761 596 888 631 Occiso
899 596 1073 630 Mauricio
1096 602 1146 628 te-

164 654 242 687 nuit
258 653 445 696 imperium
462 663 572 684 annos
586 657 716 695 septem
728 676 736 690 ,
763 655 950 682 coronatus
967 648 1002 680 in
1019 647 1147 679 subur-

164 706 256 738 bano
273 702 598 745 Constantinopolis
616 714 633 733 a
654 697 855 733 patriarcha
866 698 1025 744 Cyriaco.
1055 698 1144 729 Cum

165 754 379 787 Mauricium
406 752 553 786 interfici
584 751 701 791 iussit,
736 762 814 783 mox
840 749 1081 782 crudelitatem
1111 747 1146 778 in

164 805 238 838 eius
264 804 393 836 amicos
416 803 580 837 exercuit.
641 801 764 833 Postea
798 807 871 834 toto
896 799 1035 843 imperii
1057 805 1144 830 tem-

166 867 249 899 pore
267 861 304 887 ut
327 852 434 886 homo
460 852 626 896 ignobilis
659 852 786 884 iniuste
810 856 930 883 nactus
955 849 1144 893 potentiam

163 911 299 939 tantum
317 916 355 936 ea
381 905 424 937 ad
450 903 619 947 privatam
640 901 835 945 nequiciam
858 907 889 933 et
905 900 1144 933 crudelitatem

163 967 266 995 usus,
293 955 432 987 deditus
457 953 553 998 luyui
575 959 606 985 et
626 951 835 984 libidinibus
858 951 972 992 rapuit
994 950 1143 981 aliorum

165 1006 347 1048 coniuges,
382 1003 512 1036 multos
536 1003 739 1035 innocentes
764 1000 959 1042 interfecit,
987 996 1144 1031 exhausit

164 1056 362 1100 provincias
393 1053 545 1087 tributis.
617 1051 722 1084 Domi
755 1051 861 1093 igitur
886 1049 1089 1082 temulentia
1114 1055 1144 1080 et

164 1106 294 1150 stupris
316 1111 471 1138 retentus
503 1104 640 1136 sinebat
661 1101 849 1145 imperium
875 1100 960 1132 alibi
983 1112 1001 1131 a
1018 1098 1144 1135 Persis,

164 1157 248 1190 alibi
265 1157 308 1188 ab
334 1154 477 1187 Hunnis
502 1160 534 1186 et
557 1153 697 1195 Cagano
724 1151 872 1190 vastari,
899 1162 937 1182 ac
958 1149 1145 1182 sceleratus

164 1207 352 1245 exercitus,
385 1205 446 1249 qui
474 1214 680 1247 conspersus
705 1202 772 1235 fuit
794 1201 963 1243 sanguine
983 1198 1143 1232 Mauricii

164 1270 243 1290 mox
260 1257 296 1288 in
315 1254 464 1289 Oriente
488 1265 615 1297 poenas
639 1252 746 1285 dedit.
801 1250 923 1284 Victor
947 1250 1040 1283 enim
1059 1248 1145 1282 Cos—

164 1309 242 1341 roe's
258 1307 396 1339 duobus
413 1305 549 1348 magnis
566 1303 707 1348 praeliis
723 1302 894 1335 trucidata
913 1313 1036 1343 magna
1054 1300 1144 1332 mul-

164 1357 315 1392 titudine
336 1356 491 1400 reliquos
517 1355 663 1388 abduxit
687 1353 852 1397 captivos.
913 1351 1055 1395 Eripuit
1070 1349 1145 1384 Ro-

164 1408 278 1442 manis
307 1406 577 1451 lerosolymam,
614 1412 645 1438 et
670 1404 762 1436 inter
792 1401 974 1436 thesauros
1006 1414 1143 1433 crucem

164 1459 297 1498 avexit,
326 1464 359 1491 et
385 1468 545 1499 magnam
570 1453 856 1489 Christianorum
880 1452 1143 1485 multitudinem
1172 1493 1173 1497 Ἰ

354 1505 551 1550 Occupavit
568 1505 726 1551 Syriam,
750 1510 782 1536 et
801 1504 928 1536 multas
946 1502 1146 1547 provincias
1172 1502 1173 1540 ἦ

1172 1545 1174 1587 ζ
1198 1562 1272 1589 cas,
1301 1562 1380 1583 mox
1404 1563 1576 1584 consensu
1597 1551 1748 1585 Senatus
1771 1558 1803 1584 et
1829 1551 2044 1584 exercituum
2062 1549 2175 1592 impe-

1197 1608 1292 1633 rator
1309 1601 1421 1634 factus
1436 1609 1496 1637 est.
1532 1601 1664 1635 Tenuit
1690 1601 1875 1645 imperium
1895 1612 2006 1634 annos
2021 1599 2175 1641 triginta.

164 1510 302 1544 occidit.

166 1560 352 1604 populatus
378 1563 438 1590 est.

269 1608 354 1643 Cum
378 1608 486 1650 igitur
509 1612 679 1651 tyrannus
704 1601 838 1638 Phocas
870 1603 906 1635 in
937 1603 1019 1636 odio
1047 1609 1145 1642 esset,

166 1673 237 1694 non
253 1660 366 1692 solum
387 1656 525 1702 populi,
552 1657 609 1689 sed
629 1656 733 1690 etiam
752 1655 968 1699 principum,
996 1654 1143 1686 coniun-

1172 1737 1173 1741 ,
1199 1708 1231 1729 ct
1260 1702 1359 1728 *1¹¹⁸st
1386 1715 1527 1728 ¹¹³0f<³m
1545 1702 1689 1735 Fabiam
1708 1702 1924 1739 Eudoxiam,
1960 1712 2049 1746 quae
2072 1699 2176 1732 simul

166 1718 251 1753 gunt
270 1722 304 1742 se
323 1706 482 1747 Priscus,
509 1706 748 1752 quiMauricii
764 1712 921 1747 tempore
937 1705 1026 1733 iuter
1047 1713 1141 1742 prae·

167 1762 288 1804 cipuos
314 1761 418 1791 duces
438 1759 568 1793 fuerat,
597 1762 629 1786 et
654 1761 737 1787 tunc
757 1753 894 1785 Phocae
915 1762 1020 1793 gener
1036 1751 1146 1782 factus

167 1819 258 1848 erat,
287 1816 319 1842 et
337 1804 586 1841 Heraclianus
604 1804 744 1836 Africae
760 1813 915 1846 praeses,
941 1807 973 1833 et
990 1796 1147 1832 Phallas

168 1862 265 1896 cuius
282 1871 423 1893 uxorem
443 1855 576 1889 Phocas
593 1860 767 1898 rapuerat,
794 1863 918 1896 resque
936 1852 983 1884 ita
1002 1850 1148 1883 instrui·
1173 1866 1175 1887 2

1173 1911 1175 1917 ·
1199 1898 1365 1931 universo
1392 1898 1509 1940 generi
1536 1895 1710 1939 humano,

1174 1961 1175 1965 ¹
1200 1956 1233 1982 et
1248 1948 1347 1991 regni
1363 1946 1605 1982 Maliometici.

170 1921 242 1951 tur,
267 1917 306 1944 ut
321 1911 441 1942 eodem
461 1914 616 1949 tempore
635 1901 785 1937 Priscus
804 1901 999 1936 Thracium
1017 1901 1147 1933 exerci-

168 1971 263 2002 tum,
310 1968 342 1993 et
376 1957 608 1992 Heraclianus
644 1955 851 1988 Africanum
876 1953 920 1985 ad
943 1951 1147 1985 Constanti-

171 2012 318 2057 nopolin
337 2011 535 2048 adducant,
562 2013 593 2039 et
613 2003 761 2039 Photius
778 2016 857 2037 cum
874 2009 972 2047 parte
997 2002 1147 2034 militum

172 2063 321 2107 Regiam
346 2068 501 2103 occupet,
556 2056 769 2101 Quanquam
795 2060 911 2087 autem
932 2052 1148 2086 Praetoriani

173 2125 289 2148 arcere
328 2111 506 2144 venientes
538 2108 652 2141 conati
678 2112 777 2139 sunt:
814 2112 932 2138 tamen
963 2102 1151 2136 Africanus

174 2164 343 2198 exercitus
358 2160 539 2195 trucidatis
569 2158 685 2202 paucis
710 2156 921 2190 temulentos
944 2154 1023 2187 illos
1049 2153 1150 2187 dissi-

175 2215 287 2259 pavit,
314 2220 346 2247 et
364 2213 486 2246 urbem
505 2210 680 2251 ingressus
698 2214 759 2241 est.
814 2204 961 2239 photius
986 2211 1150 2248 occupata

175 2264 285 2306 Regia
307 2263 394 2307 cepit
410 2260 561 2295 Phocam
575 2286 584 2302 ,
611 2267 643 2293 et
665 2261 708 2292 ad
725 2256 927 2290 Heraclium
952 2255 1062 2288 filium
1081 2254 1153 2288 He-

179 2315 322 2348 racliani
344 2314 467 2345 ducem
488 2310 646 2344 Africani
677 2308 847 2342 exercitus
880 2306 1036 2339 adducit.
1099 2305 1151 2338 lbi

179 2365 308 2398 milites
334 2364 482 2396 adducto
500 2358 635 2394 Phocae
658 2357 801 2393 brachia
823 2365 857 2392 et
883 2358 987 2401 pedes
1010 2357 1153 2390 mutila-

182 2421 274 2449 runt.
334 2413 501 2446 Scribunt
527 2418 558 2444 et
583 2416 696 2443 execta
712 2420 784 2442 esse
815 2408 999 2452 pudenda,
1036 2413 1153 2451 postea

181 2471 283 2509 caput
299 2463 490 2506 praecisum
510 2468 572 2495 est.

283 2514 350 2548 Hic
368 2513 433 2546 suit
449 2512 558 2544 exitus
575 2510 735 2555 tyranni,
763 2509 823 2554 qui
841 2516 941 2542 antea
967 2508 1155 2551 imperato-

182 2578 253 2600 rem
272 2561 595 2598 suumMauricium
614 2561 842 2600 interfecerat,
865 2566 897 2593 et
913 2565 1030 2602 postea
1048 2558 1156 2591 multa

183 2617 308 2650 scelera
327 2613 474 2647 addidit.
510 2609 728 2653 Agnoscatur
755 2622 835 2653 ergo
852 2616 884 2643 et
901 2610 938 2642 in
955 2607 1022 2642 hoc
1040 2620 1156 2641 exem-

183 2668 240 2711 plo
260 2667 308 2699 ira
319 2664 398 2705 Dei,
423 2661 632 2696 denunciata
652 2660 687 2692 in
703 2659 757 2693 his
774 2660 919 2704 regulis:
948 2657 1078 2693 Omnis
1095 2658 1157 2704 qui

402 112 609 150 SCRIPTA
635 111 709 144 PH.
735 108 852 145 MEL.
880 108 948 144 AD
976 108 1099 144 HIST.
1127 106 1268 144 PROF.
1293 106 1357 142 ET
1386 104 1575 142 PHILOS.
1602 105 1922 143 SPECTANTIA.

2072 110 2088 142 1
2095 108 2168 143 072

1193 191 1814 237 acceperitgladium‚gladioperibit.
1838 190 2169 226 hmmOmnisani·

1193 258 1259 284 ma,
1285 255 1372 286 quae
1390 242 1510 275 fecerit
1527 240 1587 274 has
1604 243 1901 283 abominationes,
1925 244 2170 277 eradicabitur.

1294 293 1431 326 Laudat
1445 290 1595 325 Pliocam
1615 292 1806 335 Gregorius
1818 293 2000 327 Romanus
2010 293 2169 327 Pontifex

1196 344 1278 377 odio
1298 342 1462 376 Mauricii
1476 369 1485 386 ,
1513 350 1546 376 et
1572 343 1699 375 deinde
1713 342 1866 376 Romani
1886 343 2051 388 Episcopi
2076 341 2171 376 Pho—

1197 407 1253 427 cae
1275 394 1417 439 tyranni
1443 395 1582 427 decreto
1604 393 1681 426 freti
1709 395 1948 437 praetulerunt
1974 406 2008 427 se
2031 394 2172 427 caeteris

1197 444 1390 489 Episcopis.
1445 443 1537 486 Quia
1555 442 1610 476 hic
1626 444 1782 477 fortassis
1808 451 1844 478 ut
1862 443 2011 478 Romam
2030 443 2173 477 haberet

1171 496 1172 499 ’
1198 498 1314 528 niinus
1332 502 1590 533 contumacem,
1618 495 1716 528 iussit
1736 493 1938 528 Romanum
1957 493 2171 539 Episcopum

1198 546 1411 590 superiorem
1429 544 1824 588 Constantinopolitano
1849 552 1882 578 et
1898 545 2041 578 caeteris
2057 545 2173 577 omni-

1199 598 1263 630 bus
1279 597 1347 629 dici
1367 603 1399 630 et
1417 594 1550 630 haberi.
1603 594 1682 638 Qua
1702 597 1744 628 de
1761 608 1798 628 re
1813 602 1845 629 et
1859 601 1958 628 antea
1985 596 2079 628 rixae
2096 606 2173 626 mo-

1199 655 1252 681 tae
1274 649 1431 687 fuerant,
1458 659 1536 679 curn
1553 644 1968 690 Constantinopolitanus
1991 658 2025 678 se
2052 646 2173 678 nizot*-

1197 696 1348 742 ,ιιενικὸν
1374 698 1593 737 nominaret,
1628 709 1732 741 quem
1756 695 2014 739 reprehendens
2038 695 2175 737 Grego-

1199 750 1271 782 rius
1297 748 1427 793 inquit:
1456 746 1490 780 O
1516 754 1670 791 tempora
1695 760 1714 780 o
1738 759 1870 788 mores,
1902 748 1999 780 ardet
2016 746 2174 790 undique

1199 800 1298 832 bellis
1325 799 1420 832 orbis
1445 806 1635 839 terrarum,
1677 798 1898 831 trucidantur
1925 799 1968 830 ab
1997 797 2173 829 idolorum

1198 850 1392 884 cultoribus
1417 847 1629 882 Christiani:
1660 849 1823 881 delentur
1846 861 1865 881 a
1890 848 2045 880 barbaris
2070 847 2176 879 urbes

1198 907 1228 933 et
1257 901 1405 944 templa,
1433 906 1464 933 et
1490 907 1605 932 tamen
1634 901 1829 932 sacerdotes
1855 899 1950 932 velut
1968 898 2175 931 insultantes

1198 952 1347 993 publicis
1367 950 1623 983 calamitatibus
1642 950 1804 983 vanitatis
1831 949 1974 982 nomina
1993 953 2176 991 usurpant,

1198 1007 1230 1032 et
1251 998 1407 1043 profanis
1424 999 1536 1031 titulis
1552 1012 1587 1031 se
1609 1007 1798 1033 ostentant.

1248 1099 1355 1132 Anno
1374 1097 1498 1131 mundi
1517 1103 1640 1142 quater
1657 1098 1844 1131 millesimo
1862 1097 2104 1131 trecentesimo
2122 1108 2175 1129 se—

1404 1148 1618 1192 ptuagesimo
1640 1148 1754 1181 tertio.

1250 1201 1356 1232 Anno
1381 1198 1517 1233 Romae
1548 1198 1737 1232 millesimo
1770 1199 2012 1232 trecentesimo
2036 1208 2175 1239 sexage—

1402 1250 1489 1282 simo
1508 1249 1624 1284 tertio.

1249 1301 1355 1334 Anno
1372 1298 1504 1334 Christi
1521 1300 1768 1333 sexcentesimo
1792 1299 2015 1334 duodecimo.

1549 1384 1818 1418 Heraclius·

1298 1446 1496 1482 Heraclius
1512 1448 1715 1484 Heracliani
1742 1449 1910 1494 praesidis
1926 1448 2066 1482 Africae
2084 1448 2175 1480 filius

1199 1505 1301 1532 natus
1319 1500 1356 1532 in
1382 1500 1514 1533 familia
1542 1501 1684 1545 patricia
1697 1525 1706 1539 ,
1731 1513 1809 1534 cum
1828 1500 1962 1534 occisus
1977 1505 2063 1532 esset
2080 1496 2177 1531 Pho-

1197 1650 1331 1684 Eodem
1357 1652 1413 1684 die
1439 1660 1471 1686 et
1497 1659 1684 1685 coronatus
1708 1659 1759 1685 est
1783 1665 1800 1684 a
1817 1649 2019 1684 patriarcha
2038 1647 2178 1693 Sergz'O,

1199 1755 1363 1780 coronata
1381 1753 1441 1781 est.
1494 1746 1641 1779 Duabus
1660 1751 1762 1779 rebus
1788 1752 1946 1779 ηἰευιῑιιιὶε
1963 1751 2112 1792 insignis
2128 1756 2178 1782 est

1200 1797 1308 1840 ipsius
1326 1797 1552 1839 gubernati0‚
1580 1809 1727 1841 quarum
1745 1797 1852 1831 altera
1878 1797 1983 1829 foelix
2007 1796 2094 1837 fuit,
2122 1807 2178 1828 re-

1200 1847 1331 1891 pressio
1356 1845 1510 1880 Cosroae
1538 1846 1668 1879 Persici
1691 1848 1798 1891 regis,
1838 1847 1946 1880 altera
1977 1846 2178 1880 calamitosa

1756 1898 1919 1931 videlicet
1947 1898 2046 1932 initia
2069 1905 2179 1930 sectae

1302 1998 1354 2032 De
1370 1996 1424 2032 his
1440 1999 1566 2032 ordine
1589 1999 1777 2032 dicendum
1801 2005 1867 2032 est:
1895 1998 2079 2032 Heraclius
2098 2011 2178 2042 pace.

1202 2051 1289 2082 facta
1307 2061 1385 2082 cum
1405 2048 1545 2092 Cagano
1565 2061 1626 2093 per
1641 2050 1769 2092 legatos
1786 2050 1889 2083 etiam
1913 2061 2030 2093 pacem
2057 2049 2180 2092 petivit

1202 2113 1220 2133 a
1239 2099 1378 2140 (Iosroe,
1402 2100 1464 2145 qui
1481 2101 1549 2132 iam
1570 2107 1604 2133 et
1623 2099 1871 2146 lerosolymam
1887 2100 2074 2144 populatus
2094 2107 2180 2141 erat,

1204 2157 1237 2184 et
1253 2150 1392 2196 Syriam
1408 2158 1656 2195 occupaverat,
1682 2158 1717 2184 et
1735 2151 1926 2194 nonaginta
1946 2151 2056 2183 millia
2074 2147 2178 2184 Chri-

1204 2202 1398 2235 stianorum
1417 2201 1665 2241 trucidaverat,
1682 2214 1751 2247 quo
1772 2209 1928 2246 tempore
1947 2201 2067 2234 Iudaei
2087 2201 2178 2233 mul-

1205 2260 1259 2286 tos
1292 2250 1513 2285 Christianos
1548 2259 1722 2291 emerant,
1768 2259 1807 2286 ut
1842 2264 1899 2285 eos
1933 2252 2178 2285 interficerent.

1179 2329 1181 2339 ,
1205 2303 1403 2346 Respondit
1426 2310 1540 2337 autem
1564 2301 1732 2342 Cosroe's,
1774 2315 1809 2336 se
1839 2315 1910 2336 non
1937 2302 2177 2345 depositurum

1206 2365 1278 2387 esse
1303 2366 1417 2394 arma,
1453 2354 1564 2386 donec
1591 2354 1806 2397 perfecisset,
1840 2360 1876 2386 ut
1900 2352 1993 2385 Deus
2018 2351 2178 2386 Persicus

1181 2421 1182 2425 ¹
1206 2404 1403 2444 coloretur,
1430 2405 1559 2437 abolita
1578 2405 1800 2438 invocatione
1815 2404 1886 2436 eius
1904 2402 1987 2441 Dei,
2008 2404 2067 2447 qui
2085 2403 2178 2435 dice-

1181 2476 1183 2507 ζ
1206 2462 1303 2488 retur
1325 2455 1509 2488 crucifixus
1537 2467 1620 2488 esse.

1181 2534 1183 2539 ,
1206 2518 1286 2538 roae
1303 2506 1438 2549 priores
1454 2517 1629 2539 successus
1639 2503 1774 2539 Phocae
1789 2511 1958 2549 tempore,
1985 2511 2015 2537 et
2034 2515 2178 2547 magnae

1672 2454 1849 2489 Auxeraut
1874 2454 2072 2498 superbiam
2091 2452 2178 2486 Cos-

1207 2557 1428 2590 difficultates
1452 2565 1549 2590 erant
1565 2555 1720 2589 Heraclii
1745 2555 1848 2589 etiam
1875 2563 2017 2599 propter
2047 2557 2176 2588 ducum

1207 2607 1400 2651 perfidiam.
1453 2606 1520 2640 Sed
1547 2619 1586 2639 eo
1609 2606 1757 2640 alacrius
1782 2604 1873 2640 hosti
1900 2606 2069 2645 occurrit,
2096 2605 2178 2650 quia

1207 2670 1279 2691 non
1305 2657 1444 2702 imperii
1469 2668 1570 2691 causa
1587 2662 1741 2696 tantum,
1767 2658 1825 2690 sed
1843 2657 1953 2691 multo
1969 2657 2077 2701 magis
2095 2668 2178 2699 pro—
