2324 2955
130 102 204 135 273
539 96 696 136 DECL.
722 97 796 134 DE
829 97 1189 136 APHORISMO
1224 100 1418 138 SEXTO
1454 105 1670 145 PARTIS
1696 110 1742 147 11.
2080 125 2153 161 274

127 187 194 219 lam
212 185 304 219 enim
322 182 412 218 hanc
428 191 505 229 post
523 196 700 218 sacrarum
716 185 899 219 literarum
915 186 1034 219 divina
1051 198 1114 219 vo-
1165 186 1269 219 aliam
1289 198 1478 233 quaerant:
1508 199 1624 227 tamen
1642 207 1721 229 cum
1743 198 1786 232 de
1804 211 1839 234 re
1858 202 2010 245 primum
2030 206 2079 239 ins
2095 211 2148 242 ui-

124 248 161 269 ce
185 236 352 279 patefacta
379 235 578 269 testimonia
602 237 710 279 (quae
740 236 810 268 sola
833 236 910 282 quis
941 243 973 269 et
998 237 1112 280 qualis
1162 238 1311 270 rendum
1342 240 1428 272 mihi
1453 254 1522 276 esse
1545 245 1723 286 videatur,
1760 261 1798 282 ex
1825 264 1890 296 qua
1919 256 2056 298 cognita
2077 222 2146 293 {vo-

122 286 165 319 sit
184 284 295 326 Deus,
323 292 357 319 et
373 298 459 330 quae
480 286 543 319 Dei
576 286 758 326 voluntas,
787 298 943 329 expresse
966 286 1108 331 docent)
1160 287 1274 319 cabuli
1292 289 1520 331 significatum
1542 296 1667 329 rectius
1686 298 1895 344 intelligitur
1940 307 2066 341 omissa
2083 309 2143 344 illa

121 343 200 380 post
232 337 309 377 illa,
357 336 519 380 inquam,
569 336 767 369 evidentius
801 338 943 371 caeteris
974 338 1108 371 artibus
1159 338 1413 381 disputatione,
1441 343 1483 375 de
1507 356 1542 376 re
1561 357 1666 388 pauca
1684 349 1809 385 dicam.
1904 330 1912 344 '

121 387 328 420 convincere
350 386 486 418 animos
510 384 714 425 hominum,
750 393 782 420 et
807 388 1011 420 confirmare
1032 400 1106 421 cer-

120 437 189 470 tius
206 438 247 469 de
264 435 338 470 Deo
351 463 360 477 ,
388 437 532 480 prolatis
550 438 772 482 collectisque
788 449 825 469 ex
849 438 1008 471 miranda
1026 451 1105 472 cor-

118 498 245 530 porum
271 494 471 520 nostrorum
505 488 654 527 fabrica,
687 494 718 520 et
746 500 785 520 ex
815 495 911 521 tanta
939 489 975 522 in
999 489 1102 522 rebus

116 537 340 571 nascentibus
366 537 608 571 distinctarum
639 537 768 570 virium
795 538 983 580 varietate,
1018 539 1101 571 illu-

116 588 247 620 stribus
270 595 302 622 et
327 588 522 631 conspicuis
556 588 708 629 vestigiis
743 589 1003 632 providentiae,
1045 601 1099 622 sa-

115 638 288 682 pientiae,
322 638 494 682 potentiae
526 645 559 672 et
589 639 757 671 bonitatis
779 639 930 672 divinae.
989 638 1034 674 Et
1061 640 1097 672 in

114 688 245 732 populo
270 688 334 722 Dei
361 688 543 722 autoritate
571 695 603 721 et
626 691 790 723 mandato
813 690 934 722 divino
962 701 1098 733 semper

113 738 264 771 familias
281 740 518 779 sacerdotum,
546 750 623 771 cum
647 740 806 773 doctriua
825 740 963 772 coelesti
982 741 1095 773 studia

113 795 217 833 atque
233 789 391 822 exercitia
416 789 500 822 artis
517 789 691 831 medicae,
717 798 749 825 et
768 797 992 833 cognatarum
1011 803 1095 823 con-

111 838 275 874 iunxisse.

211 888 340 923 Dedidi
365 902 420 923 me
445 891 561 935 itaque
584 891 669 924 artis
703 891 859 925 medicae
884 890 1026 931 studiis,
1061 899 1092 924 et

110 939 214 973 insita
231 942 380 985 quadam
406 941 640 984 propensione
665 940 846 980 incitatus,
875 949 907 975 et
926 942 1093 975 invitatus

110 990 289 1024 doctrinae
307 989 581 1035 pulchritudine,
604 998 636 1023 et
652 991 855 1033 gravissima
870 993 977 1036 patris
992 999 1091 1026 auto-

108 1040 211 1074 ritate
237 1041 479 1082 confirmatus,
512 1041 549 1074 in
576 1054 645 1085 quo
679 1042 708 1074 si
740 1042 824 1086 quid
855 1050 1092 1087 consequutus

108 1101 203 1131 sum,
231 1104 300 1136 quo
320 1092 466 1124 serviam
486 1099 516 1125 et
532 1092 661 1135 prosim
678 1092 774 1130 aliis,
803 1093 959 1126 laetabor
975 1094 1028 1125 vel
1048 1094 1090 1126 de

108 1152 266 1175 successu
291 1142 425 1181 foelici‚
458 1148 635 1188 tamquam
654 1143 696 1174 de
715 1143 894 1176 uberrimo
914 1145 1089 1187 impensae

107 1203 232 1235 operae
253 1193 387 1233 fructu,
417 1199 448 1225 et
474 1192 549 1226 Deo
574 1193 699 1235 gratias
723 1204 832 1236 agam.
891 1192 993 1227 Certe
1017 1206 1089 1226 non

106 1242 249 1276 umbras
265 1250 402 1287 captare
418 1244 601 1285 evanidas,
629 1244 688 1276 sed
706 1243 819 1277 fontes
839 1244 1020 1289 exquirere
1037 1251 1089 1278 at-

105 1303 173 1335 que
190 1293 417 1336 introspicere
435 1293 566 1325 studui.

206 1340 296 1375 Cum
322 1348 436 1375 autem
461 1340 592 1384 petenti
617 1337 706 1372 mihi
740 1339 913 1373 tributum
947 1341 991 1373 sit
1014 1348 1087 1374 stu—

105 1392 245 1425 diorum
263 1392 501 1425 testimonium
517 1390 716 1434 publicum,
738 1397 770 1423 et
786 1388 924 1423 scholae
940 1403 1088 1424 consue-

104 1443 189 1475 tudo
207 1441 382 1485 requirat,
409 1448 447 1473 ut
461 1441 504 1472 de
519 1441 638 1484 aliquo
652 1446 856 1482 argumento
874 1441 910 1472 in
928 1438 993 1473 hoc
1010 1442 1085 1474 loco

105 1492 210 1524 verba
234 1491 377 1531 faciam,
407 1491 500 1534 quod
526 1489 580 1522 vel
600 1490 821 1532 desumptum
849 1490 893 1522 sit
911 1501 950 1521 ex
975 1488 1085 1533 apho-

102 1542 209 1575 rismo
235 1541 372 1585 aliquo,
408 1540 463 1572 vel
486 1539 751 1583 explicationem
776 1537 970 1583 aphorismi
1001 1552 1085 1572 con-

102 1592 210 1628 tineat
233 1592 357 1625 iustam
384 1597 416 1624 et
446 1591 636 1634 integram,
670 1589 782 1632 delegi
813 1596 906 1623 certo
937 1590 1084 1623 consilio

102 1641 343 1687 aphorismum
366 1648 499 1674 sextum
525 1641 632 1684 partis
647 1641 840 1680 secundae,
865 1641 962 1673 cuius
979 1642 1082 1673 verba

103 1700 200 1727 sunt:
237 1692 451 1737 Quicunque
474 1692 633 1724 dolentes
659 1697 756 1734 parte
778 1691 895 1735 aliqua
918 1692 1083 1734 corporis,

102 1744 260 1778 dolorem
292 1743 364 1776 fere
399 1754 471 1775 non
506 1741 680 1781 sentiunt,
723 1741 766 1773 iis
793 1752 892 1773 mens
918 1748 1082 1783 aegrotat.

102 1793 224 1828 Utitur
254 1793 484 1837 Hippocrates
511 1804 595 1825 voce
617 1787 784 1839 γνώμης,
825 1803 929 1835 quam
953 1798 986 1825 et
1011 1792 1083 1835 ipse

101 1841 271 1880 διάνοιαν
294 1844 379 1877 alibi
402 1843 572 1887 appellat,
599 1849 631 1875 et
651 1841 807 1875 Galenus
831 1838 1002 1876 διάνοιαν
1019 1840 1084 1876 hoc

99 1895 138 1929 in
156 1896 231 1929 loco
252 1895 513 1938 interpretatur.

202 1944 299 1988 Quid
325 1951 423 1978 vocet
447 1944 554 1987 igitur
576 1954 635 1975 seu
655 1938 810 1990 γνώμην
827 1954 888 1975 seu
912 1939 1082 1977 διάνοιαν

101 1996 354 2040 Hippocrates,
380 2002 413 2028 et
431 2007 493 2028 cur
509 1992 573 2027 hac
597 1993 718 2027 affecta
745 2005 866 2026 sensus
892 1993 927 2025 in
947 1994 1082 2038 reliquo

102 2058 247 2090 corpore
271 2044 454 2079 hebetetur
478 2044 716 2090 inquiremus,
750 2044 903 2087 exposita
929 2044 1026 2087 prius
1050 2051 1081 2078 ct

100 2094 400 2141 Philosophorum
429 2103 461 2130 et
488 2095 730 2136 Medicorum,
769 2095 812 2127 ‹le
849 2094 965 2127 anima
1003 2106 1082 2128 sen-

101 2147 223 2183 tentia.

203 2195 409 2232 Aristoteles
421 2196 475 2239 (ut
492 2196 535 2228 ab
552 2192 619 2227 hoc
637 2195 770 2240 ordiar)
782 2196 852 2229 suis
869 2195 1078 2240 quibusdam

101 2250 272 2284 adductus
304 2248 517 2286 rationibus,
551 2244 719 2278 Animam
745 2246 920 2279 nominat:
966 2243 1080 2279 Ἐντε-

101 2299 241 2345 λέχειαν
260 2294 429 2344 σώματος
453 2298 632 2343 φυσικοῦ,
667 2294 886 2343 ὀργανικοῦ,
925 2292 1081 2340 δυνάμει

102 2349 199 2396 ζωὴν
225 2347 387 2394 ἔχοντος,
423 2359 489 2393 qua
513 2343 727 2392 mgmppdon
749 2359 819 2379 non
838 2358 926 2390 quae
945 2347 988 2379 sit
1005 2346 1082 2379 ani-

102 2415 179 2437 mae
202 2402 279 2435 idea
303 2407 335 2433 et
358 2398 551 2432 substantia
574 2398 739 2440 explicat,
767 2398 823 2429 sed
843 2397 931 2429 illud
951 2408 984 2429 se
1004 2397 1081 2430 ani-

102 2465 196 2487 mam
216 2462 338 2484 vocare.
353 2450 502 2488 indicat,
526 2448 619 2493 quod
639 2447 793 2490 corporis
811 2453 860 2480 est
877 2444 1082 2491 ἐνιελεξζεια.

102 2502 178 2538 Etsi
204 2509 318 2535 autem
349 2501 391 2532 de
414 2497 518 2532 huius
543 2498 637 2531 vocis
659 2497 870 2539 significato,
903 2497 1082 2540 productis

102 2555 270 2598 utrinqne
295 2550 427 2592 magnis
452 2555 737 2592 argumentorum
761 2547 960 2589 agminibus
990 2548 1083 2580 docti

104 2606 196 2638 inter
218 2615 252 2635 se
275 2601 439 2634 acerrime
462 2600 691 2638 dimicarunt,
723 2610 801 2632 cum
826 2597 885 2630 alii
903 2596 1083 2631 Ciceronis

103 2651 384 2697 interpretationi
424 2650 704 2694 patrocinentur,
756 2648 816 2682 alii
853 2645 917 2681 hac
959 2648 1083 2682 reiecta

134 2708 310 2739 Namara.
336 2704 441 2735 Ormi.
475 2701 647 2734 vouxll.

1257 403 1518 443 Animadvertit
1549 410 1754 448 Aristoteles
1791 420 2002 461 experientia
2043 425 2130 459 duce
2163 407 2167 410 »

1156 459 1188 513 ei
1202 456 1363 512 magistra
1381 459 1529 500 ratione,
1558 461 1592 493 in
1612 465 1776 498 omnibus
1799 471 1955 512 corporis
1980 454 2141 515 partibus,

1153 501 1330 548 durana„-
1344 508 1494 552 reliquas
1515 511 1583 544 vita
1601 512 1843 555 languescente
1861 522 2027 562 paulatim
2053 526 2133 558 defi-

1153 565 1246 611 cere:
1275 558 1394 589 eadem
1411 560 1559 594 extincta
1577 564 1760 598 concidere
1778 568 1893 602 subito
1912 577 2014 616 atque
2037 586 2133 609 emo—

1151 616 1199 644 ri,
1226 608 1368 662 caeteris
1383 616 1441 642 aut
1456 611 1604 652 allectis,
1630 620 1690 646 aut
1707 619 1904 658 prostratis,
1933 633 2003 654 non
2022 627 2132 667 proti-

1150 667 1217 688 nus
1231 664 1337 690 vitam
1355 660 1526 703 extingui,
1555 662 1617 694 etsi
1633 665 1801 706 paulatim
1820 668 2025 704 absumitur.

1251 722 1361 768 quue
1379 726 1560 759 manifeste
1577 730 1792 772 conspicitur
1807 745 1952 778 corpore
1969 736 2130 787 ἃτροᾳιά

1148 771 1329 808 laborante
1361 782 1419 808 aut
1446 781 1653 823 μαρασλιιῷ,
1695 778 1819 825 hepate
1848 787 2048 823 confirmata
2075 778 2130 824 in:

1147 825 1328 866 temperie,
1350 838 1438 869 quae
1454 824 1637 872 hydropen
1654 832 1757 873 parit:
1786 836 1927 869 cerebro
1943 845 2058 873 autem
2076 843 2129 875 vel

1147 873 1332 907 vulnerato
1355 873 1550 918 lethaliter,
1578 880 1632 911 vel
1656 883 1836 925 apoplexia
1855 893 1913 919 aut
1935 889 2127 934 epilepticis

1146 925 1362 969 paroxysmis
1383 935 1553 970 correpto.
1614 928 1757 965 Nutrice
1785 934 1948 970 facultate
1972 947 2033 974 aut
2055 954 2127 976 ces-

1145 981 1242 1007 sante
1261 981 1319 1007 aut
1343 988 1441 1018 aegre
1470 984 1502 1010 et
1526 979 1713 1013 difficulter
1727 994 1853 1017 munus
1870 997 1971 1021 suum
1989 991 2124 1025 obeun-

1146 1031 1196 1065 te,
1221 1025 1250 1056 si
1269 1026 1338 1058 vita
1356 1027 1517 1070 supersit,
1543 1041 1607 1061 nec
1623 1042 1764 1064 sensum
1781 1034 1910 1070 amittit
1925 1041 2124 1077 membrum

1143 1081 1339 1115 motumve,
1367 1088 1429 1109 nec
1446 1079 1736 1120 putrefactionem
1756 1086 1943 1127 experitur.
1997 1089 2036 1123 Si
2054 1093 2124 1126 vita

1142 1125 1322 1166 abscedat,
1356 1133 1394 1159 ut
1425 1128 1462 1159 in
1491 1126 1681 1173 νεκρώσει,
1717 1133 1905 1181 σᾳακέλτιι),
1941 1141 2123 1187 γαγγραί-

1140 1187 1238 1215 ναις,
1267 1178 1454 1209 succedens
1471 1179 1629 1221 protinus
1646 1183 1870 1225 putrefactio,
1897 1198 1936 1219 ex
1957 1200 2123 1235 occupata

1141 1232 1237 1268 parte
1253 1226 1406 1270 reliquas
1421 1227 1512 1260 vires
1528 1241 1649 1263 omnes
1665 1232 1778 1271 elidit,
1798 1241 1830 1267 et
1842 1236 2009 1272 dissoluta
2026 1253 2121 1275 com-

1140 1286 1224 1317 page
1241 1276 1359 1314 mixti,
1387 1285 1490 1321 atque
1507 1279 1761 1315 elementorum
1781 1286 1909 1319 coalitu
1933 1289 2070 1325 divulso
2087 1301 2121 1327 et

1139 1324 1325 1366 dissipato,
1363 1328 1556 1370 corrumpit
1585 1332 1734 1363 membri
1764 1334 1926 1370 sormam.
1991 1340 2049 1373 Sic
2081 1343 2119 1376 in

1139 1374 1304 1406 membris
1328 1382 1388 1408 aut
1406 1382 1548 1419 stupore
1573 1381 1742 1421 gravatis,
1769 1390 1828 1417 aut
1846 1387 1996 1427 paralvsi
2015 1402 2119 1425 ener-

1138 1423 1244 1461 vatis,
1279 1431 1340 1457 aut
1362 1425 1597 1473 παραπληγίᾳ
1629 1430 1724 1464 velut
1743 1425 2118 1477 truncatissconcidit

1137 1479 1269 1513 motus,
1295 1480 1327 1507 et
1344 1486 1464 1508 sensus
1486 1477 1558 1510 abit
1576 1480 1695 1512 omnia
1713 1487 1817 1526 atque
1834 1489 2021 1531 evanescit,
2049 1493 2120 1527 vita

1136 1528 1251 1554 tamen
1276 1531 1450 1564 remanet,
1484 1526 1527 1558 de
1552 1539 1619 1571 qua
1637 1530 1807 1574 tantisper
1822 1534 1932 1569 donec
1955 1540 2008 1571 vel
2025 1543 2118 1575 scin-

1136 1572 1250 1604 tillula
1266 1573 1401 1618 reliqua
1418 1581 1488 1615 est,
1513 1576 1557 1608 ab
1573 1577 1716 1612 interitu
1734 1587 1768 1614 et
1785 1586 2009 1628 corruptione
2026 1590 2117 1626 nihil

1135 1622 1283 1665 periculi
1317 1630 1376 1658 est.
1454 1624 1700 1662 Consideravit
1735 1637 1769 1664 et
1802 1630 1867 1666 hoc
1895 1633 2101 1676 Aristoteles

1136 1673 1204 1707 vita
1228 1674 1264 1705 in
1281 1675 1385 1707 corde
1401 1676 1568 1715 extincta,
1594 1680 1776 1713 confestim
1798 1684 1920 1718 eodem
1937 1670 2119 1726 momento,

1135 1723 1286 1768 reliquas
1314 1725 1405 1758 vires
1428 1738 1549 1760 omnes
1574 1727 1611 1761 in
1635 1741 1779 1776 corpore
1802 1734 1967 1771 universo
1987 1742 2115 1776 collabi

1133 1780 1238 1819 atque
1256 1774 1410 1811 interire.

1235 1833 1316 1867 Non
1331 1842 1447 1869 autem
1463 1848 1481 1869 e
1497 1848 1666 1874 converso
1682 1852 1760 1875 cum
1777 1848 1950 1889 oppressis
1963 1850 2116 1896 reliqua-

1134 1896 1211 1916 rum
1246 1885 1375 1918 virium
1403 1887 1561 1920 sontibus
1593 1901 1631 1922 ac
1656 1893 1816 1935 sedibus,
1849 1903 1887 1929 ut
1913 1901 2055 1935 cerebro
2082 1911 2114 1938 et

1133 1932 1277 1978 hepate,
1304 1937 1409 1969 vitam
1426 1937 1530 1970 simul
1549 1940 1711 1983 opprimi.
1763 1943 1885 1990 Neque
1907 1950 1999 1982 enim
2022 1953 2115 1987 ullae

1133 1986 1359 2029 quantumvis
1382 1984 1549 2020 laethales
1572 1991 1706 2023 cerebri
1724 1992 1891 2029 laesiones
1908 1999 2009 2032 aliter
2025 2002 2114 2037 vitae

1133 2035 1202 2067 vim
1219 2036 1386 2075 inserunt,
1412 2037 1480 2069 nisi
1496 2040 1747 2081 strangulando
1763 2054 1801 2075 ac
1818 2046 2023 2082 suffocando
2044 2064 2103 2086 cor

1132 2093 1230 2119 motu
1253 2087 1401 2130 pectoris
1425 2088 1609 2130 impedito,
1636 2097 1669 2123 et
1686 2090 1861 2134 prohibita
1877 2104 1980 2142 atque
2005 2081 2113 2137 inter-⁹

1132 2136 1226 2169 clusa
1250 2137 1491 2180 respiratione.
1549 2137 1753 2186 Eademque
1781 2151 1994 2181 caeterarum
2026 2153 2111 2187 asse-

1132 2186 1288 2219 ctionnm
1319 2187 1407 2220 ratio
1439 2195 1506 2226 est,
1547 2201 1695 2233 quarum
1722 2194 1818 2227 nulla
1845 2196 1911 2229 nisi
1941 2200 2046 2234 vitam
2072 2204 2109 2237 in

1131 2238 1236 2270 corde
1261 2237 1314 2269 vel
1336 2248 1396 2270 sua
1420 2238 1471 2276 vi,
1500 2239 1553 2271 vel
1572 2240 1641 2273 alio
1659 2243 1764 2275 modo
1785 2246 1992 2291 corripuerit
2007 2259 2110 2298 atque

1131 2288 1302 2328 enecarit,
1329 2294 1475 2320 mortem
1493 2291 1630 2332 corpori
1648 2293 1839 2329 consciscit.

1232 2345 1327 2379 Ilaec
1357 2358 1435 2379 cum
1464 2347 1923 2397 observassetAristoteles,
1956 2361 2062 2395 vitam
2090 2377 2108 2398 a

1131 2397 1275 2441 reliquis
1292 2397 1436 2433 viribus,
1463 2408 1548 2440 quas
1563 2400 1719 2434 nominat
1732 2401 1943 2449 θρεῖιιικὸν,
1972 2410 2109 2456 ὀρεκιι-

1131 2445 1211 2490 xor,
1239 2445 1470 2490 αἰσθηιικόν,
1497 2447 1693 2491 κιιίμικὸν,
1718 2452 1808 2487 κατὰ
1832 2453 1946 2492 τόπον
1974 2469 2005 2494 et
2027 2462 2106 2497 ‹lta-

1133 2495 1302 2542 νοητικὸν
1329 2497 1510 2534 discrevit,
1540 2498 1726 2542 nimirum,
1752 2506 1846 2547 quod
1872 2508 1940 2542 vita
1957 2512 2106 2557 reliquas

1133 2548 1310 2591 complexa
1334 2558 1471 2585 omnes,
1510 2559 1588 2580 cum
1619 2550 1731 2593 viget,
1764 2555 1909 2596 excitat,
1945 2562 2105 2602 viviticat.

1133 2599 1225 2630 fovet
1247 2603 1279 2629 et
1302 2603 1482 2630 conservat
1500 2598 1535 2630 in
1553 2605 1624 2632 toto
1648 2613 1794 2646 corpore
1816 2613 1847 2639 et
1865 2608 2009 2651 singulis
2026 2625 2105 2655 par-

1134 2648 1244 2687 tibus,
1270 2659 1348 2680 cum
1366 2648 1518 2681 moriens
1535 2650 1710 2693 destituit,
1736 2665 1797 2688 ceu
1815 2658 1953 2699 perimit
1977 2673 2107 2697 omnes.

1529 2699 1573 2732 18
