2324 2955
95 110 171 149 785
788 109 815 145 Ι.

96 198 214 232 minus
229 207 350 242 aspera
367 196 434 230 fuit
447 207 526 240 erga
535 193 728 229 Ecclesiam
740 222 748 235 ,
777 206 882 240 quam
901 193 989 227 aliae
1006 204 1084 226 mo-

96 245 272 284 narchiae.
326 246 440 293 Cyrus
463 259 557 280 anno
584 246 698 291 primo
720 253 795 290 post
814 252 949 290 captam
966 243 1085 289 Baby-

96 300 214 333 lonem
239 298 350 332 edidit
366 299 564 338 decretum,
592 310 661 343 quo
679 297 847 331 concessit
870 295 1007 330 Iudaeis
1028 305 1084 328 re-

95 349 210 384 ditum
234 350 271 382 in
297 349 466 393 patriam,
494 355 527 382 et
546 349 642 382 dedit
666 349 830 383 mandata
847 349 890 381 de
908 347 1085 381 instaura-

99 401 196 436 tione
223 399 369 444 templi,
394 406 427 433 et
451 399 613 434 attribuit
636 399 783 434 reditus,
835 398 988 443 Fuitque
1015 397 1086 430 dux

96 450 221 496 populi
253 449 463 483 Iudaeorum
489 450 706 491 Zorobabel,
738 462 847 494 nepos
873 450 962 493 regis
989 447 1084 481 leco-

97 502 186 535 niae.
230 498 405 545 Deinceps
420 501 514 535 enim
541 502 616 534 sine
639 501 734 545 regio
761 501 906 534 nomine
923 501 1027 532 duces
1045 509 1085 530 ex

95 551 204 596 stirpe
226 549 344 585 David
369 552 500 596 populo
527 551 738 586 Iudaeorum
768 553 1016 595 praefuerunt,
1050 554 1085 581 et

96 602 163 636 fuit
187 613 346 636 summus
369 603 529 636 sacerdos
548 601 662 644 Iesus,
690 603 781 636 silius
801 602 955 636 Iosedek.
1007 599 1084 633 Hos

96 654 186 687 duos
207 653 370 687 ductores
392 664 519 696 magna
544 654 733 688 multitudo
759 654 922 687 comitata
951 658 1019 691 est,
1043 655 1084 683 ut

94 703 264 748 scriptum
289 709 340 737 est
361 704 399 736 in
424 704 516 737 libro
534 702 678 738 Esdrae.
732 705 784 738 Hi
807 703 936 737 reversi
961 702 998 734 in
1023 699 1083 733 lu-

95 755 218 788 daeam
235 765 357 787 rursus
379 755 533 788 condere
550 756 675 789 urbem
694 754 941 801 lerosolymam
960 763 1084 796 coepe-

94 811 201 846 runt,
228 810 262 838 et
283 804 513 839 fundamenta
535 807 656 850 templi
682 806 849 839 iecerunt.

194 853 292 888 Haec
323 855 511 890 laetissima
541 857 643 891 initia
675 858 813 891 turbata
843 861 926 889 sunt
955 852 1083 898 partim

93 916 113 939 a
135 905 262 939 vicinis
294 905 546 948 Samaritanis,
580 908 707 951 partim
740 906 864 940 aulicis
888 904 1084 938 calumniis.

93 954 185 990 Cum
207 956 302 989 enim
322 964 420 1001 pater
433 957 546 1004 Cyrus
563 958 695 991 bellum
721 959 887 990 adversus
904 955 1084 998 Massage-

93 1013 145 1040 tas
162 1013 313 1050 gereret,
339 1014 373 1041 et
389 1006 578 1050 Cambyses
595 1007 692 1039 domi
711 1012 872 1049 regnaret
884 1032 892 1046 ,
921 1003 1084 1038 inchoata

93 1057 288 1089 aedificatio
316 1056 439 1100 templi
470 1056 583 1090 edicto
612 1055 796 1101 Cambysis
820 1052 998 1100 prohibita
1024 1061 1084 1089 est.

93 1103 142 1140 Et
161 1112 437 1140 consentaneum
462 1113 529 1148 est,
564 1107 836 1140 calumniatores
856 1107 893 1139 in
917 1105 996 1139 aula
1019 1103 1085 1138 hac

94 1167 177 1190 usos
198 1167 271 1190 esse
295 1157 497 1198 occasione,
532 1158 627 1202 quod
652 1170 731 1190 cum
757 1158 889 1190 bellum
921 1157 1085 1189 illaturus

93 1205 586 1253 essetCambysesAegyptiis,
613 1208 828 1252 disputatum
847 1214 906 1248 est,
937 1206 1085 1240 Iudaeos

93 1255 134 1291 ex
152 1255 324 1303 Aegyptia
342 1257 449 1302 stirpe
466 1269 558 1298 esse,
586 1265 618 1292 et
635 1259 831 1292 cavendum
849 1270 937 1299 esse,
964 1269 1007 1290 ne
1024 1255 1085 1290 Iu—

94 1308 173 1342 daei
197 1319 231 1341 se
249 1320 327 1341 cum
347 1307 529 1354 Aegyptiis
553 1309 818 1352 coniungerent.
873 1309 924 1343 Ita
943 1321 961 1342 a
979 1307 1086 1342 Cam-

95 1358 191 1404 bysis
213 1365 370 1403 tempore
389 1371 500 1404 usque
518 1360 560 1393 ad
588 1362 781 1393 secundum
802 1372 934 1394 annum
952 1358 1086 1402 Longi-

97 1409 194 1443 mani
213 1409 420 1443 instauratio
440 1410 609 1455 impedita
624 1418 684 1445 est.
719 1410 772 1445 Ac
788 1418 863 1445 tum
879 1421 1001 1444 rursus
1019 1422 1086 1443 no-

96 1471 138 1493 va
154 1460 395 1493 consolatione
420 1461 572 1505 populus
594 1474 656 1506 per
671 1461 874 1506 Haggaeum
901 1469 934 1496 et
950 1459 1086 1495 Zacha-

94 1509 184 1544 riam
199 1510 424 1544 confirmatus
440 1518 501 1545 est.

197 1559 273 1594 Etsi
294 1568 411 1595 autem
428 1561 568 1596 eductio
583 1574 624 1595 ex
641 1560 802 1608 Aegypto
819 1561 1007 1605 gloriosior
1024 1567 1086 1600 est,

94 1617 128 1644 et
150 1611 344 1646 manifestis
369 1612 548 1646 miraculis
573 1612 683 1656 magis
708 1619 851 1652 ornata,
883 1612 965 1657 quia
990 1611 1086 1645 Deus

96 1661 210 1695 voluit
236 1663 420 1696 ostendere
447 1663 648 1697 testimonia
676 1664 719 1697 de
744 1664 837 1707 lege,
871 1669 989 1697 tamen
1012 1675 1086 1696 uon

95 1711 215 1744 minus
244 1712 386 1746 difficile
410 1712 494 1754 fuit,
528 1714 711 1755 dissipatas
733 1712 885 1746 familias
911 1711 1087 1754 colligere,

95 1769 130 1796 et
145 1762 297 1794 inermes
313 1774 376 1805 per
390 1769 441 1795 tot
457 1761 619 1794 inimicas
635 1768 753 1804 gentes
769 1763 897 1795 ducere
908 1788 917 1802 ,
944 1768 978 1796 et
994 1762 1087 1796 inter

95 1809 214 1846 hostes
231 1822 352 1845 rursus
367 1818 526 1845 extruere
543 1812 666 1845 urbem
678 1839 686 1853 ,
713 1819 748 1846 et
767 1812 955 1856 collapsam
973 1811 1086 1847 Rem-

95 1862 272 1908 publicam
287 1862 472 1896 restituere
489 1869 568 1905 post
582 1874 694 1896 annos
714 1863 952 1907 septuaginta,
980 1875 1085 1908 quam
1110 1900 1113 1907 Ι

98 1913 184 1947 olim
206 1912 319 1948 fuerat
341 1925 421 1947 cum
447 1913 565 1946 valido
599 1914 751 1948 exercitu
781 1913 931 1947 alienam
956 1920 1086 1947 terram

96 1975 278 2008 occupare.
324 1962 481 2009 Utraque
500 1975 554 1997 res
571 1965 725 2000 ostendit
742 1964 856 1999 Deum
876 1964 1087 1998 mirabiliter

97 2025 237 2048 servare
259 2020 294 2048 et
314 2026 434 2058 regere
458 2012 669 2056 Ecclesiam,
703 2022 737 2050 et
761 2015 850 2049 velle
873 2015 943 2060 peti
967 2022 1002 2049 et
1026 2027 1086 2048 ex—

98 2065 229 2110 pectari
246 2065 410 2098 divinum
429 2066 599 2099 auxilium
612 2093 621 2106 ,
646 2066 735 2100 sicut
753 2074 785 2100 et
804 2066 840 2099 in
857 2064 921 2100 hac
940 2066 1011 2110 ipsa
1029 2078 1086 2100 re-

97 2115 281 2150 stitutione
309 2117 512 2150 consolatur
537 2114 764 2158 Zachariam,
798 2118 941 2151 anxium
965 2119 1008 2150 de
1025 2118 1086 2150 de-

96 2166 257 2200 fensione
284 2167 545 2206 multitudinis,
582 2168 788 2208 mulierum,
824 2180 1087 2212 puerperarum,

98 2217 295 2258 infantum,
324 2229 466 2262 senum,
495 2218 726 2252 imbecillium
753 2219 979 2259 familiarum,
1007 2231 1085 2252 cum
1111 2253 1113 2260 k

100 2269 261 2302 nondum
283 2266 455 2303 habereut
479 2275 588 2313 tecta,
616 2281 736 2303 muros
755 2276 788 2304 et
810 2271 1002 2315 praesidia,
1031 2270 1087 2303 in-

100 2318 241 2364 quiens:
269 2318 350 2353 Non
373 2319 410 2352 in
426 2320 598 2361 exercitu,
627 2332 699 2354 nou
729 2321 766 2353 in
790 2322 939 2362 robore,
966 2322 1024 2354 sed
1050 2321 1086 2353 in

99 2368 236 2414 Spiritu
253 2381 343 2411 meo,
363 2371 449 2405 dicit
466 2369 654 2407 Dominus,
710 2370 811 2405 ltem:
837 2370 913 2416 Ego
930 2384 992 2405 ero
1008 2384 1086 2405 mu-

101 2431 161 2454 rus
177 2431 301 2464 igneus
317 2431 447 2464 qrcum
463 2433 533 2457 e05.

203 2470 284 2513 Quo
311 2470 418 2513 igitur
443 2471 480 2505 in
507 2472 586 2506 loco
611 2479 694 2506 tunc
721 2472 827 2507 suerit
855 2471 1030 2512 Ecclesia,
1054 2479 1085 2506 et

100 2532 190 2566 quae
205 2518 367 2555 habuerit
392 2522 611 2564 testimonia,
635 2524 789 2558 ostendit
814 2522 897 2557 haec
916 2523 1086 2564 reductio,

102 2571 137 2604 in
163 2583 231 2616 qua
257 2572 365 2606 multa
389 2578 472 2607 sunt
497 2574 677 2609 miracula.
742 2573 899 2619 Tempus
921 2574 1085 2618 congruit

100 2633 179 2656 cum
205 2622 370 2655 vaticinio
398 2622 579 2662 Ieremiae,
614 2625 674 2669 qui
702 2626 893 2668 praedixit,
920 2631 998 2669 post
1021 2636 1086 2657 an-

103 2684 166 2706 nos
190 2671 238 2707 70
262 2674 432 2717 populum
466 2674 661 2708 rediturum
694 2688 777 2709 osse.
827 2674 873 2710 Et
898 2674 1083 2710 Danielem

869 102 1163 144 CHRONICON
1189 102 1435 141 CARIONlS.

2054 105 2124 139 786

1135 189 1241 223 fuisse
1258 187 1485 234 Prophetam,
1501 202 1519 224 a
1537 188 1613 224 Deo
1632 189 1789 231 missum,
1817 201 1937 223 recens
1953 190 2124 234 protectio

1137 240 1231 274 inter
1256 241 1374 274 leones
1401 241 1566 276 ostendit,
1618 239 1729 275 Erant
1750 241 1856 285 igitur
1872 239 2029 275 Ecclesia
2049 239 2125 281 Dei,

1136 291 1247 335 ipsius
1271 292 1470 336 auditores,
1504 292 1564 338 qui
1590 293 1766 336 professus
1796 299 1846 326 est
1866 291 2064 325 doctrinam
2086 290 2124 323 in

1136 342 1236 376 libris
1252 340 1511 389 Prophetarum
1528 343 1711 384 traditam,
1735 350 1768 377 et
1790 340 1881 376 hanc
1902 343 1948 376 ita
1967 342 2124 376 illustra-

1135 393 1203 434 vit,
1239 400 1277 426 ut
1300 406 1372 426 non
1405 394 1520 427 solum
1547 394 1690 434 dixerit,
1725 394 1828 438 quale
1850 394 2009 427 futurum
2035 399 2124 426 esset

1135 455 1282 486 reguum
1301 444 1470 485 Messiae‚
1499 451 1531 478 et
1546 457 1634 489 quae
1650 444 1830 484 beneficia,
1858 444 1917 477 sed
1934 444 2038 476 etiam
2056 455 2124 476 nu-

1134 506 1272 527 merum
1305 507 1482 528 annorum
1513 494 1700 539 expressit,
1744 495 1835 528 intra
1860 505 1948 539 quos
1976 493 2124 527 Messias

1135 557 1199 589 pro
1225 556 1351 588 genere
1377 543 1533 579 humano
1560 546 1699 579 futurus
1724 551 1797 579 erat
1821 545 1976 579 victima.
2026 543 2123 578 Haec

1135 596 1258 629 concio
1283 596 1508 641 praecipuam
1530 594 1717 639 Evangelii
1741 595 1938 630 doctrinam
1967 595 2122 638 comple-

1135 646 1252 681 ctitur.

1238 696 1289 731 Ac
1316 697 1418 731 valde
1443 698 1585 741 prodest
1608 697 1774 731 omnibus
1801 695 2009 730 hominibus
2031 691 2123 728 hanc

1137 747 1245 791 ipsam
1272 749 1479 782 concionem
1505 748 1726 782 notissimam
1750 759 1844 789 esse,
1870 759 1960 793 quae
1978 745 2123 791 quidem

1135 805 1169 832 et
1192 799 1374 842 perspicue
1398 800 1526 833 refutat
1542 798 1702 833 Iudaeos.
1755 799 1849 842 Quia
1866 810 1945 832 cum
1962 797 2123 837 affirmet,

1135 855 1248 882 stante
1281 850 1403 893 politia
1434 849 1591 884 'Mosaica
1622 857 1810 885 venturum
1841 860 1913 883 esse
1945 847 2124 888 Messiam,

1136 911 1209 932 non
1226 900 1374 932 dubium
1392 908 1460 941 est,
1488 913 1603 934 errare
1620 900 1786 942 Iudaeos,
1809 900 1870 946 qui
1886 900 2046 934 nondum
2064 910 2123 931 ve-

1136 950 1227 983 nisse
1243 949 1409 984 Messiam
1427 951 1677 985 vociferantur.
1731 952 1840 995 Saepe
1858 951 1965 994 igitur
1988 951 2124 992 legatur

1137 1007 1241 1044 capnt
1259 1012 1395 1034 nonum
1405 1001 1576 1042 Danielis,
1594 1002 1655 1035 ubi
1672 1002 1841 1045 scriptum
1856 1008 1922 1035 est:
1951 1000 2124 1044 „Septua-

1136 1051 1232 1094 ginta
1256 1047 1496 1083 hebdomades
1523 1053 1682 1086 decretae
1706 1059 1789 1086 sunt
1817 1063 1922 1096 super
1951 1051 2124 1095 populum

1137 1108 1256 1141 tuum,
1284 1107 1318 1134 et
1333 1112 1439 1145 super
1459 1102 1583 1134 urbem
1606 1109 1761 1135 sanctam
1781 1109 1897 1142 tuam,
1923 1108 1961 1134 ut
1981 1101 2125 1134 finiatur

1137 1151 1401 1196 praevaricatio,
1425 1158 1459 1185 et
1475 1152 1680 1196 obsignetur
1697 1159 1889 1197 peccatum,
1917 1158 1949 1185 et
1965 1152 2025 1185 fiat
2042 1163 2124 1195 pro-

1137 1202 1279 1247 piciatio
1296 1214 1359 1246 pro
1377 1210 1538 1246 peccato,
1566 1211 1599 1237 et
1616 1204 1813 1238 adducatur
1837 1203 1972 1237 iusticia
1998 1202 2126 1246 sempi-

1137 1260 1254 1294 terna,
1281 1259 1320 1286 ut
1334 1254 1550 1298 compleatur
1568 1255 1655 1288 visio
1675 1261 1709 1289 et
1730 1252 1914 1299 prophetia
1927 1281 1937 1294 ,
1963 1261 1995 1288 et
2013 1264 2125 1296 unga-

1138 1311 1195 1338 tur
1210 1310 1350 1337 sanctus
1367 1312 1582 1340 sanctorum.
1625 1305 1720 1339 Scito
1740 1316 1821 1348 ergo
1839 1312 1871 1339 et
1886 1304 2123 1338 considerato:

1138 1353 1196 1389 Ab
1213 1354 1307 1388 exitu
1328 1356 1521 1395 sermonis,
1548 1363 1587 1390 ut
1611 1356 1738 1390 iterum
1757 1354 1937 1390 habitetur
1953 1361 1985 1388 et
2003 1354 2126 1388 aediti-

1138 1413 1236 1440 cetur
1249 1406 1458 1447 Ierusalem,
1485 1419 1594 1452 usque
1610 1408 1653 1439 ad
1668 1405 1848 1440 Christum
1864 1405 2010 1447 Ducem,
2037 1403 2125 1438 heb-

1139 1457 1305 1490 domades
1336 1464 1465 1501 septem
1499 1465 1532 1492 et
1561 1456 1799 1491 hebdomades
1831 1456 2009 1500 sexaginta
2034 1456 2126 1489 duae

1139 1514 1262 1545 erunt,
1289 1514 1323 1540 et
1347 1519 1487 1541 rursum
1511 1506 1667 1542 habitata
1687 1509 1770 1549 erit,
1797 1515 1829 1542 et
1853 1508 2030 1541 aedificata
2046 1506 2126 1551 pla-

1111 1565 1112 1572 *
1138 1565 1192 1592 tea
1212 1557 1465 1604 lerosolymae‚
1492 1566 1525 1592 et
1542 1559 1653 1599 muri,
1682 1560 1718 1592 in
1738 1559 1896 1603 angustia
1913 1566 2125 1602 temporum.

1138 1607 1185 1643 Et
1221 1615 1299 1653 post
1333 1607 1572 1643 hebdomades
1608 1611 1786 1653 sexaginta
1825 1611 1912 1644 duas
1947 1609 2126 1642 occidetur

1137 1657 1319 1701 Christus,
1360 1667 1395 1694 et
1424 1673 1496 1693 non
1524 1661 1589 1695 erit
1619 1662 1791 1705 populus,
1829 1667 1862 1694 et
1886 1660 2061 1693 civitatem
2092 1665 2127 1692 et

1139 1707 1388 1742 Sanctuarium
1411 1710 1568 1743 destruet
1598 1711 1749 1754 populus
1773 1710 1881 1744 Ducis
1904 1710 2064 1747 venturi,
2093 1716 2127 1743 et

1138 1758 1217 1792 finis
1232 1759 1306 1792 eius
1322 1760 1532 1803 inundatio,
1561 1767 1594 1795 et
1610 1761 1690 1793 finis
1708 1762 1791 1795 belli
1809 1761 1951 1795 definita
1970 1761 2127 1794 vastitas.

1138 1808 1186 1843 Et
1215 1810 1437 1844 confirmabit
1470 1818 1720 1845 testamentum
1752 1812 1873 1846 multis
1903 1810 2127 1845 hebdomade

1138 1872 1228 1901 una,
1258 1867 1292 1894 et
1322 1861 1359 1893 in
1383 1862 1533 1895 dimidio
1564 1860 1797 1896 hebdomadis
1818 1863 1979 1897 deficient
2011 1860 2126 1895 hostia

1138 1918 1171 1945 et
1187 1911 1414 1953 sacrificium,
1438 1920 1472 1946 et
1489 1913 1555 1947 erit
1569 1924 1674 1956 super
1689 1914 1761 1947 alas
1777 1913 1994 1947 abominatio
2012 1919 2127 1945 vasta-

1138 1962 1245 1996 tionis
1266 1969 1472 2006 perpetuae,
1500 1970 1534 1996 et
1549 1964 1692 1997 definita
1712 1964 1854 1998 vastitas
1871 1964 1979 1996 effusa
1997 1963 2074 1996 erit.

1242 2011 1284 2045 In
1302 2010 1368 2046 hoc
1384 2014 1551 2047 vaticinio
1569 2021 1603 2048 et
1620 2015 1786 2048 beneficia
1806 2014 1957 2048 Messiae
1974 2013 2126 2046 recitan-

1138 2070 1216 2101 tur,
1244 2070 1278 2096 et
1298 2076 1392 2097 mors
1416 2063 1567 2098 Messiae
1589 2065 1823 2109 praedicitur,
1850 2072 1884 2100 et
1903 2072 2039 2108 tempus
2061 2064 2125 2097 ad-

1138 2120 1264 2148 ventus
1283 2114 1501 2159 exprimitur.
1544 2115 1793 2150 Hebdomades
1811 2117 1905 2150 enim
1924 2115 2125 2157 intelligen-

1138 2167 1203 2199 dae
1231 2172 1315 2199 sunt
1336 2178 1512 2199 annorum
1546 2164 1803 2211 hebdomades,
1837 2174 1875 2201 ut
1905 2166 1942 2199 in
1968 2166 2125 2199 Levitico

1140 2216 1251 2261 capite
1266 2215 1327 2252 25.
1349 2223 1464 2251 textus
1481 2218 1649 2262 loquitur.
1699 2218 1790 2253 Sunt
1806 2218 1914 2261 igitur
1931 2214 2125 2250 hebdoma-

1139 2269 1199 2301 des
1228 2268 1446 2311 septuaginta
1471 2269 1555 2301 auui
1582 2267 1666 2302 490.

1242 2319 1340 2352 Dicit
1356 2326 1471 2352 autem
1490 2318 1634 2351 Daniel:
1670 2317 1753 2352 Post
1772 2317 2009 2352 hebdomades
2028 2329 2126 2350 sexa-

1139 2369 1235 2412 ginta
1260 2370 1347 2402 duas
1373 2369 1552 2402 occidetur
1573 2367 1754 2407 Christus,
1786 2370 1835 2403 sic
1859 2376 1997 2407 tamen,
2025 2375 2063 2402 ut
2089 2369 2125 2400 in

1138 2420 1289 2453 dimidio
1316 2417 1547 2453 hebdomadis
1576 2420 1757 2453 confirmet
1787 2426 2055 2459 testamentum,
2089 2419 2125 2451 id

1139 2477 1207 2509 cst,
1234 2472 1357 2505 doceat
1376 2477 1407 2504 et
1427 2470 1622 2503 testimonia
1647 2471 1828 2511 ostendat,
1853 2477 1887 2505 et
1910 2470 2040 2504 deinde
2066 2481 2123 2512 pa-

1138 2522 1246 2556 tiatur
1264 2528 1296 2554 et
1317 2528 1483 2563 resurgat.

1242 2571 1421 2614 Significat
1444 2578 1559 2604 autem
1575 2569 1724 2612 Daniel,
1750 2573 1845 2605 unde
1862 2571 1905 2605 sit
1924 2569 2122 2604 inchoanda

1138 2622 1356 2659 numeratio,
1384 2634 1461 2655 cum
1490 2623 1555 2655 ait:
1594 2620 1650 2655 Ab
1673 2623 1767 2656 exitu
1784 2624 1974 2659 sermonis,
2002 2628 2037 2653 ut
2059 2620 2122 2651 ite-

1138 2686 1215 2707 rum
1250 2670 1427 2707 habitetur
1460 2679 1493 2706 ct
1528 2673 1730 2707 aedificetur
1764 2673 1965 2707 lerusalem.
2028 2669 2123 2702 llaec
