2324 2955
161 106 257 142 1085
719 104 748 141 Ι.

800 103 1088 141 CHRONICON
1116 102 1362 141 CARIONIS.
1414 103 1540 141 PARS
1570 104 1616 142 Il.

2079 114 2172 147 1086

159 194 209 226 ria
227 189 447 238 conspicitur
464 203 584 225 verum
604 201 676 223 esse
692 202 830 224 versum
847 189 1048 236 Sophoclis:
1076 202 1143 224 τα-
1167 191 1172 226 Ι
1198 191 1417 236 quieverunt.
1459 188 1548 223 Nam
1566 191 1745 236 aliquanto
1765 200 1841 238 post
1859 206 1978 228 rursus
1993 208 2031 228 ex
2047 195 2174 241 Hispa-

155 244 237 287 χεῖα
255 240 375 277 πείθω
391 244 467 277 τῶν
482 243 609 276 κακῶν
630 238 814 287 ὃὸηπορρῑ.

262 320 503 362 Agnoscamus
518 322 632 350 autem
657 323 690 350 et
705 317 875 350 divinitus
890 316 1053 360 depulsos
1071 327 1143 349 esse

159 383 178 403 a
203 369 323 403 Gallia
348 368 539 402 Saracenos
567 364 813 410 pulcherrimis
838 367 993 401 victoriis
1011 363 1145 400 Caroli

159 417 340 454 ,Martelli
362 418 460 452 ducis
483 417 715 456 Brabantiae,
743 418 803 463 qui
829 418 896 451 fuit
922 429 1007 451 avus
1023 416 1141 451 Caroli

159 468 306 516 Illagni
327 467 569 515 imperatoris.

158 522 330 555 ferantur.
384 517 568 552 Mahomet
592 519 706 563 coepit
728 530 871 562 regnare
890 531 983 552 anno
1000 530 1140 552 sexcen-

159 572 282 605 tesimo
300 570 465 604 vicesimo
488 569 591 603 tertio
609 567 752 605 Christi.
806 569 863 603 Ab
887 567 953 603 hoc
971 581 1065 602 anno
1082 580 1142 602 us-

160 634 227 667 que
242 623 286 656 ad
303 621 444 655 initium
460 620 590 653 Leonis
608 619 739 661 Isauri,
772 621 934 654 videlicet
949 631 1060 664 usque
1078 631 1138 652 an-

159 685 246 706 num
262 671 394 706 Christi
412 671 758 714 septingentesimum
781 671 954 705 decimum
977 677 1138 703 octavum

159 730 242 757 sunt
259 723 345 756 anni
361 728 501 756 centum
520 728 553 755 et
569 722 738 766 quinque.
790 723 888 755 Intra
904 719 970 754 hoc
985 720 1140 764 spacium

158 771 344 809 Mahomet
373 779 406 806 et
437 783 648 806 successores
683 772 775 814 eius,
815 772 876 818 qui
914 770 1077 805 Saraceni
1109 776 1142 803 et

160 825 315 868 Agareni
342 824 591 864 nominantur,
618 822 720 868 potiti
745 829 826 856 sunt
843 821 994 863 Arabia,
1019 821 1141 854 Palae-

159 877 269 916 stina,
304 874 425 921 Syria,
458 873 597 915 Persia,
634 873 812 918 Aegypto,
854 871 992 911 Africa,
1036 871 1141 905 traie-

159 932 282 960 cerunt
305 932 339 959 et
353 937 392 958 ex
409 922 529 958 Africa
553 924 590 957 in
606 924 832 967 Hispaniam,
859 935 964 968 quarn
983 934 1062 955 cum
1081 923 1140 954 de-

159 989 233 1010 cem
255 987 368 1010 annos
389 975 583 1010 tenuissent
598 975 636 1007 in
655 973 809 1007 Galliam
833 985 943 1018 nsque
959 973 1001 1006 ad
1022 972 1141 1006 Turo-

159 1040 246 1060 num
273 1033 426 1060 trecenta
447 1032 480 1059 et
503 1025 722 1068 septuaginta
747 1024 859 1057 millia
884 1024 1140 1057 Saracenorum

159 1078 275 1110 infusa
299 1083 392 1111 sunt.
454 1074 553 1109 Alibi
584 1087 666 1108 vero
697 1074 871 1118 progressi
900 1074 937 1107 in
968 1074 1140 1106 minorem

159 1128 279 1161 Asiam
304 1127 518 1160 obsederunt
539 1132 706 1168 regnante
727 1123 961 1158 Constantino
986 1123 1140 1157 Barbato

159 1177 370 1223 Byzantium
385 1176 525 1210 circiter
542 1188 675 1209 annum
693 1176 981 1210 sexcentesimum
1001 1181 1142 1218 septua-

159 1228 330 1271 gesimum
363 1234 546 1272 quartum,
588 1227 682 1260 unde
713 1227 844 1270 repulsi
877 1227 1025 1259 redeunt
1062 1237 1140 1257 cum

161 1278 291 1312 maiore
318 1278 424 1311 classe
451 1278 515 1310 sub
532 1277 652 1311 Leone
672 1276 791 1310 Isauro
809 1284 887 1321 post
911 1288 1022 1310 annos
1041 1276 1141 1308 circi-

160 1338 213 1362 ter
245 1328 494 1375 quadraginta,
531 1327 856 1362 videlicet-Leonis
887 1327 997 1361 Isauri
1027 1326 1140 1359 initio.

160 1379 264 1413 Tunc
287 1390 409 1412 rursus
443 1379 588 1412 biennio
611 1378 947 1422 Constantinopolin
980 1378 1143 1411 obsident

160 1433 248 1464 duce
273 1429 460 1473 Masgada‚
494 1431 555 1462 sed
582 1441 702 1463 rursus
737 1429 906 1472 singulari
931 1441 996 1473 ope
1022 1427 1142 1461 divina

161 1481 321 1525 repulsus
338 1487 399 1516 est.
451 1479 542 1513 Nam
564 1479 792 1514 Saracenicus
809 1480 980 1513 exercitus
1003 1479 1093 1512 fame
1111 1484 1143 1511 et

161 1531 359 1577 pestilentia
400 1530 518 1575 periit:
560 1542 666 1564 naves
703 1531 913 1564 fulminibus
945 1530 1143 1563 submersae

161 1589 255 1624 sunt,
281 1582 419 1627 aliquae
436 1581 576 1624 ignibus
594 1588 666 1614 arte
683 1582 747 1614 sub
765 1593 853 1626 aqua
872 1581 970 1614 factis
983 1581 1143 1613 incensae

161 1639 254 1668 sunt.
313 1633 366 1666 Ita
389 1643 510 1665 rursus
532 1631 788 1676 aliquantisper
812 1631 977 1666 Saraceni
995 1629 1143 1674 repressi

159 1690 261 1724 sunt,
289 1694 332 1715 ne
347 1682 431 1715 Asia
447 1682 582 1716 minore
599 1689 632 1717 et
648 1681 821 1727 Byzantio
845 1682 1055 1726 potirentur.

261 1757 331 1792 Sed
361 1757 493 1790 maiora
519 1757 610 1790 bella
637 1758 707 1790 duo
732 1758 769 1790 in
794 1756 912 1790 Gallia
936 1762 1029 1789 mota
1052 1761 1145 1789 sunt.

162 1809 322 1843 Primum
348 1808 442 1841 enim
464 1808 502 1840 in
522 1806 678 1840 Galliam
698 1819 757 1840 rex
783 1805 1024 1840 Abidiranms
1046 1806 1144 1840 duxit

161 1859 425 1894 multitudinem
455 1858 732 1898 Saracenorum,
767 1858 866 1890 cuius
890 1867 1057 1890 numerus
1074 1863 1144 1889 tra-

162 1911 260 1944 ditur
276 1910 382 1943 suisse
399 1909 540 1952 triginta
558 1908 670 1941 millia
683 1906 880 1941 hominurn.
916 1906 1022 1940 Ilunc
1034 1904 1145 1939 Eudo

163 1961 392 2004 Westgottus
415 1959 628 2005 Aquitaniae
649 1958 826 1992 Dominus
849 1964 969 1991 contra
991 1957 1144 1990 Francos

163 2019 362 2047 attraxerat.
418 2010 560 2055 lamque
585 2009 818 2053 Burdegalam
841 2007 1006 2042 Saraceni
1031 2008 1065 2040 vi
1089 2020 1145 2040 ca—

164 2071 259 2108 ptam
281 2062 521 2106 diripuerant,
556 2067 588 2094 et
611 2071 722 2105 usque
744 2061 787 2093 ad
806 2059 993 2093 Turonum
1020 2070 1144 2101 magna

164 2112 392 2146 multitudine
409 2110 692 2146 Christianorum
712 2110 883 2144 trucidata
903 2115 1143 2153 pervenerant.

164 2163 277 2198 Erant
300 2163 336 2196 in
361 2174 497 2196 summo
522 2162 677 2206 periculo
707 2160 825 2194 Gallia
852 2166 884 2193 et
910 2159 1019 2194 ltalia.
1073 2158 1145 2193 Re-

165 2214 257 2260 lictis
280 2214 387 2256 igitur
410 2212 514 2246 hellis
538 2211 720 2246 Saxonicis
752 2218 785 2245 et
810 2210 973 2244 Frisiacis
997 2209 1145 2243 Carolus

164 2264 352 2299 Martellus
384 2264 455 2297 dux
478 2262 691 2296 Brabantiae
720 2263 830 2296 robur
862 2260 960 2304 regni
986 2259 1145 2293 Francici

166 2315 265 2349 ducit
290 2321 410 2348 contra
437 2313 640 2348 Saracenos,
692 2311 791 2346 Clam
808 2312 911 2346 etiam
933 2311 976 2344 ab
995 2308 1146 2344 Eudone

167 2366 273 2411 petit,
307 2377 350 2398 ne
370 2363 612 2399 Christianum
636 2376 774 2407 ,nomen
807 2363 841 2395 in
869 2361 1012 2406 Europa
1038 2361 1144 2394 deleri

168 2418 279 2457 sinat,
304 2428 454 2461 eumque
480 2422 618 2455 monet,
648 2421 686 2447 ut
712 2414 831 2447 relicta
857 2413 1018 2446 societate
1043 2411 1146 2445 Sara-

167 2478 334 2501 cenorum
366 2467 592 2509 coniungeret
624 2476 658 2498 se
684 2477 761 2498 cuin
787 2463 955 2497 Francico
982 2463 1144 2495 exercitu.

168 2517 306 2551 Praelio
340 2516 446 2559 igitur
475 2517 586 2557 facto,
619 2514 694 2548 Deo
726 2516 868 2548 iuvante
897 2513 1005 2546 vincit
1029 2512 1145 2546 Caroli

168 2567 326 2602 Martelti
353 2567 540 2608 exercitus,
571 2573 604 2600 et
626 2573 697 2599 tota
721 2566 781 2599 illa
796 2565 984 2598 multitudo
1003 2563 1145 2597 Sarace-

171 2631 297 2652 norum
315 2618 531 2658 trucidatur,
557 2617 662 2661 periit
681 2617 716 2649 in
736 2617 807 2650 acie
825 2628 882 2648 rex
907 2613 1146 2648 Abidiranms.

621 469 672 501 Ac
697 475 853 513 tempora
879 469 1032 513 primum
1056 479 1142 501 con-
1166 489 1167 492 =

1196 242 1253 274 nia
1277 243 1347 274 duo
1366 242 1522 284 ingentes
1545 242 1715 276 exercitus
1736 243 1933 278 Saracenici
1957 246 1994 279 in
2022 245 2173 280 Galliam

1195 291 1295 325 effusi
1313 299 1406 332 sunt,
1433 292 1511 325 freti
1531 292 1694 326 societate
1707 293 1994 335 Westgottorum
2013 297 2050 329 in
2061 297 2173 342 Aqui-

1194 343 1289 375 tania
1320 350 1353 376 et
1376 342 1598 375 Narbonensi
1634 342 1763 379 Gallia.
1817 344 1894 379 Rex
1919 346 2172 381 Saracenorum

1196 390 1364 426 Athinius
1381 405 1459 427 cum
1479 404 1603 435 magna
1620 394 1726 427 classe
1745 393 1897 428 Galliam
1907 396 2172 431 Narbonensem

1194 443 1340 483 invasit,
1379 450 1411 477 et
1443 441 1657 477 Avinionem
1688 445 1800 478 subita
1825 446 1858 478 vi
1886 448 1992 490 cepit,
2028 460 2172 493 eamque

1194 494 1279 526 belli
1303 505 1416 527 arcem
1441 493 1533 528 fecit.
1584 493 1685 528 Hanc
1708 495 1893 529 obsidione
1919 498 2066 530 cinctam
2093 510 2172 532 rur-

1194 555 1270 577 sum
1286 543 1432 578 Carolus
1447 542 1634 578 Martellus
1649 556 1773 588 magna
1797 557 1875 578 cum
1893 547 2095 581 difficultate
2115 561 2172 581 ex-

1193 602 1382 638 pugnatam
1413 593 1552 636 recipit,
1588 602 1620 628 et
1649 593 1838 628 Saracenos
1866 608 1991 639 magno
2025 611 2171 631 numero

1193 645 1367 678 trucidato
1390 644 1542 687 expellit.
1594 643 1669 678 Rex
1693 643 1862 678 Athinius
1888 658 1966 680 cum
1994 656 2089 690 parte
2114 662 2171 681 co-

1193 695 1329 737 piarum
1357 695 1393 727 in
1419 706 1524 727 naves
1551 693 1708 737 fugiens,
1735 695 1935 729 Narbonem
1962 698 2095 731 delatus
2112 707 2171 733 est.

1193 745 1294 778 Hanc
1310 746 1432 778 urbem
1452 757 1530 778 cum
1547 744 1721 778 obsideret
1737 744 1885 779 Carolus
1900 746 2095 786 Martellus,
2123 750 2172 780 al-

1193 803 1246 829 ter
1263 808 1320 829 rex
1345 795 1600 829 Saracenorum
1625 795 1856 838 Amorraeus,
1882 804 1920 831 ut
1942 798 2172 831 circumsessis

1195 859 1294 891 opem
1311 848 1436 884 ferret,
1464 858 1503 878 ex
1520 845 1691 889 Hispania
1715 847 1822 880 venit.
1875 846 2042 892 Properat
2064 848 2173 882 Caro-

1193 898 1266 938 lus,
1301 910 1345 931 ne
1377 895 1529 931 hostium
1562 897 1731 930 exercitus
1763 897 2038 940 coniungantur,
2074 906 2105 932 et
2137 901 2170 931 in

1193 948 1284 980 valle
1305 948 1466 982 Carbona
1493 949 1536 980 ad
1562 946 1709 980 fluvium
1733 946 1872 980 Birram
1896 960 1973 981 curn
1991 949 2172 982 Saracenis

1194 999 1356 1039 dimicat,
1392 998 1440 1030 ibi
1464 999 1555 1031 inter
1579 998 1708 1040 primos
1733 998 1845 1030 occiso
1862 998 2054 1032 Amorraeo
2083 1001 2172 1032 acies

1193 1050 1347 1093 perculsa
1363 1055 1476 1082 morte
1500 1047 1589 1089 regis
1611 1048 1729 1090 sugere
1747 1049 1879 1091 coepit,
1907 1050 2076 1082 exercitus
2094 1062 2173 1093 par-

1194 1101 1257 1133 tim
1280 1099 1317 1132 in
1334 1099 1482 1132 flumine
1506 1098 1708 1131 submersus
1731 1105 1801 1138 est,
1827 1099 1952 1142 partim
1971 1101 2173 1134 trucidatus.

1194 1149 1342 1193 Cognita
1360 1149 1546 1182 Amorraei
1563 1148 1660 1181 clade
1675 1146 1844 1181 Albinius
1860 1160 1898 1181 ex
1914 1148 2079 1182 Narbone
2095 1162 2173 1182 cnm

1194 1213 1257 1234 suo
1282 1200 1435 1233 exercitu
1459 1200 1566 1242 sugit,
1600 1206 1632 1232 et
1658 1199 1785 1243 praeda
1809 1211 1847 1231 ex
1868 1199 1992 1232 insulis
2012 1200 2173 1241 Liguriae

1194 1252 1319 1284 vicinis
1345 1257 1461 1284 avecta
1491 1251 1527 1283 in
1551 1249 1762 1292 Hispaniam
1798 1250 1909 1284 rediit.
1971 1249 2172 1282 Nax-bonam

1194 1301 1360 1341 Carolus,
1388 1313 1432 1334 ne
1452 1300 1649 1342 VVestgotti
1674 1300 1757 1332 inde
1780 1311 1869 1332 nova
1898 1300 1986 1332 bella
2005 1301 2174 1333 moliren-

1194 1360 1263 1394 tur,
1290 1351 1431 1387 delevit.
1483 1350 1647 1394 Repressi
1665 1347 1719 1382 his
1738 1350 1894 1383 cladibus
1911 1349 2085 1389 Saraceni,
2114 1351 2173 1395 qni

1196 1415 1231 1437 se
1266 1402 1385 1437 Gallia
1419 1408 1451 1435 et
1489 1402 1589 1435 ltalia
1622 1402 1795 1444 potituros
1829 1412 1901 1433 esse
1934 1409 2174 1443 speraverant,

1196 1454 1324 1487 deinde
1348 1464 1485 1496 semper
1507 1452 1598 1486 intra
1625 1450 1822 1496 Pyrenaeos
1841 1457 1978 1483 montes
2003 1462 2037 1483 se
2062 1452 2173 1484 conti-

1196 1511 1363 1539 nuerunt.
1416 1502 1487 1536 Nec
1508 1502 1667 1536 existimo
1692 1502 1824 1535 bellurn
1849 1501 1971 1534 utilius
1994 1508 2025 1533 et
2049 1502 2174 1533 diffici-

1196 1557 1263 1589 lius
1281 1562 1357 1599 post
1375 1554 1411 1587 id
1428 1560 1564 1598 tempus
1581 1552 1692 1586 ullum
1710 1558 1842 1594 gestum
1862 1563 1944 1585 esse.
1998 1550 2088 1594 Quia
2103 1564 2173 1583 non

1197 1607 1309 1639 solum
1330 1605 1467 1638 Galliae
1483 1604 1648 1643 vastatio,
1673 1604 1733 1636 sed
1753 1602 1855 1635 etiam
1878 1602 2079 1645 propagatio
2096 1601 2177 1634 Ma-

1197 1655 1390 1690 hometicae
1409 1655 1597 1699 impietatis
1618 1654 1654 1686 in
1670 1653 1839 1697 reliquam
1857 1650 2035 1696 Europam
2054 1649 2175 1695 prohi-

1197 1708 1269 1740 bita
1296 1714 1357 1740 est.
1411 1705 1507 1748 Quid
1531 1712 1581 1738 est
1603 1710 1717 1737 autem
1742 1703 1866 1735 melius
1890 1715 1993 1746 quain
2023 1702 2124 1734 simul
2145 1710 2175 1733 et

1197 1764 1250 1791 tot
1271 1756 1400 1789 civium
1427 1767 1573 1799 corpora
1609 1761 1640 1787 et
1664 1753 1813 1786 familias
1844 1753 2048 1789 defendere,
2084 1759 2115 1784 et
2141 1752 2174 1782 in

1197 1807 1391 1852 praesentia
1418 1812 1451 1839 et
1471 1807 1514 1839 ad
1538 1804 1774 1849 posteritatem
1801 1803 1998 1835 manifestas
2016 1800 2177 1846 blasphe-

1198 1858 1284 1890 mias
1304 1857 1490 1900 depellere.

1297 1906 1373 1940 Hae
1393 1913 1475 1940 sunt
1499 1906 1608 1940 iustae
1635 1912 1666 1938 et
1690 1915 1834 1947 magnae
1859 1914 1998 1939 causae,
2026 1914 2087 1934 cur
2111 1902 2175 1932 xiri

1197 1958 1303 1992 sortes
1335 1969 1431 1990 arma
1456 1957 1627 1996 induant,
1654 1962 1692 1988 nt
1716 1955 1752 1987 in
1782 1953 1941 1999 symbolo
1966 1952 2177 1995 llispaniens

1198 2020 1257 2041 rex
1285 2004 1500 2055 Alphonsus
1528 2018 1626 2040 avem
1649 2005 1858 2039 Pelecanum
1890 2003 1955 2036 sibi
1984 2010 2100 2046 pectus
2124 2002 2178 2033 so-

1198 2060 1370 2097 dientem,
1399 2065 1431 2091 et
1457 2057 1626 2100 sanguine
1650 2068 1713 2089 suo
1741 2055 1854 2099 pullos
1879 2054 2027 2086 alentem
2052 2051 2178 2095 pinxit,

1199 2116 1231 2143 et
1253 2109 1454 2153 adscripsit:
1488 2105 1563 2141 Pro
1588 2105 1663 2152 lege
1687 2109 1717 2138 et
1742 2116 1809 2152 pro
1829 2115 1952 2150 grege,
1979 2103 2176 2145 significans

1198 2158 1261 2193 lias
1284 2161 1370 2193 duas
1393 2170 1465 2192 esse
1489 2159 1596 2192 iustas
1622 2157 1795 2191 bellorum
1831 2166 1964 2188 causas:
1998 2152 2175 2196 depulsio-

1199 2222 1278 2242 nem
1303 2209 1570 2243 latrociniorum
1597 2220 1615 2241 a
1633 2207 1858 2251 corporibus,
1886 2212 1916 2238 et
1934 2204 2175 2248 depulsionem

1199 2258 1507 2304 blasphemiarum.
1559 2258 1697 2291 Profuit
1713 2263 1827 2290 autem
1846 2256 1948 2288 etiam
1966 2252 2049 2286 haec
2067 2253 2175 2286 victo-

1200 2312 1249 2344 ria
1282 2311 1318 2343 in
1352 2310 1545 2353 Hispania,
1580 2309 1660 2353 qnia
1690 2307 1858 2352 reliquiae
1886 2303 2105 2339 Christianae
2137 2314 2176 2334 ex

1199 2368 1299 2403 gente
1328 2360 1467 2394 (lottica
1490 2360 1706 2392 retinuerant
1740 2359 1813 2390 lora
1837 2354 2035 2389 horridiora
2062 2353 2176 2386 vicina

1200 2412 1386 2457 Pyrenaeis
1424 2410 1622 2448 montibus,
1663 2407 1887 2442 Cantabriam
1920 2412 1952 2438 et
1988 2402 2175 2437 Asturiam.

1202 2462 1286 2495 lnde
1304 2472 1503 2506 progressae.
1526 2460 1694 2504 paulatini
1718 2458 1860 2491 domitis
1877 2455 2058 2490 Saracenis
2077 2464 2175 2486 recn-

1202 2519 1410 2557 peraverunt
1444 2510 1663 2555 llispaniaiu.
1723 2507 1775 2542 Ex
1810 2508 1879 2540 illis
1910 2505 2058 2539 Gottiris
2093 2502 2174 2535 reli-

1201 2564 1292 2609 qniis
1322 2571 1397 2597 orta
1421 2569 1471 2595 est
1501 2562 1604 2605 stirps
1632 2560 1870 2605 proximorum
1905 2566 2021 2598 regum
2048 2552 2175 2610 Uism-

1202 2615 1382 2653 niem-um,
1424 2625 1463 2645 ex
1491 2613 1620 2658 quibus
1647 2617 1804 2644 materna
1837 2608 1934 2649 origo
1963 2611 2010 2638 est
2038 2599 2175 2636 Carula

172 2668 245 2702 llac
271 2675 364 2703 tanta
390 2669 488 2702 clade
511 2674 647 2711 accepta
673 2667 834 2702 Saraceni
853 2674 969 2700 tamen
989 2666 1146 2699 nonduin
1170 2649 1175 2698 l
1202 2664 1416 2707 imperatori.

1622 2711 1670 2745 69
