2324 2955
185 115 258 153 815

189 199 318 233 civium
337 196 498 238 rapiunt,
523 198 555 225 et
572 188 707 223 Thebis
725 188 905 232 expellunt
923 198 1010 230 quos
1030 186 1168 221 volunt.

192 249 274 282 Ideo
300 245 484 287 Pelopidas
514 248 547 274 et
573 238 860 283 Epaminondas,
905 244 938 269 et
959 236 1019 269 alii
1043 237 1172 277 exules,

192 299 328 331 foedere
355 295 442 326 clam
467 293 577 330 facto,
612 300 738 332 magna
763 287 950 332 prudentia
972 292 1006 319 et
1027 286 1171 320 sortitu-

193 348 274 380 dine
293 346 496 385 irrumpunt
516 341 553 372 in
570 351 705 379 arcem,
732 345 765 371 et
788 338 934 370 eiiciunt
958 336 1040 368 inde
1058 336 1171 370 Laco-

195 397 312 428 nicum
330 392 566 436 praesidium,
593 390 726 433 aliquot
746 388 829 420 viris
846 385 1049 420 interfectis.

296 442 475 476 Dederant
500 447 617 473 autem
641 437 834 482 hospitium
857 434 1039 469 Thebanis
1064 435 1174 468 exuli-

196 497 261 527 bus
279 491 531 530 Athenienses,
559 490 619 534 qui
636 495 667 522 et
688 495 804 532 postea
830 498 887 520 eos
909 487 1032 519 iuvant
1056 492 1176 519 contra

198 543 367 577 exercitus
402 541 606 574 Laconicos.
686 538 848 571 Tandem
890 549 949 569 rex
985 536 1177 579 Spartanus

199 593 444 628 Cleombrotus
476 603 554 624 cum
579 589 729 622 exercitu
754 588 790 620 in
816 586 997 620 Boeotiam
1022 585 1178 625 veniens,

200 656 271 676 non
290 642 411 686 procul
431 642 474 674 ab
500 640 648 684 oppido,
682 635 914 671 cuiLeuctra
939 647 1069 668 nomen
1095 642 1179 675 erat,

201 706 280 727 cum
317 690 498 725 Thebanis
537 690 691 722 dimicat.
769 687 824 720 Ibi
867 685 1058 719 intersectis
1100 696 1178 728 rege

200 742 426 776 Cleombroto
444 748 476 774 et
492 740 588 772 mille
598 738 798 782 Spartanis,
826 747 977 781 quorum
995 735 1179 779 praecipua

202 799 274 825 erat
292 792 476 830 nobilitaS,
510 796 543 822 et
567 788 712 832 dilapsis
735 799 856 820 eorum
883 785 1002 826 sociis,
1031 785 1180 818 victores

202 845 348 875 suerunt
365 839 542 873 Thebani.

303 892 355 924 Ac
385 890 502 922 locum
531 895 648 922 tantae
678 887 785 920 cladiS
808 887 920 920 voluit
944 885 1038 919 Deus
1060 892 1179 919 testem

204 953 264 975 seu
283 940 493 973 monitorem
516 950 588 972 esse
611 940 653 970 de
678 949 738 970 sua
767 937 828 972 ira.
888 935 976 968 Nam
1000 937 1180 980 aliquanto

203 998 282 1024 ante
306 1001 456 1032 pugnam
483 989 626 1032 quidam
651 998 690 1019 ex
715 986 886 1029 Spartana
909 985 1092 1018 nobilitate
1115 983 1180 1017 bo-

205 1041 376 1085 spitaliter
406 1038 537 1081 excepti
568 1038 605 1069 in
628 1036 787 1069 Leuctris
813 1047 831 1068 a
856 1035 1023 1074 Scedaso‚
1065 1041 1182 1078 postea

206 1091 390 1123 redeuntes
407 1089 548 1121 absente
571 1094 685 1130 patre,
713 1085 800 1117 filias
824 1086 896 1117 eius
922 1085 1024 1124 duas,
1056 1085 1089 1116 vi
1109 1091 1183 1117 stu-

208 1147 343 1183 pratas,
365 1138 578 1171 interficiunt
598 1143 631 1169 et
649 1136 684 1167 in
701 1141 844 1178 puteum
861 1134 1043 1168 abiiciunt.
1080 1133 1183 1166 Pater

206 1191 333 1223 deinde
351 1189 511 1232 Spartam
539 1187 712 1230 profectus
735 1197 773 1218 ac
798 1191 936 1228 petens,
966 1183 1104 1216 sceleris
1120 1196 1183 1216 au-

207 1248 300 1273 tores
332 1238 471 1282 puniri,
520 1238 653 1269 derisus
684 1242 744 1268 est.
823 1233 870 1267 Et
900 1241 1088 1267 narrantur
1118 1234 1183 1266 alia

208 1289 363 1332 exempla
384 1286 600 1321 crudelitatis
616 1292 647 1318 et
670 1285 879 1324 libidinum,
907 1285 1033 1328 quibus
1058 1285 1093 1316 in
1119 1284 1184 1315 iin-

209 1340 305 1382 perio
326 1337 488 1380 Spartani
506 1343 537 1369 et
558 1337 644 1368 iram
661 1334 726 1367 Dei
745 1335 947 1374 irritarunt,
974 1342 1006 1368 et
1022 1335 1183 1368 solunia-

209 1397 257 1422 tes
274 1388 453 1421 civitatum
472 1398 489 1418 a
507 1397 541 1418 se
560 1386 772 1419 alienarunt.

309 1436 397 1471 Cum
426 1437 533 1479 igitur
554 1434 648 1468 Deus
681 1434 718 1466 in
744 1446 784 1467 eo
807 1433 882 1478 ipso
908 1434 982 1466 loco
1008 1431 1186 1476 puniverit

209 1487 520 1526 Lacedaemonios,
543 1485 604 1530 qui
618 1484 756 1517 sceleris
775 1484 958 1526 vestigium
975 1485 1096 1522 suerat,
1123 1494 1185 1514 vo-

209 1539 275 1570 luit
292 1536 451 1570 homines
469 1537 558 1569 etde
575 1534 816 1577 magnitudine
833 1533 1021 1577 perpetrati
1038 1532 1186 1572 sceleris,

210 1595 241 1620 et
268 1589 310 1619 (le
339 1587 467 1619 iudicio
495 1585 616 1617 divino
643 1585 913 1618 commonefieri.
967 1583 1185 1616 Denunciata

209 1638 274 1670 suit
291 1643 389 1669 antea
408 1646 519 1679 poena
536 1635 696 1672 oraculo,
730 1636 823 1676 quod
848 1634 968 1667 recitat
986 1633 1186 1666 Pausanias.

212 1687 250 1719 Id
269 1685 322 1719 his
339 1685 494 1718 versibus
514 1683 668 1716 reddidi:

212 1755 340 1785 Leuctra
357 1755 432 1782 mihi
449 1759 515 1782 sunt
535 1763 637 1788 curae,
667 1758 694 1780 et
709 1761 789 1779 mors
804 1752 967 1779 tristissima
980 1773 988 1786 ,
1016 1756 1118 1787 gnatae

263 1804 387 1835 occisae
403 1803 522 1833 Scedasi
541 1813 597 1842 qua
614 1803 724 1840 periere
743 1802 827 1830 (luae.

215 1856 273 1884 Hic
292 1863 377 1884 atrox
393 1857 440 1882 liet
457 1864 574 1892 pugna,
604 1859 629 1880 et
648 1854 817 1880 saevissima
833 1851 945 1886 caedes,

263 1906 372 1934 Fatalis
390 1905 507 1944 quando
528 1905 640 1932 venerit
659 1904 709 1930 illa
727 1902 799 1930 dies.

217 1955 317 1992 Quam
334 1958 414 1994 prius
432 1955 511 1983 haud
530 1955 689 1993 quisquam
706 1955 802 1989 norit,
831 1961 919 1990 quain
937 1948 1047 1980 Dorica
1064 1951 1157 1989 pubes

263 2006 393 2035 A1nittet
411 2006 518 2041 robur,
546 2005 733 2042 militiaeque
752 2003 850 2031 duces.

314 2069 418 2102 Facta
436 2075 484 2100 est
501 2074 615 2100 autem
635 2078 748 2110 pugna
766 2064 967 2099 Leuctrica:

214 2118 318 2152 Anno
336 2117 537 2152 Artaxerxis
554 2118 613 2151 32.

214 2170 318 2201 Anno
344 2169 404 2203 29.
435 2175 511 2211 post
544 2178 693 2210 pugnam
718 2163 892 2211 Lysandri
914 2165 957 2196 ad
984 2162 1098 2205 Aegos
1124 2162 1191 2195 Po-

265 2227 386 2253 tamus.

218 2266 323 2299 Initio
342 2268 423 2300 anni
443 2267 586 2299 secundi
607 2264 830 2310 Olympiadis
854 2264 1061 2297 centesimae
1083 2270 1114 2295 et
1139 2274 1191 2295 se-

268 2321 417 2356 cundae,
445 2318 500 2348 (lie
519 2317 642 2361 quinto
664 2316 769 2350 lunii.

217 2366 322 2400 Anno
357 2375 435 2400 ante
475 2367 612 2399 initium
649 2366 747 2408 regui
785 2363 977 2397 Alexandri
1014 2363 1189 2396 tricesimo

267 2425 381 2457 sexto,
410 2417 675 2460 quodomnium
692 2415 900 2458 scriptorum
925 2424 1094 2446 consensu
1118 2413 1190 2444 col-

433 108 636 148 SCIUPTA
662 106 737 142 PH.
764 103 880 141 MEL.
908 102 974 137 AD
999 101 1124 139 HIST.
1151 100 1293 139 PROF.
1321 98 1387 134 ET
1412 97 1606 135 PHILOS.
1633 97 1952 135 SPECTANTIA.

2127 100 2200 133 816

1197 190 1199 194 ⁴
1224 197 1303 218 mox
1335 190 1577 227 processerunt
1601 181 1766 216 Thebani
1801 183 1839 215 in
1868 182 2098 226 Laconicam,
2141 183 2201 215 sed

266 2468 402 2500 locatur
421 2468 454 2497 in
473 2479 603 2499 annum
627 2466 778 2509 primum
796 2463 1021 2510 Olympiadis
1042 2464 1189 2496 centesi-
1213 2461 1215 2463 ¹

266 2529 343 2550 mae
360 2523 394 2550 et
409 2516 623 2549 undecimae.

314 2582 390 2617 Etsi
407 2588 520 2614 autem
538 2592 647 2624 nsque
662 2583 702 2613 ad
720 2580 937 2614 Leuctricam
960 2581 1093 2613 cladem
1123 2591 1188 2612 nu—

213 2643 393 2668 merantur
414 2631 498 2666 anni
522 2631 739 2674 principatus
762 2630 944 2674 Spartani,
971 2637 1087 2663 tamen
1116 2643 1184 2662 nou

1212 2522 1215 2538 l

1223 234 1493 268 Lacedaemonii
1511 233 1674 267 nunciata
1691 234 1788 267 clade
1805 233 1915 266 multa
1940 233 2089 275 graviter
2111 233 2201 266 fece-

1224 291 1325 324 runt,
1369 290 1402 316 et
1428 283 1559 327 profuit
1584 281 1667 317 haec
1692 283 1845 327 Agesilai
1871 283 2063 316 moderatio
2085 284 2129 315 ad
2152 283 2203 315 le-

1227 335 1393 367 niendam
1417 333 1611 367 tristiciam.
1667 332 1840 367 Usitatum
1860 333 1928 366 fuit
1945 333 2039 376 apud
2059 332 2203 375 Sparta-

1226 396 1309 423 nos,
1335 390 1376 416 nt
1392 384 1452 427 qui
1471 396 1509 416 cx
1527 383 1598 415 acie
1615 383 1776 425 fugerant
1795 383 2033 416 iudicarentur
2050 382 2205 422 infames,

1227 434 1287 479 qui
1306 434 1448 478 quidem
1466 434 1509 466 ab
1525 433 1602 466 aliis
1620 433 1754 465 civibus
1771 433 2060 466 discernebantur
2078 432 2207 465 vestitu

1228 492 1257 518 et
1283 484 1408 524 barba,
1445 495 1483 516 ac
1506 483 1631 515 licebat
1655 483 1798 516 cuilibet
1823 490 2100 526 praetereuntem
2129 493 2208 515 ver-

1231 536 1371 574 berare,
1397 545 1461 566 nec
1478 534 1603 566 licebat
1624 533 1671 565 eis
1694 544 1818 566 uxores
1841 533 1978 565 ducere.
2031 532 2121 566 Cum
2144 543 2207 565 au-

1230 592 1297 618 tem
1324 584 1425 616 multi
1452 583 1589 616 nobiles
1617 589 1650 616 et
1674 584 1780 617 sortes
1802 583 1867 615 viri
1896 594 1934 615 ex
1960 583 2040 625 fuga
2064 583 2208 614 domum

1231 635 1431 674 rediissent,
1459 641 1491 667 et
1508 640 1619 666 essent
1642 633 1702 678 qui
1727 633 1895 666 usitatum
1921 644 2052 665 morem
2075 632 2117 665 de
2142 629 2210 671 his,

1231 685 1289 729 qni
1311 685 1488 726 fugerant,
1516 684 1647 716 servari
1665 683 1810 723 vellent,
1838 683 1979 716 accessit
2001 683 2043 715 ad
2067 681 2208 714 concio-

1232 747 1312 767 nem
1330 734 1529 776 Agesilaus,
1558 740 1590 767 et
1613 733 1730 773 iussit,
1758 740 1795 766 ut
1819 733 1973 766 sinerent
1989 733 2079 776 leges
2096 743 2134 764 eo
2152 731 2208 763 die

1232 785 1405 822 dormire,
1435 785 1515 828 quia
1545 784 1724 816 calamitas
1750 783 1946 824 accidisset,
1980 795 2052 816 non
2071 781 2210 825 ignavia

1231 835 1381 873 civium,
1421 836 1477 867 sed
1505 834 1690 878 iniquitate
1721 834 1892 867 fortunae.
1959 832 2000 866 In
2029 839 2208 876 posterum

1233 893 1346 918 autem
1368 885 1411 917 ab
1431 897 1470 917 eo
1487 884 1543 916 die
1560 885 1649 927 leges
1668 884 1854 916 servandas
1873 895 1954 916 esse.
2008 883 2083 916 Hac
2103 882 2208 915 ἐπιει-

1232 931 1310 979 κείᾳ
1332 945 1487 966 reversos
1506 935 1597 966 cives
1615 934 1760 965 infamia
1780 933 1955 968 liberavit.

1332 998 1421 1032 Cum
1456 1000 1561 1042 igitur
1592 1001 1790 1033 mitteretur
1821 997 2076 1039 Archidamus,
2118 998 2211 1031 filius

1232 1050 1384 1091 Agesilai
1409 1062 1485 1081 cum
1511 1051 1660 1082 exercitu
1680 1050 1851 1082 Laconico
1870 1050 1907 1082 in
1923 1049 2125 1088 Boeotiam,
2154 1060 2211 1081 ac-

1234 1105 1373 1131 cersunt
1390 1097 1554 1131 Thebani
1574 1099 1729 1131 Iasonem
1752 1097 1926 1132 Phereum
1950 1111 1990 1132 ex
2015 1097 2209 1135 Thessalia,

1235 1148 1333 1181 cuius
1352 1155 1447 1181 tanta
1471 1155 1543 1181 erat
1570 1148 1680 1181 virtus
1704 1156 1736 1182 et
1763 1149 1948 1189 autoritas,
1976 1155 2013 1182 ut
2036 1148 2212 1182 existima-

1234 1204 1331 1230 retur
1348 1198 1385 1230 in
1401 1198 1520 1232 Asiam
1543 1198 1750 1232 traiecturus
1773 1210 1860 1238 esse,
1887 1205 1925 1232 ut
1950 1199 2080 1231 bellum
2098 1197 2212 1230 Persis

1236 1248 1394 1283 inferret.
1448 1248 1480 1280 ls
1499 1261 1576 1281 cum
1595 1249 1743 1281 venisset
1761 1249 1803 1281 ad
1822 1247 2027 1289 Thebanos,
2053 1246 2213 1281 hortator

1236 1299 1301 1331 suit
1324 1299 1390 1337 eis,
1418 1311 1460 1331 ne
1485 1299 1693 1331 dimicarent
1717 1311 1793 1332 cum
1812 1298 2118 1336 Lacedaemoniis,
2153 1297 2216 1341 qui

1235 1349 1360 1380 irritati
1379 1360 1471 1379 nnnc
1488 1355 1519 1380 et
1538 1349 1708 1379 cautiores
1727 1355 1757 1380 et
1774 1347 1943 1379 firmiores
1960 1346 2070 1380 futuri
2088 1353 2213 1381 essent.

1235 1396 1280 1430 Et
1297 1409 1374 1430 cum
1391 1397 1548 1441 utrisque
1565 1398 1778 1431 dissuaderet
1800 1398 1986 1440 praelium,
2016 1397 2156 1440 perfecit
2176 1403 2216 1430 ut

1236 1448 1338 1480 certis
1368 1448 1631 1480 conditionibus
1663 1458 1782 1491 pacem
1813 1448 1976 1481 facerent.
2053 1447 2102 1481 lta
2138 1447 2213 1479 sine

1238 1498 1370 1541 praelio
1391 1498 1659 1530 Lacedaemonii
1677 1500 1821 1531 domum
1837 1498 2030 1532 redierunt.
2089 1495 2135 1530 Et
2155 1495 2213 1530 Ia-

1236 1549 1332 1580 sonis
1352 1549 1454 1581 verba
1471 1555 1694 1581 recensentur
1710 1549 1801 1592 apud
1819 1545 2110 1591 Xenophontem:
2146 1546 2214 1580 So-

1236 1599 1283 1631 let
1307 1598 1402 1631 Deus
1427 1610 1466 1630 ex
1491 1598 1606 1641 parvis
1628 1609 1772 1641 magnos
1792 1598 1923 1638 facere,
1959 1604 1991 1631 et
2015 1610 2054 1630 ex
2078 1597 2213 1640 magnis

1238 1660 1374 1689 panOS·

1339 1711 1406 1745 IIic
1420 1711 1520 1745 Iason
1540 1714 1682 1745 domum
1701 1725 1859 1746 reversus
1876 1713 1998 1746 fraude
2013 1713 2216 1746 interfectus

1212 1763 1213 1769 ¹
1239 1769 1297 1796 est.
1351 1761 1511 1806 Cumque
1540 1763 1575 1794 in
1606 1760 1788 1796 Thessalia
1814 1771 1934 1797 contra
1958 1771 2126 1809 tyrannos
2151 1763 2217 1796 ali-

1238 1824 1323 1856 quae
1342 1813 1497 1844 civitates
1515 1824 1531 1844 a
1548 1810 1729 1845 Thebanis
1744 1814 1913 1847 auxilium
1931 1820 2106 1857 peterent,
2132 1825 2215 1857 pro-

1238 1864 1346 1895 fectus
1365 1874 1404 1894 eo
1422 1860 1626 1904 Pelopidas,
1653 1869 1769 1906 postea
1795 1875 1814 1896 a
1838 1870 1987 1908 tyranno
2011 1864 2214 1898 Alexandro

1239 1910 1373 1944 Pliereo
1398 1919 1517 1955 captus
1539 1918 1605 1952 est,
1649 1912 1748 1946 cuius
1770 1920 1865 1947 tanta
1885 1914 1951 1947 fuit
1976 1914 2140 1952 saevicia,
2178 1921 2216 1947 ut

1241 1961 1400 1995 homines
1419 1962 1516 1994 vivos
1540 1962 1692 1996 insueret
1716 1974 1880 1996 ursorum
1907 1964 2073 2007 pellibus,
2103 1971 2134 1997 et
2158 1976 2215 1997 ca·-

1240 2025 1300 2045 nes
1317 2020 1436 2045 contra
1453 2024 1509 2045 eos
1527 2012 1696 2046 incitaret.
1741 2014 1792 2047 Ac
1810 2014 1846 2047 in
1865 2015 1976 2058 prima
1993 2014 2214 2057 expeditione

1240 2062 1460 2102 Thessalica,
1501 2075 1578 2095 cum
1604 2062 1809 2107 Pelopidam
1836 2065 1958 2097 fraude
1982 2072 2120 2109 captum
2144 2076 2216 2098 esse

1215 2129 1216 2134 =
1240 2111 1504 2156 Epaminondas
1528 2113 1683 2154 audiret,
1707 2116 1880 2158 profectus
1899 2127 1938 2148 eo
1957 2128 2035 2148 cum
2053 2115 2215 2155 exercitu,

1240 2170 1377 2196 tantum
1397 2163 1539 2195 incussit
1558 2163 1763 2197 Alexandro
1787 2172 1972 2205 terrorem,
2001 2172 2038 2198 ut
2054 2166 2214 2198 redderet

1240 2213 1305 2256 ipsi
1325 2213 1442 2246 vivum
1467 2221 1498 2246 et
1524 2214 1734 2247 incolumem
1756 2214 1972 2259 Pelopidam,
2025 2213 2074 2248 lta
2092 2215 2157 2247 fide
2184 2221 2216 2248 et

1241 2264 1369 2296 xirtnte
1392 2265 1490 2295 amici
1516 2263 1702 2306 Pelopidas
1728 2273 1809 2298 tunc
1834 2273 1987 2298 s‹·rvatns
2012 2273 2075 2298 est.
2143 2265 2213 2297 Sed

1241 2322 1358 2357 postea
1378 2325 1535 2346 reversus
1555 2315 1591 2346 in
1608 2314 1824 2348 'l‘llessaliain
1844 2315 2047 2358 Pelopidas,
2083 2316 2117 2347 in
2142 2316 2214 2348 acie

1241 2364 1412 2396 dimicans
1438 2377 1455 2396 a
1483 2364 1624 2409 tyranni
1641 2366 1790 2398 exercitu
1810 2366 2008 2397 interfectus
2026 2374 2084 2400 est.
2140 2365 2213 2399 Tv-

1239 2425 1371 2446 rannus
1404 2426 1485 2446 vero
1517 2421 1633 2458 postea
1663 2415 1761 2447 domi
1791 2427 1808 2446 a
1842 2416 2000 2456 coniugis
2038 2405 2212 2455 fratribus,

1239 2464 1327 2496 faces
1345 2471 1483 2497 tem-nte
1501 2465 1666 2507 coniuge,
1700 2466 1875 2497 dormiens
1895 2467 2084 2499 trucidatus
2102 2473 2162 2499 est.

1343 2530 1475 2564 interea
1494 2533 1577 2564 (lum
1595 2529 1755 2563 Thebani
1773 2532 1930 2574 occupati
1955 2540 2035 2566 sunt
2063 2535 2212 2567 'notibus

1239 2578 1468 2618 'thess-alifis,
1507 2588 1538 2613 et
1570 2580 1635 2622 ipsi
1667 2587 1698 2613 et
1728 2580 2017 2621 J,:1ce‹l.;t›rrnn33‚
2061 2591 2092 2616 ct
2127 2585 2212 2616 alitu-

1238 2631 1391 2663 (ivimus
1411 2633 1616 2669 ostendunt,
1645 2641 1678 2662 se
1694 2643 1811 2674 pacem
1826 2632 2032 2666 Antalci-lae
2050 2647 2118 2666 μοι)
2135 2635 2210 2666 xio-
