2324 2955
180 136 251 172 779

231 217 383 254 Ochus
409 226 519 250 annos
537 211 662 256 viginti
680 221 748 244 sex.

232 269 444 303 Arsames
471 274 581 298 annos
604 267 766 307 quatuor.

232 316 418 352 Darius
441 315 588 349 ultimus
614 321 726 346 annos
753 321 821 343 sex.

183 370 288 414 Apud
320 366 505 400 Danielem
533 363 661 397 Darius
689 359 818 394 Medus
848 357 1054 391 nominatur
1083 361 1163 390 ante

181 420 325 466 Cyrum.
360 414 529 460 Iosephus
545 412 639 447 hunc
648 411 797 445 Darium
814 409 929 454 inquit
947 419 1019 441 esse
1029 406 1163 452 Cyaxa-

181 482 256 504 rem
273 468 384 501 filium
393 465 565 512 Astyagis,
582 463 677 509 quod
693 467 967 494 consentaneum
984 465 1045 492 est.
1074 457 1163 491 Nam

182 528 214 554 et
231 516 433 562 Xenophon
452 515 584 562 Cyrum
601 512 749 558 Cyaxari
767 510 939 553 adiungit.
978 506 1079 543 Ordo
1096 507 1165 551 igi-

183 578 240 605 tur
255 568 312 602 hic
327 575 377 602 est
395 567 488 612 apud
505 561 781 599 Metasthenem:

233 618 383 652 Darius
400 625 433 651 et
449 611 571 663 Cyrus
589 613 693 647 simul
715 617 909 655 regnarunt
929 620 1040 643 annos
1055 609 1155 642 duos.

233 670 358 703 Postea
375 664 496 714 Cyrus
519 666 612 699 solus
630 674 741 697 annos
759 661 885 705 viginti
900 661 1000 696 duos.

234 718 462 753 Artaxer-,ces
480 715 651 751 Assverus
669 724 779 746 annos
796 712 933 754 viginti.

234 769 382 804 Darius
400 768 607 803 Artaxerxes
629 764 869 807 Longimanus
891 773 1002 795 annos
1025 760 1167 804 triginta

285 827 428 864 septem.

233 869 382 904 Darius
398 866 536 903 Nothus
553 876 662 899 annos
680 863 924 898 novendecim.

235 920 464 954 Artaxerxes
482 917 655 951 Mnemon
672 914 927 960 quinquagInta
943 912 1110 958 quinque.

233 968 361 1005 Ochus
381 980 494 1003 annos
511 967 638 1010 viginti
657 978 724 998 sex.

236 1020 410 1054 Arsames
427 1030 537 1052 annos
556 1023 716 1062 quatuor.

234 1070 383 1105 Darius
400 1070 545 1103 ultimus
562 1078 675 1100 annos
694 1077 762 1097 sex.

184 1131 225 1166 In
258 1128 325 1163 hoc
360 1127 516 1168 catalogo
550 1119 784 1156 Metasthenis
825 1119 990 1163 pleraque
1024 1115 1169 1149 nomina

186 1193 265 1215 cum
291 1179 508 1212 Graecorum
539 1171 802 1206 enumeratione
825 1173 1035 1211 congruunt.
1089 1166 1169 1200 Duo

185 1238 300 1265 autem
316 1228 435 1262 omissi
451 1231 543 1265 sunt,
560 1222 747 1267 Cambyses
764 1219 948 1256 etXerxes‚
967 1218 1049 1262 quia
1064 1216 1168 1251 Cam·

186 1283 286 1327 byses
319 1276 477 1321 regnavit
507 1275 644 1306 vivente
672 1278 782 1316 patre.
835 1268 925 1303 Cum
958 1268 1066 1311 igitur
1096 1279 1170 1299 non

185 1332 304 1365 liceret
320 1336 414 1362 extra
432 1336 578 1369 regnum
595 1321 767 1368 proficisci
781 1331 895 1363 regem
915 1331 993 1352 cum
1009 1318 1171 1359 exercitu,

188 1381 254 1415 nisi
274 1378 369 1413 domi
385 1377 482 1421 prius
502 1386 581 1418 rege
598 1380 711 1407 creato
724 1398 733 1413 ,
760 1370 871 1416 Cyrus
888 1370 1056 1403 ducturus
1074 1380 1171 1402 exer-

187 1432 293 1465 citum
313 1430 349 1462 in
368 1424 565 1473 Scythiam,
591 1424 702 1456 filium
721 1421 928 1466 Cambysem
946 1426 1038 1453 creat
1055 1430 1172 1463 regem

186 1482 384 1515 Persarum.
438 1475 490 1510 Ita
511 1475 596 1509 anni
619 1472 820 1518 CambysiS,
848 1470 909 1516 qui
934 1470 1093 1513 regnavit
1110 1471 1171 1503 ab-

187 1538 285 1565 sente
303 1536 409 1574 patre,
436 1527 677 1561 attribuuntur
691 1522 775 1569 Cyri
791 1522 904 1554 annis.
938 1520 1022 1554 Post
1039 1519 1171 1566 Cyrum

189 1580 246 1615 hic
270 1579 475 1613 nominatur
497 1576 705 1609 Artaxerxes
729 1573 919 1611 Assverus‚
946 1571 1007 1616 qui
1031 1578 1080 1604 est
1099 1569 1172 1604 Da-

191 1633 262 1665 rius
287 1631 378 1663 filius
401 1626 592 1670 Histaspis‚
617 1636 718 1669 quem
743 1622 864 1656 scribit
881 1621 1083 1654 Herodotus
1107 1618 1172 1653 ha-

190 1682 306 1716 buisse
330 1680 513 1719 coniugem
537 1676 643 1708 filiam
660 1673 743 1717 Cyri
760 1671 933 1708 Atossam,
962 1678 994 1704 et
1012 1671 1173 1703 nominat

191 1733 283 1765 inter
307 1729 519 1763 concubinas
539 1724 776 1761 Artistonam,
805 1732 908 1765 quam
928 1719 975 1753 ait
999 1719 1101 1752 valde
1116 1719 1174 1751 di-

190 1783 314 1815 lectam
338 1779 443 1812 fuisse
468 1789 486 1810 a
510 1775 628 1809 Dario.
690 1773 791 1806 Hanc
820 1776 1096 1803 consentaneum
1124 1775 1174 1803 est

191 1833 296 1865 fuisse
311 1826 456 1866 Esther,
485 1826 582 1859 cuius
599 1822 744 1857 historia
762 1828 813 1854 est
828 1821 864 1853 in
881 1819 1020 1854 Bibliis.

306 1888 391 1922 Post
431 1885 579 1920 Darium
621 1883 731 1915 filium
774 1879 947 1923 Histaspis
988 1877 1176 1911 nominant

195 1939 322 1974 Graeci
346 1937 505 1974 Xerxen,
539 1934 599 1978 qui
634 1929 928 1965 celebratissimus
957 1935 1006 1962 est
1032 1935 1176 1973 propter

193 1988 471 2033 magnitudinem
488 1984 667 2022 exercitus,
694 1993 796 2026 quem
815 1980 915 2013 duxit
931 1979 967 2011 in
980 1978 1176 2014 Graeciam.

198 2040 347 2074 Videtur
368 2044 483 2071 autem
508 2036 585 2067 ideo
616 2031 674 2065 hic
696 2033 863 2069 omissus,
898 2030 979 2074 quia
1003 2041 1042 2062 eo
1066 2029 1175 2062 disce-

198 2092 300 2124 dente
325 2088 420 2123 domi
454 2085 611 2128 regnavit
638 2083 730 2115 filius
753 2081 960 2114 Artaxerxes
984 2079 1177 2123 Longima-

197 2152 281 2181 nuS,
308 2139 364 2173 cui
388 2135 571 2171 familiaris
595 2134 662 2167 fuit
684 2132 825 2166 Esdras.
877 2130 923 2165 Et
947 2137 1023 2174 post
1044 2131 1176 2164 bellum

198 2191 327 2223 Xerxes
350 2188 466 2223 statim
486 2186 687 2219 interfectus
709 2189 777 2223 est,
804 2193 883 2215 cum
906 2182 1047 2214 fratrem
1068 2181 1179 2215 inter-

198 2241 350 2279 fecisset,
377 2245 409 2272 et
433 2236 576 2271 haberet
600 2236 765 2268 incestam
788 2231 1078 2266 consuetudinem
1099 2244 1178 2265 cum

200 2290 274 2324 eius
292 2290 437 2332 coniuge
454 2295 485 2321 et
503 2287 585 2321 filia.

305 2397 371 2430 De
394 2397 506 2440 Cyro
536 2395 679 2439 primo
704 2402 812 2437 rege
841 2392 1050 2425 Persico.

301 2469 391 2504 Cum
410 2469 554 2512 imperia
571 2468 740 2500 divinitus
756 2465 921 2499 constitui
944 2471 976 2498 et
998 2467 1179 2500 transferri

205 2528 336 2556 certum
346 2520 402 2560 sit,
418 2517 637 2552 sicutDaniel
649 2517 777 2561 iuquit:
796 2515 891 2549 Deus
901 2516 1064 2550 transfert
1074 2529 1179 2559 regna

205 2579 237 2606 et
254 2571 405 2609 stabilit,
431 2569 577 2601 sciamus
594 2567 696 2600 etiam
713 2566 895 2610 Principes
912 2566 1049 2611 aliquos
1067 2569 1180 2601 excel-

206 2623 289 2655 lenti
309 2619 476 2664 sapientia
495 2625 526 2651 ct
542 2618 668 2650 virtute
682 2629 698 2648 a
716 2616 790 2649 Deo
806 2617 943 2657 ornari,
970 2623 1002 2650 et
1024 2617 1179 2661 singula-

424 128 632 168 SCRIPTA
659 126 737 161 PH.
766 122 882 159 MEL.
912 119 978 156 AD
1001 119 1128 156 HIST.
1156 114 1300 154 PROF.
1327 111 1393 149 ET
1419 111 1611 149 PHILOS.
1640 111 1962 149 SPECTANTIA.

2117 112 2194 149 780

1211 201 1305 234 tione
1316 225 1325 240 ,
1352 204 1384 231 et
1401 198 1569 231 salutares
1583 199 1701 242 generi
1720 196 1894 240 humano,
1919 199 2057 243 prosint
2071 198 2194 234 Eccle-

1212 252 1296 291 siae,
1321 248 1486 282 muniant
1503 245 1686 283 honestam
1705 249 1904 282 societatem
1920 247 2118 290 hominum,
2141 251 2195 284 le-

1213 302 1333 345 gibus,
1368 298 1528 339 iudiciis‚
1561 299 1702 343 poenis,
1736 299 1942 344 disciplina,
1977 301 2195 334 commerciis

1213 352 1404 385 multarum
1420 349 1587 393 gentium.
1630 348 1734 382 Tales
1751 349 1932 395 Principes
1949 350 2121 384 divinitus
2138 351 2197 384 in—

1214 408 1363 435 structos
1388 400 1592 433 excellentia
1617 399 1789 433 virtutum
1814 407 1847 434 et
1872 401 2060 434 foelicitate
2077 401 2196 434 nomi-

1215 458 1302 485 nant
1321 450 1448 484 Graeci
1465 450 1560 483 viros
1577 448 1747 484 heroicos.
1801 450 1961 496 Suntque
1978 458 2012 485 et
2029 451 2064 484 in
2083 449 2197 485 histo-

1216 503 1277 536 riis
1293 509 1326 537 et
1352 501 1390 534 in
1405 501 1612 546 quotidiana
1628 500 1698 534 vita
1721 500 1975 534 consideranda
1992 502 2197 535 discrimina

1216 554 1492 597 gubernatorum
1520 549 1762 590 heroicorum,
1797 551 2047 590 mediocrium,
2081 560 2115 587 et
2142 559 2199 598 ty-

1217 614 1430 643 rannorum,
1449 608 1488 635 ut
1504 613 1610 645 opera
1626 600 1692 635 Dei
1710 601 1954 635 discernantur
1973 603 2017 635 ab
2034 602 2200 646 operibus

1218 654 1373 694 diaboli,
1405 659 1438 686 et
1461 663 1542 685 vasa
1565 651 1826 685 misericordiae
1843 664 1862 686 a
1878 652 1969 686 vasis
1991 652 2080 693 irae,
2106 659 2139 687 et
2159 659 2200 687 ut

1218 703 1387 738 beneficia
1412 703 1532 736 divina
1555 702 1645 746 grati
1666 702 1898 744 celebremus,
1930 709 1963 736 et
1991 703 2126 737 furores
2143 710 2200 748 ty-

1219 755 1383 789 rannicos
1405 754 1626 789 detestemur.
1678 751 1724 786 Et
1744 753 1873 787 multae
1898 753 2051 797 insignes
2077 754 2200 788 admo-

1220 805 1371 838 nitiones
1388 810 1467 838 sunt
1484 804 1521 836 in
1538 803 1758 847 singulorum
1772 800 1943 838 historiis.
1971 804 2112 847 Quanta
2128 805 2201 838 vir-

1220 862 1335 890 tutum
1359 855 1569 898 praestantia
1593 854 1697 887 estin
1713 852 1902 894 samsone,
1929 853 2100 894 Hercule,
2127 854 2202 889 Da-

1221 907 1319 946 vide,
1347 904 1574 938 Alexandro?
1625 903 1673 937 Hi
1690 910 1806 938 tamen
1824 911 1858 938 et
1878 911 1985 938 tetros
2004 906 2121 949 lapsus
2137 904 2202 939 ha-

1221 957 1321 996 bent,
1363 961 1395 989 et
1439 955 1477 987 in
1521 953 1711 988 horribiles
1747 955 1958 989 calamitates
1990 956 2204 993 inciderunt.

1221 1006 1316 1039 llaec
1341 1004 1533 1047 spectacula
1552 1014 1618 1035 nos
1635 1005 1827 1036 admonent
1845 1006 1887 1037 de
1910 1013 2028 1039 nostra
2053 1007 2204 1040 infirmi·-

1221 1061 1309 1094 tate,
1335 1054 1378 1086 de
1395 1053 1583 1093 modestia,
1610 1064 1654 1084 ne
1672 1064 1815 1086 ruamus
1839 1060 1934 1087 extra
1957 1061 2083 1096 metas,
2109 1063 2142 1089 et
2159 1057 2203 1089 de

1221 1103 1442 1136 invocatione
1460 1102 1547 1141 Dei,
1573 1108 1612 1135 ut
1630 1103 1793 1135 ardenter
1810 1110 1986 1145 petamus,
2012 1117 2076 1137 nos
2093 1117 2112 1138 a
2126 1104 2203 1139 Deo

1222 1153 1294 1196 regi
1310 1159 1342 1185 et
1360 1152 1486 1187 iuvari.
1520 1151 1655 1184 Multae
1672 1151 1898 1185 liberationes
1916 1152 1954 1185 in
1969 1154 2132 1197 periculis
2149 1155 2205 1188 iu-

1222 1210 1376 1243 storum,
1407 1202 1441 1234 in
1467 1202 1651 1235 vocatione
1675 1202 1863 1245 susceptis,
1890 1209 1923 1236 et
1947 1204 2082 1237 subitae
2107 1216 2206 1238 ever-

1223 1255 1338 1287 siones
1354 1253 1512 1286 florentis
1527 1252 1704 1296 potentiae
1721 1254 1968 1296 superborum,
1986 1255 2046 1299 qui
2062 1262 2206 1289 movent

1223 1305 1315 1338 bella
1345 1315 1418 1336 non
1453 1303 1662 1343 necessaria,
1696 1303 1879 1337 manifesta
1902 1304 2102 1338 testimonia
2124 1312 2207 1339 sunt

1223 1353 1439 1400 praesentiae
1461 1353 1539 1387 Dei.
1592 1351 1659 1394 Ut,
1693 1351 1843 1387 Croesus
1873 1355 2002 1389 fiducia
2030 1355 2206 1400 potentiae

1225 1405 1332 1438 infert
1347 1404 1479 1438 bellum
1496 1403 1590 1449 Cyro
1602 1430 1611 1444 ‚
1636 1404 1770 1447 gerenti
1784 1404 1915 1439 iustum
1931 1405 2063 1439 bellum
2081 1407 2207 1440 adver·-

1223 1467 1282 1490 sus
1304 1463 1496 1501 tyrannum
1521 1453 1797 1499 Babylonicum,
1823 1456 1884 1500 qui
1907 1454 2072 1502 Gobryae
2095 1457 2208 1490 filium

1224 1507 1416 1546 occiderat,
1444 1512 1477 1538 et
1492 1504 1529 1537 in
1546 1505 1633 1538 alios
1650 1505 1891 1539 crudelitatem
1910 1514 2120 1543 exercuerat.

1327 1556 1386 1589 Sic
1408 1555 1516 1598 igitur
1534 1552 1598 1587 hae
1622 1552 1789 1588 historiae
1806 1556 1985 1600 legantur,
2012 1563 2051 1590 ut
2074 1563 2208 1590 mentes

1225 1607 1332 1640 simul
1348 1605 1578 1650 praesentiam
1589 1603 1669 1645 Dei,
1693 1612 1726 1639 et
1740 1605 1849 1640 multa
1867 1618 1972 1649 opera
1986 1607 2108 1640 divina
2123 1619 2209 1640 con-

1224 1658 1390 1690 siderent.
1450 1654 1564 1700 Cyrus
1589 1655 1785 1699 expositus,
1819 1663 1858 1689 ut
1885 1657 1976 1689 fame
2001 1663 2209 1696 moreretur,

1225 1704 1397 1738 divinitus
1429 1710 1606 1743 servatur,
1639 1717 1851 1748 quocunque
1878 1707 1984 1740 modo
2008 1707 2044 1740 id
2078 1707 2210 1741 sactum

1226 1761 1286 1788 est.
1334 1753 1459 1787 Postea
1476 1752 1608 1796 optima
1626 1753 1812 1796 disciplina
1829 1753 1966 1788 Persica
1981 1757 2025 1789 ad
2043 1757 2210 1791 virtutem

1226 1804 1445 1838 adsuefactus
1462 1809 1524 1838 est.
1574 1801 1734 1847 Cumque
1756 1804 1864 1837 velim
1879 1806 2044 1840 omnibus
2067 1807 2210 1841 notissi-

1226 1866 1302 1888 mos
1321 1866 1392 1887 esse
1408 1854 1518 1887 libros
1534 1851 1708 1886 Herodoti
1727 1860 1761 1887 et
1776 1853 2037 1899 Xenophontis,
2063 1869 2136 1891 non
2153 1858 2209 1891 in-

1228 1917 1340 1940 seram
1357 1916 1479 1938 eorum
1497 1903 1717 1937 narrationes
1733 1901 1816 1938 huic
1838 1905 1937 1939 brevi
1955 1919 2210 1941 commemora-

1228 1956 1329 1991 tioni.
1381 1954 1565 1988 Danielem
1583 1954 1791 1988 familiarem
1809 1955 1916 1990 fuisse
1939 1959 2099 2001 regnanti
2117 1957 2210 2004 Cyro

1229 2007 1454 2040 manifestum
1483 2012 1543 2039 est.
1595 2003 1761 2039 Arbitror
1787 2013 1903 2041 autem
1933 2015 1969 2041 et
1997 2015 2097 2051 tunc,
2129 2022 2210 2043 cum

1229 2058 1320 2091 rexit
1355 2055 1508 2089 Persiam
1541 2053 1689 2095 Daniel,
1723 2068 1860 2100 praeses
1890 2057 1928 2091 in
1954 2057 2072 2100 Susis,
2103 2060 2210 2094 fuisse

1230 2109 1304 2142 eius
1328 2107 1523 2141 auditorem
1540 2105 1673 2152 Cyrum
1692 2107 1966 2149 adolescentem,
1988 2117 2022 2144 et
2040 2111 2084 2143 ab
2101 2122 2141 2144 eo
2155 2110 2210 2143 di-

1231 2159 1356 2192 dicisse
1380 2169 1497 2190 veram
1520 2157 1562 2190 de
1577 2155 1652 2190 Deo
1676 2163 1710 2190 et
1730 2159 1772 2191 dc
1788 2157 1917 2192 Messia
1934 2160 2148 2198 doctrinam,
2177 2168 2210 2194 et

1204 2239 1205 2242 ,
1231 2208 1488 2254 praedictiones
1504 2206 1645 2249 Esaiae,
1668 2207 1706 2240 in
1723 2220 1791 2254 qua
1807 2221 1935 2242 nomen
1952 2209 2034 2255 Cyri
2051 2222 2210 2254 expresse

1204 2272 1205 2276 ¹
1232 2261 1384 2305 positum
1401 2265 1461 2292 est.

1334 2309 1429 2343 Inter
1455 2308 1661 2352 disciplinae
1683 2309 1839 2353 exempla
1864 2308 1982 2343 recitat
2008 2306 2074 2343 hoc
2091 2310 2210 2345 Xeno-

1231 2359 1348 2406 phou,
1375 2361 1469 2405 quod
1495 2361 1616 2401 docet,
1649 2360 1740 2402 leges
1762 2359 2003 2392 anteferendas
2029 2372 2101 2394 esse
2126 2374 2209 2406 pro—

1232 2412 1318 2456 priis
1336 2410 1577 2455 opinionibus.
1627 2408 1841 2443 Exercebant
1859 2408 1987 2443 iudicia
2009 2412 2210 2446 adolescen-

1232 2470 1300 2503 tes,
1335 2469 1367 2495 et
1399 2467 1515 2505 postea
1549 2459 1798 2493 sententiarum
1834 2459 2004 2493 rationem
2043 2463 2208 2506 magistro

1231 2514 1437 2546 reddebant.
1491 2510 1670 2543 venerant
1700 2515 1814 2542 autem
1850 2509 1887 2542 in
1923 2511 2093 2546 iudicium
2128 2515 2210 2557 duo,

1232 2575 1382 2608 quorum
1400 2563 1487 2595 alter
1501 2560 1678 2605 procerior
1691 2560 1886 2593 detraxerat
1902 2562 2053 2595 tunicam
2071 2564 2210 2607 longio-

1231 2626 1303 2647 rem
1329 2612 1484 2646 breviori
1515 2610 1742 2650 adolescenti,
1775 2617 1809 2644 et
1837 2611 1867 2643 ei
1890 2618 2024 2645 curtam
2052 2616 2208 2651 tradidit.

204 2673 300 2706 ribus
323 2670 478 2705 motibus
501 2668 592 2711 regi,
620 2673 657 2700 ut
679 2666 749 2699 sint
770 2666 910 2700 foelices
936 2667 973 2699 in
1005 2669 1179 2711 guberna·
1204 2679 1208 2700 ι
1231 2663 1343 2698 Cvrus
1359 2664 1477 2697 audita
1499 2661 1680 2705 utriusque
1698 2661 1876 2702 oratione,
1901 2661 2001 2697 iussit
2024 2676 2207 2709 procerum
