2324 2955
0 2090 21 2232 2,-‚-2,.‚‚-··2
0 2034 17 2062 'ta
5 1923 7 1927 ·

0 2299 17 2363 nm
1 2251 17 2290 335.

2 2374 17 2394 ἰ)

4 2520 16 2547 -μ
0 2481 19 2506 Γὲ
6 2411 18 2449 -.’

8 2869 23 2909 „-›‘
0 2549 31 2859 gpfflegi-Xm-‘ss

151 114 247 151 1065
722 117 748 153 Ι.

148 252 228 285 cum
255 250 502 295 Longobardis
533 253 656 285 factam
685 255 924 294 confirmavit,
956 263 989 288 et
1013 256 1130 288 decem

147 313 265 335 annos
280 303 361 335 addi
378 303 491 336 voluit
512 304 554 335 ad
583 304 802 337 conditiones
825 306 927 348 pacis.
979 305 1130 340 Romam

147 360 263 386 autem
288 353 453 390 veniens,
490 360 528 386 ut
554 354 759 387 electionem
784 354 938 389 Romani
964 355 1130 400 Episcopi

146 402 306 437 Severini
331 403 570 445 confirmaret,
600 406 782 448 pecuniam
813 418 901 451 quae
928 407 964 439 in
986 407 1128 440 Latera—

145 454 246 486 nensi
264 454 395 496 templo
413 455 563 498 reposita
581 463 667 495 erat,
695 457 822 500 rapuit,
838 464 872 491 et
889 465 987 501 parte
1007 457 1128 490 distri-

146 505 230 537 buta
249 504 442 545 militibus,
470 506 645 550 reliquum
663 508 776 540 avexit
794 507 1015 542 Ravennam.
1069 506 1125 540 Ad

144 551 212 587 hoc
227 555 448 598 sacrilegium
465 567 549 589 usus
572 557 685 591 fuerat
705 558 888 599 ministro,
916 559 973 592 cui
997 569 1125 591 nomen

141 604 210 638 fuit
232 604 430 638 Mauricius
444 604 708 648 Carthularius‚
735 620 837 653 quem
862 608 998 644 Rornae
1024 619 1124 651 prae-

141 654 273 689 sectum
297 656 396 690 urbis
420 657 513 691 fecit.
582 658 655 691 Hic
678 665 716 692 ut
743 659 914 692 lsaacium
940 665 1126 699 excuteret,

142 705 350 740 criminatus
369 713 420 741 est
445 719 522 741 eum
540 709 654 751 palam
678 711 771 753 apud
796 710 928 743 iudices
944 709 1126 744 Romanos

142 763 175 789 et
192 757 426 800 praesidium,
451 759 540 791 velle
565 771 645 792 eum
669 758 867 794 Eleutherii
890 760 1048 804 exemplo
1070 771 1124 793 re-

139 806 198 849 gio
216 808 361 841 nomine
378 808 415 841 in
428 807 528 842 Italia
547 810 736 851 dominari,
763 817 795 843 et
814 811 883 843 iam
901 818 1023 845 contra
1042 822 1120 843 eum

142 857 179 889 in
197 858 336 902 oppidis
369 859 506 904 aliquot
531 861 702 903 praesidia
726 862 921 895 collocavit.
973 860 1027 895 Re
1044 872 1124 903 cog—

140 907 214 941 nita
239 907 389 943 Isaacius
413 910 521 944 mittit
542 912 732 945 exercitum
759 912 925 944 adversus
951 923 1029 944 eum
1054 911 1122 943 iam

139 958 297 993 desertus
319 972 338 993 a
361 960 457 1002 suis,
485 973 565 994 cum
590 962 627 994 in
651 962 822 1005 templum
851 963 1014 1005 fugisset,
1042 962 1124 994 inde

139 1015 313 1043 extractus
331 1018 381 1044 est
395 1018 429 1045 et
445 1011 556 1044 securi
576 1023 775 1054 percussus,
803 1017 906 1053 caput
928 1007 1048 1043 hastae
1067 1010 1124 1042 in—

138 1058 246 1091 fixum
262 1060 324 1092 diu
344 1059 534 1092 Ravennae
558 1059 594 1091 in
618 1059 710 1092 circo
736 1060 912 1103 pependit.
966 1060 1037 1093 Nec
1062 1060 1122 1093 diu

139 1114 217 1151 post
233 1108 384 1142 lsaacius
399 1109 514 1142 subita
533 1117 644 1143 morte
659 1110 831 1143 extinctus
848 1117 907 1144 est.
961 1110 1036 1143 Hae
1052 1117 1122 1144 tra-

138 1159 282 1201 goediae
297 1160 500 1199 ostendunt,
528 1161 648 1204 quales
664 1166 696 1194 et
715 1172 829 1193 mores
845 1168 876 1196 et
895 1161 1121 1204 gubernatio—

139 1220 201 1242 nes
218 1206 461 1243 Exarchorum
480 1211 622 1244 fuerim.

241 1273 377 1311 Nonus
394 1273 612 1310 Theodorus
639 1273 819 1320 Calliopa
845 1279 970 1311 missus
991 1279 1033 1311 ab
1050 1278 1121 1311 He-

139 1327 248 1360 raclio
273 1327 518 1370 Longobardis
545 1328 676 1362 bellum
706 1329 846 1370 intulit,
880 1329 939 1373 qui
972 1329 1124 1372 amplius

139 1377 266 1421 viginti
295 1378 397 1411 annis
420 1378 645 1423 quieverant,
682 1381 741 1412 sed
768 1391 896 1422 magno
922 1380 1054 1423 praelio
1079 1381 1119 1412 ad

138 1427 318 1462 Mutinam
341 1429 454 1462 victus
475 1436 525 1462 est
548 1441 565 1462 a
588 1427 749 1463 Rothari.
804 1430 887 1464 Post
909 1443 984 1463 eam
1012 1430 1123 1463 victo—

137 1478 226 1512 riam
244 1476 416 1514 Rotharis
438 1480 621 1524 occupavit
646 1480 841 1524 Liguriam.

241 1545 419 1581 Decimus
455 1544 656 1593 Olympius
689 1550 814 1582 missus
843 1561 862 1582 a
887 1548 1122 1583 Constantino

139 1599 303 1632 mandata
318 1598 471 1632 Romam
498 1599 632 1639 attulit,
660 1607 698 1632 ut
721 1598 916 1644 Episcopus
939 1599 1123 1634 Romanus

138 1660 299 1682 errorum
325 1646 651 1682 Monotheletarum
679 1651 961 1693 amplecteretur.
1015 1649 1122 1683 Cum-

139 1710 206 1744 que
243 1698 422 1732 Martinus
451 1698 637 1732 Romanus
654 1698 850 1744 Episcopus
882 1701 1125 1737 resi-agantur,

139 1760 379 1792 percussorem
400 1749 436 1781 in
457 1750 626 1787 tnmplum
649 1752 764 1786 misit,
791 1746 852 1790 qui
876 1746 1123 1778 interfecturus

138 1799 336 1829 Martinum
357 1794 474 1826 subito
493 1805 617 1826 coecus
636 1794 747 1826 factus
767 1802 835 1834 est,
862 1808 932 1840 quo
953 1796 1121 1828 miraculo
1148 1806 1149 1822 ἢ

138 1852 255 1880 motus
272 1842 464 1890 Olympius
489 1842 652 1877 Romano
678 1842 854 1888 Episcopo
878 1847 964 1878 adeo
991 1846 1122 1878 amicus

138 1897 250 1930 sactus
268 1902 338 1935 est,
365 1901 404 1927 ut
421 1901 453 1928 et
470 1893 713 1928 Ravennatem
733 1894 949 1939 Episcopum
971 1897 1120 1939 coi-'gerit

137 1945 343 1980 seRmnano
361 1945 545 1983 subiicere,
573 1957 653 1977 cum
672 1952 773 1978 antea
792 1946 942 1979 voluerit
963 1958 1025 1989 par
1040 1958 1111 1979 esse

135 1997 277 2032 Deinde
287 1995 469 2037 Romanus
480 1994 676 2038 Episcopus
694 1994 928 2030 l‘iortatorsuit
940 1995 1121 2042 Olympio,

136 2055 208 2081 uta
227 2047 349 2081 Sicilia
366 2046 557 2080 Saracenos
578 2047 780 2091 depelleret.
837 2048 941 2089 Quod
968 2059 1047 2080 cuin
1072 2048 1119 2079 se-

135 2098 236 2131 cisset
248 2125 256 2138 ‚
286 2097 333 2130 ibi
350 2098 476 2130 morbo
493 2098 666 2130 extinctus
683 2104 744 2131 est.

240 2152 466 2189 Undecimus
483 2150 699 2187 Theodorus
710 2149 889 2201 Callt'opcc
910 2155 1034 2187 iterum
1047 2154 1121 2189 Ro-

136 2218 214 2239 mae
235 2205 506 2240 Lateranensem
531 2205 718 2238 Basilicam
752 2206 927 2247 ingressus
954 2213 1120 2243 tanquam

137 2255 350 2290 salutaturus
367 2256 564 2289 Martinuin
583 2255 817 2300 Episcopum,
848 2257 879 2288 vi
901 2268 978 2289 vum
997 2257 1122 2299 coepit,

138 2314 171 2340 et
188 2315 326 2351 captum
344 2307 438 2340 misit
457 2306 790 2349 Constantinopolin
804 2334 811 2347 ‚
840 2308 934 2340 unilc
959 2307 994 2340 in
1011 2304 1121 2339 Cher—

138 2369 302 2391 sonesum
334 2359 538 2402 deportatus
563 2364 630 2398 est,
674 2358 733 2390 ubi
764 2358 908 2391 exulans
941 2358 1121 2402 aliquanto

137 2416 215 2454 post
231 2415 392 2442 mortuus
416 2415 477 2442 est.

242 2464 493 2500 Duodecimus
530 2463 717 2499 Iohannes
748 2463 904 2499 Plalina
947 2468 1071 2500 missus
1103 2480 1121 2499 a

141 2518 338 2554 Iustiniana)
356 2518 538 2557 Secundo,
573 2530 650 2550 cum
676 2517 812 2551 Itomae
841 2518 1011 2550 dissensio
1036 2525 1118 2550 osset

138 2572 181 2604 de
200 2568 566 2606 electionepontificis,
592 2569 683 2600 venit
704 2582 742 2600 vo
762 2568 908 2611 pecunia
926 2575 1122 2612 corruptus,

138 2629 175 2654 ut
194 2618 395 2653 Pasclialem
415 2626 543 2651 crearet
561 2618 761 2653 Romanuin
775 2617 1001 2663 Episcopum,
1028 2620 1121 2663 quotl

140 2679 257 2705 tamen
277 2672 437 2714 perlicere
456 2682 526 2702 non
546 2671 667 2713 potuit.
721 2670 813 2712 Quia
830 2667 1007 2702 l‘asclialis
1023 2671 1123 2703 daui-

191 2723 365 2754 mmmmm.
390 2723 492 2754 Ormi.
517 2722 686 2753 v01,.xlt.

795 117 1086 154 CHRONICON
1113 118 1358 157 CARIONIS.
1411 121 1536 158 PARS
1564 123 1609 158 Il.

249 195 412 234 Octavus
422 198 598 235 [sancius
615 202 659 235 ab
668 201 833 237 Heraclio
850 204 986 246 missus,
1013 215 1131 247 pacem
1157 209 1158 214 ¹

2070 130 2166 164 1066

1184 212 1286 239 natus
1308 214 1375 246 est,
1412 209 1506 252 quod
1532 209 1681 252 magicas
1708 210 1918 254 imposturas
1944 215 2162 255 exercuisset,

1183 257 1241 300 qui
1268 264 1300 290 et
1322 257 1359 290 in
1381 260 1634 293 monasterium
1667 260 1823 295 inclusus
1849 270 1918 303 est,
1952 264 2015 296 ubi
2042 265 2163 298 dolore

1181 307 1290 340 animi
1307 308 1478 342 extinctus
1500 317 1559 343 est.
1613 310 1735 345 Rediit
1752 310 1927 347 lohannes
1951 313 2162 349 Ravennam

1183 358 1340 401 spoliatis
1358 358 1494 393 Romae
1511 361 1660 405 templis.

1282 422 1429 458 Tertius
1455 424 1611 460 decimus
1641 425 1943 474 Theophylacius
1967 432 2091 469 missus
2116 433 2160 466 ab

1153 474 1157 517 1
1181 475 1387 518 Apsimaro,
1416 478 1513 520 prius
1537 490 1577 510 ex
1593 479 1713 512 Sicilia
1740 478 1891 513 Romam
1916 482 2028 521 venit,
2053 495 2158 527 quam

1179 525 1556 561 accessitRavennam.
1609 528 1769 573 Cumque
1793 531 2006 574 direptiones
2030 540 2061 565 et
2081 545 2158 566 cae-

1179 577 1238 608 des
1263 584 1523 618 metuerentur,
1566 579 1737 622 praesidia
1763 592 1851 624 quae
1873 580 2007 614 Romae
2034 589 2066 615 et
2085 582 2158 617 Ra-

1180 639 1313 659 vennae
1330 635 1429 660 erant
1454 640 1488 660 se
1514 635 1635 662 contra
1663 641 1740 661 eum
1765 631 2034 666 coniunxerunt.
2088 632 2155 666 Sed

1178 676 1361 711 Romanus
1372 677 1577 722 Episcopus,
1599 691 1676 711 cum
1695 680 1787 712 inter
1797 679 1993 714 Exarchum
2013 689 2045 715 et
2061 695 2154 716 exer-

1177 727 1284 761 citum
1304 728 1399 761 velut
1426 730 1558 763 arbiter
1581 736 1685 770 esset,
1714 732 1883 774 persuasit
1905 733 1972 769 eis,
2000 744 2043 764 ne
2066 733 2157 766 inter

1177 789 1212 810 se
1236 778 1462 818 dimicarent,
1498 787 1530 813 et
1560 787 1598 814 ut
1622 779 1829 814 Ravennam
1859 782 1933 816 sine
1964 782 2155 816 latrociniis

1177 828 1406 864 discederent.

1277 893 1446 941 Quartus
1479 894 1635 930 decimus
1664 894 1809 930 Paulus
1834 910 1850 930 a
1881 897 1998 932 Leone
2033 900 2153 935 Tertio

1177 945 1302 977 missus
1314 945 1525 987 Gregorium
1544 947 1704 980 Tertium
1724 947 1926 981 Romanum
1939 948 2152 995 Episcopum

1176 1005 1297 1037 capere
1322 995 1436 1028 iussus
1460 997 1590 1034 suerat,
1627 998 1718 1041 quod
1747 997 1858 1031 Leoni
1885 1000 1987 1033 tertio
2013 1010 2154 1044 propter

1175 1043 1438 1089 εἳκοινομαχίαν
1460 1047 1590 1079 tributa
1616 1048 1733 1089 negari
1760 1048 1924 1090 iusserat,
1957 1052 2013 1083 sed
2039 1063 2056 1084 a
2078 1051 2153 1086 Ro-

1175 1095 1287 1128 manis
1304 1108 1383 1128 curn
1400 1096 1472 1128 filio
1493 1097 1692 1130 interfectus
1717 1105 1776 1130 est.

1279 1161 1447 1197 Ultimus
1458 1161 1850 1210 ExarclinsEurychus
1868 1178 1885 1199 a
1906 1166 2022 1201 Leone
2033 1168 2152 1204 Tertio

1175 1213 1300 1246 missus
1323 1226 1400 1246 cum
1421 1214 1530 1246 literis
1552 1213 1733 1248 Romanos
1758 1216 1849 1249 cives
1874 1225 1994 1251 contra
2019 1218 2153 1263 Grego-

1174 1264 1266 1296 rium
1285 1264 1466 1302 incitaret,
1495 1265 1601 1298 edidit
1629 1273 1748 1298 contra
1775 1279 1853 1298 enin
1873 1267 2065 1310 Gregorius
2082 1271 2153 1303 sul-

1174 1326 1254 1346 men
1271 1315 1654 1348 excommunicationi&
1690 1317 1882 1361 Aliquanto
1901 1326 1976 1361 post
1992 1318 2153 1353 Astulfus

1175 1376 1232 1397 rex
1263 1365 1580 1408 Longohartlorum
1608 1365 1816 1399 l‘tavennam
1847 1369 1947 1411 cepit.
2023 1370 2152 1404 Contra

1175 1412 1268 1448 hunc
1284 1414 1483 1460 Stephanus
1494 1415 1677 1450 Romanus
1694 1415 1888 1462 Episcopus
1905 1421 2152 1454 accersivitPi-

1177 1465 1320 1508 pinum,
1349 1478 1418 1509 quo
1435 1473 1590 1507 tempore
1611 1466 1691 1498 finis
1711 1468 1776 1500 snit
1798 1476 1830 1502 et
1856 1470 2012 1503 nominis
2035 1478 2066 1504 et
2090 1483 2152 1514 gu-

1175 1513 1657 1556 bernationisExarcliorum‚
1684 1518 1738 1549 cui
1757 1518 1963 1552 tribuuntur
1978 1522 2059 1553 anni
2073 1534 2153 1554 cen-

1175 1572 1248 1598 tum
1264 1566 1481 1610 septuaginta
1508 1566 1674 1610 quinque.

1277 1625 1356 1658 Feci
1385 1625 1572 1658 continuos
1603 1626 1777 1669 catalogos
1799 1638 1919 1669 regum
1947 1628 2153 1672 Longobar-

1175 1676 1335 1708 ‹licor-um
1354 1683 1385 1708 et
1401 1673 1640 1708 Exarcliorum
1653 1704 1660 1716 ,
1688 1684 1724 1709 ut
1744 1689 1858 1710 mores
1877 1686 1908 1711 et
1927 1680 2036 1713 exitus
2055 1682 2153 1723 prin-

1175 1725 1291 1764 cipum
1320 1727 1357 1754 in
1382 1736 1453 1756 uno
1473 1726 1550 1757 loco
1572 1728 1739 1770 propositi
1758 1729 1866 1770 magis
1893 1732 2045 1774 conspici
2074 1743 2155 1774 pos-

1175 1772 1256 1806 sint.
1310 1772 1412 1805 Nunc
1431 1775 1472 1805 atl
1494 1776 1719 1817 imperatores
1738 1777 1851 1812 redeo,

1230 1879 1340 1913 Anno
1364 1882 1488 1913 mundi
1515 1890 1636 1926 quater
1660 1884 1845 1918 millesimo
1875 1887 2153 1929 quingentesimo

1375 1932 1550 1965 tricesimo
1575 1946 1680 1965 nono.

1225 1996 1332 2031 Anno
1351 1997 1487 2031 Romae
1513 1999 1699 2032 millesimo
1720 2002 1962 2035 trecentesimo
1990 2004 2152 2038 vicesimo

1379 2049 1540 2092 septimo.

1225 2115 1330 2148 Anno
1364 2113 1495 2148 Christi
1521 2117 1800 2161 quingentesimo
1827 2121 2077 2162 septuagesimo
2101 2133 2152 2155 se-

1381 2166 1501 2209 ptimo.

1484 2244 1555 2276 De
1592 2243 1838 2277 Tiberio.

1274 2314 1445 2350 Tiberius
1464 2314 1730 2351 Conslanlinus
1748 2320 1873 2351 ascitus
1899 2320 1941 2351 ad
1966 2320 2150 2364 imperium

1173 2380 1190 2399 a
1215 2366 1346 2399 lustino
1363 2366 1477 2401 adhuc
1493 2370 1631 2401 vivente
1661 2376 1800 2411 propter
1825 2369 1967 2402 eximias
1994 2372 2151 2410 virtutes,

1174 2430 1260 2461 quat·
1282 2418 1315 2449 in
1328 2431 1367 2450 eo
1381 2419 1415 2450 in
1433 2419 1688 2461 gulwrnatione
1705 2418 1804 2451 aulae
1822 2428 2024 2463 conspectae
2043 2432 2148 2457 erant.

1174 2468 1305 2500 'l'vnuit
1332 2468 1517 2511 imperium
1544 2480 1655 2501 annos
1678 2476 1822 2512 septem.
1881 2469 2077 2504 Coronatus
2101 2481 2147 2506 vst

1175 2532 1190 2550 a
1224 2517 1423 2551 Patriam-lia
1453 2518 1626 2564 {intuitio
1660 2532 1738 2551 cuin
1778 2520 1924 2562 coniuge
1955 2523 2147 2556 .-xn;·si.··si.<·.

1178 2568 1305 2601 Mansit
1338 2576 1502 2602 constans
1527 2571 1562 2602 in
1593 2570 1806 2613 professione
1830 2572 1962 2613 piarum
1987 2573 2147 2616 δμωάω-

1175 2632 1270 2657 runi,
1301 2631 1360 2651 nec
1386 2621 1542 2663 permisit
1568 2621 1699 2653 turliari
1717 2619 1898 2653 Ecclesia-s.

1175 2670 1210 2702 in
1233 2671 1504 2712 gulwruafione,
1533 2671 1704 2714 placidus,
1731 2679 1763 2704 et
1788 2672 1861 2703 sint·
1888 2673 2146 2718 ςιυλιωῖραὶχιω-

1560 2722 1609 2756 68

1943 2621 2015 2652 Fuit
2039 2623 2146 2655 iustus
