2324 2955
734 126 998 163 PHILIPPl

208 215 265 251 15.
306 211 353 249 Et
376 213 540 249 contritio
562 219 613 246 est
635 223 717 246 vere
743 225 966 258 expavescere
990 213 1090 256 agni-

102 269 199 302 tione
215 267 285 299 irae
302 265 368 300 Dei
385 267 550 299 adversus
570 271 726 308 peccata,
755 272 787 298 et
805 265 924 298 dolere
944 271 1088 309 propter

101 318 218 353 Deum
255 324 289 350 et
322 317 434 349 filium
470 315 545 349 eius
568 314 766 349 Dominum
789 322 951 349 nostrum
974 314 1089 349 Iesum

102 366 296 403 Christum.

206 416 263 452 14.
287 416 342 450 Sit
357 427 461 449 verus
478 416 582 450 dolor
598 423 630 450 et
646 429 768 461 pavor,
793 428 858 450 nec
879 416 1090 462 disputetur,

103 482 148 504 an
164 469 207 502 sit
221 467 406 500 sufficiens.
460 466 554 510 Quia
571 475 691 501 nostra
708 467 872 501 contritio
888 480 962 500 non
977 479 1090 500 mere-

102 528 162 554 tur
178 518 443 559 remissionem,
470 525 503 552 et
519 519 546 551 si
565 526 731 551 cresceret
756 518 793 550 in
812 518 916 551 nobis
932 530 996 563 pro
1015 530 1089 551 ma-

102 569 289 614 gnitudine
307 569 455 612 peccati,
483 569 771 611 extinguerentur
793 566 974 610 homines,
1000 569 1088 602 sicut

102 620 205 654 multi
224 620 324 664 impii
342 631 445 652 sensu
463 619 533 652 irae
549 618 615 651 Dei
632 619 748 653 subito
775 626 936 663 pereunt.

206 668 265 704 15.
306 669 360 704 Sit
384 670 491 713 igitur
514 669 700 708 contritio,
734 672 793 703 sed
825 671 963 703 accedat
993 669 1088 709 fides,

103 734 172 766 qua
196 721 439 766 unusquisque
471 732 551 753 vere
576 721 693 754 credat
719 728 752 754 et
774 726 901 754 statuat
926 719 993 753 sibi
1021 720 1087 763 ipsi

103 772 233 805 remitti
257 778 395 815 peccata
423 771 547 814 gratis,
587 778 733 816 propter
753 772 866 804 filium
890 769 975 812 Dei,
1014 782 1087 804 non

103 829 247 866 propter
264 822 407 866 propria
431 822 504 855 ulla
523 822 659 857 merita.

204 872 262 907 16.
303 871 379 906 Hac
402 872 469 905 fide
494 878 527 905 et
544 872 772 918 consequitur
787 869 894 905 homo
910 871 1088 905 remissio-

103 933 183 955 nem
200 929 421 967 peccatorum
438 930 552 963 certo,
581 930 614 956 et
640 934 761 956 rursus
785 923 932 965 erigitur
951 935 1028 963 cor,
1055 928 1087 955 et

102 973 318 1012 vivificatur,
354 974 390 1006 id
410 980 477 1014 est,
503 973 711 1015 mitigantur
725 984 890 1016 pavores,
918 980 951 1006 et
969 973 1088 1006 conci-

101 1023 198 1067 pitur
212 1023 367 1068 Spiritus
383 1031 540 1062 sanctus,
569 1029 598 1056 et
618 1035 710 1056 nova
727 1022 798 1056 vita
825 1030 857 1056 et
876 1023 1025 1064 laeticia,
1049 1030 1088 1056 ut

100 1072 206 1109 Rom.
217 1073 251 1107 5.
267 1075 412 1108 dicitur:
439 1073 621 1107 Iustificati
637 1074 704 1106 fide
720 1085 839 1117 pacem
857 1071 1037 1107 habemus.

207 1125 262 1158 17.
307 1124 414 1158 Hune
437 1125 626 1158 articulum
652 1135 790 1157 necesse
808 1131 859 1157 est
878 1124 915 1157 in
932 1123 1087 1158 Ecclesia

102 1176 255 1220 proponi
279 1183 312 1209 et
340 1176 530 1216 illustrari,
561 1175 697 1209 etiamsi
723 1174 917 1208 reclamant
940 1174 1090 1209 Pontifi-

104 1237 176 1266 ces,
202 1224 334 1269 Reges,
363 1224 535 1259 Monachi
552 1232 585 1258 et
600 1237 721 1258 omnes
739 1223 953 1269 hypocritae.

210 1275 267 1311 18.
308 1275 380 1308 Nec
415 1275 687 1309 adsentiendum
717 1280 767 1306 est
801 1275 1089 1318 oppugnantibus

104 1324 199 1360 hunc
223 1326 430 1366 articulum,
472 1325 607 1358 etiamsi
631 1325 783 1357 clamant
810 1337 874 1357 nos
907 1325 1089 1357 seditiosos

105 1383 166 1410 aut
190 1374 383 1408 haereticos
403 1387 488 1410 esse.
541 1374 610 1409 Sed
640 1375 789 1409 tenenda
817 1381 867 1408 est
889 1376 1023 1418 regula:
1051 1374 1089 1409 Si

106 1427 185 1471 quis
201 1427 297 1459 aliud
316 1424 550 1468 Evangelium
569 1426 690 1465 docet,
715 1423 900 1458 anathema
919 1426 974 1458 sit.

207 1476 264 1510 19.
300 1475 395 1508 Haec
421 1476 540 1517 regula
565 1475 647 1508 satis
669 1482 806 1508 excusat
822 1487 903 1516 nos,
931 1487 1010 1508 cum
1028 1476 1090 1507 ad-

104 1537 285 1560 versamur
301 1525 531 1558 Pontificibus
549 1523 748 1567 etRegibus
764 1525 824 1569 qui
841 1526 1010 1558 damnant
1030 1537 1091 1557 vc-

104 1578 261 1617 ritatem,
292 1575 367 1609 Imo
385 1587 523 1609 necesse
546 1581 595 1608 est
620 1587 684 1608 nos
701 1575 844 1607 obedire
861 1573 936 1608 Deo
957 1575 1092 1618 praeci-

104 1627 234 1672 pienti,
260 1633 299 1660 ut
323 1627 574 1670 amplectamur
589 1623 846 1669 Evmgelium,
870 1633 904 1660 et
927 1627 1090 1659 adverse-

105 1690 186 1710 mur
202 1677 391 1710 erroribus.

207 1727 268 1760 20.
296 1727 453 1760 Pertinet
468 1728 510 1759 ad
529 1727 827 1771 praedicationem
845 1725 1092 1769 poeniteutiae,

107 1779 211 1812 etiam
236 1778 396 1810 doctrina
423 1777 465 1808 de
491 1776 647 1808 novitate
673 1776 784 1816 vitae,
808 1787 870 1809 seu
885 1777 989 1810 bonis
1007 1789 1092 1820 ope-

106 1829 224 1868 ribus,
251 1827 332 1872 quia
358 1833 558 1871 peccatum,
593 1838 671 1858 cnm
695 1827 879 1860 remissum
905 1834 938 1860 et
962 1833 1090 1861 tectum

106 1879 167 1919 sit,
195 1890 265 1911 non
290 1885 411 1920 regnet
436 1877 600 1921 deinceps
623 1876 660 1909 in
683 1877 798 1910 nobis.
851 1875 897 1911 Et
916 1875 1092 1911 Iohannes

106 1929 207 1963 dicit:
261 1928 379 1962 Facite
419 1928 552 1960 fructus
593 1927 717 1970 dignos
759 1928 986 1972 poenitentia.
1046 1927 1093 1962 Et

106 1980 244 2015 Esaias:
272 1978 405 2013 Discite
429 1985 521 2012 recte
545 1979 676 2018 facere,
705 1986 738 2013 et
760 1979 909 2012 desinite
926 1980 1016 2012 male
1041 1979 1094 2012 sa-

107 2043 196 2066 cere.

208 2081 269 2116 21.
298 2079 342 2114 Et
364 2081 400 2113 in
417 2079 588 2114 Zacharia
606 2080 751 2115 dicitur:
779 2079 973 2115 Effundam
989 2092 1094 2125 super

107 2134 252 2167 domurn
272 2129 387 2166 David
407 2132 571 2176 spiritum
598 2131 729 2175 gratiae
745 2138 778 2166 et
802 2144 955 2176 precum.

207 2184 271 2217 22.
307 2181 459 2226 Accepto
478 2182 614 2227 Spiritu
639 2189 758 2216 sancto
783 2183 870 2224 fide,
897 2182 1094 2223 statuimus,

109 2234 203 2279 quod
220 2233 329 2267 simus
348 2233 383 2266 in
401 2234 525 2277 gratia,
554 2234 648 2272 iusti,
677 2233 712 2266 id
731 2241 790 2275 est,
817 2234 948 2278 accepti
966 2240 1001 2267 et
1017 2234 1094 2277 pla-

110 2291 229 2318 centes
247 2282 321 2318 Deo
333 2311 342 2326 ,
368 2292 512 2329 propter
528 2285 769 2318 mediatorem.
822 2283 869 2319 Et
886 2284 967 2330 quia
985 2296 1095 2327 agno—

108 2335 236 2369 scimus
245 2333 311 2368 Dei
326 2346 405 2378 erga
423 2347 488 2368 nos
505 2335 781 2368 misericordiam
799 2343 831 2370 et
851 2335 1095 2380 praesentiam,

111 2387 333 2427 invocamus,
366 2393 398 2420 et
421 2386 602 2429 diligimus
624 2398 723 2426 cum,
758 2392 791 2419 et
813 2398 876 2419 nos
902 2386 996 2430 ipsos
1018 2384 1093 2419 Deo

109 2436 326 2470 subiicimuS.
380 2436 429 2470 lta
455 2438 617 2471 incoatur
643 2437 679 2469 in
705 2437 809 2469 nobis
837 2437 985 2470 interior
1008 2438 1094 2469 obe-

110 2487 241 2520 dientia
261 2493 293 2520 et
308 2494 502 2531 sequuntur
518 2488 651 2521 externi
668 2488 740 2521 veri
759 2488 890 2528 cultus,
918 2487 1094 2521 invocatio

110 2549 189 2571 vera
206 2535 283 2578 Dei,
310 2537 478 2571 consessio
493 2536 699 2582 Evangelii,
726 2545 758 2572 et
775 2538 976 2572 obedientia
999 2538 1094 2572 iuxta

111 2588 272 2622 mandata
291 2587 359 2622 Dei
378 2588 414 2620 in
432 2589 597 2622 omnibus
613 2589 765 2623 externis
785 2589 964 2633 operibuS.

211 2639 274 2674 23.
309 2637 356 2672 Εῑ
372 2646 488 2672 tamen
505 2647 621 2674 manet
640 2646 818 2685 peccatum
838 2640 873 2672 in
892 2639 1032 2677 renatis,
1058 2639 1092 2672 in

111 2688 174 2723 hac
192 2690 263 2724 vita
276 2716 284 2730 ‚
309 2690 406 2735 quod
427 2701 500 2724 non
518 2696 567 2724 est
583 2690 658 2725 leve
673 2691 826 2733 malum,
850 2697 889 2725 ut
904 2696 1092 2725 extenuant
1116 2712 1120 2738 l

101 131 173 168 541

1039 124 1485 164 MELANTHONIS.

2051 132 2125 169 542

1140 210 1355 259 hypocritae.
1422 214 1505 248 Non
1531 215 1625 248 enim
1652 222 1735 250 sunt
1757 215 1847 250 levia
1863 213 1963 250 'mala
1983 217 2126 252 dubita-

1142 265 1275 304 tiones,
1311 265 1548 306 diffidentiae,
1583 267 1715 300 multae
1738 267 1974 310 ignorantiae,
2000 268 2126 302 multi—

1140 315 1249 359 plices
1265 316 1488 357 omissiones,
1516 316 1679 359 frigidius
1704 324 1737 351 et
1761 318 1963 361 languidius
1979 319 2126 362 diligere

1139 366 1279 407 Deum,
1319 368 1460 399 credere
1495 374 1528 400 et
1560 368 1702 409 timere,
1739 374 1771 402 et
1806 369 1937 403 multae
1970 376 2126 404 errantes

1139 417 1301 451 flammae
1329 417 1577 460 cupiditatum.

1242 474 1303 510 24.
1345 474 1440 508 Ilaec
1466 488 1667 521 quanquam
1694 484 1775 510 sunt
1806 489 1933 521 magna
1957 486 1990 512 et
2014 479 2127 514 tristia

1141 526 1251 566 mala,
1279 533 1395 559 tamen
1414 533 1580 569 teguntur
1599 528 1769 560 immensa
1796 528 2054 570 misericordia,
2079 530 2128 562 si-

1141 583 1200 610 cut
1225 576 1384 610 Psalmus
1408 577 1468 611 32.
1493 578 1596 611 dicit:
1630 576 1729 610 Beati
1756 590 1907 622 quorum
1936 586 2023 612 tecta
2045 587 2128 614 sunt

1140 634 1297 671 peccata:
1327 635 1359 661 et
1377 635 1458 662 sunt
1474 629 1637 669 remissa,
1664 628 1842 662 conversis
1859 630 1901 661 ad
1917 627 2046 670 Deum,
2072 642 2127 663 re—

1141 679 1337 712 tinentibus
1354 679 1471 712 fidem.

1240 735 1301 771 25.
1337 736 1402 771 Est
1419 750 1500 781 ergo
1518 745 1696 781 peccatum
1716 738 1753 770 in
1773 738 1904 772 renatis
1923 739 1959 772 in
1978 737 2042 772 hac
2057 740 2130 774 vita

1140 789 1304 828 mortali,
1338 790 1397 821 sed
1430 801 1502 821 non
1530 800 1690 831 regnam.
1753 788 1858 822 Tunc
1886 802 1968 823 vero
2001 791 2130 824 iterum

1140 845 1274 881 regnat,
1303 840 1445 883 quando
1465 840 1651 882 indulgent
1670 837 1831 873 homines
1851 848 1988 883 peccato
2008 848 2131 874 contra

1142 889 1403 925 conscientiam.
1433 890 1477 923 Ut
1494 891 1636 934 quando
1653 891 1766 924 renati
1784 891 1933 925 redeunt
1950 892 1994 924 ad
2011 892 2132 936 priora

1142 940 1256 981 idola,
1282 941 1416 973 dedunt
1438 952 1473 972 se
1492 938 1680 984 prohibitis
1698 941 1919 982 libidinibus,
1946 942 2132 976 scortatio-

1142 991 1266 1031 nibus,
1297 990 1499 1031 adulteriis,
1532 990 1703 1025 adficiunt
1732 992 1820 1025 alios
1851 992 1993 1026 iniuriis
2017 993 2131 1026 scien-

1144 1048 1193 1073 tes
1222 1048 1286 1075 etc.

1243 1099 1303 1133 26.
1339 1098 1420 1132 Non
1446 1105 1562 1132 manet
1582 1099 1738 1143 Spiritus
1761 1107 1902 1134 sanctus
1928 1102 1965 1134 in
1988 1102 2131 1143 talibus,

1142 1150 1203 1195 qni
1223 1150 1407 1193 indulgent
1427 1157 1568 1194 peccato
1584 1157 1706 1184 contra
1722 1152 1972 1185 conscientiam
1985 1179 1994 1193 ,
2022 1159 2055 1186 et
2072 1165 2133 1186 ex-

1144 1201 1276 1234 cutitur
1301 1201 1405 1241 fides,
1433 1213 1522 1245 quae
1549 1207 1648 1234 antea
1672 1202 1787 1236 suerat
1806 1203 1842 1235 in
1858 1203 1962 1236 corde
1977 1214 2134 1244 accensa,

1141 1263 1209 1296 qua
1228 1252 1390 1285 credebat
1406 1248 1510 1284 homo
1522 1276 1531 1290 ,
1558 1263 1593 1284 se
1609 1264 1627 1284 a
1645 1250 1720 1284 Deo
1737 1260 1913 1296 receptum
1936 1265 2027 1294 esse,
2052 1254 2132 1288 Deo

1141 1302 1296 1346 placere,
1323 1314 1357 1334 se
1373 1302 1552 1341 exaudiri,
1577 1314 1639 1335 nec
1657 1309 1774 1335 manet
1795 1315 1875 1336 vera
1893 1303 2083 1337 invocatio.

1243 1358 1303 1394 27.
1338 1357 1520 1401 Cogitctur
1543 1370 1643 1402 ergo,
1679 1367 1810 1404 quanta
1833 1362 1878 1395 sit
1904 1361 2044 1394 miseria
2066 1358 2133 1394 ho-

1142 1409 1250 1442 minis
1277 1410 1531 1453 perseverantis
1556 1411 1593 1442 in
1626 1411 1776 1454 peccatis
1804 1419 1924 1445 contra
1953 1412 2135 1445 conscien-

1142 1459 1245 1500 tiam,
1274 1460 1357 1503 quia
1380 1460 1449 1492 iam
1473 1472 1546 1492 non
1571 1460 1712 1494 invocat
1728 1459 1862 1503 Deum,
1889 1469 1922 1495 et
1943 1474 2022 1496 cum
2038 1462 2135 1496 vivat

1142 1510 1178 1542 in
1205 1510 1366 1542 maximis
1390 1510 1572 1552 periculis,
1606 1522 1680 1543 non
1712 1513 1817 1545 audet
1841 1519 1991 1546 statuere
2016 1524 2050 1546 se
2072 1513 2134 1546 de-

1141 1560 1238 1593 fendi
1257 1566 1289 1593 et
1308 1560 1421 1593 iuvari
1439 1571 1456 1592 a
1474 1559 1561 1596 Deo.

1242 1618 1303 1653 28.
1334 1618 1409 1652 Imo
1427 1631 1652 1662 perseverans
1672 1620 1708 1653 in
1726 1621 1875 1664 peccatis
1900 1620 2022 1655 contra
2049 1634 2135 1656 con-

1143 1668 1347 1707 scientiam,
1382 1670 1454 1700 ruit
1481 1670 1517 1700 in
1544 1678 1702 1702 aeternas
1730 1682 1882 1714 poenas,
1912 1679 1951 1706 ut
1970 1671 2085 1708 Galat.
2098 1673 2136 1709 5.

1142 1718 1288 1751 dicitur:
1317 1717 1389 1761 Qui
1407 1719 1490 1752 talia
1509 1720 1660 1762 faciunt,
1687 1732 1833 1764 reguum
1849 1720 1915 1755 Dei
1933 1735 2005 1756 non
2020 1724 2134 1768 possi-—

1143 1769 1289 1803 debunt.

1241 1827 1302 1862 29.
1338 1826 1415 1861 Etsi
1434 1840 1558 1872 magna
1579 1830 1667 1863 mala
1695 1837 1777 1864 sunt
1795 1839 1932 1875 peccata
1953 1829 2136 1866 haerentia

1143 1877 1186 1910 in‘
1198 1879 1328 1912 renatis
1353 1879 1389 1911 in
1417 1877 1482 1912 hac
1500 1880 1591 1920 vita,
1619 1881 1748 1925 quibus
1766 1882 1894 1925 spiritu
1918 1890 2134 1927 repugnant:

1143 1935 1260 1962 tamen
1292 1929 1431 1963 infinita
1465 1931 1629 1964 distantia
1655 1939 1705 1965 est
1729 1932 1822 1965 inter
1849 1945 1886 1966 ea
1911 1941 2071 1977 peccata,
2100 1941 2135 1967 et

1144 1979 1261 2023 lapsus
1283 1987 1405 2013 contra
1428 1981 1698 2020 conscientiam,
1733 1982 1795 2027 qui
1818 1984 2000 2017 excutiunt
2017 1983 2133 2028 Spiri-

1144 2037 1218 2064 tum
1237 2038 1407 2066 sanctum.

1247 2081 1309 2115 30.
1352 2081 1436 2115 Ideo
1462 2082 1629 2116 omnibus
1652 2083 1756 2116 nobis
1778 2082 1945 2117 acerrime
1971 2095 2134 2128 puguan-

1144 2132 1227 2165 dum
1255 2139 1323 2176 est,
1350 2140 1389 2166 ut
1413 2133 1623 2167 retineamus
1651 2132 1825 2177 Spiritum
1860 2140 2038 2176 sanctum,
2070 2148 2135 2169 nec

1144 2183 1307 2216 labamur
1342 2190 1463 2217 contra
1500 2184 1768 2224 conscientiam,
1813 2184 1906 2218 iuxta
1944 2185 2048 2218 illud:
2095 2185 2135 2220 Si

1144 2234 1299 2267 actiones
1318 2234 1435 2267 carnis
1460 2235 1587 2278 spiritu
1607 2235 1881 2273 mortificabitis,
1909 2235 2046 2270 vivetis.

1245 2285 1307 2319 31.
1336 2284 1472 2328 Spiritu
1488 2286 1732 2328 reprimendae
1750 2292 1831 2318 snut
1853 2286 2014 2319 flammae
2032 2287 2134 2332 cupi-

1144 2335 1303 2369 ditatum.
1363 2334 1459 2378 Ergo
1491 2347 1628 2368 necesse
1659 2343 1707 2368 est
1743 2336 1777 2368 id
1804 2336 1877 2368 fieri
1904 2336 2030 2370 timore
2056 2336 2135 2378 Dei,

1146 2387 1234 2427 sude,
1260 2386 1483 2419 invocatione
1508 2386 1596 2423 Dei,
1623 2393 1662 2419 nt
1686 2386 1849 2419 iuvemnr
1871 2393 1903 2420 et
1928 2398 2090 2430 regamur
2113 2400 2134 2422 a

1144 2435 1239 2478 Deo,
1267 2449 1311 2470 ne
1336 2448 1508 2476 erremus,
1542 2443 1574 2470 ct
1599 2448 1742 2470 ruamus
1768 2444 1890 2472 contra
1913 2438 2132 2472 voluntatem

1144 2487 1220 2521 Dei.

1246 2539 1306 2573 32.
1333 2536 1472 2571 Etcum
1488 2549 1612 2581 magna
1630 2539 1674 2572 sit
1691 2539 1876 2572 infirmitas
1897 2545 2034 2577 nostra,
2059 2552 2132 2572 me-

1144 2589 1311 2622 minerint
1332 2589 1381 2632 pii
1399 2589 1608 2633 promissum
1634 2602 1706 2623 esse
1731 2590 1919 2628 auxilium,
1946 2597 1984 2623 ut
2001 2589 2131 2623 Paulus

1145 2639 1260 2684 inquit
1284 2637 1414 2683 Philip.
1441 2641 1492 2674 2.:
1530 2639 1625 2673 Dens
1651 2647 1719 2682 cst,
1747 2641 1806 2686 qui
1835 2640 1956 2680 efficit,
1983 2647 2021 2673 ut
2044 2639 2131 2672 veli-

1145 2691 1206 2732 tis,
1233 2697 1267 2724 ct
1289 2697 1327 2724 ut
1343 2691 1540 2735 perficiatis.
1590 2690 1628 2725 Si
1645 2692 1753 2726 sentis
1772 2692 1871 2726 initia
1894 2689 2131 2734 poenitentiae
