2324 2955
112 116 184 150 617

112 201 225 234 titiam
241 203 274 231 et
291 197 567 237 invocationem,
593 195 642 228 ita
659 202 691 229 et
707 197 869 241 deinceps
891 202 1005 230 servat
1022 193 1090 229 Ec—

112 250 268 288 clesiam,
303 249 399 281 adest
424 248 474 288 ei,
505 253 539 280 et
563 253 612 279 est
644 248 762 280 efficax
792 259 876 281 voce
896 245 1090 291 Evangelii.

111 299 340 334 Execrandus
373 305 423 331 est
455 303 571 330 autern
603 308 700 330 error
723 297 991 338 Stenckefeldii‚
1029 296 1090 341 qui

110 349 252 384 abducit
278 347 437 381 homines
460 347 503 380 ab
527 353 668 381 externa
694 361 797 389 voce,
841 355 874 381 et
898 348 1089 385 contendit,

108 399 222 434 Deum
240 399 314 432 sine
329 405 468 431 externa
487 409 570 430 voce
587 398 801 431 sanctificare
816 396 987 433 homines,

209 447 268 482 25.
302 447 478 481 Dominus
502 448 598 481 iubet
620 448 813 492 praedicari
836 446 1088 492 poenitentiam

108 508 142 534 et
155 498 393 533 remissionem
415 505 635 542 peccatorum
653 498 690 530 in
707 499 850 531 nomine
873 510 947 534 suo.
999 497 1088 531 Cum

107 550 215 592 igitur
233 550 337 582 corda
355 548 598 592 perterrefacta
623 549 883 591 praedicatione
905 549 1089 592 poeniten-

107 601 194 641 tiae,
222 600 371 632 audiunt
394 598 680 643 promissionem,
716 606 747 632 et
772 600 801 631 ei
829 611 908 631 vere
931 600 1090 637 credunt,

108 649 173 683 hac
196 650 263 682 side
285 649 390 692 gratis
407 654 550 692 propter
571 648 681 681 filium
699 647 764 682 Dei
788 650 1014 682 mediatorem
1034 648 1089 681 iu—

107 701 320 740 stificantur,
348 700 382 732 id
407 705 476 739 est,
503 699 679 741 accipiunt
700 700 942 732 remissionem
966 709 1088 742 pecca-

108 759 243 791 torum,
270 756 302 783 et
318 749 584 792 imputationem
603 749 759 783 iusticiae
776 762 814 783 ac
833 748 1090 782 reconciliatio-

106 813 206 841 nem,
241 806 275 832 et
298 799 520 835 vivificantur
542 811 604 842 per
625 799 736 832 filium
753 799 836 840 Dei,
871 799 932 844 qui
954 806 987 832 et
1007 810 1090 831 voce

104 850 290 892 Evangelii
304 850 389 882 dicit
405 850 441 882 in
459 850 625 883 cordibus
642 850 859 883 credentium
877 849 1089 882 consolatio-

105 913 203 939 nem,
232 906 264 933 et
283 900 436 933 effundit
453 900 489 932 in
508 912 545 933 ea
563 900 735 943 Spiritum
751 907 927 938 sanctum,
954 906 987 933 et
1002 899 1089 943 „facit

106 962 164 985 eos
181 948 347 984 haeredes
363 951 453 983 vitae
469 957 640 989 aeternae.

206 1001 267 1034 26.
306 1001 466 1043 Papistae
491 1007 721 1043 corrumpunt
751 1001 947 1034 doctrinam
973 998 1089 1040 Pauli,

104 1062 183 1084 cum
199 1051 261 1084 ait:
305 1050 392 1083 Fide
409 1049 655 1089 iustificamur,
683 1051 764 1094 quia
781 1052 903 1084 dicunt
921 1052 1090 1096 synecdo-

103 1099 193 1134 chen
213 1112 301 1141 esse,
328 1107 361 1134 et
378 1101 666 1144 interpretantur,
693 1102 761 1133 fide
776 1113 1027 1145 praeparamur
1045 1102 1088 1133 ad

104 1151 297 1185 iusticiam:
334 1149 387 1195 (Et
410 1151 492 1183 iusti
518 1161 655 1190 summ,
690 1151 727 1183 id
753 1158 820 1191 est,
859 1152 990 1194 accepti
1013 1150 1089 1183 Deo

104 1207 248 1245 propter
269 1200 435 1235 noticiam
454 1199 620 1234 historiae
643 1206 676 1234 et
699 1201 923 1235 dilectionem
948 1207 981 1234 et
1004 1201 1090 1234 alias

104 1252 265 1285 virtutes.

205 1303 266 1335 27.
305 1299 454 1334 Addunt
480 1307 513 1333 et
535 1299 622 1340 hoc,
657 1298 839 1333 hominem
866 1313 1002 1345 semper
1028 1303 1089 1334 de-

103 1353 185 1384 bere
202 1351 382 1391 dubitare,
409 1363 452 1382 an
471 1351 514 1383 sit
529 1351 566 1382 in
584 1350 713 1392 gratia,
741 1357 774 1383 et
790 1348 1089 1386 hancdubitatio-

104 1413 184 1434 nem
206 1412 279 1432 non
296 1412 366 1432 esse
384 1407 574 1443 peccatum.

175 1462 179 1471 ·
202 1450 262 1484 28.
295 1449 390 1482 Ilaec
409 1450 517 1493 impia
534 1449 763 1482 deliramenta
780 1457 863 1484 sunt
886 1453 1088 1485 execranda.

103 1501 155 1533 Ac
171 1500 351 1533 sciendum
370 1508 419 1533 est
440 1500 544 1532 fidem
567 1511 637 1531 non
661 1506 796 1532 tantum
821 1512 893 1532 esse
921 1502 1087 1534 noticiam

101 1548 285 1590 historiae,
311 1561 390 1582 cum
408 1549 538 1582 Paulus
560 1549 696 1592 inquit:
731 1544 909 1583 iustificati
934 1551 1000 1583 fide
1026 1563 1088 1594 pa-

101 1612 173 1633 cem
196 1597 377 1634 habemus.

205 1649 268 1684 29.
310 1649 378 1682 Sed
398 1648 498 1688 fides,
532 1648 575 1680 de
593 1661 660 1694 qua
678 1648 809 1683 Paulus
827 1650 1005 1696 loquitur,
1038 1658 1090 1685 est

103 1700 270 1733 adsentiri
289 1699 387 1732 omni
405 1698 511 1730 verbo
529 1696 596 1732 Dei
615 1700 719 1733 nobis
742 1701 871 1734 tradito
884 1728 892 1742 ‚
917 1709 1022 1747 atque
1040 1702 1086 1735 ita

103 1749 326 1794 promissioni
347 1748 495 1792 gratiae,
523 1754 555 1781 et
577 1756 627 1783 est
651 1750 776 1783 fiducia
802 1752 1023 1795 acquiescens
1050 1753 1086 1785 in

101 1800 176 1834 Deo
196 1807 338 1843 propter
356 1798 602 1840 mediatorem,
629 1807 661 1833 et
677 1800 830 1834 clamans
846 1800 947 1835 Abba
964 1810 1072 1847 pater.

204 1850 264 1884 30.
300 1849 360 1883 Ait
376 1856 409 1882 et
426 1846 604 1882 Osiander
628 1850 729 1883 fidem
755 1863 826 1883 esse
850 1855 1087 1896 praeparatio-

101 1912 182 1934 nem
210 1901 253 1934 ad
280 1900 474 1937 iusticiam,
517 1900 599 1943 qula
626 1900 693 1932 fide
715 1902 885 1944 accipitur
909 1904 1087 1945 divinitas,

100 1963 190 1996 quae
208 1957 326 1994 postea
342 1955 459 1982 movet
476 1950 519 1981 ad
544 1950 634 1982 iusta
657 1951 825 1985 facienda.
882 1952 932 1986 lta
959 1967 995 1987 re
1013 1955 1086 1998 ipsa

100 1999 167 2034 hoc
185 2001 289 2039 dicit,
317 1998 498 2032 hominem
515 2000 669 2034 novitate
686 2001 815 2035 iustum
837 2015 929 2043 esse,
957 2005 1087 2039 scilicet

100 2051 182 2096 quia
207 2051 375 2083 divinitas
402 2050 438 2081 in
461 2062 502 2082 eo
527 2062 637 2082 novas
661 2051 815 2085 actiones
839 2054 952 2087 efficit.
1006 2055 1086 2089 Non

100 2102 193 2134 enim
210 2101 278 2133 iam
294 2100 360 2132 alia
378 2100 585 2133 absurdiora
602 2101 803 2140 recitamus,
829 2116 917 2148 quae
934 2105 1066 2141 scribit.

201 2151 262 2184 31.
297 2149 474 2183 Ecclesiae
491 2157 630 2183 nostrae
647 2162 725 2183 cum
739 2151 924 2197 Prophetis
939 2162 971 2188 et
988 2154 1086 2200 Apo-

98 2202 198 2235 stolis
224 2201 364 2240 dicunt,
391 2212 465 2232 non
490 2211 563 2233 esse
587 2198 767 2234 hominem
796 2203 945 2246 iustum,
972 2206 1087 2248 idest,

100 2247 289 2286 habentem
307 2250 561 2290 remissionem,
588 2257 621 2284 et
637 2259 814 2296 acceptum
824 2252 899 2288 Deo
917 2257 959 2289 ad
979 2257 1086 2290 vitam

102 2307 278 2334 aeternam
296 2307 441 2345 propter
459 2301 639 2344 propriam
656 2302 878 2338 dilectionem
890 2332 898 2346 ‚
926 2314 985 2340 ant
1003 2320 1083 2351 pro-

101 2358 179 2394 pter
196 2351 387 2384 novitatem
405 2351 596 2395 propriam,
625 2352 707 2396 qnia
725 2354 892 2397 scriptum
910 2364 977 2390 est:
1006 2358 1085 2391 Non

102 2400 345 2435 iustificabitur
360 2401 397 2433 in
416 2408 604 2445 conspectu
629 2409 690 2435 tuo
715 2405 831 2438 omnis
856 2407 986 2443 vivens.
1040 2408 1086 2442 Et

100 2451 166 2501 {ob
183 2450 237 2484 9.:
266 2449 355 2484 Vere
372 2451 581 2497 scio,‘qu0d
602 2449 707 2485 homo
728 2466 800 2487 non
822 2462 874 2489 est
896 2458 1006 2492 iustus
1029 2471 1087 2492 co-

102 2514 175 2534 ram
193 2500 281 2534 Deo.

201 2553 263 2587 32.
300 2550 367 2584 Sed
387 2561 588 2596 quanquam
618 2553 653 2585 in
678 2554 809 2587 renatis
835 2552 966 2589 habitat
994 2558 1084 2591 ‹livi-

103 2602 210 2642 nitas,
249 2609 365 2635 tamen
399 2612 533 2644 semper
560 2611 699 2646 oportet
728 2616 791 2636 nos
826 2607 974 2640 retinere
998 2607 1087 2642 hanc

101 2652 394 2692 consolationem,
419 2653 514 2696 quod
531 2661 674 2697 propter
691 2655 933 2691 obedientiam
955 2660 1086 2692 media-

738 109 995 146 PIIILIPPI
1030 107 1476 146 MELANTHONIS.

2049 102 2119 137 618

1140 195 1226 228 toris
1249 196 1356 229 simus
1386 195 1488 235 iusti,
1525 195 1559 227 id
1586 201 1654 234 est,
1686 191 1854 226 habentes
1878 188 2118 224 remissionem

1141 252 1173 278 et
1204 245 1472 289 imputationem
1505 245 1679 284 iusticiae‚
1712 244 1797 283 fide,
1830 242 1867 274 id
1893 247 1960 281 est,
1993 238 2120 271 fiducia

1139 295 1398 328 misericordiae
1432 295 1620 339 promissae
1653 300 1797 337 propter
1828 292 1963 331 filium,
2003 288 2120 332 gratis,

1140 346 1228 379 sicut
1258 345 1390 378 Paulus
1419 346 1550 390 inquit:
1587 344 1767 377 iustificati
1795 342 1965 385 sanguine
1998 339 2119 383 ipsius.

1140 395 1242 429 Item:
1279 395 1346 429 Per
1369 396 1604 429 obedientiam
1627 395 1732 427 unius
1754 393 1836 426 iusti
1861 393 2121 425 constituentur

1139 446 1252 479 multi⁴

1240 496 1302 530 33.
1336 494 1508 529 Aeternus
1533 502 1630 540 pater
1652 506 1713 538 per
1732 493 1843 525 lilium
1860 504 1944 525 voce
1961 490 2122 532 Evange-

1139 546 1179 579 lii
1202 546 1440 579 consolantem
1461 548 1566 579 corda
1583 547 1640 578 dat
1659 544 1829 588 Spiritum
1848 549 2018 576 sanctum.
2070 540 2122 573 Ita

1139 609 1219 630 vere
1252 595 1387 630 habitat
1410 597 1576 630 divinitas
1601 597 1638 627 in
1665 593 1905 632 credentibus,
1941 599 1975 625 et
1998 603 2124 624 accen-

1140 648 1192 680 dit
1218 658 1327 680 novas
1349 647 1512 680 actiones.
1578 644 1626 678 Et
1647 651 1764 678 tamen
1787 641 1843 675 his
1864 642 2061 676 actionibus
2086 641 2123 672 iu

1140 698 1318 731 infinitum
1341 698 1565 730 anteferenda
1584 702 1633 728 est
1652 693 1853 728 obedientia
1872 700 1905 726 et
1922 691 2123 725 intercessio

1140 749 1203 780 filii
1218 747 1296 782 Dei.
1346 746 1447 780 I‘Ianc
1473 757 1608 790 semper
1631 745 1831 778 immediate
1855 744 2013 776 intuetur
2029 742 2125 779 fides,

1140 805 1173 832 et
1192 797 1349 840 agnoscit
1364 798 1593 830 mediatorem
1612 807 1684 828 esse
1702 794 1948 828 umbraculum
1966 800 1997 826 et
2014 792 2124 824 inter-

1140 859 1309 881 cessorem
1336 848 1427 880 inter
1442 854 1575 891 patrem
1594 853 1627 879 et
1643 857 1726 888 nos,
1755 852 1787 878 et
1803 845 1928 888 accipit
1947 842 2124 876 remissio-

1141 910 1220 932 nem
1241 905 1461 941 peccatorum
1487 904 1520 930 et
1536 897 1803 940 imputationem
1820 894 1987 928 iusticiae.
2033 891 2125 924 Vera

1141 956 1191 982 est
1223 948 1331 991 igitur
1362 948 1575 990 propositio:
1620 946 1768 990 Propter
1795 944 2031 978 obedientiam
2062 942 2126 974 filii

1140 999 1228 1039 Dei,
1261 998 1333 1031 sola
1356 998 1424 1030 fide
1448 1009 1568 1030 sumus
1592 997 1696 1035 iusti,
1723 997 1759 1028 id
1783 1003 1851 1034 est,
1877 994 2044 1027 habentes
2070 1004 2125 1024 re-

1140 1049 1343 1083 missionem
1375 1055 1595 1091 peccatorum
1619 1053 1652 1079 et
1674 1046 1942 1090 imputationem
1970 1043 2126 1076 iusticiae

1141 1107 1174 1133 et
1195 1098 1483 1139 vivificationem,
1516 1098 1605 1130 sicut
1628 1097 1796 1140 scriptum
1820 1102 1884 1129 est:
1911 1094 2033 1139 ‚Iustus
2059 1094 2125 1125 fide

1141 1162 1202 1184 sua
1219 1150 1324 1184 vivet.

1244 1199 1307 1233 34.
1342 1198 1384 1232 In
1407 1197 1471 1232 hac
1492 1199 1566 1243 ipsa
1589 1198 1829 1231 consolatione
1852 1209 1930 1230 cnm
1950 1196 2126 1238 erigimur,

1141 1251 1234 1284 filius
1254 1248 1323 1283 Dei
1345 1261 1425 1283 vere
1447 1256 1497 1282 est
1521 1250 1638 1282 efficax
1666 1250 1703 1281 in
1729 1249 1909 1287 credente,
1945 1254 1977 1279 et
2001 1246 2127 1278 liberat

1141 1313 1221 1335 eum
1237 1312 1256 1334 a
1270 1300 1454 1333 doloribus
1468 1300 1683 1337 inferorum,
1708 1299 1797 1332 sicut
1812 1298 1943 1341 inquit:
1972 1294 2006 1329 Ο
2023 1305 2127 1334 mors,

1141 1364 1201 1385 ero
1219 1362 1314 1383 mors
1332 1357 1410 1388 tua,
1436 1362 1456 1382 o
1474 1350 1630 1389 inferne,
1658 1360 1718 1381 ero
1734 1348 1840 1392 pestis
1860 1355 1930 1381 tua.
1983 1344 2029 1378 Et
2045 1357 2127 1377 san-

1141 1401 1303 1434 ctificatio
1320 1398 1524 1439 inchoatur,
1549 1412 1616 1444 qua
1634 1399 1747 1441 imago
1764 1399 1832 1432 Dei
1849 1398 1886 1430 in
1904 1396 2127 1430 credentibus

1141 1458 1348 1490 renovatur,
1383 1456 1417 1483 et
1446 1449 1657 1482 adsimilatio
1684 1450 1727 1482 sit
1750 1449 1793 1481 ad
1817 1448 1949 1488 filium,
1980 1454 2017 1480 ut
2041 1458 2127 1478 con-

1140 1507 1267 1543 gruant
1287 1512 1385 1532 mens
1405 1506 1437 1532 et
1456 1500 1619 1533 voluntas
1636 1510 1779 1532 accensa
1796 1498 1930 1542 Spiritu
1947 1503 2064 1529 sancto
2084 1496 2127 1528 ad

1140 1551 1285 1583 verbum
1302 1557 1334 1583 et
1350 1549 1462 1582 filium
1479 1548 1559 1584 Dei.

1241 1597 1301 1635 35.
1336 1599 1460 1633 Manet
1483 1600 1571 1632 ordo
1588 1599 1624 1632 in
1640 1606 1710 1633 tota
1728 1599 1948 1636 aeternitate,
1976 1605 2013 1631 ut
2031 1607 2129 1629 crea·

1139 1658 1217 1685 tura
1239 1649 1315 1683 Deo
1343 1650 1500 1690 obediat,
1536 1650 1687 1695 ideoque
1711 1650 1802 1683 filius
1826 1648 1891 1683 Dei
1915 1649 2040 1681 missus
2067 1655 2128 1687 est,

1138 1708 1177 1735 ut
1201 1700 1400 1734 obedientia
1424 1700 1461 1732 in
1485 1700 1587 1733 nobis
1605 1701 1824 1739 restituatur,
1851 1711 1922 1732 non
1940 1707 1978 1733 ut
1997 1698 2126 1731 confir-

1139 1759 1255 1785 metur
1284 1758 1474 1795 peccatum.
1544 1750 1625 1783 Non
1657 1751 1735 1784 ideo
1767 1751 1859 1783 filius
1890 1749 1956 1783 Dei
1989 1748 2127 1781 sudavit

1140 1802 1364 1845 sanguinem,
1393 1808 1424 1834 et
1447 1801 1633 1834 crucifixus
1657 1808 1726 1842 est,
1754 1808 1793 1834 ut
1815 1798 2002 1834 horrendis
2027 1799 2127 1831 suro—

1139 1854 1237 1886 ribus
1261 1852 1400 1885 licentia
1423 1853 1644 1885 concedatur.
1697 1852 1765 1886 Sed
1786 1858 1825 1885 ut
1845 1850 1998 1885 Ecclesia
2023 1849 2127 1881 colti-

1138 1910 1239 1945 gatur
1263 1903 1298 1934 in
1323 1914 1447 1944 genere
1470 1899 1646 1941 hnmano,
1673 1903 1728 1935 cui
1745 1901 1841 1935 Deus
1863 1914 1960 1934 suam
1986 1900 2126 1944 sapien-

1138 1954 1240 1993 tiam,
1267 1953 1439 1985 iusticiam
1458 1959 1490 1985 et
1506 1952 1672 1985 laetitiam
1689 1953 1724 1984 in
1743 1960 1812 1986 tota
1827 1951 2032 1984 aeternitate
2050 1950 2124 1981 vult

1138 2003 1415 2039 communicare,
1442 2002 1478 2034 in
1504 2014 1571 2046 qua
1595 2003 1660 2036 erit
1684 2001 1780 2035 Deus
1804 2003 1922 2034 omnia
1946 2002 1981 2033 in
2008 2000 2126 2033 omni-

1138 2056 1215 2088 hus,
1265 2052 1355 2086 Cum
1380 2053 1486 2094 igitur
1508 2053 1652 2086 dicitur:
1680 2051 1760 2085 Non
1786 2052 1867 2086 estis
1890 2052 2061 2093 sublege,
2089 2050 2124 2082 id

1137 2105 1221 2137 solis
1251 2104 1428 2136 conversis
1460 2104 1502 2135 ad
1527 2102 1640 2136 Deum
1667 2110 1699 2136 et
1724 2104 1791 2136 lide
1818 2102 1973 2135 liberatis
1994 2114 2011 2134 a
2037 2113 2124 2133 con-

1138 2154 1364 2188 demnatione
1388 2153 1529 2189 dicitur.
1582 2153 1653 2186 Noc
1677 2154 1813 2187 deletur
1838 2154 1891 2186 lex
1917 2153 2007 2196 ipsa,
2034 2163 2123 2196 quae

1138 2212 1188 2238 est
1211 2212 1350 2238 aeterna
1373 2204 1541 2247 sapientia
1564 2202 1648 2244 Dei,
1681 2205 1739 2237 scd
1765 2205 1830 2236 sub
1854 2204 1926 2246 lege
1950 2213 2038 2244 esse,
2072 2209 2122 2234 est

1137 2257 1409 2289 condemnatum
1427 2266 1498 2287 esse
1517 2255 1599 2296 lege.

1240 2306 1299 2341 36.
1333 2303 1379 2337 Et
1402 2311 1518 2338 tamen
1544 2316 1622 2336 cum
1649 2315 1784 2347 semper
1809 2304 1844 2336 in
1869 2302 1932 2337 hac
1952 2305 2022 2336 vita
2039 2304 2122 2336 reli-

1138 2369 1247 2401 quum
1278 2357 1321 2389 sit
1349 2362 1524 2398 peccatum
1550 2355 1585 2386 in
1610 2355 1757 2393 renatis,
1790 2355 1857 2387 side
1881 2361 1961 2388 sunt
1986 2354 2066 2387 iusti
2091 2362 2123 2387 et

1139 2407 1277 2440 liberati
1303 2418 1320 2438 a
1345 2406 1434 2447 lege,
1463 2405 1497 2436 id
1521 2412 1587 2441 est,
1616 2417 1633 2436 a
1657 2405 1950 2438 condemnatione
1971 2411 2003 2437 et
2021 2405 2122 2437 dolo-

1137 2458 1235 2490 ribus
1255 2458 1467 2494 inferorum,
1494 2461 1637 2498 propter
1653 2456 1856 2488 mediatoris
1872 2455 2120 2488 obedientiam.

1138 2507 1213 2541 Hac
1239 2508 1304 2539 lide
1329 2506 1497 2538 accedunt
1516 2502 1709 2548 Prophetae
1733 2506 1774 2538 ad
1795 2506 1932 2543 Deum,
1961 2506 2047 2538 sicut
2068 2507 2121 2537 in-

1140 2558 1212 2603 quit
1239 2556 1383 2589 Daniel:
1418 2554 1498 2587 Non
1519 2555 1555 2587 in
1580 2556 1715 2589 iusticia
1741 2563 1880 2596 nostra,
1904 2557 1963 2589 sed
1985 2556 2120 2588 iniseri-

1140 2608 1256 2640 cordia
1279 2614 1355 2645 tua,
1382 2613 1525 2649 propter
1541 2604 1735 2638 Dominum
1757 2608 1971 2639 exaudinos.
2023 2604 2066 2638 Et
2084 2606 2119 2636 in

1141 2657 1204 2691 hor
1224 2659 1296 2702 ipso
1315 2656 1414 2689 Pauli
1433 2656 1540 2697 dieto,
1567 2654 1661 2691 Esus
1676 2658 1739 2690 snb
1756 2658 1876 2699 gratia,
1907 2658 1995 2689 idem
2012 2656 2118 2698 >igni-
