2324 2955
624 389 654 431 1.
720 383 1185 432 CHRONICON
1233 384 1633 434 CARIONIS.

112 553 402 612 Melanthonem
426 588 532 609 rerum
556 579 595 609 ab
618 580 708 609 initio
731 586 898 620 gestarum
921 581 1135 621 cognitionem
1159 581 1241 610 satis
1265 580 1456 620 profundam
1480 581 1654 619 habuisse,
1683 582 1811 620 qualem
1833 583 1929 615 homo
1950 585 2065 618 doctus
2088 589 2140 619 illo

110 646 254 679 tempore
277 638 396 668 habere
412 638 525 677 potuit,
547 639 669 678 scripta
692 639 762 669 eius
785 640 907 669 minora
931 640 1013 670 satis
1036 644 1208 669 testantur.
1239 639 1313 669 Non
1338 640 1440 669 solum
1460 640 1548 669 enim
1571 640 1603 669 in
1628 639 1775 678 epistolis
1798 646 1831 671 et
1854 643 1887 672 in
1909 643 2035 675 iudiciis
2059 648 2138 687 suis,

110 704 146 728 ut
168 698 267 728 etiam
290 697 321 726 in
345 696 618 737 praefationibus,
642 706 723 737 quas
747 699 879 729 aliorum
903 699 991 728 libris
1014 697 1177 736 praeficit,
1200 697 1358 727 abundam
1382 698 1536 728 historiae
1560 699 1699 737 priorum
1722 700 1904 731 seculorum
1924 704 2140 743 cognitionem

109 754 371 795 conspiciendam
400 756 564 795 praebuit,
603 756 662 786 sed
692 757 788 787 etiam
819 758 850 787 in
880 756 1079 787 orationibus
1108 755 1303 786 academicis
1335 757 1467 795 saepius
1498 758 1652 787 tractavit
1683 763 1874 798 argumenta
1903 759 2057 792 historica
2085 763 2138 792 in-

109 815 194 854 signi
218 813 319 844 modo.

231 871 338 902 Unum
368 881 447 901 vero
478 877 602 902 tantum
632 871 731 902 edidit
760 873 932 912 scriptum,
967 871 1051 911 quod
1081 876 1181 901 totam
1213 872 1381 901 historiam
1413 873 1661 911 praeteritorum
1692 879 1874 914 temporum
1904 877 2135 919 complectitur,

104 929 255 960 videlicet
281 928 462 961 Chronicon
484 929 623 961 Ioannis
648 929 816 967 Curionis,
848 930 887 959 de
910 939 972 969 quo
996 939 1081 959 nunc
1104 930 1195 959 nobis
1220 930 1331 968 paucis
1354 930 1581 968 exponendum
1605 936 1667 960 est.

230 988 280 1018 De
303 987 450 1017 Carionis
482 988 551 1017 vita
580 993 612 1016 et
642 989 773 1026 scriptis
804 993 837 1017 et
869 989 1053 1017 nominatim
1085 988 1157 1017 eins
1189 987 1338 1016 clu-onica
1368 988 1511 1017 breviter
1543 988 1602 1017 sed
1633 998 1695 1018 non
1724 989 1844 1029 ubique
1873 1001 1953 1022 vere
1983 995 2135 1033 exposuit

101 1051 213 1076 auctor
242 1045 371 1084 quidam
407 1046 437 1074 in
473 1046 551 1084 „ber
580 1044 781 1085 XIIgemciuen
811 1044 1022 1084 (Encoiloptibie
1059 1048 1106 1077 bct
1138 1045 1371 1083 Qiss'rnfdmsten
1410 1048 1470 1077 aab
1500 1044 1613 1083 §fauste
1648 1054 1705 1077 non
1741 1047 1843 1086 OErt'd)
1883 1051 1943 1081 unt>
1975 1050 2133 1084 &ruben

99 1103 162 1135 §Be
184 1103 271 1132 XXI.
304 1103 346 1135 Ε.
368 1104 460 1141 48.”,
498 1103 556 1133 scd
585 1103 717 1132 uberius
748 1109 780 1132 ct
810 1104 907 1133 multo
937 1103 1064 1134 doctius
1098 1102 1140 1135 bei
1164 1102 1401 1135 &robertus
1423 1103 1454 1134 in
1479 1103 1832 1143 fci11e11,‚<))2iscc11<meen
1862 1105 2050 1148 [iterariscben
2075 1110 2133 1146 311:

100 1162 213 1198 1)<²1t‘3-”
249 1160 307 1199 Zb-
324 1161 380 1191 Vl.
411 1161 453 1194 Q.
474 1161 672 1191 141—206:
705 1162 806 1200 „ilion
831 1161 959 1193 §arione
984 1161 1075 1193 sseben
1100 1163 1160 1192 unt>
1185 1159 1370 1199 &rbi-istriis·

224 1218 332 1248 Natus
355 1224 407 1248 est
429 1217 572 1249 Ioannes
597 1217 717 1249 Carion
742 1228 769 1248 a.
789 1219 872 1248 1499
894 1221 925 1248 in
950 1219 1098 1258 oppidulo
1124 1220 1317 1259 Bietigheim
1341 1221 1372 1249 in
1405 1221 1596 1259 episcopatu
1621 1220 1921 1264 NVurceburgensi,
1956 1230 1989 1256 et
2018 1227 2129 1258 literas

97 1277 206 1307 didicit
228 1278 433 1316 potissimum
455 1278 486 1305 in
510 1276 621 1305 schola
644 1276 912 1316 u'itebcrgensi,
943 1278 996 1307 ubi
1019 1278 1229 1308 Melantlione
1253 1288 1330 1318 prae
1351 1279 1470 1308 ceteris
1494 1278 1625 1309 doctore
1650 1284 1702 1309 est
1726 1289 1817 1310 usus.
1871 1282 2020 1314 Vocatus
2046 1285 2130 1316 1522

97 1337 129 1365 in
152 1335 258 1365 aulam
282 1334 432 1364 loachimi
455 1335 495 1374 I.,
518 1334 623 1363 Princ.
648 1334 751 1364 Eleet.
776 1335 956 1364 Brandenb.
981 1342 1015 1366 ut
1038 1337 1294 1366 Mathematicus
1318 1337 1425 1375 aulae,
1449 1337 1631 1376 Principem
1654 1338 1839 1369 Electorem
1861 1340 1987 1382 ipsum,
2015 1348 2126 1374 astro·-

97 1395 201 1434 logiae
225 1393 385 1433 deditum,
422 1398 455 1422 et
486 1392 568 1422 tilios
598 1393 668 1422 eius
699 1392 805 1422 docuit
835 1394 1096 1424 mathematicam
1127 1400 1159 1424 et
1189 1396 1407 1435 astrologiam.
1466 1394 1554 1424 Idem
1585 1405 1684 1432 vero,
1720 1397 1797 1426 vino
1826 1398 1957 1429 nimium
1987 1399 2127 1442 deditus,

96 1451 180 1480 diem
203 1452 266 1480 iam
289 1452 366 1481 obiit
389 1461 416 1481 a.
436 1451 534 1489 1538,
564 1456 770 1489 praematura
792 1452 947 1490 abreptus
970 1458 1085 1482 morte.
1131 1454 1259 1491 Scripta
1284 1454 1354 1483 eius
1377 1454 1586 1494 astrologica,
1616 1454 1822 1492 potissimum
1844 1458 2013 1499 vaticinia,
2042 1469 2126 1499 quae

94 1508 209 1548 edidit,
240 1509 406 1539 recensuit
430 1508 613 1539 Sti-obelius
636 1510 654 1538 l.
676 1510 697 1539 l.
746 1509 925 1538 Praeterea
948 1511 1046 1539 etiam
1069 1511 1339 1548 compendiariam
1361 1521 1468 1541 rerum
1492 1521 1510 1540 a
1533 1513 1652 1542 mundo
1686 1514 1815 1543 condito
1844 1515 2027 1555 historiam,
2066 1526 2125 1548 se-

93 1566 232 1597 cundum
255 1567 402 1598 Danielis
424 1568 612 1597 vaticinium
635 1567 675 1596 de
699 1572 835 1606 quatuor
858 1567 967 1597 mundi
989 1568 1182 1597 monarchiis
1213 1568 1422 1608 dispositam,
1456 1571 1665 1611 conscripsit,
1702 1570 1890 1611 „OEbronitf”
1919 1575 2123 1615 appellatam,

91 1633 227 1664 eamque
242 1626 458 1664 Melanthoni,
482 1626 685 1664 praeceptori
708 1626 812 1662 misit,
835 1630 869 1656 ut
892 1635 962 1655 cam
986 1627 1188 1667 perlegeret,
1212 1628 1334 1666 passim
1358 1628 1563 1662 emendaret,
1587 1638 1722 1668 eamque
1745 1639 1764 1659 a
1788 1633 1990 1671 typographo
2006 1634 2123 1664 Wac-

92 1684 244 1723 bergeusi
267 1684 356 1723 typis
386 1684 527 1713 exscribi
558 1688 697 1713 curaret.
754 1684 803 1713 De
833 1693 896 1722 qua
924 1693 959 1714 re
983 1684 1174 1714 Melanthon
1204 1685 1244 1714 ad
1275 1685 1495 1715 (Hunerarinm
1526 1687 1670 1725 (vomi.
1696 1697 1726 1726 p.
1742 1688 1836 1728 505.)
1866 1690 1947 1721 haec
1977 1693 2121 1731 scripsit:

91 1740 237 1779 „Carion
259 1742 349 1771 misit
372 1741 434 1770 liuc
454 1739 582 1781 χροιίκά
607 1740 814 1779 excudenda,
845 1742 902 1771 sed
927 1752 966 1772 ea
989 1743 1079 1782 lege,
1110 1747 1143 1772 ut
1168 1753 1229 1782 ego
1253 1744 1467 1774 emendarem.
1514 1747 1599 1774 Sunt
1623 1746 1723 1775 multa
1745 1747 1868 1786 scripta
1891 1750 2120 1789 negligentius

88 1799 228 1838 „Itaque
251 1808 312 1839 ego
336 1805 438 1829 totum
457 1808 538 1838 opus
564 1804 693 1838 retexe,
717 1804 749 1828 et
774 1800 899 1838 quidem
923 1801 1122 1840 germanice,
1153 1807 1185 1830 et
1209 1803 1361 1831 conranni
1383 1804 1552 1842 complet-ti
1576 1804 1769 1843 praecipuas
1792 1807 1989 1836 mutationes
2012 1810 2119 1838 inaxi-

86 1867 236 1897 „morum
259 1858 498 1897 imperiorum.”
547 1858 599 1887 Ex
622 1858 747 1887 verbis:
782 1867 843 1897 ego
868 1864 969 1888 totum
993 1869 1074 1898 opus
1097 1864 1227 1897 retexo,
1262 1861 1432 1890 voluerunt
1456 1861 1583 1899 quidem
1608 1863 1699 1891 multi
1723 1865 1898 1903 comit-ere,
1931 1866 1992 1896 hoe
2016 1873 2116 1897 totum

86 1917 242 1955 seriptum
270 1926 333 1946 non
364 1916 492 1956 quidem
515 1915 663 1946 Carionis
692 1916 751 1945 sed
774 1916 995 1947 Melantlronis
1027 1928 1122 1957 esse,
1152 1927 1247 1956 (piam
1279 1918 1406 1957 quidem
1437 1920 1654 1949 coniecturam
1678 1921 1862 1961 Peucerus,
1899 1923 2118 1954 Melantlionis

85 1984 202 2013 gener,
226 1984 284 2004 suo
308 1984 434 2014 qnoque
457 1975 661 2004 confirmavit
685 1976 885 2013 testimonio,
907 1977 959 2014 qui
983 1977 1011 2005 in
1037 1976 1237 2006 dedit-atione
1263 1977 1409 2007 Chroniei
1433 1978 1580 2007 Car-ionis
1605 1978 1681 2007 editi
1706 1988 1733 2008 a.
1758 1979 1839 2010 1572
1863 1980 1943 2010 haec
1967 1984 2113 2021 scripsit:

86 2033 241 2067 „Nomen
266 2032 417 2063 Chroniei
442 2033 589 2063 Curionis
613 2034 743 2067 retinui,
780 2035 854 2072 quia
884 2039 1008 2064 mutare
1042 2035 1116 2064 illud
1147 2041 1238 2065 autor
1270 2037 1390 2074 primus
1421 2041 1554 2065 sanctae
1584 2037 1772 2071 memoriae,
1809 2037 1889 2067 Phil.
1913 2039 2114 2078 melantium,

82 2100 203 2129 „socer
226 2100 335 2130 meus,
359 2092 469 2121 noluit.
521 2092 654 2121 occasio
680 2093 815 2121 nominis
838 2093 933 2122 liuius
955 2093 1027 2122 inde
1052 2095 1177 2127 extitit.
1206 2094 1289 2133 qnod
1314 2105 1385 2125 euni
1410 2095 1473 2123 1011.
1498 2095 1614 2124 (larion
1639 2095 1890 2125 mathematicus
1914 2102 1989 2126 ante
2012 2108 2113 2129 annos

82 2149 324 2189 „quadraginta
346 2150 510 2188 coepisset
541 2156 716 2180 contexere
745 2151 935 2191 chronicon,
971 2156 1003 2181 et
1027 2153 1321 2191 recognoscendum
1346 2158 1378 2182 et
1402 2153 1654 2193 emendandum,
1690 2155 1875 2193 priusquam
1900 2157 2008 2194 praelo
2032 2159 2112 2188 suh-

79 2208 276 2247 „iieeretur⁷
312 2209 456 2239 misisset
479 2208 517 2238 ad
543 2209 621 2238 l‘liil.
645 2209 821 2250 Melantln,
858 2211 924 2244 liic,
948 2210 1030 2249 quod
1056 2221 1165 2249 partun
1190 2212 1394 2250 probaretur.
1425 2214 1522 2241 tolum
1549 2211 1684 2241 abolevi!
1708 2222 1773 2241 mm
1796 2211 1916 2247 litura,
1947 2215 2007 2243 alio
2030 2226 2111 2246 con-

81 2267 246 2306 „scripto7
280 2267 331 2296 cui
356 2272 461 2296 tamen
486 2268 635 2298 Cat-ionis
658 2277 773 2297 nomon
798 2270 960 2307 praefixit:
999 2269 1058 2298 sed
1081 2274 1113 2298 et
1137 2270 1213 2309 hoe,
1237 2280 1309 2300 cum
1334 2272 1547 2308 retexuisset,
1584 2271 1674 2299 amici
1706 2280 1820 2300 nomen
1849 2277 1881 2300 et
1913 2274 2109 2310 memoriam,

81 2335 125 2362 „a
155 2325 246 2355 cuius
276 2325 456 2364 primordiis
484 2325 613 2367 ἀφορμὴ
644 2327 745 2365 prima
771 2326 919 2357 Chronici
949 2328 1141 2357 contexendi
1171 2334 1246 2359 nata
1270 2335 1366 2368 atque
1392 2328 1536 2367 prosecta
1556 2333 1663 2368 esset,
1700 2329 1791 2359 titulo
1816 2331 1998 2369 posteritati
2018 2342 2108 2362 com·

81 2382 260 2423 „mendaro
282 2384 417 2414 voluit.”

204 2442 337 2471 Minimo
361 2452 439 2472 vero
463 2453 575 2473 verum
600 2449 670 2477 est,
710 2444 952 2475 Melanthonem
977 2445 1081 2474 omnia
1105 2455 1123 2474 a
1148 2445 1285 2476 Curione
1310 2446 1431 2484 scripta
1461 2455 1527 2474 meu
1557 2442 1662 2474 litura
1691 2444 1862 2485 delevisse,
1897 2449 1960 2477 imo
1991 2450 2105 2479 verba:

79 2501 180 2530 totum
203 2509 285 2539 opus
308 2505 437 2540 retexo,
466 2507 590 2532 tantum
611 2502 768 2540 indit-ant,
798 2503 1039 2532 Melanthonem
1064 2513 1177 2533 ornnes
1202 2505 1269 2533 libri
1295 2509 1405 2543 partes
1430 2503 1632 2533 emendasse.
1689 2505 1764 2537 Nou
1794 2506 1878 2535 enim
1907 2506 2017 2536 omnia
2048 2508 2104 2536 sed

80 2562 202 2588 tuntum
225 2580 245 2598 „
255 2557 357 2588 mulla
382 2560 600 2599 negligentius
625 2562 771 2600 scripta”
795 2562 915 2600 reperit
938 2566 970 2591 et
993 2564 1146 2593 retexuit.
1194 2562 1278 2591 idem
1302 2562 1492 2591 Melanthon
1517 2563 1586 2601 ipsc
1611 2568 1755 2593 testatus
1779 2568 1830 2593 est
1854 2564 1884 2593 in
1908 2565 2042 2603 epistola
2065 2565 2102 2594 ad

78 2615 255 2647 Corvinum
277 2617 368 2656 (Vol.
381 2618 423 2649 11.
448 2628 476 2658 p.
491 2618 599 2659 5600,
627 2620 680 2650 eui
704 2620 888 2660 exemplum
912 2621 1042 2660 scripti,
1075 2627 1246 2661 postquam
1272 2621 1450 2661 prodierat,
1480 2622 1657 2651 transmisit
1681 2627 1713 2652 et
1737 2623 1830 2653 simul
1853 2623 1996 2661 scripsit:

1417 2680 1501 2717 45‘
