2324 2955
104 107 152 144 69

100 203 191 225 mur.
235 190 462 225 Manifestum
481 198 531 225 est
549 198 663 225 autem
688 192 961 226 illustrissimum
980 191 1084 225 Prin-

98 241 209 286 cipem
229 240 463 276 Anhaltinum
478 269 487 282 ‚
515 243 574 286 qui
598 255 668 275 non
695 244 807 276 solum
826 244 961 286 generis
980 243 1084 276 nobi-

98 292 212 333 litate,
239 295 296 326 sed
315 294 418 326 etiam
435 293 633 326 eruditione
647 320 655 333 ,
681 294 851 337 sapientia
872 301 902 327 et
919 294 1083 327 omnibus

99 343 290 378 virtutibus
304 344 484 381 excelluit,
512 344 717 385 gravissimo
735 345 867 377 iudicio
884 344 1081 378 doctrinam

98 400 281 427 sonantem
302 394 337 426 in
353 392 518 427 Ecclesiis
536 395 663 428 nostris
686 395 883 438 amplexum
902 407 993 435 esse,
1020 407 1082 427 nec

97 451 215 488 postea
233 444 397 477 abiecisse
421 457 598 490 unquam,
626 445 759 478 tametsi
786 453 928 489 propter
947 446 1082 478 conses-

96 495 230 528 sionem
246 495 382 538 magnis
400 496 540 529 iniuriis
556 503 587 528 et
605 496 827 528 coutumeliis
844 497 1080 529 adficiebatur.

98 543 145 579 Ut
168 545 276 588 igitur
300 553 333 580 et
357 547 457 579 multi
482 547 572 590 apud
598 552 731 578 exteros
757 553 789 579 et
813 547 940 590 posteri
960 547 1081 590 sciant,

96 596 210 640 qualis
240 596 296 630 vir
323 594 379 630 hic
404 597 584 630 doctrinae
613 596 707 629 testis
741 597 864 636 suerit,
901 596 1081 630 historiam

95 646 170 679 eius
189 647 354 682 recitabo,

197 711 267 746 Nec
290 713 445 745 alienum
471 720 518 746 est
539 712 602 747 hoc
619 721 864 756 argumentum
884 714 928 745 ab
945 711 1008 745 hac
1025 726 1081 746 re-

95 763 330 797 nunciatione.
384 762 473 796 Nam
496 771 524 796 et
548 762 629 797 huie
652 764 715 808 ipsi
735 765 789 796 cui
815 765 942 807 gradus
958 765 1080 796 decer—

93 814 208 855 nitur,
236 821 270 848 et
293 814 396 847 nobis
419 815 585 848 omnibus
606 815 691 848 utile
719 822 768 848 est
794 813 859 847 hoc
883 815 1078 858 exemplum

93 863 242 905 intueri,
268 865 349 910 quia
370 877 507 909 semper
531 867 669 909 prodest
696 863 872 898 Ecclesiae
896 863 1078 898 historiam

92 921 127 948 et
144 915 324 948 doctrinae
339 927 465 958 genera
490 917 730 956 considerare,
758 923 790 950 et
818 916 957 959 piorum
983 916 1079 948 testi-

91 965 220 998 moniis
244 966 456 1000 conflrmari.
510 965 648 1000 Deinde
672 974 702 999 et
728 967 921 1010 praeseutia
953 966 1015 1001 Dei
1042 967 1077 998 in

91 1014 247 1049 Ecclesia
273 1018 490 1059 agnoscenda
513 1024 579 1057 est,
604 1024 636 1050 et
659 1018 789 1059 gratiae
809 1018 961 1060 agendae
984 1024 1078 1057 sunt,

91 1067 185 1111 quod
203 1068 261 1099 dat
283 1067 420 1112 aliquos
437 1068 604 1100 salutares
620 1066 789 1101 Doctores
815 1075 845 1100 et
865 1068 1077 1110 gubernato-

90 1128 164 1157 res,
196 1125 229 1151 et
251 1119 470 1150 accendenda
498 1125 549 1151 est
572 1118 769 1158 invocatio,
803 1125 839 1150 ut
860 1118 1024 1162 deinceps
1045 1125 1077 1151 et

90 1167 192 1200 nobis
211 1168 319 1208 adsit,
346 1175 377 1202 et
403 1175 497 1211 regat
515 1170 715 1201 docentium
735 1176 767 1201 et
786 1169 995 1202 discentium
1018 1181 1075 1213 pe-

89 1225 195 1253 ctora.
237 1218 400 1264 Denique
417 1220 676 1252 commonefieri
695 1232 758 1252 nos
777 1221 934 1263 prodest,
960 1226 995 1252 ut
1013 1232 1076 1252 suo

89 1269 237 1314 quisque
259 1270 336 1302 loco
361 1270 517 1302 imitetur
546 1268 649 1303 liuius
667 1270 841 1314 Principis
858 1270 1075 1313 diligentiam

90 1319 127 1351 in
145 1319 374 1364 inquisitione
393 1321 549 1352 veritatis
563 1346 570 1358 ,
599 1321 635 1350 in
655 1321 890 1361 invocatione,
918 1323 953 1352 in
973 1321 1074 1353 casti-

90 1375 158 1401 tate
175 1375 207 1401 et
224 1368 383 1400 omnium
404 1368 573 1399 virtutum
589 1370 722 1402 officiis.

185 1432 333 1477 Propter
348 1431 409 1465 has
426 1444 545 1464 causas
563 1432 633 1464 scio
651 1433 753 1464 bonis
772 1433 937 1465 omnibus
955 1440 987 1465 et
1005 1433 1077 1465 uti-

87 1484 155 1517 lem
173 1490 205 1517 et
222 1490 353 1527 gratam
373 1483 445 1515 sore
464 1480 553 1514 banc
571 1482 939 1514 commemorationem
952 1509 960 1523 ‚
988 1496 1075 1527 quae

87 1542 203 1568 tamen
222 1535 333 1567 multo
353 1534 418 1566 erit
437 1534 577 1566 brevior
596 1539 629 1564 et
648 1533 806 1573 tenuior,
832 1545 935 1577 quam
955 1540 1075 1576 postu-

87 1587 137 1618 lat
164 1585 369 1628 magnitudo
396 1596 532 1624 rerum,
560 1584 603 1615 de
628 1584 756 1628 quibus
779 1583 967 1616 dicendum
990 1591 1074 1619 erat.

87 1636 155 1671 Sed
173 1636 267 1670 scitis
290 1636 387 1668 nulla
406 1635 514 1667 ullius
536 1641 713 1667 creaturae
736 1634 897 1667 oratione
916 1635 998 1667 satis
1016 1648 1075 1667 ex-

86 1687 171 1730 poni
190 1698 288 1731 posse
303 1686 462 1719 miranda
480 1684 545 1718 Dei
567 1697 681 1728 opera,
706 1683 882 1718 Ecclesiae
899 1686 1073 1728 guberna-

86 1739 231 1778 tionem,
257 1737 439 1770 doctrinae
457 1736 739 1779 amplitudinem,
768 1736 938 1769 virtutum
958 1738 1072 1771 decuS.

86 1787 187 1831 Quae
209 1788 302 1821 enim
328 1787 528 1833 eloquentia
555 1787 761 1830 sapientiam
787 1785 851 1819 Dei
880 1787 961 1819 satis
992 1788 1073 1820 illu—

84 1846 193 1872 strare
229 1839 363 1883 potest?
415 1838 686 1882 Qualescunque
717 1838 841 1870 breves
871 1850 1074 1871 commone—

84 1890 253 1923 sactiones
279 1889 529 1934 proponimus,
564 1896 601 1921 ut
626 1889 670 1921 ad
695 1888 787 1932 piam
823 1889 1070 1930 cogitationem

85 1953 202 1974 rerum
220 1941 450 1974 maximarum
470 1939 664 1971 invitentur
678 1939 806 1983 aliqui,
836 1946 867 1972 et
886 1952 963 1972 cum
983 1940 1071 1972 cele-

85 1993 228 2025 bramus
251 1992 344 2024 dona
373 1989 438 2023 Dei
465 1990 500 2022 iu
526 1990 609 2022 viris
632 1990 785 2032 magnis,
818 1989 931 2023 Deum
958 1991 1070 2034 ipsum

85 2042 190 2086 aspici
218 2041 379 2074 volumus
400 2048 433 2074 et
460 2041 533 2073 eius
559 2041 785 2084 sapientiam,
820 2041 1013 2074 bonitatem
1039 2048 1068 2074 et

85 2092 316 2136 praesentiam
335 2093 371 2124 in
389 2103 513 2134 genere.
533 2089 686 2124 humano
706 2091 863 2133 cogitari,
890 2099 925 2124 ut
946 2092 975 2124 ei
992 2104 1070 2134 gra-

83 2145 151 2177 tiae
167 2149 332 2184 agantur:
359 2142 455 2176 Sicut
476 2142 529 2186 pie
547 2149 579 2175 et
596 2143 730 2176 erudite
747 2143 884 2186 scripsit
902 2140 958 2176 hic
972 2142 1069 2175 lleu-

84 2195 176 2235 ricus
193 2191 377 2228 Sthenius:

187 2255 274 2294 Quos
290 2266 345 2295 ego
362 2267 430 2284 cum
451 2256 559 2292 laudo,
589 2258 650 2285 laus
669 2267 700 2284 ea
718 2262 776 2286 tota
795 2255 852 2285 Dei
871 2263 925 2287 est.

85 2312 132 2346 Ut
153 2319 267 2346 autem
292 2312 397 2345 exteri
421 2318 449 2344 et
477 2312 603 2356 posteri
628 2312 756 2353 sciant,
783 2325 852 2358 qua
879 2312 914 2345 iu
936 2313 1068 2345 familia

84 2370 185 2396 natus
202 2362 421 2406 sitPrinceps
441 2362 616 2404 Georgius
629 2390 637 2402 ‚
667 2375 771 2406 pauca
790 2365 832 2396 de
851 2371 1018 2397 vetustate
1037 2371 1066 2397 et

84 2414 282 2448 celebritate
303 2414 456 2447 familiae
483 2415 735 2446 modestissime
760 2415 895 2455 dicam,
935 2422 967 2448 et
997 2428 1066 2447 non

82 2466 210 2508 fingam
228 2465 420 2497 fabulosam
440 2465 624 2507 originem,
649 2466 707 2497 sed
727 2465 878 2498 recitabo
897 2467 1066 2510 quaedam

84 2514 262 2555 historica,
286 2522 367 2548 nota
385 2516 563 2556 omnibus,
584 2516 643 2560 qui
664 2528 733 2548 uon
751 2523 830 2549 suut
849 2516 960 2557 ignari
977 2516 1069 2548 Ger-

83 2568 301 2600 manicarum
336 2563 573 2601 historiarum.
633 2565 722 2599 Cum
753 2564 942 2599 Lotharius
967 2566 1069 2608 Saxo,

85 2618 280 2661 Imperator
304 2617 441 2661 sapiens
463 2625 495 2651 et
518 2617 781 2660 magnanimus,
816 2618 1004 2650 exercitum
1031 2618 1067 2650 in

84 2667 220 2702 ltaliam
246 2667 418 2708 mitteret,
454 2669 494 2700 ad
523 2668 704 2701 intestinas
734 2668 922 2701 seditiones
947 2670 1067 2713 oppri-

671 106 830 142 DECL.
865 106 937 142 DE
973 106 1238 150 SlBXLLA,
1272 109 1558 147 PRINCIPE.

2075 119 2122 151 70

1110 194 1114 245 ι
1139 193 1285 225 mendas
1313 201 1343 226 et
1378 197 1419 227 ad
1453 198 1676 240 expellendos
1704 198 1914 239 Saracenos,
1957 204 2118 244 praefecit

1137 243 1306 276 exercitui
1323 245 1505 279 Albertum
1527 257 1757 290 cognomento
1777 249 1921 292 Ursum,
1946 259 2066 285 natum
2087 254 2122 286 iu

1137 293 1269 326 familia
1295 292 1472 328 Comitum
1499 299 1540 330 de
1559 298 1749 334 Balleustet
1777 309 1807 334 et
1831 303 2000 343 Ascania,
2028 304 2121 337 scitis

1137 351 1252 377 autem
1272 343 1458 378 Ascaniam
1476 359 1587 380 arcem
1606 357 1639 383 et
1662 352 1830 394 oppidum
1850 365 1921 384 esse
1947 366 2017 386 non
2042 367 2122 397 pro-

1137 395 1193 426 cul
1212 395 1255 427 ab
1272 394 1533 432 Halberstadio.
1577 398 1693 433 Huius
1712 402 1847 435 Alberti
1865 404 2007 437 Ascanii
2026 412 2121 437 tanta

1136 445 1201 478 suit
1225 446 1394 489 sapientia
1423 454 1454 480 et
1472 449 1598 487 virtus,
1625 458 1661 483 ut
1681 451 1715 483 in
1738 452 1834 485 ltalia
1862 455 1986 496 partim
2005 457 2121 488 consi·

1136 496 1204 536 lio,
1235 497 1360 539 partim
1380 499 1582 541 praeliando
1601 507 1633 532 et
1651 502 1861 536 domesticos
1881 506 2051 538 tumultus
2068 518 2122 538 se-

1136 547 1289 584 daverit,
1317 555 1349 580 et
1365 548 1557 582 Saracenos
1579 553 1793 593 represserit.
1840 553 1964 587 Postea
1982 564 2118 590 secutus

1136 594 1327 630 Lotharius
1351 598 1386 630 in
1408 598 1506 632 ltalia
1535 601 1687 644 expulsis
1706 601 1906 643 Saracenis,
1934 618 2051 648 pacem
2072 608 2121 639 le-

1135 648 1252 690 gibus,
1294 649 1433 682 iudiciis
1469 658 1501 683 et
1537 651 1721 694 praesidiis
1756 654 1931 696 sapienter
1958 658 2120 691 munivit.

1134 697 1224 731 Cum
1242 706 1357 732 autem
1377 707 1459 733 tunc
1475 708 1573 734 vetus
1590 702 1720 735 familia
1741 702 1988 738 Marchionum
2006 705 2120 739 Bran-

1135 750 1434 793 denburgensium
1454 750 1656 785 Electorum
1683 754 1831 787 extincta
1857 763 1964 797 esset,
1987 755 2119 791 Lotha-

1134 799 1206 832 rius
1225 799 1418 844 Imperator
1436 809 1571 835 tantum
1589 803 1711 837 tribuit
1728 804 1998 840 virtutiAlberti
2013 806 2121 841 Asca-

1134 850 1204 890 nii,
1240 858 1277 884 ut
1310 852 1340 883 ei
1374 849 1573 885 Marchiam
1605 860 1637 886 et
1668 853 1945 897 pulcherrimum
1976 856 2119 903 ἀξίωμα

1132 899 1335 934 Electorum
1352 903 1513 938 traderet.
1556 902 1627 937 Nec
1643 905 1739 938 aliud
1758 904 2046 942 honorificentius
2064 910 2119 943 iu·

1133 951 1263 984 dicium
1290 953 1332 984 de
1354 951 1499 986 Alberto
1524 955 1568 987 ab
1590 953 1819 998 Imperatore,
1846 958 1944 991 cuius
1971 960 2037 993 suit
2061 973 2119 993 ex—

1133 1002 1262 1034 cellens
1285 1003 1472 1047 sapientia,
1510 1005 1582 1037 fieri
1608 1006 1739 1049 potuit,
1777 1020 1879 1052 quam
1904 1011 1997 1053 quod
2023 1012 2118 1044 auxit

1132 1053 1207 1085 eius
1223 1054 1415 1097 potentiam
1433 1055 1568 1088 ditione
1590 1063 1703 1097 tanta,
1731 1064 1764 1090 et
1784 1060 1922 1092 ornavit
1940 1060 2119 1102 dignitate,

1132 1116 1199 1148 qua
1218 1116 1290 1136 nou
1308 1105 1373 1137 alia
1396 1103 1577 1148 pulchrior
1595 1114 1642 1139 est
1664 1108 1700 1140 iu
1720 1120 1845 1150 genere
1864 1107 2031 1146 humano,

1233 1171 1326 1205 Huic
1344 1172 1491 1207 Alberto
1515 1172 1665 1208 Ascanio
1689 1177 1751 1209 filii
1775 1178 1917 1212 suerunt
1942 1192 2019 1212 cum
2046 1183 2119 1222 alii,

1132 1230 1204 1257 tum
1231 1230 1264 1256 et
1286 1223 1490 1258 Bernardus
1514 1226 1575 1270 qui
1602 1227 1699 1260 duxit
1731 1229 1918 1262 exercitum
1944 1231 2117 1265 Friderici

1131 1273 1365 1307 Barbarossae
1385 1275 1420 1307 iu
1440 1275 1550 1308 ltalia.
1583 1275 1672 1310 Cum
1688 1286 1803 1311 autem
1819 1278 1994 1314 Henricus
2008 1282 2119 1316 Guel-

1130 1325 1185 1356 sus
1202 1332 1435 1366 cognomento
1453 1325 1645 1369 Superbus,
1670 1328 1748 1361 Dux
1767 1329 1939 1363 Saxoniae
1957 1339 1990 1365 et
2007 1332 2118 1366 Bava-

1131 1372 1220 1411 riae,
1248 1370 1497 1415 imperatorem
1518 1377 1553 1406 in
1574 1376 1672 1408 Italia
1689 1379 1854 1412 seditioso
1880 1382 2028 1414 consilio
2054 1385 2117 1416 de-

1129 1422 1310 1462 seruisset,
1338 1430 1370 1456 et
1396 1421 1475 1455 Dux
1497 1422 1670 1459 Ileuricus
1698 1435 1813 1470 postea
1839 1433 2053 1476 proscriptus
2080 1436 2116 1467 in

1133 1470 1295 1513 Angliam
1322 1472 1481 1514 fugisset,
1517 1474 1552 1506 in
1579 1481 1676 1509 tanto
1705 1477 1917 1513 Germaniae
1950 1484 2118 1526 periculo,

1131 1522 1365 1564 prudentiam,
1390 1523 1554 1556 virtutem
1573 1532 1605 1558 et
1622 1526 1724 1558 fidem
1743 1534 1874 1562 tantam
1894 1543 1965 1564 esse
1983 1533 2019 1566 in
2032 1533 2116 1568 Ber-

1131 1572 1241 1604 nardo
1260 1570 1413 1605 Ascanio
1433 1572 1634 1608 Fridericus
1652 1577 1831 1619 iudicavit,
1858 1588 1895 1614 ut
1913 1582 1941 1614 ei
1962 1590 1995 1616 et
2012 1585 2118 1618 ditio-

1129 1634 1208 1654 nem
1227 1621 1436 1656 saxonicam
1461 1626 1501 1657 ad
1520 1624 1661 1667 Albim,
1692 1635 1725 1661 et
1744 1642 1891 1674 quarum
1913 1644 2047 1668 summa
2067 1644 2116 1669 est

1129 1673 1279 1714 dignitas
1305 1681 1339 1707 et
1357 1675 1524 1708 autoritas
1542 1675 1713 1710 Ascaniac
1733 1687 1763 1712 et
1781 1679 1997 1717 Anhaltiuae
2015 1686 2115 1719 sami·

1130 1724 1213 1763 liae,
1247 1736 1334 1768 quas
1355 1725 1496 1769 quidem
1522 1728 1674 1771 amplius
1689 1730 1849 1764 ducentis
1866 1735 1967 1766 annis
1992 1749 2114 1779 magna

1128 1787 1205 1807 cum
1224 1774 1333 1817 gloria
1352 1776 1508 1817 retinuit,
1536 1790 1573 1810 ac
1591 1780 1718 1822 posteri
1738 1781 1874 1815 Alberti
1895 1791 1924 1816 et
1943 1784 2114 1820 Bernardi

1127 1837 1252 1867 magna
1272 1826 1400 1858 virtute
1421 1828 1655 1863 defenderunt
1678 1828 1767 1864 hanc
1786 1831 2000 1868 Germaniae
2018 1850 2114 1870 oram

1127 1877 1293 1909 adversus
1309 1875 1475 1918 Henetus,
1502 1877 1690 1918 Bohemos,
1719 1881 1874 1916 Polouos
1893 1893 1923 1918 et
1938 1886 2114 1924 'l‘m-taros.

1128 1925 1249 1972 Aliqui
1282 1928 1384 1960 etiam
1418 1928 1453 1961 iu
1486 1929 1624 1975 Syriam
1650 1934 1825 1967 duxeruut
1851 1934 2020 1970 Friderici
2052 1940 2114 1973 Se-

1127 1978 1232 2010 cundi
1252 1978 1433 2011 exercitus.

1227 2045 1369 2079 Certum
1394 2053 1441 2079 est
1462 2055 1576 2081 autem
1603 2051 1770 2084 contiuua
1796 2053 1883 2085 serie
1904 2055 1947 2086 ab
1965 2055 2112 2091 Alberto

1126 2094 1298 2136 Ascanio,
1334 2104 1366 2130 et
1392 2110 1409 2130 a
1437 2096 1621 2131 Bernardo
1646 2099 1744 2134 Duce
1775 2103 1947 2137 Saxouiae
1973 2105 2111 2143 Alberti

1126 2147 1197 2179 filio
1216 2154 1310 2180 ortos
1338 2159 1409 2180 esse
1430 2149 1606 2193 principes
1624 2149 1855 2194 Anbaltiuos,
1883 2156 1942 2200 qui
1960 2165 2110 2193 veterem

1126 2198 1273 2241 patriam
1299 2196 1364 2230 Dei
1390 2199 1558 2232 beneficio
1578 2199 1693 2235 adlmc
1717 2205 1904 2246 possident.
1962 2206 2112 2254 Fuitque

1125 2256 1241 2281 nostra
1258 2250 1426 2282 memoria
1446 2252 1630 2294 praecipue
1646 2254 1759 2286 clarus
1779 2262 1880 2288 uatus
1903 2257 1937 2289 iu
1957 2271 1993 2291 ea
2012 2260 2111 2293 sami-

1125 2300 1170 2331 lia
1189 2298 1403 2344 Rodolphus
1419 2299 1647 2341 Auhaltinus,
1676 2305 1734 2348 qui
1754 2304 1977 2349 lmperatoris
1995 2310 2109 2344 Maxi-

1123 2350 1261 2383 miliaui
1282 2352 1452 2384 exercitus
1467 2352 1501 2384 iu
1524 2351 1619 2385 ltalia
1640 2355 1749 2392 duxit,
1776 2363 1804 2389 et
1823 2368 1922 2401 saepe
1940 2360 2110 2395 foeliciter

1123 2413 1202 2434 cum
1222 2400 1366 2435 Venetis
1395 2409 1424 2435 et
1456 2401 1535 2434 lulii
1562 2402 1741 2438 l‘outificis
1759 2408 1866 2450 copiis
1884 2410 2072 2445 dimicavit.

1226 2467 1406 2501 vetustam
1433 2468 1674 2511 nobilitatem,
1709 2479 1738 2505 et
1768 2486 1896 2508 nomen
1915 2480 2107 2513 vetustissi-

1122 2531 1199 2551 mae
1215 2519 1303 2551 arcis
1319 2526 1347 2550 et
1367 2519 1519 2551 familiae
1535 2517 1706 2554 Ascaniae
1724 2523 1863 2558 iudicat.
1912 2526 2106 2563 'l'nisconas

1123 2570 1216 2602 euim
1234 2570 1277 2602 ab
1296 2567 1431 2602 Ascaue
1450 2570 1569 2611 dirtos,
1595 2573 1785 2606 multorum
1804 2577 2013 2621 scriptorum
2031 2583 2106 2624 opi-

1123 2620 1182 2652 nio
1201 2627 1266 2658 est,
1294 2620 1353 2664 qui
1375 2621 1534 2653 vocabuli
1553 2623 1731 2658 vicinitate.
1755 2637 1962 2666 moventur,
1991 2643 2027 2661 ac
2045 2633 2105 2664 de-

1123 2671 1231 2703 lector
1257 2671 1399 2702 nomine
1426 2669 1588 2712 Asu-mis,
1623 2675 1703 2718 quia
1734 2677 1872 2710 videtur
1896 2692 1912 2711 a
1939 2681 2106 2722 religione

1442 2718 1495 2755 5*
