2324 2955
193 115 264 151 671

374 199 438 230 De
463 191 672 229 secunda
707 192 997 235 quaestione,

478 243 649 279 videlicet
680 241 726 275 dc
755 245 893 275 causis.

299 325 397 361 x'lll.
434 324 588 358 illustria
606 323 806 356 testimonia
825 329 906 355 sunt
924 321 996 354 veri
1014 328 1047 354 et
1063 322 1178 364 magni

198 378 326 413 amoris
342 377 378 408 in
398 375 471 409 Deo
491 386 568 418 erga
586 385 694 417 genus
714 372 930 414 humanum,
965 373 1060 416 quod
1085 378 1118 405 et
1143 373 1179 404 in

199 428 372 462 creatione
391 427 427 458 in
447 438 510 459 nos
533 425 722 458 transfudit
744 436 825 456 suae
849 423 1041 466 sapientiae
1067 429 1100 455 et
1126 422 1180 454 iu-

200 479 317 513 sticiae
342 478 476 516 radios,
518 482 551 508 et
577 475 704 507 deinde
731 474 842 506 tilium
867 486 930 517 pro
956 473 1058 505 nobis
1079 473 1180 506 victi—

199 541 290 562 mam
308 539 378 560 esse
395 526 524 564 voluit,
554 537 598 557 ne
617 531 728 558 totum
749 536 856 565 genus
873 521 1065 556 humanum
1090 523 1181 566 peri-

199 587 269 617 ret,
310 586 343 612 et
369 578 462 622 quod
489 577 526 608 in
550 587 613 608 nos
636 575 784 607 esl'undit
807 573 979 617 Spiritum
1012 580 1181 610 sanctum,

200 630 260 675 qui
287 636 337 662 est
362 624 557 671 ὐμοούσιος
583 632 724 658 aeterno
750 625 841 669 patri
863 630 896 657 et
920 624 993 657 filio
1018 624 1091 657 eius
1107 622 1182 657 Do-

199 680 296 713 mino
316 685 435 711 nostro
455 677 532 710 lesu
550 674 705 711 Christo,

299 745 361 778 lx.
390 743 461 778 Nec
478 755 559 776 vero
576 743 688 775 maius
704 754 741 774 ac
757 741 880 774 melius
898 741 1083 785 quicquam
1101 742 1182 772 dare

200 797 296 830 Deus
315 802 443 838 potest,
470 806 574 838 quam
593 791 683 825 lianc
699 793 801 825 talem
818 791 1015 824 societatem
1033 791 1087 824 sui
1103 790 1182 834 Spi-

200 849 307 886 ritus,
334 857 403 889 quo
423 856 487 877 nos
504 855 582 876 cnm
603 843 788 876 divinitate
807 842 967 885 copulat,
1001 847 1035 874 et
1060 853 1183 873 accen-

201 898 253 930 dit
287 896 323 928 in
357 895 460 928 nobis
491 905 608 926 veram
644 893 756 925 lucem
769 917 778 930 ‚
816 892 988 924 iusticiam
1011 898 1045 924 et
1066 892 1184 923 vitam.

202 947 363 990 Suntque
397 944 583 978 execrandi
615 944 750 975 furores
784 941 1071 983 Pelagianorum,
1124 940 1185 984 qui

201 995 379 1030 horrenda
398 995 574 1038 impietate
590 1000 622 1026 et
640 992 892 1036 ingratitudine
913 998 1042 1033 negant
1062 989 1184 1024 Eccle-

202 1048 272 1080 siae
287 1047 363 1079 dari
380 1045 552 1089 Spiritum
573 1050 752 1081 sanctum,
780 1049 814 1075 et
838 1042 986 1085 superbe
1009 1042 1184 1073 affirmant

202 1096 361 1130 homines
384 1096 452 1138 legi
470 1094 536 1127 Dei
560 1094 755 1126 satisfacere
779 1103 880 1135 posse
905 1091 1057 1134 propriis
1081 1088 1185 1123 liuius

202 1148 348 1180 miserae
366 1153 398 1180 et
416 1144 653 1188 languefactae
672 1149 818 1176 naturae
835 1141 982 1176 viribus.

305 1213 349 1246 Χ.
384 1211 460 1246 Etsi
479 1219 511 1245 et
532 1222 603 1244 non
629 1208 741 1243 renati
767 1208 885 1252 aliquo
910 1208 1015 1240 modo
1041 1213 1187 1249 possunt

205 1271 345 1298 externa
370 1264 454 1306 legis
475 1273 580 1305 opera
606 1261 736 1299 sacere,
770 1259 851 1303 quia
877 1265 916 1291 ut
939 1257 1124 1300 disciplina
1150 1257 1187 1288 in

204 1322 277 1348 toto
305 1325 430 1356 genere
453 1310 608 1344 humano
631 1316 805 1347 servetur,
847 1315 879 1341 et
911 1308 1041 1340 servari
1069 1307 1188 1351 possit,

205 1364 319 1397 voluit
341 1363 434 1396 Deus
459 1360 548 1394 hanc
573 1361 769 1394 libertatem
797 1358 967 1402 reliquam
991 1369 1077 1398 esse,
1120 1370 1187 1401 qua

205 1415 367 1447 voluntas
388 1411 542 1446 humana
565 1411 653 1453 regit
677 1417 816 1443 externa
841 1409 1016 1448 membra,
1052 1419 1110 1440 scu
1136 1408 1188 1440 lo-

206 1465 436 1503 comofivam,
463 1469 502 1495 ut
519 1462 643 1494 usitate
661 1460 859 1504 loquimur,
894 1465 1011 1491 tamen
1031 1458 1106 1490 sine
1126 1470 1188 1490 au-

204 1515 289 1547 xilio
314 1514 467 1558 Spiritus
490 1511 599 1545 sancti
624 1523 695 1544 non
720 1507 908 1542 inchoatur
934 1509 1082 1541 interior
1104 1509 1188 1540 obe-

207 1564 350 1598 dientia.
552 1558 558 1563 ’

310 1630 372 1663 XI.
408 1627 521 1662 Datur
545 1634 659 1660 autem
684 1625 836 1669 Spiritus
860 1631 1015 1664 sanctus,
1049 1636 1126 1656 cnm
1152 1624 1188 1655 in

209 1680 437 1716 conversione
462 1690 522 1712 seu
548 1676 762 1722 poenitentia
786 1687 904 1708 vocem
920 1673 1106 1716 Evangelii
1127 1686 1189 1707 au·-

210 1734 326 1765 dimus
343 1737 375 1764 et
391 1730 601 1772 cogitamus,
640 1733 673 1759 et
698 1726 802 1758 corda
826 1725 893 1757 fide
917 1725 1118 1767 eriguntur,
1158 1731 1188 1757 et

212 1785 246 1815 in
265 1795 304 1815 ea
328 1780 567 1814 consolatione
591 1783 829 1811 sustentantur
852 1775 1030 1817 agnitione
1053 1774 1191 1807 miseri-

211 1833 349 1865 rordiae
363 1829 447 1870 Dei,
475 1836 508 1862 et
524 1829 697 1871 incipiunt
713 1826 928 1871 acquiescere
945 1825 982 1857 in
991 1823 1086 1864 Deo,
1112 1836 1190 1857 eum

211 1885 391 1921 iuvocare,
419 1887 452 1913 et
474 1887 512 1912 ut
527 1878 656 1912 Paulus
681 1877 816 1921 inquit,
843 1877 992 1909 clamare
1009 1872 1111 1908 Abba
1130 1886 1192 1918 pa-

210 1942 274 1966 ter.
339 1931 419 1964 Ideo
442 1928 572 1963 Paulus
596 1927 757 1961 nominat
778 1925 1010 1969 Evangelium
1033 1925 1193 1958 ministe-

212 1984 305 2016 rium
332 1981 496 2025 Spiritus,
564 1978 668 2012 Item:
707 1975 939 2018 Evangelium
966 1982 1016 2008 est
1039 1976 1192 2019 potentia

210 2033 277 2068 Dei
300 2034 342 2065 ad
365 2032 510 2065 salutem
534 2028 634 2063 omni
657 2027 824 2061 credenti.
888 2025 935 2060 Et
960 2026 997 2058 in
1024 2024 1193 2059 Zacharia

212 2084 358 2117 dicitur:
392 2080 585 2115 Effundam
603 2091 707 2122 super
729 2079 874 2111 domum
891 2076 1007 2111 David
1023 2076 1194 2120 Spiritum

214 2134 343 2175 gratiae
361 2139 394 2165 et
419 2142 583 2176 precum,
616 2129 781 2162 videlicet
808 2139 878 2172 quo
903 2139 1124 2167 moveamur,
1157 2133 1196 2160 ut

216 2183 440 2217 assentientes
458 2181 534 2214 voci
553 2178 740 2222 Evangelii
758 2184 951 2211 statuamus
975 2189 1040 2210 nos
1064 2189 1135 2210 esse
1158 2177 1195 2209 in

216 2235 343 2275 gratia,
377 2240 409 2267 et
436 2231 500 2265 hac
524 2231 591 2264 fide
618 2230 820 2263 accedentes
846 2229 889 2261 ad
913 2227 1028 2262 Deum
1055 2228 1196 2261 invoce-

215 2296 312 2324 mus,
338 2290 404 2318 etc.

320 2347 403 2382 ΧΠ.
445 2345 672 2381 Concurrunt
697 2344 813 2389 itaque
840 2341 905 2377 hae
938 2356 1077 2385 causae,
1119 2357 1197 2377 ver-

221 2404 303 2433 bum
320 2397 405 2438 Dei,
439 2404 472 2430 et
489 2396 642 2440 Spiritus
669 2401 808 2428 sanctus
830 2395 1010 2428 illustrans
1033 2403 1197 2436 mentem,

221 2457 254 2484 et
275 2449 445 2483 adiuvans
476 2448 710 2483 voluntatem,
750 2452 783 2478 et
809 2446 973 2479 voluntas
995 2457 1069 2478 non
1095 2457 1198 2489 repu-

221 2511 351 2543 gnans,
378 2499 436 2530 sed
457 2497 664 2535 assentiens,
689 2502 723 2528 et
739 2496 882 2540 quidem
902 2508 982 2529 cum
1009 2496 1076 2528 iam
1100 2496 1199 2529 iuve-

222 2559 280 2585 tur
295 2549 431 2594 Spiritu
448 2552 565 2579 sancto
578 2573 586 2585 ‚
611 2547 746 2579 luctans
763 2553 795 2579 et
813 2546 886 2589 ipsa
904 2558 982 2579 cum
1000 2546 1200 2580 infirmitate

222 2608 360 2640 nostra,
388 2605 419 2631 et
436 2608 509 2630 non
528 2596 713 2638 indulgens
731 2596 968 2638 dissidentiae,
991 2604 1023 2632 et
1048 2597 1126 2631 aliis
1149 2598 1198 2631 vi-

223 2651 322 2687 tiosis
339 2648 533 2683 affectibus-

959 100 1440 140 DISPUTATIONES

2135 104 2207 140 672

1330 185 1430 221 Xlll.
1464 185 1691 232 Nequaquam
1710 187 1803 220 enirn
1829 188 1876 220 ita
1899 188 2121 231 cogitandum
2141 195 2207 222 est:

1232 238 1425 280 Indulgebo
1445 237 1658 271 diffidentiae
1675 245 1735 271 aut
1760 249 1886 281 pravae
1908 239 2109 282 cupiditati,
2144 241 2209 272 do-

1231 300 1294 320 nec
1309 299 1449 320 sensero
1467 285 1555 319 mihi
1572 288 1667 322 velut
1682 295 1820 328 coacto,
1854 288 1940 321 alios
1963 299 2073 321 novos
2092 297 2209 324 motus

1231 338 1355 371 insitos
1378 349 1469 378 esse,
1512 338 1571 370 sed
1597 338 1748 372 luctetur
1773 339 1953 379 voluntas,
1997 350 2040 371 ne
2063 340 2209 382 repellat

1231 388 1402 432 Spiritum
1426 393 1595 422 sanctum.
1651 387 1723 421 Nee
1753 400 1874 421 sensus
1905 400 1964 421 seu
1996 389 2210 432 experientia

1231 445 1430 482 praecurrat
1448 438 1571 477 fidem,
1599 443 1638 470 ut
1656 449 1735 471 cum
1751 439 1908 482 exploras
1928 451 1971 471 an
1990 451 2078 484 aqua
2097 439 2210 472 calida

1233 490 1277 522 sit
1305 495 1365 522 aut
1388 488 1537 530 frigida,
1572 489 1632 520 sed
1666 488 1750 521 fides
1780 490 1960 523 antecedat
1988 501 2125 523 sensum
2151 496 2211 522 aut

1233 540 1397 572 laetitiam
1416 538 1453 570 in
1468 539 1582 573 corde.
1633 537 1741 572 Recte
1761 538 1866 581 igitur
1880 539 2012 572 dictum
2029 547 2093 573 est:
2122 539 2211 573 ἕλκει

1231 587 1300 634 μὲν
1318 587 1336 623 ὁ
1356 586 1462 632 θεὸς,
1487 584 1718 633 βουλό,ιιενοι’
1740 585 1780 622 δὲ
1804 587 1904 623 ἕλκει,
1957 587 2002 622 Et
2026 589 2117 622 istud
2137 589 2212 622 Au-

1207 663 1209 674 <
1233 640 1379 683 gustini:
1407 638 1600 673 Praeeunte
1619 639 1749 681 gratia,
1775 640 1962 672 eomitante
1981 639 2171 673 voluntate.

1334 688 1432 722 XIV.
1465 688 1545 722 Non
1564 689 1608 723 sit
1631 689 1737 732 igitur
1759 689 1882 732 ignava
1907 690 2086 731 voluntas,
2112 702 2212 734 prae-

1234 741 1352 774 sertim
1371 751 1449 772 cum
1470 739 1622 783 Spiritus
1647 746 1785 772 sanctus
1810 740 1991 773 restituere
2015 741 2212 774 libertatem

1235 791 1397 834 coeperit,
1421 801 1538 822 severe
1555 790 1702 833 imperet
1718 791 1868 823 externis
1884 791 2062 831 membris,
2082 797 2214 835 pugnet

1234 848 1272 874 nt
1289 841 1437 873 retineat
1455 839 1520 872 Dei
1542 841 1687 875 donum.
1741 839 1859 882 Quare
1875 839 2005 873 Paulus
2028 841 2214 885 praecipit:

1237 890 1423 924 Ambulate
1439 897 1614 931 accurate,
1642 901 1714 922 non
1731 897 1768 923 ut
1785 890 1891 931 fatui,
1918 891 1953 923 id
1976 898 2041 932 est,
2068 892 2214 936 quibus-

1235 942 1320 974 libet
1352 940 1581 984 opinionibus
1618 941 1693 973 sine
1735 941 1866 973 iudicio
1897 941 2148 986 applaudentes
2183 949 2216 974 et

1236 998 1374 1024 ruentes
1391 1003 1459 1035 quo
1476 991 1664 1034 impellunt
1680 997 1833 1023 errantes
1853 991 2071 1034 cupiditates.
2114 990 2160 1025 Et
2178 992 2214 1024 in

1236 1041 1374 1074 Psalmo
1391 1041 1535 1073 dicitur:
1565 1040 1683 1073 Nolite
1700 1041 1773 1073 sieri
1792 1041 1880 1073 sicut
1899 1053 2009 1085 equus
2030 1048 2063 1074 et
2088 1042 2216 1076 mulus.

1235 1089 1281 1123 Et
1299 1102 1377 1122 cum
1395 1101 1474 1122 vere
1491 1090 1622 1122 dictum
1639 1090 1698 1122 sit:
1727 1090 1849 1123 Vitare
1865 1098 2014 1133 peccata,
2041 1098 2091 1125 est
2107 1091 2216 1126 vitare

1237 1140 1434 1172 occasiones
1450 1145 1692 1182 peccatorum,
1721 1139 1849 1183 aliquis
1873 1146 1922 1171 est
1947 1141 2043 1173 locus
2067 1141 2218 1183 diligen-

1237 1191 1304 1223 tiae
1321 1188 1495 1222 humanae
1512 1189 1548 1221 in
1573 1188 1726 1221 vitandis
1748 1189 2004 1231 occasionibus,
2035 1197 2073 1224 ut
2092 1189 2218 1234 loseph

1238 1241 1370 1273 vitabat
1404 1239 1578 1283 colloquia
1612 1239 1799 1272 familiaria
1828 1239 2002 1275 dominae.
2064 1239 2219 1283 Agamus

1238 1297 1352 1323 autem
1369 1288 1444 1322 Deo
1472 1289 1599 1332 gratias
1621 1289 1703 1322 totis
1725 1289 1945 1333 pectoribus,
1972 1291 2067 1334 quod
2094 1291 2132 1323 in
2154 1288 2218 1324 hac

1238 1352 1362 1383 magna
1386 1339 1626 1372 imbecillitate
1649 1351 1712 1372 nos
1737 1339 1906 1373 luctantes
1923 1350 1984 1373 suo
2003 1339 2139 1384 Spiritu
2157 1342 2219 1374 ad-

1239 1392 1354 1431 iuvat,
1393 1390 1482 1432 regit
1507 1389 1651 1422 consilia
1677 1390 1714 1422 in
1736 1389 1857 1422 multis
1880 1390 2002 1431 rebus,
2039 1402 2127 1435 quae
2150 1388 2219 1425 hu-

1239 1453 1340 1474 mana
1359 1440 1544 1484 prudentia
1563 1440 1635 1482 regi
1653 1452 1726 1472 non
1742 1446 1907 1483 possunt,
1934 1440 2040 1474 flectit
2056 1442 2218 1474 volunta-

1239 1498 1306 1524 tem
1323 1492 1363 1523 ad
1385 1491 1495 1528 bona,
1522 1490 1684 1533 reprimit
1704 1490 1906 1522 temerarios
1925 1489 2076 1534 impetus
2093 1491 2219 1529 cordis,

1239 1543 1298 1574 dat
1325 1542 1437 1573 bonos
1462 1540 1574 1572 exitus
1600 1540 1637 1571 in
1661 1539 1813 1581 negociis
1837 1539 2153 1581 inextricabilibus,
2188 1548 2220 1574 et

1239 1592 1420 1624 confirmat
1449 1596 1582 1622 mentes
1610 1596 1643 1622 et
1666 1589 1883 1630 voluntates,
1926 1601 1970 1622 ne
1995 1601 2014 1623 a
2037 1589 2113 1624 Deo
2135 1592 2220 1623 dess-

1239 1642 1342 1674 ciant.
1395 1640 1495 1673 Sicut
1508 1639 1639 1672 Paulus
1655 1639 1789 1684 inquit,
1815 1638 1941 1673 Roma.
1963 1639 2010 1672 8.:
2045 1638 2086 1673 τὸ
2111 1643 2220 1675 πνεῦ-

1238 1704 1291 1735 μα
1313 1685 1700 1734 συναντιλαμβάνεται
1716 1689 1797 1726 ταῖς
1815 1686 2012 1728 ἀσθενείας
2030 1687 2146 1734 ἡμῶν.

1448 1774 1515 1807 De
1542 1774 1690 1805 tertia
1719 1774 2018 1816 quaestione:

1364 1823 1543 1866 Quomodo
1570 1823 1724 1867 placeat
1751 1833 1845 1856 nova
1873 1821 2093 1859 obedientia.

1342 1890 1422 1926 XV.
1455 1888 1544 1923 Cum
1564 1889 1601 1920 in
1618 1886 1682 1922 hac
1699 1889 1839 1921 mortali
1862 1889 1932 1923 vita
1952 1891 2055 1923 nobis
2078 1892 2115 1924 in
2139 1904 2223 1925 con-

1244 1948 1361 1986 spectu
1379 1941 1450 1974 sint
1464 1940 1595 1973 multae
1612 1945 1750 1972 nostrae
1767 1940 1903 1981 sordes,
1931 1941 2130 1976 excruciant
2147 1944 2224 1975 ani-

1243 2004 1318 2025 mos
1345 1998 1378 2025 et
1405 1990 1603 2034 impediunt
1631 1989 1887 2023 invocationem
1906 1987 1969 2023 hae
1986 1991 2226 2026 dubitationes

1244 2043 1420 2081 assiduae,
1455 2053 1499 2074 an
1527 2041 1725 2084 placeamus
1747 2038 1843 2082 Deo,
1875 2052 1921 2073 an
1945 2041 2030 2075 tales
2054 2043 2225 2084 exaudiat,

1245 2106 1289 2126 an
1305 2093 1389 2127 tales
1404 2091 1523 2125 fecerit
1539 2089 1706 2123 haeredes
1722 2091 1812 2124 vitae
1840 2097 2011 2127 aeternae.
2079 2092 2224 2126 Necesse

1246 2151 1295 2176 est
1312 2150 1425 2177 autem
1442 2142 1631 2174 discrimen
1647 2152 1719 2174 esse
1728 2139 1903 2174 Ecclesiae
1912 2140 1989 2181 Dei,
2016 2149 2050 2176 et
2065 2143 2223 2176 omnium

1248 2194 1397 2227 aliorum
1432 2190 1636 2234 hominum,
1679 2191 1740 2235 qui
1763 2203 1835 2224 non
1858 2198 1939 2225 sunt
1963 2204 2042 2225 vera
2067 2194 2222 2227 membra

1245 2242 1422 2277 Ecclesiae
1446 2241 1525 2275 Dei.
1582 2241 1758 2275 Dubitant
1785 2243 1827 2275 de
1852 2243 2030 2275 voluntate
2054 2241 2119 2275 Dei
2146 2256 2224 2287 erga

1248 2307 1282 2327 se
1300 2295 1365 2327 viri
1383 2299 1597 2338 praestantes
1617 2292 1765 2333 virtute,
1793 2291 1982 2329 Aristides,
2010 2292 2225 2337 Xenophon,

1248 2345 1397 2379 Atticus,
1456 2342 1525 2377 Sed
1550 2340 1749 2383 Abraham,
1773 2341 1934 2382 Petrum,
1959 2341 2131 2386 Paulum,
2164 2357 2225 2378 ne-

1248 2407 1339 2429 cesse
1356 2401 1407 2428 est
1422 2406 1495 2427 non
1512 2393 1691 2433 dubitare,
1716 2404 1760 2426 an
1777 2390 1851 2425 Deo
1875 2392 2052 2435 placeant,
2086 2406 2131 2428 an
2156 2396 2226 2430 sint

1250 2447 1286 2479 in
1316 2446 1444 2489 gratia,
1477 2457 1522 2477 an
1554 2443 1786 2477 exaudiantur
1814 2453 1832 2475 a
1857 2440 1951 2483 Deo,
1994 2443 2087 2478 iuxta
2118 2445 2224 2479 illud:

1251 2496 1370 2530 Omne
1386 2496 1480 2541 quod
1496 2506 1569 2529 non
1584 2500 1633 2527 est
1651 2504 1689 2525 ex
1706 2492 1773 2525 fide
1794 2499 1972 2536 peccatum
1991 2501 2050 2529 est.

1351 2545 1448 2581 XVI.
1491 2545 1610 2587 Quare
1637 2542 1787 2576 maxime
1815 2545 2046 2577 necessarium
2079 2552 2147 2584 est,
2189 2547 2226 2580 in

1251 2604 1345 2630 tanta
1363 2593 1648 2629 dissimilitudine
1666 2599 1697 2626 et
1715 2592 1916 2627 infirmitate
1931 2594 2111 2636 virtutum,
2134 2603 2226 2630 certo

1252 2648 1355 2688 scire,
1384 2646 1559 2691 quomodo
1584 2644 1744 2688 placeant
1769 2642 1844 2677 Deo
1870 2645 2026 2680 membra
2044 2643 2227 2681 Ecclesiae.
