2324 2955
90 125 163 160 249

90 209 264 254 aptissime
299 207 476 247 distincti,
509 213 541 239 et
570 213 746 239 menstrua
780 206 974 239 variatione
998 203 1071 236 Lu-

90 271 169 300 nae,
197 260 308 304 deque
327 265 540 291 caeterarum
563 257 741 290 stellarum
766 263 845 289 ortu
870 256 995 299 cogitet
1019 261 1070 287 at-

88 359 157 405 ὅπη
179 356 269 405 ἠώς,
299 367 336 392 ut
361 359 451 402 apud
472 357 664 391 Homerum
688 359 835 396 dicitur,
865 359 956 403 quod
978 356 1071 390 mul-

88 412 132 444 tis
155 423 218 444 usu
245 410 350 443 venit.
402 407 476 441 Etsi
505 421 621 442 causas
641 410 865 442 mediocriter
888 408 1069 449 intelligat,

87 473 158 494 non
186 461 380 493 consideret
410 467 524 492 tamen
554 472 571 492 e
600 461 728 504 quibus
755 460 835 492 illae
867 461 1070 502 desumptae

86 513 156 545 sint
182 512 356 551 fontibus,
398 511 568 555 quibusve
593 512 752 544 nitantur
776 518 879 554 atque
908 510 1069 542 insistant

85 562 343 602 fundamentis,
371 569 402 595 ct
423 574 467 594 an
487 562 678 601 sufficiant,
705 573 793 605 quae
818 561 845 593 si
870 573 941 593 non
964 560 1067 592 simul

86 610 448 656 comprehendantur,
484 619 514 644 et
539 612 706 644 mediocri
733 624 793 644 ceu
822 611 1068 644 communian-

86 671 143 697 tur
171 664 468 702 consideratione,
508 662 683 706 reliquum
711 675 815 695 omne
841 660 1067 707 quantumvis

85 726 211 756 magno
243 721 381 758 partum
417 713 696 757 acquisitumque
730 714 849 746 labore
885 712 1067 746 confestim

85 765 222 798 excidit.

188 815 229 848 In
252 813 307 848 his
329 814 428 859 prius
450 814 599 857 experiri
624 815 755 857 ingenii
773 815 862 848 vires
880 815 1068 848 convenie-

83 867 141 900 bat
156 863 398 904 scholasticos,
427 878 531 910 quam
550 866 605 898 vel
621 866 777 899 desidiae
791 866 1066 899 imbecillitatem

83 924 227 950 naturae
251 917 538 960 praetenderent,
575 917 630 948 vel
652 924 885 960 quererentur
908 918 950 949 de
975 917 1068 950 diffl-

82 968 221 1002 cultate.
274 966 362 1000 Nam
382 974 413 999 et
433 979 494 1010 per
510 978 545 999 se
562 967 823 1011 iniquissimum
841 975 889 1001 est
907 980 1067 1011 pronun-

82 1019 172 1051 ciare
189 1018 393 1062 priusquam
412 1017 620 1060 inspexeris,
647 1025 678 1051 et
695 1025 844 1051 extrema
863 1019 999 1059 ignavia
1018 1026 1068 1052 est

82 1068 233 1102 abiicere
259 1080 297 1100 ac
321 1069 489 1100 damnare
514 1074 625 1101 totum
652 1069 825 1110 studium,
863 1070 1066 1114 priusquam

81 1119 134 1152 vel
161 1119 285 1152 leviter
307 1118 497 1160 degustatis
523 1119 703 1153 elementis
723 1119 917 1163 periculum
936 1121 1068 1160 seceris,

81 1177 113 1204 et
135 1169 245 1203 animi
270 1176 320 1203 est
343 1169 514 1202 mollicies
538 1169 685 1210 iniusta,
712 1168 803 1202 nibil
825 1171 957 1204 laboris
978 1171 1067 1204 velle

80 1220 271 1264 suscipere,
299 1217 390 1252 nihil
407 1220 560 1264 perferre
578 1221 816 1254 molestiarum
836 1222 871 1253 in
890 1222 1068 1262 discendo,

81 1283 159 1304 cum
184 1271 325 1315 quidem
344 1271 470 1302 militia
491 1272 660 1315 quaedam
679 1272 721 1304 sit
740 1272 870 1304 versari
888 1272 925 1303 in
943 1273 1066 1311 literis,

81 1320 334 1364 etRespublica
351 1320 454 1352 nobis
469 1319 698 1352 maximarum
710 1332 827 1352 rernm
841 1332 958 1353 curam
972 1333 1067 1353 com-

81 1370 274 1410 mendarit,
302 1381 387 1413 quas
410 1369 500 1402 tueri
518 1369 593 1401 sine
608 1370 775 1402 acerrima
792 1370 899 1402 animi
920 1378 1066 1403 conten-

81 1422 176 1454 tione
200 1419 397 1463 nequimus.
451 1418 554 1451 Falso
579 1420 681 1452 etiam
708 1420 895 1452 difficultas
913 1421 1066 1453 elemen-

79 1471 212 1503 taribus
232 1468 593 1501 demonstrationibus
613 1469 807 1511 affingitur,
834 1471 870 1502 in
889 1471 1017 1514 quibus
1033 1478 1066 1503 et

78 1519 381 1554 commodissimus
399 1519 504 1558 ordo,
531 1531 600 1563 quo
619 1519 699 1552 illae
716 1520 807 1552 inter
824 1531 895 1553 sese
916 1521 1011 1553 velut
1028 1521 1063 1553 in

79 1570 224 1605 cathena
250 1569 373 1602 annuli
398 1581 574 1602 connexae
597 1570 848 1615 devinctaeque
866 1569 1065 1611 cohaerent,

79 1623 164 1655 adeo
187 1627 227 1654 ut
250 1620 347 1654 nulla
363 1620 466 1652 eximi
485 1632 572 1663 pene
588 1620 655 1652 nisi
676 1627 745 1654 tota
765 1621 852 1654 serie
869 1622 1064 1665 interrupta

78 1685 116 1706 ac
142 1672 309 1705 dissoluta
328 1671 455 1715 possit,
483 1677 515 1704 et
531 1671 765 1716 syllogisticae
784 1673 1064 1706 ratiocinationis

79 1722 252 1757 evidentia
277 1722 331 1754 vel
353 1733 371 1754 a
396 1721 518 1765 primis
541 1722 685 1755 ordiens
708 1723 909 1767 principiis,
943 1724 998 1756 vel
1020 1725 1062 1756 ad

78 1786 116 1807 ea
134 1785 206 1807 sese
224 1772 426 1811 revolvens,
454 1773 544 1805 levat
563 1773 736 1814 laborem,
763 1786 800 1807 ac
816 1775 966 1808 multum
984 1787 1063 1819 per-

78 1824 272 1868 spicuitatis
295 1823 412 1863 addit,
438 1823 641 1866 praesertim
663 1824 690 1856 si
716 1825 958 1858 consideretur
974 1838 1063 1871 quae

77 1876 115 1908 in
149 1875 272 1920 quavis
305 1875 606 1907 demonstratione
637 1874 725 1909 καθ’
758 1872 942 1910 ὑπόθεσιν
966 1888 1063 1909 assu-

77 1934 235 1966 mantur,
262 1937 351 1970 quae
371 1926 587 1958 ostendenda
605 1934 849 1969 proponantur
865 1928 1062 1971 praemissis

77 1989 114 2010 ac
131 1989 193 2010 ceu
209 1976 381 2010 concessis
396 1976 620 2021 quibusdam,
646 1977 798 2023 denique
809 1990 848 2011 ex
861 1978 990 2022 quibus
1001 1979 1063 2011 de-

78 2028 227 2060 ducatur
245 2033 278 2060 et
296 2027 503 2060 conficiatur
518 2023 699 2067 ἀπόδειξις
716 2029 918 2073 principiis,
944 2037 975 2063 et
993 2041 1062 2074 quo

77 2078 323 2122 progrediatur
340 2078 477 2112 ordine.
528 2077 720 2112 Elementis
738 2092 820 2113 vero
840 2080 1063 2113 mediocriter

77 2129 268 2173 perceptis,
295 2140 384 2173 quae
407 2129 443 2161 iu
468 2129 614 2173 reliquis
635 2130 768 2163 artibus
795 2132 878 2163 inde
895 2138 1063 2174 petuntur

77 2187 111 2213 et
134 2180 422 2217 exaedificant-ff,
451 2180 767 2214 demonstrationes
788 2183 874 2214 adeo
900 2193 934 2214 se
954 2189 985 2215 et
1003 2195 1062 2215 co-

75 2230 174 2272 gnitu
196 2230 314 2263 faciles
333 2236 365 2262 et
382 2230 568 2273 explicatas
587 2232 771 2274 praebent,
795 2240 833 2266 ut
849 2233 1062 2266 dulcescant.

79 2280 305 2323 lngeniorum
320 2281 644 2314 dissimilitudinem
663 2294 733 2315 non
750 2296 892 2326 parvam
908 2295 979 2317 esse
995 2284 1062 2317 sci-

76 2343 163 2364 mus.
224 2330 423 2365 Generosae
454 2339 487 2365 et
518 2329 679 2366 heroicae
709 2341 872 2373 naturae,
906 2347 994 2379 quae
1018 2336 1060 2367 ad

76 2382 154 2414 illas
175 2393 328 2414 summas
351 2389 442 2415 artes
464 2383 586 2416 divino
603 2384 723 2428 aliquo
741 2385 859 2419 afflatu
877 2392 909 2419 et
927 2385 1062 2420 ἔνθου-

76 2434 223 2478 σιασμῷ
245 2433 448 2476 rapiuntur,
473 2440 508 2466 nt
534 2434 672 2467 avidius
692 2432 775 2468 haec
796 2437 1061 2480 appetunt,‚sic

74 2484 249 2527 arripiunt
275 2483 429 2524 facilins,
463 2485 608 2528 perinde
632 2492 670 2518 ut
694 2483 748 2526 hi,
782 2487 842 2531 qui
870 2494 992 2520 natura
1018 2488 1058 2520 ad

76 2535 300 2567 scribendum
328 2546 466 2567 carmen
492 2536 690 2576 ducuntur,
721 2538 823 2570 citius
847 2538 1060 2583 syllabarum

75 2592 107 2618 et
127 2586 252 2629 pedum
270 2596 449 2618 mensuras
466 2587 674 2631 percipiunt.

175 2634 255 2668 Non
289 2643 404 2669 antem
434 2635 469 2668 in
502 2634 556 2670 his
581 2638 747 2672 resistunt
775 2639 902 2679 initiis,
938 2640 995 2671 sed
1026 2640 1061 2672 in

74 2687 288 2720 abstrusiora
320 2687 500 2732 magisque
531 2690 713 2724 recondita
744 2687 870 2724 harum
902 2690 1062 2735 discipli-

565 119 726 155 DECL.
760 118 833 154 DE
868 117 1098 154 STUDllS
1133 116 1251 151 vET.
1286 113 1633 151 PHILOSOPH.

88 322 154 355 que
173 322 315 347 occasu,
344 309 414 341 imo
438 316 473 340 nt
502 308 557 340 vix
581 309 737 341 attendat
755 306 825 352 ὅπη
848 304 977 353 ζόφος,
1006 303 1069 350 ἥδε
1096 299 1098 339 s
1126 302 1180 336 his
1203 303 1384 335 elementis
1408 304 1605 346 procudunt
1627 315 1664 334 ac
1688 307 1890 334 contexunt.

2040 111 2113 146 250

1097 210 1099 216 '
1126 214 1267 242 narum,
1295 208 1328 235 et
1346 209 1489 235 naturae
1508 202 1640 244 impetu
1661 206 1693 232 et
1709 198 1870 231 acumine
1886 197 2108 239 ingeniorum

1126 253 1360 296 penetrando,
1387 253 1487 296 plura
1510 253 1657 294 gignunt
1678 262 1715 283 ex
1734 261 1787 287 se,
1816 249 1967 292 plurima
1986 248 2052 280 alia
2069 260 2107 280 ex

1949 298 2106 332 Multum

1124 361 1240 387 tamen
1271 361 1308 387 nt
1341 354 1376 385 in
1403 353 1544 385 caeteris
1569 354 1700 386 artibus
1726 350 1906 393 diligentia
1933 357 1962 382 et
1990 349 2106 382 studio

1125 406 1228 438 etiam
1257 404 1444 436 mediocria
1478 404 1615 446 ingenia
1650 409 1779 435 navant
1810 408 1913 445 atque
1941 400 2106 438 efficiunt,

1124 462 1157 489 et
1172 456 1274 498 longe
1290 455 1400 487 maior
1418 461 1466 487 est
1479 465 1644 487 numerus
1658 459 1863 485 naturarum
1876 451 2106 484 mediocrium

1124 519 1228 551 quam
1246 506 1506 543 excellentium,
1534 516 1683 549 quarum
1700 514 1802 546 opera
1820 514 1936 535 carere
1954 514 2026 534 non
2044 514 2108 544 po-

1123 564 1185 591 test
1202 558 1399 590 communis
1417 556 1497 589 vita.

1224 608 1297 641 Imo
1325 608 1353 640 si
1379 607 1437 651 qui
1461 618 1534 639 non
1558 611 1650 639 totos
1676 615 1709 636 se
1727 601 1809 635 huic
1828 603 1944 636 studio
1964 603 2105 641 dedent‚

1123 655 1176 690 his
1200 659 1284 702 ipsis
1308 666 1423 691 tamen
1441 669 1512 690 non
1533 667 1656 701 parum
1675 653 1863 698 profuerit,
1891 665 1969 685 curn
1989 654 2028 684 ad
2050 665 2107 684 ex-

1123 709 1262 743 citanda
1286 709 1470 742 formanda
1498 714 1529 740 et
1553 706 1707 739 acuenda
1733 703 1863 736 iudicia
1889 715 1927 735 ac
1950 700 2106 736 methodi

1123 760 1196 793 vias
1223 761 1426 799 discendas,
1461 765 1534 792 tum
1562 758 1602 790 ad
1630 754 1876 797 intelligendas
1900 760 1988 787 artes
2010 753 2106 792 alias,

1122 818 1155 844 et
1172 818 1334 844 autorum
1352 811 1498 853 scripta,
1527 807 1679 842 exerceri
1699 804 1959 849 aliquantulum
1979 804 2015 836 in
2033 802 2108 836 Eu·-

1123 862 1244 895 clideis
1264 861 1477 901 Elementis,
1504 867 1535 893 et
1560 860 1603 892 ad
1627 864 1766 901 argutos
1783 869 1820 888 ac
1837 855 1951 888 varios
1966 855 2105 888 ratioci-

1121 914 1306 947 nationum
1328 913 1472 949 modos,
1507 922 1658 955 quorum
1684 909 1721 940 in
1746 906 2106 940 demonstrationibus

1094 970 1095 978 ¹
1122 977 1204 998 usus
1221 971 1289 1004 est,
1316 961 1510 996 adsuefieri.

1222 1015 1288 1048 His
1314 1014 1407 1047 enim
1434 1013 1469 1044 in
1494 1010 1684 1045 tractandis
1709 1009 1785 1042 aliis
1811 1009 1964 1041 materiis
1988 1007 2106 1051 appri-

1121 1079 1175 1099 me
1207 1066 1433 1099 iuvabantur.
1502 1061 1761 1096 Elementarem
1796 1071 1877 1100 ergo
1910 1059 2106 1091 doctrinam

1121 1117 1335 1162 requirimus
1365 1116 1409 1148 ab
1434 1114 1617 1152 omnibus,
1651 1111 1711 1156 qui
1735 1110 1770 1142 in
1795 1108 1925 1142 scholis
1950 1108 2105 1141 discendi

1121 1168 1228 1212 gratia
1251 1173 1446 1200 versantur.
1501 1163 1602 1196 Hanc
1626 1169 1665 1196 ut
1689 1161 1857 1194 mediocri
1876 1161 2016 1199 labore,
2045 1160 2105 1191 ad—

1120 1219 1333 1253 suefactione
1363 1223 1396 1250 et
1422 1214 1666 1249 exercitatione
1693 1211 1859 1256 consequi
1885 1223 1923 1243 ac
1947 1222 2105 1253 compre-

1121 1268 1277 1302 hendere
1300 1268 1493 1301 mediocres
1513 1276 1634 1297 omnes
1657 1271 1689 1297 et
1712 1275 1785 1295 non
1811 1273 1953 1305 prorsus
1975 1260 2105 1304 stupidi

1121 1327 1287 1362 possunt,
1323 1319 1372 1350 sic
1400 1329 1418 1348 a
1447 1315 1608 1359 plurimis
1633 1326 1708 1346 eam
1736 1313 1910 1354 ignorari,
1943 1319 1981 1344 ut
2006 1311 2104 1343 Plato

1119 1376 1210 1402 recte
1229 1367 1361 1407 statuit,
1388 1365 1630 1409 turpissimum
1648 1370 1707 1397 est.
1760 1362 2023 1395 Praestantibus
2042 1374 2103 1392 na-

1120 1420 1226 1459 turis,
1252 1418 1381 1463 quibus
1408 1415 1597 1460 peculiaria
1622 1415 1822 1447 adiumenta
1842 1414 1884 1445 ad
1906 1413 2103 1445 instauran-

1119 1471 1180 1501 das
1205 1470 1259 1500 vel
1285 1467 1506 1500 exornandas
1533 1463 1595 1497 has
1621 1471 1712 1497 artes
1736 1465 1833 1497 Deus
1856 1464 2022 1506 largitur,
2050 1474 2103 1494 re-

1120 1519 1314 1563 linquimus
1346 1524 1378 1549 et
1410 1516 1698 1549 commendamus
1729 1521 1804 1547 tum
1831 1514 2101 1546 extruendarum

1119 1583 1158 1603 ex
1192 1567 1247 1602 his
1277 1567 1389 1600 initiis
1418 1573 1631 1599 caeterarum
1657 1564 1784 1598 artium
1814 1564 2007 1596 accuratius
2032 1571 2101 1596 stu-

1118 1621 1234 1658 dium,
1272 1626 1346 1652 tum
1380 1616 1680 1650 observandorum
1714 1614 1848 1648 erudita
1881 1614 2104 1647 animadxer-

1118 1672 1216 1704 sione
1236 1677 1396 1702 motuum
1417 1668 1618 1701 coelestium
1632 1691 1640 1704 ‚
1668 1673 1771 1710 atque
1788 1666 2103 1698 accommodanda-

1118 1735 1195 1756 rum
1211 1722 1287 1757 τοῖς
1304 1717 1541 1766 φαινομένοις
1555 1715 1616 1751 καὶ
1631 1713 1824 1762 τηρήσεσιν
1843 1713 2103 1762 hypothesium,

1117 1780 1149 1807 et
1164 1772 1401 1806 ostendendae
1432 1767 1681 1815 hypothesium
1718 1769 1759 1800 ad
1785 1767 1992 1813 ([,αινόλιιειά
2018 1778 2102 1798 con-

1117 1824 1426 1867 gruentiaecuram
1443 1820 1691 1864 impensiorem
1705 1827 1735 1853 et
1749 1818 1992 1851 difficiliorem.
2033 1816 2104 1848 Vos

1117 1875 1270 1908 inventis
1295 1871 1349 1906 his
1370 1871 1561 1911 fruamini,
1588 1882 1624 1903 ac
1645 1870 1873 1903 memineritis
1890 1870 1967 1902 ideo
1985 1869 2020 1900 in
2043 1865 2103 1899 hac

1117 1938 1178 1959 vos
1202 1925 1350 1958 statione
1377 1923 1564 1956 collocatos
1589 1932 1682 1961 esse,
1707 1928 1746 1954 ut
1764 1920 1960 1953 doctrinam
1980 1919 2100 1951 utilem

1116 1977 1235 2019 generi
1260 1973 1416 2008 humano
1436 1973 1585 2006 dicendo
1605 1972 1842 2015 discendoque
1861 1969 2042 2007 excolatis,
2070 1975 2100 2000 et

1117 2040 1195 2061 cnm
1220 2039 1238 2060 a
1263 2025 1455 2058 maioribus
1481 2029 1638 2066 accepta,
1666 2029 1739 2055 tum
1756 2029 1853 2065 parta
1872 2032 1889 2053 a
1911 2020 2101 2052 vobismet-

1117 2079 1201 2122 ipsis
1237 2078 1373 2110 tradere
1406 2073 1554 2119 posteris
1585 2072 1816 2111 annitamini‚
1864 2083 1902 2104 ac
1933 2069 2007 2103 Deo
2041 2081 2100 2101 xos

1117 2128 1184 2163 hoc
1215 2128 1318 2162 officii
1350 2127 1494 2165 debere,
1528 2131 1566 2157 ut
1596 2123 1700 2156 solidi
1732 2122 1864 2166 aliquid
1893 2134 1930 2154 ac
1957 2121 2098 2165 perfecti

1117 2179 1284 2225 expetatis
1315 2179 1352 2211 in
1384 2175 1572 2213 doctrinis,
1606 2175 1699 2219 qnod
1736 2173 1845 2216 prosit
1867 2170 2044 2205 Ecclesiae
2069 2179 2097 2203 et

1115 2230 1364 2275 Reipublicae,
1391 2239 1463 2260 non
1480 2226 1625 2270 captetis
1642 2224 1807 2257 evanidas
1827 2224 1969 2256 umbras
1989 2222 2100 2265 turpis

1117 2283 1226 2322 lucri,
1259 2287 1316 2314 aut
1350 2279 1475 2313 stultae
1509 2275 1754 2309 ostentationis
1788 2286 1906 2313 causa,
1942 2286 2030 2318 qnae
2064 2281 2096 2305 nt

1115 2341 1196 2367 sunt
1232 2333 1325 2365 velut
1360 2327 1457 2364 om'm
1487 2328 1524 2362 ἓν
1552 2325 1658 2360 ὕδασι
1685 2324 1744 2360 καῖ
1769 2322 2098 2371 ἀλιιᾳισβιῃἡσιμυν

1116 2384 1227 2430 ὄναρ,
1258 2384 1302 2417 ita
1320 2380 1486 2425 depositis
1506 2378 1604 2410 libris
1622 2377 1771 2410 effluunt
1791 2388 1830 2409 ex
1851 2376 1978 2409 animis
1996 2382 2100 2419 atquc

1115 2436 1266 2469 avolant.
1320 2429 1554 2466 Memineritis
1573 2429 1676 2461 etiam
1694 2427 1938 2461 fortitudinem
1955 2424 2010 2459 his
2025 2435 2097 2459 stu-

1114 2487 1182 2519 diis
1207 2483 1487 2525 coninngendam
1509 2492 1599 2519 esse,
1626 2491 1714 2523 quae
1733 2491 1792 2523 per
1810 2479 1932 2512 obvias
1948 2477 2100 2510 difficul-

1114 2543 1200 2570 tates
1226 2536 1279 2568 via
1305 2535 1337 2566 vi
1365 2534 1453 2566 facta
1476 2536 1678 2575 perrumpat
1696 2537 1799 2574 atque
1819 2530 2008 2566 eluctetur,
2037 2539 2098 2559 nec

1116 2589 1162 2621 ob
1190 2588 1343 2620 firmatos
1372 2583 1508 2616 animos
1541 2589 1674 2614 vestros
1704 2581 1794 2614 sinat
1819 2580 1872 2613 vel
1900 2579 2027 2612 inllecti
2054 2579 2095 2609 ad

1115 2637 1299 2681 segniciem
1334 2642 1437 2680 atque
1468 2633 1684 2671 socordiam,
1726 2632 1779 2664 vel
1810 2631 1923 2672 frangi
1959 2638 2098 2672 prorsus

1115 2686 1420 2723 adversationibus
1452 2682 1735 2731 hypocritarum,
1779 2689 1839 2716 aut
1875 2679 2008 2714 turbari
2043 2690 2099 2710 ca—
