2324 2955
117 111 192 146 855
810 108 836 143 Ι.

215 194 252 227 2.
287 189 813 238 PtolemaeusPht'ladelphu5‚
841 205 911 238 quo
929 199 1097 236 regnante

118 257 183 290 pax
202 244 239 277 in
259 241 418 289 Aegypto
441 244 517 278 suit.
575 241 735 287 Cumque
759 250 858 277 antea
884 245 919 276 in
937 242 1096 288 Aegypto

115 294 356 329 doctrinarum
387 292 556 337 possessio
588 300 723 326 tantum
760 306 864 337 penes
902 296 1096 327 sacerdotes

115 351 223 385 esset,
250 351 282 378 et
306 345 424 386 lingua
453 355 492 376 ac
518 343 627 376 literis
645 341 826 388 Aegyptiis
844 345 1094 385 contineretur,

114 393 219 429 huius
238 395 325 436 regis
340 393 486 427 consilio
504 394 684 426 doctrinae
702 396 737 426 in
750 393 918 427 Graecam
938 395 1093 437 linguam

887 106 1178 144 CHRONICON
1206 106 1449 146 CARIONIS.

2065 114 2135 149 854

1249 193 1283 228 3.
1319 192 1425 236 Regis
1453 191 1678 238 Philadelphi
1706 196 1797 229 filius
1821 196 1888 230 fuit
1910 195 2131 231 Ptolemaeus

1147 241 1345 285 Evergetes.
1400 243 1526 277 Intulit
1553 246 1684 277 bellum
1710 247 1848 289 regibus
1867 246 2019 291 Syriacis
2047 260 2130 291 pro—

1147 300 1224 336 pter
1242 294 1456 327 interfectam
1475 293 1685 335 Berenicen,
1712 309 1799 342 quae
1819 298 1885 331 fuit
1902 309 2000 330 soror
2014 295 2126 331 Ever-

1145 350 1260 387 getae,
1303 352 1341 377 ut
1373 345 1543 387 praedixit
1571 345 1705 378 Daniel.
1774 345 1819 380 Et
1850 359 1953 390 supra
1986 356 2124 381 narrata

1143 401 1223 426 sunt
1246 395 1452 437 parricidia,
1489 408 1576 438 quae
1599 396 1754 429 fecerunt
1773 397 1936 430 Seleucus
1952 397 2123 431 Kamiri-

116 445 303 480 translatae
329 450 429 484 sunt,
463 450 495 477 et
516 443 676 477 instituta
702 452 783 478 sunt
808 446 920 478 studia
941 444 1093 477 Alexan·
1115 433 1119 466 l
1142 456 1205 481 κος
1220 443 1584 489 εῖΑηίίοεῇυεἹὲραξ.
1639 445 2123 491 CumqueAntiochus‘lb'poss

114 496 232 535 driae‚
269 494 331 528 ubi
351 494 513 537 deinceps
537 495 737 526 communia
761 495 903 528 suerunt
928 496 1093 528 omnibus

110 545 243 579 discere
266 545 486 584 volentibus,
522 550 556 577 et
586 556 644 576 rex
673 545 829 589 undique
853 547 972 579 doctos
999 546 1091 577 viros

112 594 304 629 accersivit.
348 591 605 627 Bibliothecam
625 594 786 628 iustruxit
805 596 1090 638 copiosissimam,

112 653 145 680 et
170 645 355 690 inquisivit
380 645 474 687 apud
507 644 634 677 multas
666 652 785 687 gentes
816 653 930 680 vetera
964 657 1089 677 monu-

112 702 242 730 menta.
308 694 427 737 Quare
451 692 689 727 Callimachus
717 695 847 728 librum
879 696 1018 739 scripsit
1048 696 1090 727 de

111 745 267 790 gentium
293 745 490 788 originibus
516 751 549 778 et
570 745 857 787 migrationibus,
885 753 917 779 et
934 752 1088 778 veterum

110 796 253 830 urbium
272 795 516 828 conditoribus
534 801 565 828 et
582 795 733 838 legibus,
767 808 836 841 quo
854 796 945 830 libro
963 796 1090 829 amisso

111 847 240 880 multae
258 853 390 879 veteres
409 843 574 879 historiae
593 846 859 880 interciderunt.

213 895 306 938 Quia
325 908 406 928 vero
423 896 595 928 intellexit
614 895 854 936 Ptolemaeus,
880 895 1008 929 habere
1029 894 1088 927 Iu-
1111 889 1114 962 Ι

110 948 216 980 dacos
236 952 407 980 vetustam
431 952 568 988 patrum
595 945 738 984 seriem,
780 953 812 978 et
839 947 944 985 vidit,
978 946 1089 987 legem

110 996 321 1030 ludaeorum
341 995 488 1028 maxime
504 1006 695 1036 congruere
716 995 863 1035 rationi,
891 997 932 1028 de
955 996 1089 1029 unitate

111 1045 180 1080 Dei
205 1052 238 1079 et
269 1047 311 1078 de
343 1042 498 1077 honestis
520 1044 697 1084 moribus,
730 1045 863 1078 curavit
887 1053 919 1079 et
941 1045 1088 1078 Indaeo-
1110 1005 1114 1078 l

109 1108 188 1130 rum
226 1095 334 1128 libros
381 1095 417 1127 in
459 1093 631 1127 Graecam
676 1095 833 1137 lingnam
877 1096 1089 1128 transfundi.

110 1146 229 1189 Quare
257 1146 301 1178 ad
327 1143 533 1178 Eleasarum
563 1156 738 1177 summum
774 1147 1007 1185 sacerdotem,
1056 1152 1088 1179 et

109 1208 190 1230 vasa
217 1207 304 1240 quae
329 1196 414 1228 olim
442 1193 580 1227 ludaeis
607 1196 767 1238 adempta
800 1203 916 1235 erant,
955 1203 987 1228 et
1020 1196 1087 1228 alia
1110 1239 1112 1244 ἲ

108 1247 292 1290 splendida
315 1247 407 1278 dona
434 1245 546 1282 misit,
587 1252 619 1278 et
641 1246 682 1277 ad
707 1257 742 1277 se
766 1245 857 1279 mitti
882 1246 1088 1289 interpretes
1109 1246 1114 1270 l

106 1297 244 1340 petivit.
296 1295 396 1329 Missi
416 1302 498 1328 sunt
515 1295 623 1337 igitur
636 1296 707 1327 duo
725 1302 757 1328 et
773 1297 991 1339 septuaginta
1010 1297 1087 1336 viri,

109 1347 169 1392 qui
187 1345 328 1378 Moisen
342 1351 376 1378 et
393 1351 607 1378 caeterorum
625 1343 881 1387 Prophetarum
902 1347 1028 1385 libros,
1056 1353 1088 1379 et

108 1395 203 1430 haud
227 1395 335 1428 dubie
357 1395 467 1428 multa
495 1395 563 1427 alia
594 1402 822 1428 monumenta
855 1396 891 1427 in
915 1396 1086 1428 Graecam
1111 1422 1113 1431 ,

107 1447 263 1489 linguam
282 1445 564 1479 transstulerunt.
619 1443 669 1477 lta
686 1445 767 1477 libri
787 1444 979 1489 prophetici
996 1447 1087 1478 niul-

106 1498 151 1532 tis
169 1496 331 1540 gentibus
348 1495 426 1528 sacti
452 1502 532 1528 sunt
560 1495 734 1533 notiores,
765 1502 796 1528 et
823 1503 1011 1539 propagata
1036 1497 1086 1528 la-

106 1548 176 1582 tius
203 1558 281 1578 vera
307 1547 349 1578 de
372 1544 445 1577 Deo
471 1546 640 1578 doctrina.
709 1544 756 1578 Et
786 1546 932 1587 cognitis
961 1559 1086 1578 monu-

105 1597 234 1631 mentis
251 1595 460 1628 ludaeorum
479 1606 535 1627 rex
548 1594 768 1627 Ptolemaeus
786 1596 874 1628 tanti
889 1596 969 1628 fecit
986 1596 1085 1628 istam

106 1654 264 1691 gentem,
291 1653 330 1679 ut
347 1646 543 1679 libertatem
562 1645 707 1689 captivis
726 1644 865 1678 Iudaeis
881 1646 916 1678 in
928 1645 1087 1690 Aegypto

106 1696 302 1732 donaverit.

208 1744 287 1779 Etsi
306 1751 421 1778 autem
445 1744 546 1776 multi
568 1742 746 1787 disputant
765 1745 808 1777 de
825 1745 958 1778 Graeca
977 1745 1088 1778 inter-

108 1797 319 1843 pretatione,
347 1806 434 1839 quae
453 1791 557 1826 bodie
575 1800 683 1836 extat,
712 1794 772 1837 qui
789 1795 920 1828 suerint
936 1802 1087 1835 autores,

107 1856 141 1884 et
157 1847 270 1894 qualis
285 1847 346 1879 sit:
374 1852 489 1878 tamen
514 1856 591 1876 cum
611 1842 740 1876 Paulus
761 1845 866 1877 verba
890 1845 973 1877 inde
996 1846 1087 1885 citet,

106 1904 249 1944 apparet
268 1908 342 1929 eam
359 1896 462 1929 etiam
481 1892 823 1937 anteApostolorum
841 1901 996 1937 tempora
1015 1896 1086 1927 nsi-

107 1958 214 1985 tatam
240 1947 356 1981 fuisse.
406 1943 452 1978 Et
478 1955 603 1987 corpus
628 1944 870 1977 narrationum
897 1957 970 1977 non
996 1946 1087 1977 male

106 1999 283 2035 redditum
313 2002 381 2036 est,
424 1995 559 2028 etiamsi
589 1994 719 2027 alicubi
750 2002 940 2028 occurrunt
968 1995 1084 2040 aliqua

108 2057 233 2085 errata.
286 2045 383 2080 Esset
402 2052 434 2078 et
452 2045 561 2087 magis
584 2045 764 2088 perspicua
791 2045 912 2083 lectio,
948 2046 975 2077 si
1002 2046 1086 2078 dili-

107 2100 244 2145 gentius
278 2097 440 2131 distincta
474 2103 571 2130 esset.
646 2092 789 2128 Summa
822 2102 937 2128 tamen
970 2097 1086 2139 operis

108 2159 157 2186 est
191 2149 277 2183 utile
313 2146 552 2181 testimonium
589 2146 632 2178 de
666 2146 920 2187 significatione
953 2145 1083 2180 Ebraei

108 2199 290 2238 sermonis.

179 2247 183 2252 ’
206 2249 324 2284 Huius
362 2247 467 2289 igitur
508 2246 596 2288 regis
636 2244 828 2278 Ptolemaei
858 2244 1082 2289 Philadelphi

109 2302 228 2335 labore
261 2306 293 2332 et
324 2296 562 2330 munificentia
595 2296 713 2338 generi
746 2293 901 2329 humano
927 2297 1083 2330 restituta

108 2359 191 2386 sunt
217 2357 249 2383 et
277 2349 345 2382 late
369 2354 556 2392 propagata
583 2347 822 2379 doctrinarum
848 2348 972 2380 studia.
1033 2347 1083 2380 Ac

107 2402 292 2437 scribitur,
334 2405 467 2431 motum
503 2409 575 2430 esse
612 2397 767 2429 consiliis
801 2398 1083 2431 doctissimorum

108 2452 291 2487 hominum
311 2446 480 2488 Aristaei,
515 2447 691 2481 Stratonis
717 2454 747 2480 et
771 2446 939 2481 Demetrii
958 2446 1084 2480 Phale-

109 2503 238 2538 rensis,
284 2499 343 2543 qni
368 2500 458 2540 apud
482 2511 559 2530 etim
587 2498 663 2529 exul
689 2498 753 2530 snit
778 2498 900 2541 pulsus
924 2497 1085 2530 Athenis.

107 2554 262 2587 Fuerunt
283 2550 372 2592 apud
394 2561 471 2580 enm
491 2548 597 2581 etalii
614 2549 704 2580 «lorti
724 2561 735 2578 x
749 2549 809 2586 iri,
837 2546 1084 2587 Callimachus,

110 2602 339 2647 Apollonius,
368 2598 516 2635 Aratus,
554 2598 660 2635 Bion,
695 2596 923 2638 'tta-ueritus,
957 2598 1081 2631 Conon

109 2662 141 2688 ct
160 2649 384 2696 Hipparchus
403 2645 657 2682 Mathematici.

1142 494 1262 536 pulsus
1280 507 1298 527 a
1312 495 1458 528 Seleuco
1478 497 1618 538 fugisset
1636 498 1679 529 ad
1692 495 1895 539 Evergetem
1908 524 1918 538 ,
1943 498 1993 530 ibi
2012 499 2121 531 inter-

1141 544 1251 577 fectus
1270 551 1331 579 est.

1242 595 1365 628 Studia
1409 596 1647 628 doctrinarum
1693 596 1851 628 instituta
1894 594 2120 642 Philadelphi

1141 650 1315 687 tempore,
1364 646 1513 678 maxime
1555 647 1752 680 floruerunt
1792 646 2024 680 Alexandriae
2065 660 2120 680 re-

1140 703 1266 736 gnante
1293 693 1482 737 Evergete,
1519 696 1579 740 qui
1613 703 1645 729 et
1675 708 1752 738 erga
1780 695 1924 729 Iudaeos
1946 697 2118 730 beneficus

1140 745 1217 779 suit.
1285 743 1371 777 Eius
1405 752 1558 788 tempore
1590 747 1728 789 collegit
1760 746 1795 778 in
1828 746 1986 791 Aegypto
2022 746 2116 780 Iesus

1140 795 1231 827 silius
1249 793 1392 834 Sirach,
1421 796 1608 829 sententias
1625 809 1713 841 quae
1736 794 1851 829 adhuc
1872 804 2005 837 extant,
2032 809 2118 842 quas

1140 845 1255 889 inquit
1272 846 1315 877 ab
1332 858 1396 878 avo
1417 857 1475 878 sua
1493 847 1655 889 scriptas,
1683 848 1741 880 sed
1763 859 1781 880 a
1807 858 1878 880 sese
1897 854 2012 880 auctas
2030 855 2060 881 et
2081 849 2117 880 in

1141 893 1313 928 Graecum
1331 907 1525 928 sermonem
1545 897 1728 930 translatas
1747 909 1828 937 esse,
1847 909 1993 941 quarum
2014 898 2116 931 lectio

1138 957 1217 977 cum
1236 946 1279 977 sit
1297 952 1329 977 et
1353 946 1538 977 utilissima
1564 954 1595 979 ct
1615 948 1834 985 dulcissima,
1870 948 1958 980 liber
1984 949 2042 980 ille
2065 950 2118 980 t‘a-

1139 994 1375 1027 miliarissime
1394 1001 1498 1027 notus
1514 995 1557 1028 sit
1575 997 1750 1031 omnibus,
1803 995 1849 1029 Et
1867 998 1978 1030 sciant
2000 998 2117 1030 iunio-

1138 1057 1210 1085 res,
1247 1046 1339 1089 quod
1368 1045 1555 1077 discrimen
1582 1046 1625 1078 sit
1653 1046 1745 1079 inter
1769 1058 1913 1088 gnomas
1939 1045 2115 1079 Ecclesiae

1138 1103 1170 1128 et
1188 1093 1356 1129 ethnicas,
1406 1094 1494 1127 Nam
1513 1092 1690 1136 ethnicae,
1717 1103 1754 1129 ut
1772 1093 2009 1139 Theognidis,
2037 1105 2118 1131 tan-

1138 1153 1212 1179 tum
1229 1152 1309 1178 sunt
1328 1152 1508 1188 praecepta
1535 1153 1593 1178 aut
1618 1147 1878 1180 admonitiones
1901 1147 2114 1190 pertinentes

1138 1197 1180 1228 ad
1200 1196 1388 1228 secundam
1406 1196 1560 1228 tabulam
1578 1195 1756 1239 Decalogi.
1809 1196 1877 1230 Sed
1904 1198 1940 1229 in
1958 1195 2114 1231 Ecclesia

1139 1246 1264 1279 tradita
1284 1252 1365 1278 sunt
1383 1252 1560 1289 praecepta
1581 1254 1614 1280 et
1631 1247 1891 1280 admonitiones
1907 1248 1949 1280 de
1967 1254 2114 1292 utraque

1139 1296 1256 1329 tabula
1275 1296 1458 1338 Decalogi,
1486 1297 1528 1328 de
1545 1297 1611 1328 side
1634 1304 1666 1329 et
1689 1298 1731 1330 de
1750 1297 1850 1330 bonis
1867 1298 2048 1340 operibus,
2076 1307 2115 1331 ut

1138 1353 1171 1379 et
1191 1346 1364 1379 Siracides
1383 1346 1498 1390 inquit
1523 1358 1597 1389 cap.
1615 1347 1689 1379 32:
1723 1346 1761 1379 In
1781 1347 1877 1379 omni
1896 1348 1989 1379 bono
2008 1360 2114 1391 opere

1139 1398 1257 1428 credas
1276 1396 1312 1427 in
1329 1396 1445 1427 anima
1464 1403 1534 1430 tua.
1588 1395 1663 1428 IIoc
1681 1403 1730 1429 est
1749 1397 1841 1429 enim
1860 1408 1997 1430 servare
2015 1410 2114 1430 man-

1138 1447 1227 1479 data.
1282 1446 1353 1487 Qui
1369 1446 1478 1479 credit
1497 1446 1532 1477 in
1545 1446 1714 1485 Domino,
1740 1448 1902 1480 mandata
1919 1448 1990 1480 eius
2008 1457 2116 1488 curat,

1139 1503 1170 1529 et
1188 1497 1365 1528 confidens
1384 1496 1418 1527 in
1436 1496 1516 1535 illo,
1538 1508 1607 1528 non
1629 1497 1765 1539 peribit.
1798 1495 1844 1529 Et
1861 1498 1895 1529 in
1914 1497 2116 1530 Proverbiis

1139 1546 1340 1579 Salomonis
1356 1547 1464 1578 multa
1482 1546 1571 1578 dieta
1591 1553 1671 1579 sunt
1687 1548 1728 1579 de
1746 1546 1909 1587 silioDei,
1937 1549 1978 1580 de
1998 1550 2116 1586 verbo,

1140 1597 1183 1629 de
1201 1597 1288 1633 fide,
1315 1597 1358 1628 de
1375 1597 1465 1628 veris
1483 1597 1636 1629 cultibus
1654 1597 1754 1629 valde
1774 1598 1966 1640 perspicua.

1242 1646 1277 1678 4.
1314 1644 1535 1678 Ptolemaeus
1560 1644 1767 1689 Philopator
1792 1648 1875 1680 vicit
1899 1646 2117 1687 Antiochum

1140 1694 1331 1737 Magnum,
1356 1695 1654 1729 all'lixitIudaeos.
1696 1695 2017 1743 DeindeEurydice
2034 1710 2119 1730 con-

1139 1746 1218 1788 iuge
1244 1752 1277 1779 et
1299 1757 1418 1778 sorore
1437 1745 1632 1785 interfecta,
1662 1747 1872 1780 libidinibus
1897 1755 1928 1781 et
1954 1749 2117 1781 caedibus

1139 1796 1397 1829 contaminatus
1416 1807 1550 1829 veneno
1568 1797 1680 1839 periit.

1240 1846 1275 1880 5.
1310 1845 1530 1879 Ptolemaeus
1547 1845 1752 1890 Epiphanes
1767 1849 1946 1885 successit,
1974 1849 2119 1881 cuiAn-

1139 1893 1275 1929 tiochus
1292 1895 1443 1937 Magnus
1467 1897 1596 1928 bellum
1621 1898 1759 1938 intulit,
1794 1900 1852 1930 sed
1880 1905 1994 1941 postea
2020 1900 2116 1932 dedit

1139 1946 1167 1979 ei
1188 1946 1293 1978 filiam
1311 1944 1533 1988 Cleopatram
1556 1959 1711 1982 uxorem.

1240 1997 1274 2029 6.
1308 1994 1529 2028 Ptolemaeus
1553 1995 1771 2030 Philometor
1802 1999 1963 2031 defensus
1997 2010 2015 2031 a
2041 1998 2116 2032 Ro-

1139 2046 1268 2084 manis,
1307 2057 1384 2078 cum
1414 2046 1444 2077 ei
1468 2045 1665 2081 Antiochus
1689 2046 1893 2093 Epiphanes
1922 2050 2117 2082 avunculus

1139 2107 1284 2138 regnum
1305 2102 1486 2139 erepturus
1511 2105 1608 2130 esset.

1240 2146 1274 2179 7.
1310 2145 1729 2190 PtolemaeusEvvrgetes
1748 2149 1897 2183 restituit
1918 2150 1953 2181 in
1970 2162 2118 2192 regnunt

1138 2196 1260 2242 Syriae
1278 2195 1495 2229 Demetrium
1515 2198 1738 2234 Nicanorem.

1241 2247 1275 2281 8.
1313 2246 1533 2281 Ptolemaeus
1557 2247 1719 2294 Physcon
1744 2250 1857 2282 dictus
1881 2261 1898 2281 a
1924 2249 2119 2285 sarcimine,

1140 2305 1282 2340 propter
1306 2298 1479 2330 tumidum
1498 2305 1671 2339 ventrem,
1704 2300 1803 2332 d'uxit
1820 2311 1994 2339 sororem,
2023 2312 2115 2331 eam·

1139 2360 1205 2392 que
1225 2348 1414 2385 interfecit,
1448 2355 1479 2380 et
1499 2349 1607 2381 lilinm
1630 2361 1668 2381 ex*
1685 2361 1722 2382 ea
1742 2357 1863 2383 natum
1887 2350 1980 2383 inter
1996 2351 2119 2393 epulasv

1140 2399 1169 2430 ei
1190 2398 1307 2430 oll'erri
1327 2398 1439 2431 iussit.
1489 2398 1612 2440 Regno
1631 2401 1794 2443 expulsus
1813 2407 1876 2434 est.

1240 2448 1272 2481 9.
1318 2447 1536 2481 Ptolemaeus
1566 2450 1781 2489 Alexander,
1829 2452 1934 2483 frater
1962 2449 2115 2495 Physco-

1140 2498 1213 2535 nis,
1242 2499 1397 2540 regnavit
1416 2499 1518 2541 pulso
1542 2500 1661 2535 fratre.
1715 2500 1835 2534 Postea
1853 2508 1882 2534 ct
1904 2501 1976 2545 ipse
1995 2502 2116 2544 expul—

1138 2561 1196 2581 sus
1214 2556 1273 2582 est.

1244 2600 1299 2632 10.
1335 2598 1554 2632 Ptolem-aeus
1575 2599 1768 2635 [adun-ns.
1798 2602 1830 2633 id
1851 2608 1920 2639 est,
1948 2601 2035 2632 clam
2062 2612 2116 2631 ra·-

1114 2680 1116 2684 ,
1139 2661 1281 2689 κει-ειη,
1306 2651 1510 2685 nominatur
1526 2663 1543 2682 a
1564 2649 1752 2684 Plutarcho
1773 2651 1958 2695 launyrus,
1994 2651 2029 2681 id
2053 2657 2115 2684 est.
