<?xml version="1.0" encoding="UTF-8"?>
<!DOCTYPE html PUBLIC "-//W3C//DTD XHTML 1.0 Transitional//EN"
    "http://www.w3.org/TR/xhtml1/DTD/xhtml1-transitional.dtd">
<html xmlns="http://www.w3.org/1999/xhtml" xml:lang="en" lang="en">
 <head>
  <title>
</title>
<meta http-equiv="Content-Type" content="text/html;charset=utf-8" />
  <meta name='ocr-system' content='tesseract 3.04.00' />
  <meta name='ocr-capabilities' content='ocr_page ocr_carea ocr_par ocr_line ocrx_word'/>
</head>
<body>
  <div class='ocr_page' id='page_1' title='image "./operaquaesupersu12melauoft/operaquaesupersu12melauoft_0553.png"; bbox 0 0 2324 2955; ppageno 0'>
   <div class='ocr_carea' id='block_1_1' title="bbox 122 110 700 150">
    <p class='ocr_par' dir='ltr' id='par_1_1' title="bbox 122 110 700 150">
     <span class='ocr_line' id='line_1_1' title="bbox 122 110 700 150; baseline -0.003 0"><span class='ocrx_word' id='word_1_1' title='bbox 122 114 217 150; x_wconf 85' lang='lat'>1081</span> <span class='ocrx_word' id='word_1_2' title='bbox 671 110 700 148; x_wconf 92' lang='grc' dir='ltr'>Ι.</span> 
     </span>
    </p>
   </div>
   <div class='ocr_carea' id='block_1_2' title="bbox 167 195 1101 446">
    <p class='ocr_par' dir='ltr' id='par_1_2' title="bbox 167 195 1101 293">
     <span class='ocr_line' id='line_1_2' title="bbox 167 195 1101 243; baseline -0.005 -10"><span class='ocrx_word' id='word_1_3' title='bbox 167 200 275 233; x_wconf 86' lang='lat' dir='ltr'>Anno</span> <span class='ocrx_word' id='word_1_4' title='bbox 320 195 447 231; x_wconf 89' lang='lat' dir='ltr'>mundi</span> <span class='ocrx_word' id='word_1_5' title='bbox 484 203 607 243; x_wconf 80' lang='lat' dir='ltr'><strong>quater</strong></span> <span class='ocrx_word' id='word_1_6' title='bbox 634 196 821 232; x_wconf 86' lang='lat' dir='ltr'>millesimo</span> <span class='ocrx_word' id='word_1_7' title='bbox 855 195 1101 231; x_wconf 84' lang='lat' dir='ltr'>sexcentesimo</span> 
     </span>
     <span class='ocr_line' id='line_1_3' title="bbox 326 248 462 293; baseline 0.015 -12"><span class='ocrx_word' id='word_1_8' title='bbox 326 248 462 293; x_wconf 88' lang='lat' dir='ltr'>quinto.</span> 
     </span>
    </p>

    <p class='ocr_par' dir='ltr' id='par_1_3' title="bbox 168 297 1101 391">
     <span class='ocr_line' id='line_1_4' title="bbox 168 297 1101 341; baseline -0.003 -8"><span class='ocrx_word' id='word_1_9' title='bbox 168 300 277 333; x_wconf 85' lang='lat' dir='ltr'>Anno</span> <span class='ocrx_word' id='word_1_10' title='bbox 302 297 438 333; x_wconf 80' lang='lat' dir='ltr'>Romae</span> <span class='ocrx_word' id='word_1_11' title='bbox 459 297 647 332; x_wconf 88' lang='lat' dir='ltr'>millesimo</span> <span class='ocrx_word' id='word_1_12' title='bbox 678 298 920 333; x_wconf 88' lang='lat' dir='ltr'>trecentesimo</span> <span class='ocrx_word' id='word_1_13' title='bbox 945 308 1101 341; x_wconf 85' lang='lat' dir='ltr'>nonage-</span> 
     </span>
     <span class='ocr_line' id='line_1_5' title="bbox 319 349 576 391; baseline 0.012 -10"><span class='ocrx_word' id='word_1_14' title='bbox 319 349 451 391; x_wconf 84' lang='lat' dir='ltr'>gesimo</span> <span class='ocrx_word' id='word_1_15' title='bbox 469 356 576 384; x_wconf 81' lang='lat' dir='ltr'>sexto.</span> 
     </span>
    </p>

    <p class='ocr_par' dir='ltr' id='par_1_4' title="bbox 168 397 1099 446">
     <span class='ocr_line' id='line_1_6' title="bbox 168 397 1099 446; baseline 0 -12"><span class='ocrx_word' id='word_1_16' title='bbox 168 402 275 434; x_wconf 85' lang='lat' dir='ltr'>Anno</span> <span class='ocrx_word' id='word_1_17' title='bbox 284 397 415 433; x_wconf 84' lang='lat' dir='ltr'>Christi</span> <span class='ocrx_word' id='word_1_18' title='bbox 426 399 675 434; x_wconf 87' lang='lat' dir='ltr'>sexcentesimo</span> <span class='ocrx_word' id='word_1_19' title='bbox 690 400 952 446; x_wconf 84' lang='lat' dir='ltr'>quadragesimo</span> <span class='ocrx_word' id='word_1_20' title='bbox 965 405 1099 445; x_wconf 90' lang='lat' dir='ltr'>quart0.</span> 
     </span>
    </p>
   </div>
   <div class='ocr_carea' id='block_1_3' title="bbox 488 483 730 516">
    <p class='ocr_par' dir='ltr' id='par_1_5' title="bbox 488 483 730 516">
     <span class='ocr_line' id='line_1_7' title="bbox 488 483 730 516; baseline 0 0"><span class='ocrx_word' id='word_1_21' title='bbox 488 483 730 516; x_wconf 81' lang='lat' dir='ltr'>Constans.</span> 
     </span>
    </p>
   </div>
   <div class='ocr_carea' id='block_1_4' title="bbox 109 543 1098 2101">
    <p class='ocr_par' dir='ltr' id='par_1_6' title="bbox 112 543 1098 1140">
     <span class='ocr_line' id='line_1_8' title="bbox 220 543 1098 590; baseline -0.002 -9"><span class='ocrx_word' id='word_1_22' title='bbox 220 543 409 581; x_wconf 75' lang='lat' dir='ltr'><em>Constans</em></span> <span class='ocrx_word' id='word_1_23' title='bbox 436 548 528 581; x_wconf 88' lang='lat' dir='ltr'>filius</span> <span class='ocrx_word' id='word_1_24' title='bbox 545 547 772 582; x_wconf 85' lang='lat' dir='ltr'>Constantini</span> <span class='ocrx_word' id='word_1_25' title='bbox 796 548 966 587; x_wconf 92' lang='lat' dir='ltr'>iunioris,</span> <span class='ocrx_word' id='word_1_26' title='bbox 991 558 1098 590; x_wconf 91' lang='lat' dir='ltr'>nepos</span> 
     </span>
     <span class='ocr_line' id='line_1_9' title="bbox 116 596 1098 642; baseline -0.001 -11"><span class='ocrx_word' id='word_1_27' title='bbox 116 598 289 639; x_wconf 87' lang='lat' dir='ltr'>Heraclii,</span> <span class='ocrx_word' id='word_1_28' title='bbox 316 599 415 642; x_wconf 88' lang='lat' dir='ltr'>pulsa</span> <span class='ocrx_word' id='word_1_29' title='bbox 433 597 590 632; x_wconf 84' lang='lat' dir='ltr'>Martina</span> <span class='ocrx_word' id='word_1_30' title='bbox 615 599 745 633; x_wconf 88' lang='lat' dir='ltr'>incesta</span> <span class='ocrx_word' id='word_1_31' title='bbox 773 611 852 632; x_wconf 90' lang='lat' dir='ltr'>cum</span> <span class='ocrx_word' id='word_1_32' title='bbox 875 599 966 637; x_wconf 90' lang='lat' dir='ltr'>filio,</span> <span class='ocrx_word' id='word_1_33' title='bbox 993 610 1012 631; x_wconf 89' lang='lat' dir='ltr'>a</span> <span class='ocrx_word' id='word_1_34' title='bbox 1035 596 1098 631; x_wconf 88' lang='lat' dir='ltr'>Se-</span> 
     </span>
     <span class='ocr_line' id='line_1_10' title="bbox 115 648 1098 693; baseline -0.002 -11"><span class='ocrx_word' id='word_1_35' title='bbox 115 656 202 682; x_wconf 85' lang='lat' dir='ltr'>natu</span> <span class='ocrx_word' id='word_1_36' title='bbox 223 649 334 682; x_wconf 82' lang='lat' dir='ltr'>sactus</span> <span class='ocrx_word' id='word_1_37' title='bbox 357 649 562 692; x_wconf 90' lang='lat' dir='ltr'>imperator.</span> <span class='ocrx_word' id='word_1_38' title='bbox 605 648 738 683; x_wconf 84' lang='lat' dir='ltr'>Tenuit</span> <span class='ocrx_word' id='word_1_39' title='bbox 766 649 954 693; x_wconf 90' lang='lat' dir='ltr'>imperium</span> <span class='ocrx_word' id='word_1_40' title='bbox 986 659 1098 682; x_wconf 89' lang='lat' dir='ltr'>annos</span> 
     </span>
     <span class='ocr_line' id='line_1_11' title="bbox 115 698 1097 742; baseline 0 -12"><span class='ocrx_word' id='word_1_41' title='bbox 115 698 242 742; x_wconf 88' lang='lat' dir='ltr'>viginti</span> <span class='ocrx_word' id='word_1_42' title='bbox 258 705 402 742; x_wconf 85' lang='lat' dir='ltr'>septem,</span> <span class='ocrx_word' id='word_1_43' title='bbox 418 699 563 732; x_wconf 79' lang='lat' dir='ltr'>infoelix</span> <span class='ocrx_word' id='word_1_44' title='bbox 581 700 745 733; x_wconf 74' lang='lat' dir='ltr'>adversus</span> <span class='ocrx_word' id='word_1_45' title='bbox 762 699 965 735; x_wconf 84' lang='lat' dir='ltr'>Saracenos.</span> <span class='ocrx_word' id='word_1_46' title='bbox 992 698 1097 732; x_wconf 86' lang='lat' dir='ltr'>Domi</span> 
     </span>
     <span class='ocr_line' id='line_1_12' title="bbox 114 746 1097 791; baseline -0.001 -9"><span class='ocrx_word' id='word_1_47' title='bbox 114 750 258 782; x_wconf 76' lang='lat' dir='ltr'>fratrem</span> <span class='ocrx_word' id='word_1_48' title='bbox 269 746 512 782; x_wconf 86' lang='lat' dir='ltr'>Theodosium</span> <span class='ocrx_word' id='word_1_49' title='bbox 522 750 706 791; x_wconf 82' lang='lat' dir='ltr'>interfecit,</span> <span class='ocrx_word' id='word_1_50' title='bbox 735 757 767 784; x_wconf 90' lang='lat' dir='ltr'>et</span> <span class='ocrx_word' id='word_1_51' title='bbox 776 751 896 784; x_wconf 78' lang='lat' dir='ltr'>favens</span> <span class='ocrx_word' id='word_1_52' title='bbox 904 746 1097 783; x_wconf 86' lang='lat' dir='ltr'>Monothe-</span> 
     </span>
     <span class='ocr_line' id='line_1_13' title="bbox 115 799 1096 844; baseline 0 -11"><span class='ocrx_word' id='word_1_53' title='bbox 115 800 204 838; x_wconf 87' lang='lat' dir='ltr'>letis,</span> <span class='ocrx_word' id='word_1_54' title='bbox 223 800 300 843; x_wconf 86' lang='lat' dir='ltr'>pios</span> <span class='ocrx_word' id='word_1_55' title='bbox 316 799 452 844; x_wconf 86' lang='lat' dir='ltr'>aliquot</span> <span class='ocrx_word' id='word_1_56' title='bbox 468 806 624 834; x_wconf 86' lang='lat' dir='ltr'>taxantes</span> <span class='ocrx_word' id='word_1_57' title='bbox 642 812 795 834; x_wconf 87' lang='lat' dir='ltr'>errorem</span> <span class='ocrx_word' id='word_1_58' title='bbox 813 801 948 834; x_wconf 89' lang='lat' dir='ltr'>occidit.</span> <span class='ocrx_word' id='word_1_59' title='bbox 983 799 1096 844; x_wconf 80' lang='lat' dir='ltr'>ipsius</span> 
     </span>
     <span class='ocr_line' id='line_1_14' title="bbox 116 848 1096 896; baseline 0 -13"><span class='ocrx_word' id='word_1_60' title='bbox 116 851 282 884; x_wconf 82' lang='lat' dir='ltr'>mandato</span> <span class='ocrx_word' id='word_1_61' title='bbox 300 848 511 884; x_wconf 91' lang='lat' dir='ltr'>Theodorus</span> <span class='ocrx_word' id='word_1_62' title='bbox 529 850 685 896; x_wconf 85' lang='lat' dir='ltr'>Calliopa</span> <span class='ocrx_word' id='word_1_63' title='bbox 700 849 881 885; x_wconf 82' lang='lat' dir='ltr'>Exarchus</span> <span class='ocrx_word' id='word_1_64' title='bbox 899 852 1024 884; x_wconf 79' lang='lat' dir='ltr'>fraude</span> <span class='ocrx_word' id='word_1_65' title='bbox 1041 862 1096 883; x_wconf 88' lang='lat' dir='ltr'>ce-</span> 
     </span>
     <span class='ocr_line' id='line_1_15' title="bbox 115 899 1095 946; baseline -0.001 -12"><span class='ocrx_word' id='word_1_66' title='bbox 115 902 168 945; x_wconf 90' lang='lat' dir='ltr'>pit</span> <span class='ocrx_word' id='word_1_67' title='bbox 183 900 381 934; x_wconf 82' lang='lat' dir='ltr'>Martinum</span> <span class='ocrx_word' id='word_1_68' title='bbox 394 899 599 935; x_wconf 88' lang='lat' dir='ltr'>Romanum</span> <span class='ocrx_word' id='word_1_69' title='bbox 608 900 822 946; x_wconf 89' lang='lat' dir='ltr'>Episcopum</span> <span class='ocrx_word' id='word_1_70' title='bbox 833 930 841 942; x_wconf 88' lang='lat'>‚</span> <span class='ocrx_word' id='word_1_71' title='bbox 869 902 1095 946; x_wconf 80' lang='lat' dir='ltr'>vinctumque</span> 
     </span>
     <span class='ocr_line' id='line_1_16' title="bbox 113 951 1093 995; baseline -0.003 -9"><span class='ocrx_word' id='word_1_72' title='bbox 113 951 450 995; x_wconf 82' lang='lat' dir='ltr'>Constantinopolin</span> <span class='ocrx_word' id='word_1_73' title='bbox 487 952 600 994; x_wconf 87' lang='lat' dir='ltr'>misit,</span> <span class='ocrx_word' id='word_1_74' title='bbox 647 953 709 986; x_wconf 90' lang='lat' dir='ltr'>ubi</span> <span class='ocrx_word' id='word_1_75' title='bbox 740 951 912 986; x_wconf 77' lang='lat' dir='ltr'>Constans</span> <span class='ocrx_word' id='word_1_76' title='bbox 951 963 1029 984; x_wconf 90' lang='lat' dir='ltr'>eum</span> <span class='ocrx_word' id='word_1_77' title='bbox 1058 952 1093 984; x_wconf 88' lang='lat' dir='ltr'>in</span> 
     </span>
     <span class='ocr_line' id='line_1_17' title="bbox 114 999 1095 1048; baseline -0.002 -12"><span class='ocrx_word' id='word_1_78' title='bbox 114 1000 303 1036; x_wconf 87' lang='lat' dir='ltr'>Thraciam</span> <span class='ocrx_word' id='word_1_79' title='bbox 319 999 577 1035; x_wconf 84' lang='lat' dir='ltr'>Chersonesum</span> <span class='ocrx_word' id='word_1_80' title='bbox 596 1003 749 1042; x_wconf 86' lang='lat' dir='ltr'>inclusit,</span> <span class='ocrx_word' id='word_1_81' title='bbox 776 1003 813 1036; x_wconf 87' lang='lat' dir='ltr'>in</span> <span class='ocrx_word' id='word_1_82' title='bbox 832 1014 898 1048; x_wconf 92' lang='lat' dir='ltr'>qua</span> <span class='ocrx_word' id='word_1_83' title='bbox 916 1001 1095 1036; x_wconf 86' lang='lat' dir='ltr'>Martinus</span> 
     </span>
     <span class='ocr_line' id='line_1_18' title="bbox 112 1052 1094 1099; baseline 0.001 -14"><span class='ocrx_word' id='word_1_84' title='bbox 112 1054 202 1086; x_wconf 86' lang='lat' dir='ltr'>same</span> <span class='ocrx_word' id='word_1_85' title='bbox 220 1059 250 1085; x_wconf 90' lang='lat' dir='ltr'>et</span> <span class='ocrx_word' id='word_1_86' title='bbox 269 1052 430 1097; x_wconf 85' lang='lat' dir='ltr'>squalore</span> <span class='ocrx_word' id='word_1_87' title='bbox 450 1053 597 1087; x_wconf 88' lang='lat' dir='ltr'>carceris</span> <span class='ocrx_word' id='word_1_88' title='bbox 614 1053 795 1099; x_wconf 87' lang='lat' dir='ltr'>aliquanto</span> <span class='ocrx_word' id='word_1_89' title='bbox 820 1059 898 1098; x_wconf 89' lang='lat' dir='ltr'>post</span> <span class='ocrx_word' id='word_1_90' title='bbox 923 1053 1094 1086; x_wconf 79' lang='lat' dir='ltr'>extinctus</span> 
     </span>
     <span class='ocr_line' id='line_1_19' title="bbox 113 1110 174 1140; baseline 0.066 -4"><span class='ocrx_word' id='word_1_91' title='bbox 113 1110 174 1140; x_wconf 87' lang='lat' dir='ltr'>est.</span> 
     </span>
    </p>

    <p class='ocr_par' dir='ltr' id='par_1_7' title="bbox 109 1152 1094 2101">
     <span class='ocr_line' id='line_1_20' title="bbox 214 1152 1094 1189; baseline -0.002 -3"><span class='ocrx_word' id='word_1_92' title='bbox 214 1154 314 1186; x_wconf 74' lang='lat' dir='ltr'>Adeo</span> <span class='ocrx_word' id='word_1_93' title='bbox 333 1161 448 1188; x_wconf 88' lang='lat' dir='ltr'>autem</span> <span class='ocrx_word' id='word_1_94' title='bbox 465 1161 646 1189; x_wconf 86' lang='lat' dir='ltr'>creverant</span> <span class='ocrx_word' id='word_1_95' title='bbox 659 1166 713 1188; x_wconf 88' lang='lat' dir='ltr'>res</span> <span class='ocrx_word' id='word_1_96' title='bbox 724 1153 950 1188; x_wconf 87' lang='lat' dir='ltr'>Saracenicae</span> <span class='ocrx_word' id='word_1_97' title='bbox 966 1153 1009 1185; x_wconf 90' lang='lat' dir='ltr'>ab</span> <span class='ocrx_word' id='word_1_98' title='bbox 1025 1152 1094 1184; x_wconf 88' lang='lat' dir='ltr'>ini-</span> 
     </span>
     <span class='ocr_line' id='line_1_21' title="bbox 112 1202 1092 1250; baseline -0.003 -12"><span class='ocrx_word' id='word_1_99' title='bbox 112 1206 161 1238; x_wconf 85' lang='lat' dir='ltr'>tio</span> <span class='ocrx_word' id='word_1_100' title='bbox 185 1205 282 1247; x_wconf 83' lang='lat' dir='ltr'>regni</span> <span class='ocrx_word' id='word_1_101' title='bbox 300 1202 548 1247; x_wconf 85' lang='lat' dir='ltr'>Mahometici‚</span> <span class='ocrx_word' id='word_1_102' title='bbox 573 1206 669 1250; x_wconf 91' lang='lat' dir='ltr'>quod</span> <span class='ocrx_word' id='word_1_103' title='bbox 695 1205 886 1238; x_wconf 88' lang='lat' dir='ltr'>collocatur</span> <span class='ocrx_word' id='word_1_104' title='bbox 908 1204 945 1236; x_wconf 90' lang='lat' dir='ltr'>in</span> <span class='ocrx_word' id='word_1_105' title='bbox 960 1215 1092 1236; x_wconf 86' lang='lat' dir='ltr'>annum</span> 
     </span>
     <span class='ocr_line' id='line_1_22' title="bbox 110 1254 1092 1295; baseline -0.002 -8"><span class='ocrx_word' id='word_1_106' title='bbox 110 1254 244 1289; x_wconf 72' lang='lat' dir='ltr'>Christi</span> <span class='ocrx_word' id='word_1_107' title='bbox 260 1256 548 1289; x_wconf 72' lang='lat' dir='ltr'>sexcentesimum</span> <span class='ocrx_word' id='word_1_108' title='bbox 567 1257 772 1289; x_wconf 78' lang='lat' dir='ltr'>vicesimum</span> <span class='ocrx_word' id='word_1_109' title='bbox 791 1255 944 1295; x_wconf 89' lang='lat' dir='ltr'>tertium,</span> <span class='ocrx_word' id='word_1_110' title='bbox 959 1265 1092 1286; x_wconf 89' lang='lat' dir='ltr'>annum</span> 
     </span>
     <span class='ocr_line' id='line_1_23' title="bbox 111 1303 1090 1352; baseline -0.002 -14"><span class='ocrx_word' id='word_1_111' title='bbox 111 1305 267 1339; x_wconf 85' lang='lat' dir='ltr'>Heraclii</span> <span class='ocrx_word' id='word_1_112' title='bbox 286 1307 459 1339; x_wconf 89' lang='lat' dir='ltr'>decimum</span> <span class='ocrx_word' id='word_1_113' title='bbox 475 1307 629 1346; x_wconf 86' lang='lat' dir='ltr'>tertium,</span> <span class='ocrx_word' id='word_1_114' title='bbox 657 1317 769 1352; x_wconf 90' lang='lat' dir='ltr'>usque</span> <span class='ocrx_word' id='word_1_115' title='bbox 786 1307 830 1339; x_wconf 92' lang='lat' dir='ltr'>ad</span> <span class='ocrx_word' id='word_1_116' title='bbox 847 1303 941 1338; x_wconf 92' lang='lat' dir='ltr'>hunc</span> <span class='ocrx_word' id='word_1_117' title='bbox 956 1316 1090 1337; x_wconf 89' lang='lat' dir='ltr'>annum</span> 
     </span>
     <span class='ocr_line' id='line_1_24' title="bbox 110 1354 1094 1402; baseline -0.002 -13"><span class='ocrx_word' id='word_1_118' title='bbox 110 1354 244 1390; x_wconf 83' lang='lat' dir='ltr'>Christi</span> <span class='ocrx_word' id='word_1_119' title='bbox 260 1357 548 1390; x_wconf 85' lang='lat' dir='ltr'>sexcentesimum</span> <span class='ocrx_word' id='word_1_120' title='bbox 567 1357 896 1402; x_wconf 85' lang='lat' dir='ltr'>quinquagesimum</span> <span class='ocrx_word' id='word_1_121' title='bbox 919 1355 1094 1401; x_wconf 89' lang='lat' dir='ltr'>quintum,</span> 
     </span>
     <span class='ocr_line' id='line_1_25' title="bbox 111 1406 1092 1448; baseline -0.002 -8"><span class='ocrx_word' id='word_1_122' title='bbox 111 1419 245 1441; x_wconf 87' lang='lat' dir='ltr'>annum</span> <span class='ocrx_word' id='word_1_123' title='bbox 261 1406 462 1441; x_wconf 87' lang='lat' dir='ltr'>Constantis</span> <span class='ocrx_word' id='word_1_124' title='bbox 479 1408 653 1442; x_wconf 91' lang='lat' dir='ltr'>decimum</span> <span class='ocrx_word' id='word_1_125' title='bbox 668 1408 822 1448; x_wconf 88' lang='lat' dir='ltr'>tertium,</span> <span class='ocrx_word' id='word_1_126' title='bbox 848 1414 887 1440; x_wconf 93' lang='lat' dir='ltr'>ut</span> <span class='ocrx_word' id='word_1_127' title='bbox 902 1407 971 1439; x_wconf 88' lang='lat' dir='ltr'>iam</span> <span class='ocrx_word' id='word_1_128' title='bbox 986 1406 1092 1438; x_wconf 90' lang='lat' dir='ltr'>classe</span> 
     </span>
     <span class='ocr_line' id='line_1_26' title="bbox 111 1455 1092 1502; baseline 0 -11"><span class='ocrx_word' id='word_1_129' title='bbox 111 1470 152 1491; x_wconf 88' lang='lat' dir='ltr'>ex</span> <span class='ocrx_word' id='word_1_130' title='bbox 178 1455 369 1491; x_wconf 83' lang='lat' dir='ltr'>Phoenicia</span> <span class='ocrx_word' id='word_1_131' title='bbox 399 1459 504 1491; x_wconf 90' lang='lat' dir='ltr'>missa</span> <span class='ocrx_word' id='word_1_132' title='bbox 537 1459 641 1492; x_wconf 78' lang='lat' dir='ltr'>Asiae</span> <span class='ocrx_word' id='word_1_133' title='bbox 676 1459 793 1492; x_wconf 80' lang='lat' dir='ltr'>littora</span> <span class='ocrx_word' id='word_1_134' title='bbox 827 1457 1092 1502; x_wconf 87' lang='lat' dir='ltr'>popularentur.</span> 
     </span>
     <span class='ocr_line' id='line_1_27' title="bbox 110 1508 1093 1552; baseline -0.002 -10"><span class='ocrx_word' id='word_1_135' title='bbox 110 1508 284 1542; x_wconf 86' lang='lat' dir='ltr'>Constans</span> <span class='ocrx_word' id='word_1_136' title='bbox 309 1521 403 1541; x_wconf 89' lang='lat' dir='ltr'>anno</span> <span class='ocrx_word' id='word_1_137' title='bbox 430 1509 565 1542; x_wconf 87' lang='lat' dir='ltr'>decimo</span> <span class='ocrx_word' id='word_1_138' title='bbox 581 1510 685 1543; x_wconf 89' lang='lat' dir='ltr'>tertio</span> <span class='ocrx_word' id='word_1_139' title='bbox 704 1510 757 1542; x_wconf 91' lang='lat' dir='ltr'>sui</span> <span class='ocrx_word' id='word_1_140' title='bbox 773 1508 913 1552; x_wconf 90' lang='lat' dir='ltr'>imperii</span> <span class='ocrx_word' id='word_1_141' title='bbox 928 1508 1093 1541; x_wconf 87' lang='lat' dir='ltr'>scribitur</span> 
     </span>
     <span class='ocr_line' id='line_1_28' title="bbox 111 1555 1094 1604; baseline -0.002 -12"><span class='ocrx_word' id='word_1_142' title='bbox 111 1571 237 1603; x_wconf 86' lang='lat' dir='ltr'>magno</span> <span class='ocrx_word' id='word_1_143' title='bbox 255 1560 386 1602; x_wconf 83' lang='lat' dir='ltr'>praelio</span> <span class='ocrx_word' id='word_1_144' title='bbox 404 1559 440 1591; x_wconf 91' lang='lat' dir='ltr'>in</span> <span class='ocrx_word' id='word_1_145' title='bbox 459 1559 564 1604; x_wconf 74' lang='lat' dir='ltr'>Lycia</span> <span class='ocrx_word' id='word_1_146' title='bbox 580 1572 598 1592; x_wconf 86' lang='lat' dir='ltr'>a</span> <span class='ocrx_word' id='word_1_147' title='bbox 615 1559 822 1593; x_wconf 89' lang='lat' dir='ltr'>Saracenico</span> <span class='ocrx_word' id='word_1_148' title='bbox 841 1561 928 1591; x_wconf 88' lang='lat' dir='ltr'>duce</span> <span class='ocrx_word' id='word_1_149' title='bbox 946 1555 1094 1591; x_wconf 87' lang='lat' dir='ltr'>Mutha-</span> 
     </span>
     <span class='ocr_line' id='line_1_29' title="bbox 110 1607 1091 1652; baseline -0.002 -10"><span class='ocrx_word' id='word_1_150' title='bbox 110 1611 165 1643; x_wconf 84' lang='lat' dir='ltr'>via</span> <span class='ocrx_word' id='word_1_151' title='bbox 189 1610 300 1643; x_wconf 86' lang='lat' dir='ltr'>victus</span> <span class='ocrx_word' id='word_1_152' title='bbox 325 1621 407 1644; x_wconf 85' lang='lat' dir='ltr'>csse.</span> <span class='ocrx_word' id='word_1_153' title='bbox 460 1608 564 1643; x_wconf 82' lang='lat' dir='ltr'>Tunc</span> <span class='ocrx_word' id='word_1_154' title='bbox 591 1617 624 1643; x_wconf 89' lang='lat' dir='ltr'>et</span> <span class='ocrx_word' id='word_1_155' title='bbox 640 1607 810 1644; x_wconf 87' lang='lat' dir='ltr'>Rhodum</span> <span class='ocrx_word' id='word_1_156' title='bbox 828 1608 993 1643; x_wconf 88' lang='lat' dir='ltr'>Saraceni</span> <span class='ocrx_word' id='word_1_157' title='bbox 1011 1620 1091 1652; x_wconf 87' lang='lat' dir='ltr'>spo-</span> 
     </span>
     <span class='ocr_line' id='line_1_30' title="bbox 109 1659 1092 1704; baseline -0.001 -12"><span class='ocrx_word' id='word_1_158' title='bbox 109 1661 263 1699; x_wconf 82' lang='lat' dir='ltr'>liarunt,</span> <span class='ocrx_word' id='word_1_159' title='bbox 304 1660 367 1692; x_wconf 90' lang='lat' dir='ltr'>ubi</span> <span class='ocrx_word' id='word_1_160' title='bbox 404 1671 492 1704; x_wconf 88' lang='lat' dir='ltr'>quae</span> <span class='ocrx_word' id='word_1_161' title='bbox 528 1661 570 1693; x_wconf 93' lang='lat' dir='ltr'>de</span> <span class='ocrx_word' id='word_1_162' title='bbox 599 1659 742 1694; x_wconf 86' lang='lat' dir='ltr'>Colosso</span> <span class='ocrx_word' id='word_1_163' title='bbox 765 1659 858 1694; x_wconf 91' lang='lat' dir='ltr'>Solis</span> <span class='ocrx_word' id='word_1_164' title='bbox 893 1666 1092 1699; x_wconf 87' lang='lat' dir='ltr'>narrantur,</span> 
     </span>
     <span class='ocr_line' id='line_1_31' title="bbox 111 1708 1092 1754; baseline -0.003 -10"><span class='ocrx_word' id='word_1_165' title='bbox 111 1711 254 1750; x_wconf 85' lang='lat' dir='ltr'>omitto,</span> <span class='ocrx_word' id='word_1_166' title='bbox 288 1710 369 1754; x_wconf 88' lang='lat' dir='ltr'>quia</span> <span class='ocrx_word' id='word_1_167' title='bbox 392 1708 529 1743; x_wconf 88' lang='lat' dir='ltr'>Plinius</span> <span class='ocrx_word' id='word_1_168' title='bbox 559 1711 698 1752; x_wconf 87' lang='lat' dir='ltr'>scribit,</span> <span class='ocrx_word' id='word_1_169' title='bbox 741 1710 854 1744; x_wconf 90' lang='lat' dir='ltr'>multo</span> <span class='ocrx_word' id='word_1_170' title='bbox 876 1716 956 1742; x_wconf 87' lang='lat' dir='ltr'>ante</span> <span class='ocrx_word' id='word_1_171' title='bbox 987 1709 1092 1741; x_wconf 86' lang='lat' dir='ltr'>fuisse</span> 
     </span>
     <span class='ocr_line' id='line_1_32' title="bbox 109 1759 1092 1803; baseline -0.003 -8"><span class='ocrx_word' id='word_1_172' title='bbox 109 1772 268 1795; x_wconf 87' lang='lat' dir='ltr'>eversum</span> <span class='ocrx_word' id='word_1_173' title='bbox 291 1766 523 1800; x_wconf 86' lang='lat' dir='ltr'>terraemotu,</span> <span class='ocrx_word' id='word_1_174' title='bbox 564 1762 623 1793; x_wconf 91' lang='lat' dir='ltr'>sed</span> <span class='ocrx_word' id='word_1_175' title='bbox 648 1762 797 1803; x_wconf 85' lang='lat' dir='ltr'>praedae</span> <span class='ocrx_word' id='word_1_176' title='bbox 823 1759 1029 1803; x_wconf 85' lang='lat' dir='ltr'>magnitudo</span> <span class='ocrx_word' id='word_1_177' title='bbox 1053 1771 1092 1792; x_wconf 86' lang='lat' dir='ltr'>ex</span> 
     </span>
     <span class='ocr_line' id='line_1_33' title="bbox 109 1808 1093 1846; baseline -0.003 -1"><span class='ocrx_word' id='word_1_178' title='bbox 109 1819 184 1846; x_wconf 90' lang='lat' dir='ltr'>toto</span> <span class='ocrx_word' id='word_1_179' title='bbox 207 1812 324 1845; x_wconf 87' lang='lat' dir='ltr'>littore</span> <span class='ocrx_word' id='word_1_180' title='bbox 350 1810 445 1844; x_wconf 89' lang='lat' dir='ltr'>dedit</span> <span class='ocrx_word' id='word_1_181' title='bbox 471 1811 688 1844; x_wconf 87' lang='lat' dir='ltr'>occasionem</span> <span class='ocrx_word' id='word_1_182' title='bbox 715 1810 769 1842; x_wconf 88' lang='lat' dir='ltr'>illi</span> <span class='ocrx_word' id='word_1_183' title='bbox 793 1808 943 1845; x_wconf 81' lang='lat' dir='ltr'>fabulae.</span> <span class='ocrx_word' id='word_1_184' title='bbox 995 1808 1093 1843; x_wconf 89' lang='lat' dir='ltr'>Con-</span> 
     </span>
     <span class='ocr_line' id='line_1_34' title="bbox 111 1859 1091 1901; baseline -0.004 -5"><span class='ocrx_word' id='word_1_185' title='bbox 111 1871 206 1897; x_wconf 86' lang='lat' dir='ltr'>stans</span> <span class='ocrx_word' id='word_1_186' title='bbox 228 1863 371 1895; x_wconf 85' lang='lat' dir='ltr'>tandem</span> <span class='ocrx_word' id='word_1_187' title='bbox 398 1867 432 1894; x_wconf 94' lang='lat' dir='ltr'>et</span> <span class='ocrx_word' id='word_1_188' title='bbox 457 1860 493 1893; x_wconf 91' lang='lat' dir='ltr'>in</span> <span class='ocrx_word' id='word_1_189' title='bbox 522 1859 660 1894; x_wconf 86' lang='lat' dir='ltr'>Italiam</span> <span class='ocrx_word' id='word_1_190' title='bbox 687 1860 802 1901; x_wconf 85' lang='lat' dir='ltr'>venit,</span> <span class='ocrx_word' id='word_1_191' title='bbox 848 1860 910 1893; x_wconf 91' lang='lat' dir='ltr'>ubi</span> <span class='ocrx_word' id='word_1_192' title='bbox 938 1860 1049 1893; x_wconf 77' lang='lat' dir='ltr'>victus</span> <span class='ocrx_word' id='word_1_193' title='bbox 1073 1872 1091 1893; x_wconf 85' lang='lat' dir='ltr'>a</span> 
     </span>
     <span class='ocr_line' id='line_1_35' title="bbox 110 1910 1092 1956; baseline -0.004 -9"><span class='ocrx_word' id='word_1_194' title='bbox 110 1912 354 1956; x_wconf 84' lang='lat' dir='ltr'>Longobardis</span> <span class='ocrx_word' id='word_1_195' title='bbox 381 1923 458 1944; x_wconf 88' lang='lat' dir='ltr'>cum</span> <span class='ocrx_word' id='word_1_196' title='bbox 482 1911 531 1944; x_wconf 90' lang='lat' dir='ltr'>eis</span> <span class='ocrx_word' id='word_1_197' title='bbox 555 1912 715 1944; x_wconf 87' lang='lat' dir='ltr'>inducias</span> <span class='ocrx_word' id='word_1_198' title='bbox 740 1911 840 1950; x_wconf 86' lang='lat' dir='ltr'>fecit,</span> <span class='ocrx_word' id='word_1_199' title='bbox 874 1910 1092 1955; x_wconf 75' lang='lat' dir='ltr'>spoliataque</span> 
     </span>
     <span class='ocr_line' id='line_1_36' title="bbox 109 1961 1092 2005; baseline -0.005 -7"><span class='ocrx_word' id='word_1_200' title='bbox 109 1965 197 1998; x_wconf 84' lang='lat' dir='ltr'>urbe</span> <span class='ocrx_word' id='word_1_201' title='bbox 214 1962 329 1999; x_wconf 87' lang='lat' dir='ltr'>Roma</span> <span class='ocrx_word' id='word_1_202' title='bbox 355 1962 391 1994; x_wconf 91' lang='lat' dir='ltr'>in</span> <span class='ocrx_word' id='word_1_203' title='bbox 408 1961 565 1995; x_wconf 83' lang='lat' dir='ltr'>Siciliam</span> <span class='ocrx_word' id='word_1_204' title='bbox 587 1962 708 2002; x_wconf 90' lang='lat' dir='ltr'>rediit,</span> <span class='ocrx_word' id='word_1_205' title='bbox 735 1962 797 1995; x_wconf 90' lang='lat' dir='ltr'>uhi</span> <span class='ocrx_word' id='word_1_206' title='bbox 820 1961 964 1994; x_wconf 84' lang='lat' dir='ltr'>infoelix</span> <span class='ocrx_word' id='word_1_207' title='bbox 981 1961 1092 2005; x_wconf 85' lang='lat' dir='ltr'>impe-</span> 
     </span>
     <span class='ocr_line' id='line_1_37' title="bbox 110 2012 1092 2059; baseline -0.001 -12"><span class='ocrx_word' id='word_1_208' title='bbox 110 2022 206 2049; x_wconf 89' lang='lat' dir='ltr'>rator</span> <span class='ocrx_word' id='word_1_209' title='bbox 222 2014 382 2059; x_wconf 77' lang='lat' dir='ltr'>pertusus</span> <span class='ocrx_word' id='word_1_210' title='bbox 400 2013 555 2048; x_wconf 84' lang='lat' dir='ltr'>fervente</span> <span class='ocrx_word' id='word_1_211' title='bbox 573 2024 662 2058; x_wconf 88' lang='lat' dir='ltr'>aqua</span> <span class='ocrx_word' id='word_1_212' title='bbox 685 2013 723 2046; x_wconf 91' lang='lat' dir='ltr'>in</span> <span class='ocrx_word' id='word_1_213' title='bbox 750 2012 875 2046; x_wconf 78' lang='lat' dir='ltr'>balneo</span> <span class='ocrx_word' id='word_1_214' title='bbox 895 2012 1092 2055; x_wconf 78' lang='lat' dir='ltr'>strangula-</span> 
     </span>
     <span class='ocr_line' id='line_1_38' title="bbox 110 2072 244 2101; baseline -0.022 0"><span class='ocrx_word' id='word_1_215' title='bbox 110 2073 166 2101; x_wconf 82' lang='lat' dir='ltr'>tus</span> <span class='ocrx_word' id='word_1_216' title='bbox 184 2072 244 2099; x_wconf 89' lang='lat' dir='ltr'>est.</span> 
     </span>
    </p>
   </div>
   <div class='ocr_carea' id='block_1_5' title="bbox 160 2165 1091 2413">
    <p class='ocr_par' dir='ltr' id='par_1_8' title="bbox 160 2165 1090 2212">
     <span class='ocr_line' id='line_1_39' title="bbox 160 2165 1090 2212; baseline -0.002 -11"><span class='ocrx_word' id='word_1_217' title='bbox 160 2166 267 2201; x_wconf 89' lang='lat' dir='ltr'>Anno</span> <span class='ocrx_word' id='word_1_218' title='bbox 301 2165 426 2201; x_wconf 92' lang='lat' dir='ltr'>mundi</span> <span class='ocrx_word' id='word_1_219' title='bbox 466 2172 589 2212; x_wconf 88' lang='lat' dir='ltr'>quater</span> <span class='ocrx_word' id='word_1_220' title='bbox 619 2165 808 2199; x_wconf 90' lang='lat' dir='ltr'>millesimo</span> <span class='ocrx_word' id='word_1_221' title='bbox 844 2166 1090 2199; x_wconf 84' lang='lat' dir='ltr'>sexcentesimo</span> 
     </span>
    </p>

    <p class='ocr_par' dir='ltr' id='par_1_9' title="bbox 164 2217 670 2255">
     <span class='ocr_line' id='line_1_40' title="bbox 164 2217 670 2255; baseline 0 -4"><span class='ocrx_word' id='word_1_222' title='bbox 164 2250 168 2255; x_wconf 84' lang='grc'><strong>,</strong></span> <span class='ocrx_word' id='word_1_223' title='bbox 311 2217 486 2251; x_wconf 88' lang='lat' dir='ltr'>tricesimo</span> <span class='ocrx_word' id='word_1_224' title='bbox 502 2218 670 2252; x_wconf 80' lang='lat' dir='ltr'>secundo,</span> 
     </span>
    </p>

    <p class='ocr_par' dir='ltr' id='par_1_10' title="bbox 160 2266 1091 2352">
     <span class='ocr_line' id='line_1_41' title="bbox 160 2266 1091 2313; baseline -0.003 -11"><span class='ocrx_word' id='word_1_225' title='bbox 160 2266 268 2302; x_wconf 84' lang='lat' dir='ltr'>Anno</span> <span class='ocrx_word' id='word_1_226' title='bbox 291 2266 428 2303; x_wconf 87' lang='lat' dir='ltr'>Romae</span> <span class='ocrx_word' id='word_1_227' title='bbox 451 2268 640 2301; x_wconf 89' lang='lat' dir='ltr'>millesimo</span> <span class='ocrx_word' id='word_1_228' title='bbox 667 2266 1011 2313; x_wconf 82' lang='lat' dir='ltr'>quadringentesimo</span> <span class='ocrx_word' id='word_1_229' title='bbox 1038 2267 1091 2299; x_wconf 62' lang='lat' dir='ltr'>xi-</span> 
     </span>
     <span class='ocr_line' id='line_1_42' title="bbox 316 2318 576 2352; baseline 0 0"><span class='ocrx_word' id='word_1_230' title='bbox 316 2319 446 2352; x_wconf 89' lang='lat' dir='ltr'>cesimo</span> <span class='ocrx_word' id='word_1_231' title='bbox 461 2318 576 2352; x_wconf 85' lang='lat' dir='ltr'>tertio.</span> 
     </span>
    </p>

    <p class='ocr_par' dir='ltr' id='par_1_11' title="bbox 162 2366 976 2413">
     <span class='ocr_line' id='line_1_43' title="bbox 162 2366 976 2413; baseline -0.002 -11"><span class='ocrx_word' id='word_1_232' title='bbox 162 2370 268 2403; x_wconf 90' lang='lat' dir='ltr'>Anno</span> <span class='ocrx_word' id='word_1_233' title='bbox 284 2366 417 2404; x_wconf 89' lang='lat' dir='ltr'>Christi</span> <span class='ocrx_word' id='word_1_234' title='bbox 434 2369 682 2404; x_wconf 82' lang='lat' dir='ltr'>sexcentesimo</span> <span class='ocrx_word' id='word_1_235' title='bbox 707 2368 976 2413; x_wconf 86' lang='lat' dir='ltr'>septuagesimo.</span> 
     </span>
    </p>
   </div>
   <div class='ocr_carea' id='block_1_6' title="bbox 426 2453 787 2488">
    <p class='ocr_par' dir='ltr' id='par_1_12' title="bbox 426 2453 787 2488">
     <span class='ocr_line' id='line_1_44' title="bbox 426 2453 787 2488; baseline -0.003 -1"><span class='ocrx_word' id='word_1_236' title='bbox 426 2453 787 2488; x_wconf 76' lang='lat' dir='ltr'>Constantinus.</span> 
     </span>
    </p>
   </div>
   <div class='ocr_carea' id='block_1_7' title="bbox 752 105 1574 146">
    <p class='ocr_par' dir='ltr' id='par_1_13' title="bbox 752 105 1574 146">
     <span class='ocr_line' id='line_1_45' title="bbox 752 105 1574 146; baseline 0 0"><span class='ocrx_word' id='word_1_237' title='bbox 752 107 1045 146; x_wconf 85' lang='lat' dir='ltr'>CHRONICON</span> <span class='ocrx_word' id='word_1_238' title='bbox 1077 105 1324 145; x_wconf 83' lang='lat' dir='ltr'>CARIONIS.</span> <span class='ocrx_word' id='word_1_239' title='bbox 1376 107 1501 145; x_wconf 77' lang='lat' dir='ltr'>PARS</span> <span class='ocrx_word' id='word_1_240' title='bbox 1528 108 1574 146; x_wconf 85' lang='lat' dir='ltr'>Il.</span> 
     </span>
    </p>
   </div>
   <div class='ocr_carea' id='block_1_8' title="bbox 2033 116 2127 150">
    <p class='ocr_par' dir='ltr' id='par_1_14' title="bbox 2033 116 2127 150">
     <span class='ocr_line' id='line_1_46' title="bbox 2033 116 2127 150; baseline 0.021 -2"><span class='ocrx_word' id='word_1_241' title='bbox 2033 116 2127 150; x_wconf 79' lang='lat'>1082</span> 
     </span>
    </p>
   </div>
   <div class='ocr_carea' id='block_1_9' title="bbox 1144 192 2131 2044">
    <p class='ocr_par' dir='ltr' id='par_1_15' title="bbox 1145 192 2131 1398">
     <span class='ocr_line' id='line_1_47' title="bbox 1154 192 2130 244; baseline 0.007 -18"><span class='ocrx_word' id='word_1_242' title='bbox 1154 192 1254 227; x_wconf 87' lang='lat' dir='ltr'>licior</span> <span class='ocrx_word' id='word_1_243' title='bbox 1272 199 1380 238; x_wconf 87' lang='lat' dir='ltr'>patre.</span> <span class='ocrx_word' id='word_1_244' title='bbox 1407 192 1610 228; x_wconf 86' lang='lat' dir='ltr'>Saracenica</span> <span class='ocrx_word' id='word_1_245' title='bbox 1625 195 1742 229; x_wconf 86' lang='lat' dir='ltr'>classis</span> <span class='ocrx_word' id='word_1_246' title='bbox 1759 203 1843 231; x_wconf 86' lang='lat' dir='ltr'>tunc</span> <span class='ocrx_word' id='word_1_247' title='bbox 1859 198 1901 231; x_wconf 86' lang='lat' dir='ltr'>ad</span> <span class='ocrx_word' id='word_1_248' title='bbox 1921 197 2130 244; x_wconf 67' lang='lat' dir='ltr'>Byzantium</span> 
     </span>
     <span class='ocr_line' id='line_1_48' title="bbox 1155 244 2128 293; baseline 0.007 -17"><span class='ocrx_word' id='word_1_249' title='bbox 1155 256 1264 289; x_wconf 86' lang='lat' dir='ltr'>usque</span> <span class='ocrx_word' id='word_1_250' title='bbox 1281 244 1443 283; x_wconf 89' lang='lat' dir='ltr'>accessit,</span> <span class='ocrx_word' id='word_1_251' title='bbox 1471 246 1566 278; x_wconf 90' lang='lat' dir='ltr'>unde</span> <span class='ocrx_word' id='word_1_252' title='bbox 1591 247 1729 290; x_wconf 89' lang='lat' dir='ltr'>repulsa</span> <span class='ocrx_word' id='word_1_253' title='bbox 1747 246 1910 292; x_wconf 80' lang='lat' dir='ltr'>Cyzicum</span> <span class='ocrx_word' id='word_1_254' title='bbox 1934 251 2128 293; x_wconf 72' lang='lat' dir='ltr'>occupavit.</span> 
     </span>
     <span class='ocr_line' id='line_1_49' title="bbox 1153 294 2131 340; baseline 0.005 -12"><span class='ocrx_word' id='word_1_255' title='bbox 1153 294 1310 339; x_wconf 86' lang='lat' dir='ltr'>Cumque</span> <span class='ocrx_word' id='word_1_256' title='bbox 1330 301 1403 328; x_wconf 90' lang='lat' dir='ltr'>toto</span> <span class='ocrx_word' id='word_1_257' title='bbox 1426 296 1607 339; x_wconf 88' lang='lat' dir='ltr'>septennio</span> <span class='ocrx_word' id='word_1_258' title='bbox 1632 296 1669 329; x_wconf 92' lang='lat' dir='ltr'>in</span> <span class='ocrx_word' id='word_1_259' title='bbox 1695 309 1734 330; x_wconf 92' lang='lat' dir='ltr'>eo</span> <span class='ocrx_word' id='word_1_260' title='bbox 1752 297 1828 331; x_wconf 92' lang='lat' dir='ltr'>loco</span> <span class='ocrx_word' id='word_1_261' title='bbox 1846 307 2131 340; x_wconf 86' lang='lat' dir='ltr'>commoraretur,</span> 
     </span>
     <span class='ocr_line' id='line_1_50' title="bbox 1153 345 2130 392; baseline 0.006 -15"><span class='ocrx_word' id='word_1_262' title='bbox 1153 356 1252 388; x_wconf 88' lang='lat' dir='ltr'>saepe</span> <span class='ocrx_word' id='word_1_263' title='bbox 1269 345 1473 378; x_wconf 84' lang='lat' dir='ltr'>dimicatum</span> <span class='ocrx_word' id='word_1_264' title='bbox 1491 353 1541 380; x_wconf 88' lang='lat' dir='ltr'>est</span> <span class='ocrx_word' id='word_1_265' title='bbox 1559 347 1600 379; x_wconf 92' lang='lat' dir='ltr'>ad</span> <span class='ocrx_word' id='word_1_266' title='bbox 1616 345 1836 392; x_wconf 71' lang='lat' dir='ltr'>Byzantium,</span> <span class='ocrx_word' id='word_1_267' title='bbox 1863 350 1972 382; x_wconf 89' lang='lat' dir='ltr'>donec</span> <span class='ocrx_word' id='word_1_268' title='bbox 1988 352 2130 383; x_wconf 88' lang='lat' dir='ltr'>tandem</span> 
     </span>
     <span class='ocr_line' id='line_1_51' title="bbox 1152 392 2129 443; baseline 0.007 -16"><span class='ocrx_word' id='word_1_269' title='bbox 1152 392 1345 429; x_wconf 72' lang='lat' dir='ltr'>Architecti</span> <span class='ocrx_word' id='word_1_270' title='bbox 1356 393 1519 429; x_wconf 82' lang='lat' dir='ltr'>Callinici</span> <span class='ocrx_word' id='word_1_271' title='bbox 1536 403 1609 429; x_wconf 90' lang='lat' dir='ltr'>arte</span> <span class='ocrx_word' id='word_1_272' title='bbox 1625 397 1723 440; x_wconf 81' lang='lat' dir='ltr'>ignes</span> <span class='ocrx_word' id='word_1_273' title='bbox 1740 399 1806 431; x_wconf 90' lang='lat' dir='ltr'>sub</span> <span class='ocrx_word' id='word_1_274' title='bbox 1823 411 1911 443; x_wconf 82' lang='lat' dir='ltr'>aqua</span> <span class='ocrx_word' id='word_1_275' title='bbox 1928 401 2008 433; x_wconf 87' lang='lat' dir='ltr'>facti</span> <span class='ocrx_word' id='word_1_276' title='bbox 2025 412 2129 434; x_wconf 76' lang='lat' dir='ltr'>naves</span> 
     </span>
     <span class='ocr_line' id='line_1_52' title="bbox 1153 444 2129 492; baseline 0.007 -15"><span class='ocrx_word' id='word_1_277' title='bbox 1153 444 1374 478; x_wconf 86' lang='lat' dir='ltr'>Saracenicas</span> <span class='ocrx_word' id='word_1_278' title='bbox 1389 446 1642 487; x_wconf 89' lang='lat' dir='ltr'>incenderunt,</span> <span class='ocrx_word' id='word_1_279' title='bbox 1669 459 1737 492; x_wconf 87' lang='lat' dir='ltr'>qua</span> <span class='ocrx_word' id='word_1_280' title='bbox 1754 460 1790 481; x_wconf 92' lang='lat' dir='ltr'>re</span> <span class='ocrx_word' id='word_1_281' title='bbox 1819 461 1941 492; x_wconf 85' lang='lat' dir='ltr'>magna</span> <span class='ocrx_word' id='word_1_282' title='bbox 1966 451 2129 484; x_wconf 87' lang='lat' dir='ltr'>multitu-</span> 
     </span>
     <span class='ocr_line' id='line_1_53' title="bbox 1152 496 2127 540; baseline 0.006 -12"><span class='ocrx_word' id='word_1_283' title='bbox 1152 496 1233 529; x_wconf 87' lang='lat' dir='ltr'>dine</span> <span class='ocrx_word' id='word_1_284' title='bbox 1250 496 1381 534; x_wconf 87' lang='lat' dir='ltr'>deleta‚</span> <span class='ocrx_word' id='word_1_285' title='bbox 1407 496 1534 540; x_wconf 87' lang='lat' dir='ltr'>reliqui</span> <span class='ocrx_word' id='word_1_286' title='bbox 1549 497 1667 539; x_wconf 82' lang='lat' dir='ltr'>fugere</span> <span class='ocrx_word' id='word_1_287' title='bbox 1692 499 1800 532; x_wconf 88' lang='lat' dir='ltr'>coacti</span> <span class='ocrx_word' id='word_1_288' title='bbox 1824 508 1918 533; x_wconf 86' lang='lat' dir='ltr'>sunt.</span> <span class='ocrx_word' id='word_1_289' title='bbox 1972 500 2028 533; x_wconf 78' lang='lat' dir='ltr'>Ad</span> <span class='ocrx_word' id='word_1_290' title='bbox 2047 501 2127 534; x_wconf 82' lang='lat' dir='ltr'>Ma·</span> 
     </span>
     <span class='ocr_line' id='line_1_54' title="bbox 1151 546 2128 593; baseline 0.007 -15"><span class='ocrx_word' id='word_1_291' title='bbox 1151 546 1239 579; x_wconf 88' lang='lat' dir='ltr'>leam</span> <span class='ocrx_word' id='word_1_292' title='bbox 1263 546 1324 579; x_wconf 87' lang='lat' dir='ltr'>ubi</span> <span class='ocrx_word' id='word_1_293' title='bbox 1351 547 1518 580; x_wconf 88' lang='lat' dir='ltr'>contrarii</span> <span class='ocrx_word' id='word_1_294' title='bbox 1544 547 1646 580; x_wconf 81' lang='lat' dir='ltr'>flatus</span> <span class='ocrx_word' id='word_1_295' title='bbox 1671 559 1770 592; x_wconf 88' lang='lat' dir='ltr'>saepe</span> <span class='ocrx_word' id='word_1_296' title='bbox 1789 549 1944 584; x_wconf 86' lang='lat' dir='ltr'>efficiunt</span> <span class='ocrx_word' id='word_1_297' title='bbox 1959 552 2128 593; x_wconf 84' lang='lat' dir='ltr'>turbines,</span> 
     </span>
     <span class='ocr_line' id='line_1_55' title="bbox 1151 595 2127 642; baseline 0.007 -14"><span class='ocrx_word' id='word_1_298' title='bbox 1151 597 1304 641; x_wconf 85' lang='lat' dir='ltr'>reliquae</span> <span class='ocrx_word' id='word_1_299' title='bbox 1326 595 1582 629; x_wconf 82' lang='lat' dir='ltr'>Saracenorum</span> <span class='ocrx_word' id='word_1_300' title='bbox 1616 609 1722 631; x_wconf 79' lang='lat' dir='ltr'>naves</span> <span class='ocrx_word' id='word_1_301' title='bbox 1745 599 1873 642; x_wconf 88' lang='lat' dir='ltr'>partim</span> <span class='ocrx_word' id='word_1_302' title='bbox 1905 601 2016 634; x_wconf 90' lang='lat' dir='ltr'>illisae</span> <span class='ocrx_word' id='word_1_303' title='bbox 2046 610 2127 635; x_wconf 85' lang='lat' dir='ltr'>sunt</span> 
     </span>
     <span class='ocr_line' id='line_1_56' title="bbox 1150 646 2127 694; baseline 0.005 -14"><span class='ocrx_word' id='word_1_304' title='bbox 1150 646 1319 691; x_wconf 90' lang='lat' dir='ltr'>scopulis,</span> <span class='ocrx_word' id='word_1_305' title='bbox 1347 646 1474 689; x_wconf 87' lang='lat' dir='ltr'>partim</span> <span class='ocrx_word' id='word_1_306' title='bbox 1491 647 1666 680; x_wconf 85' lang='lat' dir='ltr'>demersae</span> <span class='ocrx_word' id='word_1_307' title='bbox 1688 648 1724 680; x_wconf 91' lang='lat' dir='ltr'>in</span> <span class='ocrx_word' id='word_1_308' title='bbox 1751 660 1854 682; x_wconf 86' lang='lat' dir='ltr'>mare.</span> <span class='ocrx_word' id='word_1_309' title='bbox 1908 649 1996 684; x_wconf 90' lang='lat' dir='ltr'>Cum</span> <span class='ocrx_word' id='word_1_310' title='bbox 2023 652 2127 694; x_wconf 84' lang='lat' dir='ltr'>igitur</span> 
     </span>
     <span class='ocr_line' id='line_1_57' title="bbox 1150 697 2126 745; baseline 0.006 -16"><span class='ocrx_word' id='word_1_311' title='bbox 1150 697 1288 730; x_wconf 88' lang='lat' dir='ltr'>circiter</span> <span class='ocrx_word' id='word_1_312' title='bbox 1319 697 1461 740; x_wconf 85' lang='lat' dir='ltr'>triginta</span> <span class='ocrx_word' id='word_1_313' title='bbox 1498 697 1608 730; x_wconf 89' lang='lat' dir='ltr'>millia</span> <span class='ocrx_word' id='word_1_314' title='bbox 1641 697 1895 732; x_wconf 82' lang='lat' dir='ltr'>Saracenorum</span> <span class='ocrx_word' id='word_1_315' title='bbox 1933 702 2126 745; x_wconf 85' lang='lat' dir='ltr'>periissent,</span> 
     </span>
     <span class='ocr_line' id='line_1_58' title="bbox 1149 745 2127 793; baseline 0.006 -14"><span class='ocrx_word' id='word_1_316' title='bbox 1149 748 1218 781; x_wconf 85' lang='lat' dir='ltr'>dux</span> <span class='ocrx_word' id='word_1_317' title='bbox 1236 745 1424 781; x_wconf 76' lang='lat' dir='ltr'>Muthavia</span> <span class='ocrx_word' id='word_1_318' title='bbox 1451 759 1569 791; x_wconf 85' lang='lat' dir='ltr'>pacem</span> <span class='ocrx_word' id='word_1_319' title='bbox 1586 760 1603 781; x_wconf 88' lang='lat' dir='ltr'>a</span> <span class='ocrx_word' id='word_1_320' title='bbox 1623 747 1795 782; x_wconf 84' lang='lat' dir='ltr'>Romanis</span> <span class='ocrx_word' id='word_1_321' title='bbox 1811 751 1907 793; x_wconf 88' lang='lat' dir='ltr'>petit.</span> <span class='ocrx_word' id='word_1_322' title='bbox 1960 750 2060 785; x_wconf 79' lang='lat' dir='ltr'>Facta</span> <span class='ocrx_word' id='word_1_323' title='bbox 2077 761 2127 785; x_wconf 83' lang='lat' dir='ltr'>est</span> 
     </span>
     <span class='ocr_line' id='line_1_59' title="bbox 1149 798 2126 842; baseline 0.006 -12"><span class='ocrx_word' id='word_1_324' title='bbox 1149 798 1256 841; x_wconf 80' lang='lat' dir='ltr'>igitur</span> <span class='ocrx_word' id='word_1_325' title='bbox 1280 810 1345 842; x_wconf 75' lang='lat' dir='ltr'>pax</span> <span class='ocrx_word' id='word_1_326' title='bbox 1368 798 1405 831; x_wconf 91' lang='lat' dir='ltr'>in</span> <span class='ocrx_word' id='word_1_327' title='bbox 1430 809 1540 831; x_wconf 84' lang='lat' dir='ltr'>annos</span> <span class='ocrx_word' id='word_1_328' title='bbox 1573 799 1727 841; x_wconf 83' lang='lat' dir='ltr'>triginta.</span> <span class='ocrx_word' id='word_1_329' title='bbox 1782 799 1865 833; x_wconf 88' lang='lat' dir='ltr'>Post</span> <span class='ocrx_word' id='word_1_330' title='bbox 1893 799 1962 835; x_wconf 91' lang='lat' dir='ltr'>hoc</span> <span class='ocrx_word' id='word_1_331' title='bbox 1994 803 2126 836; x_wconf 86' lang='lat' dir='ltr'>bellum</span> 
     </span>
     <span class='ocr_line' id='line_1_60' title="bbox 1148 845 2126 895; baseline 0.005 -14"><span class='ocrx_word' id='word_1_332' title='bbox 1148 856 1238 882; x_wconf 78' lang='lat' dir='ltr'>nova</span> <span class='ocrx_word' id='word_1_333' title='bbox 1255 860 1338 892; x_wconf 82' lang='lat' dir='ltr'>gens</span> <span class='ocrx_word' id='word_1_334' title='bbox 1354 849 1482 882; x_wconf 68' lang='lat' dir='ltr'>Arctoa</span> <span class='ocrx_word' id='word_1_335' title='bbox 1498 845 1667 894; x_wconf 77' lang='lat' dir='ltr'>Rulgari</span> <span class='ocrx_word' id='word_1_336' title='bbox 1681 851 1724 882; x_wconf 90' lang='lat' dir='ltr'>ad</span> <span class='ocrx_word' id='word_1_337' title='bbox 1741 849 1892 895; x_wconf 54' lang='lat' dir='ltr'>Elysiam</span> <span class='ocrx_word' id='word_1_338' title='bbox 1913 852 2126 894; x_wconf 82' lang='lat' dir='ltr'>inferiorem,</span> 
     </span>
     <span class='ocr_line' id='line_1_61' title="bbox 1149 898 2124 944; baseline 0.005 -13"><span class='ocrx_word' id='word_1_339' title='bbox 1149 911 1237 944; x_wconf 87' lang='lat' dir='ltr'>quae</span> <span class='ocrx_word' id='word_1_340' title='bbox 1262 911 1334 932; x_wconf 91' lang='lat' dir='ltr'>non</span> <span class='ocrx_word' id='word_1_341' title='bbox 1360 899 1482 943; x_wconf 90' lang='lat' dir='ltr'>procul</span> <span class='ocrx_word' id='word_1_342' title='bbox 1505 911 1523 932; x_wconf 91' lang='lat' dir='ltr'>a</span> <span class='ocrx_word' id='word_1_343' title='bbox 1548 898 1719 944; x_wconf 80' lang='lat' dir='ltr'>Byzantio</span> <span class='ocrx_word' id='word_1_344' title='bbox 1745 901 1858 941; x_wconf 89' lang='lat' dir='ltr'>abest,</span> <span class='ocrx_word' id='word_1_345' title='bbox 1899 912 2124 939; x_wconf 78' lang='lat' dir='ltr'>accesserunt,</span> 
     </span>
     <span class='ocr_line' id='line_1_62' title="bbox 1148 949 2123 994; baseline 0.005 -13"><span class='ocrx_word' id='word_1_346' title='bbox 1148 949 1371 993; x_wconf 81' lang='lat' dir='ltr'>primumque</span> <span class='ocrx_word' id='word_1_347' title='bbox 1403 957 1487 982; x_wconf 90' lang='lat' dir='ltr'>tunc</span> <span class='ocrx_word' id='word_1_348' title='bbox 1524 950 1690 983; x_wconf 89' lang='lat' dir='ltr'>celebrari</span> <span class='ocrx_word' id='word_1_349' title='bbox 1728 962 1855 984; x_wconf 89' lang='lat' dir='ltr'>nomen</span> <span class='ocrx_word' id='word_1_350' title='bbox 1893 951 2123 994; x_wconf 70' lang='lat' dir='ltr'>Bulgarornm</span> 
     </span>
     <span class='ocr_line' id='line_1_63' title="bbox 1149 1000 2125 1046; baseline 0.005 -15"><span class='ocrx_word' id='word_1_351' title='bbox 1149 1000 1280 1043; x_wconf 88' lang='lat' dir='ltr'>coepit,</span> <span class='ocrx_word' id='word_1_352' title='bbox 1317 1011 1404 1044; x_wconf 89' lang='lat' dir='ltr'>quos</span> <span class='ocrx_word' id='word_1_353' title='bbox 1428 1000 1586 1033; x_wconf 82' lang='lat' dir='ltr'>existimo</span> <span class='ocrx_word' id='word_1_354' title='bbox 1609 1001 1719 1034; x_wconf 88' lang='lat' dir='ltr'>dictos</span> <span class='ocrx_word' id='word_1_355' title='bbox 1745 1013 1816 1034; x_wconf 80' lang='lat' dir='ltr'>esse</span> <span class='ocrx_word' id='word_1_356' title='bbox 1839 1014 1856 1034; x_wconf 90' lang='lat' dir='ltr'>a</span> <span class='ocrx_word' id='word_1_357' title='bbox 1873 1001 1981 1046; x_wconf 76' lang='lat' dir='ltr'>Bolga</span> <span class='ocrx_word' id='word_1_358' title='bbox 2007 1005 2125 1044; x_wconf 65' lang='lat' dir='ltr'>fluvio,</span> 
     </span>
     <span class='ocr_line' id='line_1_64' title="bbox 1147 1050 2126 1097; baseline 0.005 -15"><span class='ocrx_word' id='word_1_359' title='bbox 1147 1050 1245 1083; x_wconf 88' lang='lat' dir='ltr'>cuius</span> <span class='ocrx_word' id='word_1_360' title='bbox 1262 1050 1374 1082; x_wconf 84' lang='lat' dir='ltr'>fontes</span> <span class='ocrx_word' id='word_1_361' title='bbox 1396 1057 1477 1084; x_wconf 88' lang='lat' dir='ltr'>sunt</span> <span class='ocrx_word' id='word_1_362' title='bbox 1493 1062 1564 1083; x_wconf 90' lang='lat' dir='ltr'>non</span> <span class='ocrx_word' id='word_1_363' title='bbox 1585 1052 1708 1094; x_wconf 85' lang='lat' dir='ltr'>procul</span> <span class='ocrx_word' id='word_1_364' title='bbox 1724 1063 1740 1084; x_wconf 88' lang='lat' dir='ltr'>a</span> <span class='ocrx_word' id='word_1_365' title='bbox 1758 1051 1907 1085; x_wconf 82' lang='lat' dir='ltr'>Livonia</span> <span class='ocrx_word' id='word_1_366' title='bbox 1933 1054 1967 1086; x_wconf 90' lang='lat' dir='ltr'>in</span> <span class='ocrx_word' id='word_1_367' title='bbox 1989 1055 2126 1097; x_wconf 74' lang='lat' dir='ltr'>paludi-</span> 
     </span>
     <span class='ocr_line' id='line_1_65' title="bbox 1147 1099 2125 1137; baseline 0.004 -4"><span class='ocrx_word' id='word_1_368' title='bbox 1147 1101 1212 1133; x_wconf 88' lang='lat' dir='ltr'>bus</span> <span class='ocrx_word' id='word_1_369' title='bbox 1237 1099 1450 1134; x_wconf 85' lang='lat' dir='ltr'>Moscoviae.</span> <span class='ocrx_word' id='word_1_370' title='bbox 1504 1100 1603 1133; x_wconf 77' lang='lat' dir='ltr'>Adeo</span> <span class='ocrx_word' id='word_1_371' title='bbox 1629 1108 1744 1134; x_wconf 85' lang='lat' dir='ltr'>autem</span> <span class='ocrx_word' id='word_1_372' title='bbox 1771 1104 1891 1137; x_wconf 83' lang='lat' dir='ltr'>crescit</span> <span class='ocrx_word' id='word_1_373' title='bbox 1918 1104 2028 1136; x_wconf 71' lang='lat' dir='ltr'>fluens</span> <span class='ocrx_word' id='word_1_374' title='bbox 2048 1117 2125 1137; x_wconf 65' lang='lat' dir='ltr'>ver-</span> 
     </span>
     <span class='ocr_line' id='line_1_66' title="bbox 1147 1148 2125 1197; baseline 0.004 -13"><span class='ocrx_word' id='word_1_375' title='bbox 1147 1163 1203 1184; x_wconf 89' lang='lat' dir='ltr'>sus</span> <span class='ocrx_word' id='word_1_376' title='bbox 1231 1148 1434 1191; x_wconf 83' lang='lat' dir='ltr'>Orientem,</span> <span class='ocrx_word' id='word_1_377' title='bbox 1468 1158 1507 1185; x_wconf 89' lang='lat' dir='ltr'>ut</span> <span class='ocrx_word' id='word_1_378' title='bbox 1531 1151 1654 1194; x_wconf 73' lang='lat' dir='ltr'>viginti</span> <span class='ocrx_word' id='word_1_379' title='bbox 1683 1153 1841 1196; x_wconf 84' lang='lat' dir='ltr'>quinque</span> <span class='ocrx_word' id='word_1_380' title='bbox 1868 1155 2125 1197; x_wconf 60' lang='lat' dir='ltr'>navigabilibus</span> 
     </span>
     <span class='ocr_line' id='line_1_67' title="bbox 1146 1200 2124 1246; baseline 0.004 -13"><span class='ocrx_word' id='word_1_381' title='bbox 1146 1202 1243 1234; x_wconf 90' lang='lat' dir='ltr'>ostiis</span> <span class='ocrx_word' id='word_1_382' title='bbox 1260 1201 1384 1234; x_wconf 85' lang='lat' dir='ltr'>influat</span> <span class='ocrx_word' id='word_1_383' title='bbox 1400 1202 1438 1233; x_wconf 89' lang='lat' dir='ltr'>in</span> <span class='ocrx_word' id='word_1_384' title='bbox 1453 1213 1547 1238; x_wconf 80' lang='lat' dir='ltr'>mare</span> <span class='ocrx_word' id='word_1_385' title='bbox 1565 1200 1740 1246; x_wconf 86' lang='lat' dir='ltr'>Caspium.</span> <span class='ocrx_word' id='word_1_386' title='bbox 1794 1201 1882 1236; x_wconf 88' lang='lat' dir='ltr'>Cum</span> <span class='ocrx_word' id='word_1_387' title='bbox 1906 1212 2018 1237; x_wconf 78' lang='lat' dir='ltr'>autem</span> <span class='ocrx_word' id='word_1_388' title='bbox 2039 1204 2124 1238; x_wconf 79' lang='lat' dir='ltr'>But-</span> 
     </span>
     <span class='ocr_line' id='line_1_68' title="bbox 1145 1250 2125 1298; baseline 0.004 -14"><span class='ocrx_word' id='word_1_389' title='bbox 1145 1252 1218 1294; x_wconf 83' lang='lat' dir='ltr'>gari</span> <span class='ocrx_word' id='word_1_390' title='bbox 1255 1250 1458 1286; x_wconf 83' lang='lat' dir='ltr'>Romanum</span> <span class='ocrx_word' id='word_1_391' title='bbox 1490 1253 1676 1285; x_wconf 79' lang='lat' dir='ltr'>exercitum</span> <span class='ocrx_word' id='word_1_392' title='bbox 1712 1253 1892 1294; x_wconf 79' lang='lat' dir='ltr'>vicissent,</span> <span class='ocrx_word' id='word_1_393' title='bbox 1934 1256 2125 1298; x_wconf 78' lang='lat' dir='ltr'>imperator</span> 
     </span>
     <span class='ocr_line' id='line_1_69' title="bbox 1146 1303 2124 1350; baseline 0.005 -16"><span class='ocrx_word' id='word_1_394' title='bbox 1146 1314 1264 1346; x_wconf 88' lang='lat' dir='ltr'>pacem</span> <span class='ocrx_word' id='word_1_395' title='bbox 1283 1314 1362 1336; x_wconf 92' lang='lat' dir='ltr'>cum</span> <span class='ocrx_word' id='word_1_396' title='bbox 1382 1303 1431 1335; x_wconf 88' lang='lat' dir='ltr'>eis</span> <span class='ocrx_word' id='word_1_397' title='bbox 1446 1303 1546 1341; x_wconf 90' lang='lat' dir='ltr'>secit,</span> <span class='ocrx_word' id='word_1_398' title='bbox 1575 1303 1740 1348; x_wconf 85' lang='lat' dir='ltr'>deditque</span> <span class='ocrx_word' id='word_1_399' title='bbox 1757 1304 1804 1337; x_wconf 89' lang='lat' dir='ltr'>eis</span> <span class='ocrx_word' id='word_1_400' title='bbox 1822 1305 1937 1337; x_wconf 88' lang='lat' dir='ltr'>sedem</span> <span class='ocrx_word' id='word_1_401' title='bbox 1954 1306 1988 1338; x_wconf 92' lang='lat' dir='ltr'>in</span> <span class='ocrx_word' id='word_1_402' title='bbox 2009 1305 2124 1350; x_wconf 64' lang='lat' dir='ltr'>Mysia</span> 
     </span>
     <span class='ocr_line' id='line_1_70' title="bbox 1146 1353 2047 1398; baseline 0.003 -13"><span class='ocrx_word' id='word_1_403' title='bbox 1146 1353 1312 1387; x_wconf 90' lang='lat' dir='ltr'>inferiore</span> <span class='ocrx_word' id='word_1_404' title='bbox 1323 1380 1332 1392; x_wconf 86' lang='lat'>‚</span> <span class='ocrx_word' id='word_1_405' title='bbox 1360 1365 1449 1398; x_wconf 87' lang='lat' dir='ltr'>quae</span> <span class='ocrx_word' id='word_1_406' title='bbox 1464 1365 1559 1387; x_wconf 87' lang='lat' dir='ltr'>nunc</span> <span class='ocrx_word' id='word_1_407' title='bbox 1573 1366 1712 1398; x_wconf 88' lang='lat' dir='ltr'>quoque</span> <span class='ocrx_word' id='word_1_408' title='bbox 1728 1353 1892 1397; x_wconf 83' lang='lat' dir='ltr'>Bulgaria</span> <span class='ocrx_word' id='word_1_409' title='bbox 1909 1356 2047 1391; x_wconf 77' lang='lat' dir='ltr'>dicitnr.</span> 
     </span>
    </p>

    <p class='ocr_par' dir='ltr' id='par_1_16' title="bbox 1144 1401 2123 2044">
     <span class='ocr_line' id='line_1_71' title="bbox 1246 1401 2123 1447; baseline 0.003 -11"><span class='ocrx_word' id='word_1_410' title='bbox 1246 1404 1351 1437; x_wconf 69' lang='lat' dir='ltr'>Anno</span> <span class='ocrx_word' id='word_1_411' title='bbox 1373 1404 1581 1437; x_wconf 89' lang='lat' dir='ltr'>duodecimo</span> <span class='ocrx_word' id='word_1_412' title='bbox 1607 1401 1710 1437; x_wconf 88' lang='lat' dir='ltr'>huius</span> <span class='ocrx_word' id='word_1_413' title='bbox 1727 1403 1950 1438; x_wconf 85' lang='lat' dir='ltr'>Constantini</span> <span class='ocrx_word' id='word_1_414' title='bbox 1969 1405 2123 1447; x_wconf 80' lang='lat' dir='ltr'>Barbati,</span> 
     </span>
     <span class='ocr_line' id='line_1_72' title="bbox 1145 1452 2122 1499; baseline 0.003 -13"><span class='ocrx_word' id='word_1_415' title='bbox 1145 1454 1306 1489; x_wconf 74' lang='lat' dir='ltr'>videlicet</span> <span class='ocrx_word' id='word_1_416' title='bbox 1335 1466 1429 1487; x_wconf 90' lang='lat' dir='ltr'>anno</span> <span class='ocrx_word' id='word_1_417' title='bbox 1453 1452 1585 1487; x_wconf 90' lang='lat' dir='ltr'>Christi</span> <span class='ocrx_word' id='word_1_418' title='bbox 1615 1456 1860 1488; x_wconf 80' lang='lat' dir='ltr'>sexcentesimo</span> <span class='ocrx_word' id='word_1_419' title='bbox 1890 1458 2122 1499; x_wconf 71' lang='lat' dir='ltr'>octuagesimo</span> 
     </span>
     <span class='ocr_line' id='line_1_73' title="bbox 1145 1503 2123 1550; baseline 0.002 -12"><span class='ocrx_word' id='word_1_420' title='bbox 1145 1505 1276 1549; x_wconf 85' lang='lat' dir='ltr'>primo,</span> <span class='ocrx_word' id='word_1_421' title='bbox 1293 1504 1458 1550; x_wconf 83' lang='lat' dir='ltr'>Synodus</span> <span class='ocrx_word' id='word_1_422' title='bbox 1474 1503 1702 1549; x_wconf 52' lang='grc' dir='ltr'>οἷκοιίιιειίκι]</span> <span class='ocrx_word' id='word_1_423' title='bbox 1724 1506 1983 1550; x_wconf 82' lang='lat' dir='ltr'>abimperatore</span> <span class='ocrx_word' id='word_1_424' title='bbox 1994 1519 2123 1540; x_wconf 70' lang='lat' dir='ltr'>convo-</span> 
     </span>
     <span class='ocr_line' id='line_1_74' title="bbox 1145 1555 2121 1601; baseline 0.002 -13"><span class='ocrx_word' id='word_1_425' title='bbox 1145 1562 1218 1589; x_wconf 84' lang='lat' dir='ltr'>cata</span> <span class='ocrx_word' id='word_1_426' title='bbox 1250 1563 1300 1589; x_wconf 90' lang='lat' dir='ltr'>est</span> <span class='ocrx_word' id='word_1_427' title='bbox 1324 1555 1556 1601; x_wconf 68' lang='lat' dir='ltr'>Byzantium,</span> <span class='ocrx_word' id='word_1_428' title='bbox 1591 1567 1678 1600; x_wconf 86' lang='lat' dir='ltr'>quae</span> <span class='ocrx_word' id='word_1_429' title='bbox 1702 1557 1908 1590; x_wconf 85' lang='lat' dir='ltr'>nominatur</span> <span class='ocrx_word' id='word_1_430' title='bbox 1931 1566 2044 1597; x_wconf 80' lang='lat' dir='ltr'>sexta,</span> <span class='ocrx_word' id='word_1_431' title='bbox 2085 1560 2121 1590; x_wconf 89' lang='lat' dir='ltr'>in</span> 
     </span>
     <span class='ocr_line' id='line_1_75' title="bbox 1145 1605 2122 1650; baseline 0.003 -11"><span class='ocrx_word' id='word_1_432' title='bbox 1145 1618 1213 1650; x_wconf 91' lang='lat' dir='ltr'>qua</span> <span class='ocrx_word' id='word_1_433' title='bbox 1251 1608 1293 1639; x_wconf 92' lang='lat' dir='ltr'>de</span> <span class='ocrx_word' id='word_1_434' title='bbox 1333 1606 1502 1649; x_wconf 87' lang='lat' dir='ltr'>contagiis</span> <span class='ocrx_word' id='word_1_435' title='bbox 1537 1605 1756 1640; x_wconf 84' lang='lat' dir='ltr'>Samosateni</span> <span class='ocrx_word' id='word_1_436' title='bbox 1800 1608 2017 1650; x_wconf 78' lang='lat' dir='ltr'>disputatum</span> <span class='ocrx_word' id='word_1_437' title='bbox 2061 1617 2122 1643; x_wconf 84' lang='lat' dir='ltr'>est.</span> 
     </span>
     <span class='ocr_line' id='line_1_76' title="bbox 1145 1655 2121 1702; baseline 0.002 -13"><span class='ocrx_word' id='word_1_438' title='bbox 1145 1655 1256 1690; x_wconf 86' lang='lat' dir='ltr'>Erant</span> <span class='ocrx_word' id='word_1_439' title='bbox 1285 1657 1378 1690; x_wconf 91' lang='lat' dir='ltr'>enim</span> <span class='ocrx_word' id='word_1_440' title='bbox 1402 1657 1463 1702; x_wconf 89' lang='lat' dir='ltr'>qui</span> <span class='ocrx_word' id='word_1_441' title='bbox 1487 1658 1748 1690; x_wconf 88' lang='lat' dir='ltr'>contendebant</span> <span class='ocrx_word' id='word_1_442' title='bbox 1771 1657 1806 1690; x_wconf 94' lang='lat' dir='ltr'>in</span> <span class='ocrx_word' id='word_1_443' title='bbox 1826 1655 1965 1691; x_wconf 78' lang='lat' dir='ltr'>Christo</span> <span class='ocrx_word' id='word_1_444' title='bbox 1985 1666 2121 1692; x_wconf 74' lang='lat' dir='ltr'>tantuin</span> 
     </span>
     <span class='ocr_line' id='line_1_77' title="bbox 1145 1707 2122 1752; baseline 0.003 -14"><span class='ocrx_word' id='word_1_445' title='bbox 1145 1718 1217 1739; x_wconf 85' lang='lat' dir='ltr'>esse</span> <span class='ocrx_word' id='word_1_446' title='bbox 1243 1708 1381 1740; x_wconf 87' lang='lat' dir='ltr'>unicam</span> <span class='ocrx_word' id='word_1_447' title='bbox 1409 1708 1645 1746; x_wconf 84' lang='lat' dir='ltr'>voluntatem,</span> <span class='ocrx_word' id='word_1_448' title='bbox 1674 1708 1732 1752; x_wconf 87' lang='lat' dir='ltr'>qui</span> <span class='ocrx_word' id='word_1_449' title='bbox 1758 1708 1837 1740; x_wconf 86' lang='lat' dir='ltr'>ideo</span> <span class='ocrx_word' id='word_1_450' title='bbox 1859 1707 2122 1742; x_wconf 77' lang='lat' dir='ltr'>Monotheletae</span> 
     </span>
     <span class='ocr_line' id='line_1_78' title="bbox 1146 1756 2121 1803; baseline 0.002 -14"><span class='ocrx_word' id='word_1_451' title='bbox 1146 1757 1317 1790; x_wconf 85' lang='lat' dir='ltr'>nominati</span> <span class='ocrx_word' id='word_1_452' title='bbox 1337 1763 1429 1791; x_wconf 83' lang='lat' dir='ltr'>sunt.</span> <span class='ocrx_word' id='word_1_453' title='bbox 1454 1756 1502 1789; x_wconf 88' lang='lat' dir='ltr'>Hi</span> <span class='ocrx_word' id='word_1_454' title='bbox 1519 1764 1605 1791; x_wconf 87' lang='lat' dir='ltr'>tecte</span> <span class='ocrx_word' id='word_1_455' title='bbox 1622 1758 1863 1800; x_wconf 77' lang='lat' dir='ltr'>significabant</span> <span class='ocrx_word' id='word_1_456' title='bbox 1884 1756 1948 1791; x_wconf 76' lang='lat' dir='ltr'>hoc</span> <span class='ocrx_word' id='word_1_457' title='bbox 1966 1772 2121 1803; x_wconf 73' lang='lat' dir='ltr'>quoque:</span> 
     </span>
     <span class='ocr_line' id='line_1_79' title="bbox 1145 1807 2121 1843; baseline 0.003 -3"><span class='ocrx_word' id='word_1_458' title='bbox 1145 1819 1180 1840; x_wconf 88' lang='lat' dir='ltr'>se</span> <span class='ocrx_word' id='word_1_459' title='bbox 1196 1808 1324 1841; x_wconf 89' lang='lat' dir='ltr'>sentire</span> <span class='ocrx_word' id='word_1_460' title='bbox 1339 1808 1479 1840; x_wconf 87' lang='lat' dir='ltr'>unicam</span> <span class='ocrx_word' id='word_1_461' title='bbox 1496 1814 1631 1841; x_wconf 86' lang='lat' dir='ltr'>tantum</span> <span class='ocrx_word' id='word_1_462' title='bbox 1649 1819 1720 1841; x_wconf 88' lang='lat' dir='ltr'>esse</span> <span class='ocrx_word' id='word_1_463' title='bbox 1739 1808 1775 1840; x_wconf 88' lang='lat' dir='ltr'>in</span> <span class='ocrx_word' id='word_1_464' title='bbox 1791 1807 1930 1841; x_wconf 80' lang='lat' dir='ltr'>Christo</span> <span class='ocrx_word' id='word_1_465' title='bbox 1950 1817 2121 1843; x_wconf 58' lang='lat' dir='ltr'>naturam.</span> 
     </span>
     <span class='ocr_line' id='line_1_80' title="bbox 1144 1857 2123 1903; baseline 0.002 -13"><span class='ocrx_word' id='word_1_466' title='bbox 1144 1857 1260 1892; x_wconf 84' lang='lat' dir='ltr'>Huius</span> <span class='ocrx_word' id='word_1_467' title='bbox 1278 1858 1413 1903; x_wconf 75' lang='lat' dir='ltr'>Synodi</span> <span class='ocrx_word' id='word_1_468' title='bbox 1431 1859 1645 1891; x_wconf 88' lang='lat' dir='ltr'>mentionem</span> <span class='ocrx_word' id='word_1_469' title='bbox 1664 1870 1783 1891; x_wconf 89' lang='lat' dir='ltr'>rursus</span> <span class='ocrx_word' id='word_1_470' title='bbox 1800 1860 1922 1891; x_wconf 76' lang='lat' dir='ltr'>faciam</span> <span class='ocrx_word' id='word_1_471' title='bbox 1935 1886 1942 1895; x_wconf 75' lang='grc'>,</span> <span class='ocrx_word' id='word_1_472' title='bbox 1971 1872 2047 1892; x_wconf 83' lang='lat' dir='ltr'>cum</span> <span class='ocrx_word' id='word_1_473' title='bbox 2070 1862 2123 1892; x_wconf 85' lang='lat' dir='ltr'>in-</span> 
     </span>
     <span class='ocr_line' id='line_1_81' title="bbox 1144 1906 2121 1953; baseline 0.001 -12"><span class='ocrx_word' id='word_1_474' title='bbox 1144 1909 1196 1941; x_wconf 87' lang='lat' dir='ltr'>fra</span> <span class='ocrx_word' id='word_1_475' title='bbox 1215 1910 1256 1941; x_wconf 92' lang='lat' dir='ltr'>de</span> <span class='ocrx_word' id='word_1_476' title='bbox 1272 1906 1428 1941; x_wconf 85' lang='lat' dir='ltr'>Ecclesia</span> <span class='ocrx_word' id='word_1_477' title='bbox 1444 1908 1518 1941; x_wconf 91' lang='lat' dir='ltr'>eius</span> <span class='ocrx_word' id='word_1_478' title='bbox 1536 1909 1700 1952; x_wconf 85' lang='lat' dir='ltr'>temporis</span> <span class='ocrx_word' id='word_1_479' title='bbox 1716 1909 1840 1943; x_wconf 83' lang='lat' dir='ltr'>dicam.</span> <span class='ocrx_word' id='word_1_480' title='bbox 1876 1908 2026 1942; x_wconf 66' lang='lat' dir='ltr'>Decessit</span> <span class='ocrx_word' id='word_1_481' title='bbox 2049 1912 2121 1953; x_wconf 71' lang='lat' dir='ltr'>pla-</span> 
     </span>
     <span class='ocr_line' id='line_1_82' title="bbox 1145 1957 2121 2004; baseline 0.002 -13"><span class='ocrx_word' id='word_1_482' title='bbox 1145 1958 1219 1993; x_wconf 80' lang='lat' dir='ltr'>cide</span> <span class='ocrx_word' id='word_1_483' title='bbox 1240 1957 1495 1992; x_wconf 86' lang='lat' dir='ltr'>Constantinus</span> <span class='ocrx_word' id='word_1_484' title='bbox 1511 1959 1718 2002; x_wconf 88' lang='lat' dir='ltr'>imperator,</span> <span class='ocrx_word' id='word_1_485' title='bbox 1745 1960 1833 1993; x_wconf 88' lang='lat' dir='ltr'>facta</span> <span class='ocrx_word' id='word_1_486' title='bbox 1857 1971 1939 2004; x_wconf 82' lang='lat' dir='ltr'>pace</span> <span class='ocrx_word' id='word_1_487' title='bbox 1960 1961 1993 1992; x_wconf 85' lang='lat' dir='ltr'>in</span> <span class='ocrx_word' id='word_1_488' title='bbox 2013 1961 2121 2004; x_wconf 75' lang='lat' dir='ltr'>impe-</span> 
     </span>
     <span class='ocr_line' id='line_1_83' title="bbox 1146 2007 1665 2044; baseline 0.002 -2"><span class='ocrx_word' id='word_1_489' title='bbox 1146 2010 1198 2043; x_wconf 92' lang='lat' dir='ltr'>rio</span> <span class='ocrx_word' id='word_1_490' title='bbox 1215 2007 1375 2044; x_wconf 86' lang='lat' dir='ltr'>Orientis</span> <span class='ocrx_word' id='word_1_491' title='bbox 1395 2015 1425 2043; x_wconf 89' lang='lat' dir='ltr'>et</span> <span class='ocrx_word' id='word_1_492' title='bbox 1444 2009 1480 2042; x_wconf 89' lang='lat' dir='ltr'>in</span> <span class='ocrx_word' id='word_1_493' title='bbox 1498 2008 1665 2043; x_wconf 80' lang='lat' dir='ltr'>Ecclesia.</span> 
     </span>
    </p>
   </div>
   <div class='ocr_carea' id='block_1_10' title="bbox 1195 2110 2121 2407">
    <p class='ocr_par' dir='ltr' id='par_1_17' title="bbox 1195 2110 2121 2206">
     <span class='ocr_line' id='line_1_84' title="bbox 1195 2110 2121 2157; baseline 0 -11"><span class='ocrx_word' id='word_1_494' title='bbox 1195 2110 1302 2146; x_wconf 90' lang='lat' dir='ltr'>Anno</span> <span class='ocrx_word' id='word_1_495' title='bbox 1314 2111 1437 2145; x_wconf 86' lang='lat' dir='ltr'>mundi</span> <span class='ocrx_word' id='word_1_496' title='bbox 1449 2118 1571 2156; x_wconf 88' lang='lat' dir='ltr'>quater</span> <span class='ocrx_word' id='word_1_497' title='bbox 1581 2111 1766 2145; x_wconf 86' lang='lat' dir='ltr'>millesimo</span> <span class='ocrx_word' id='word_1_498' title='bbox 1778 2112 2023 2145; x_wconf 68' lang='lat' dir='ltr'>sexcentesimo</span> <span class='ocrx_word' id='word_1_499' title='bbox 2036 2123 2121 2157; x_wconf 83' lang='lat' dir='ltr'>qua-</span> 
     </span>
     <span class='ocr_line' id='line_1_85' title="bbox 1345 2162 1650 2206; baseline -0.003 -11"><span class='ocrx_word' id='word_1_500' title='bbox 1345 2162 1539 2206; x_wconf 84' lang='lat' dir='ltr'>dragesimo</span> <span class='ocrx_word' id='word_1_501' title='bbox 1555 2174 1650 2195; x_wconf 87' lang='lat' dir='ltr'>nono</span> 
     </span>
    </p>

    <p class='ocr_par' dir='ltr' id='par_1_18' title="bbox 1196 2211 2120 2305">
     <span class='ocr_line' id='line_1_86' title="bbox 1196 2211 2120 2257; baseline 0.002 -13"><span class='ocrx_word' id='word_1_502' title='bbox 1196 2213 1302 2246; x_wconf 74' lang='lat' dir='ltr'>Anno</span> <span class='ocrx_word' id='word_1_503' title='bbox 1318 2211 1453 2247; x_wconf 82' lang='lat' dir='ltr'>Romae</span> <span class='ocrx_word' id='word_1_504' title='bbox 1469 2213 1657 2246; x_wconf 87' lang='lat' dir='ltr'>millesimo</span> <span class='ocrx_word' id='word_1_505' title='bbox 1675 2213 2017 2257; x_wconf 82' lang='lat' dir='ltr'>quadringentesimo</span> <span class='ocrx_word' id='word_1_506' title='bbox 2034 2224 2120 2257; x_wconf 84' lang='lat' dir='ltr'>qua-</span> 
     </span>
     <span class='ocr_line' id='line_1_87' title="bbox 1350 2263 1555 2305; baseline -0.005 -10"><span class='ocrx_word' id='word_1_507' title='bbox 1350 2263 1555 2305; x_wconf 84' lang='lat' dir='ltr'>dragesimo.</span> 
     </span>
    </p>

    <p class='ocr_par' dir='ltr' id='par_1_19' title="bbox 1195 2311 2120 2407">
     <span class='ocr_line' id='line_1_88' title="bbox 1195 2311 2120 2357; baseline 0.001 -12"><span class='ocrx_word' id='word_1_508' title='bbox 1195 2311 1300 2345; x_wconf 85' lang='lat' dir='ltr'>Anno</span> <span class='ocrx_word' id='word_1_509' title='bbox 1335 2311 1468 2347; x_wconf 88' lang='lat' dir='ltr'>Christi</span> <span class='ocrx_word' id='word_1_510' title='bbox 1509 2313 1757 2347; x_wconf 74' lang='lat' dir='ltr'>sexcentesimo</span> <span class='ocrx_word' id='word_1_511' title='bbox 1799 2313 2032 2357; x_wconf 84' lang='lat' dir='ltr'>octuagesimo</span> <span class='ocrx_word' id='word_1_512' title='bbox 2068 2325 2120 2347; x_wconf 86' lang='lat' dir='ltr'>se-</span> 
     </span>
     <span class='ocr_line' id='line_1_89' title="bbox 1347 2364 1467 2407; baseline 0.025 -11"><span class='ocrx_word' id='word_1_513' title='bbox 1347 2364 1467 2407; x_wconf 83' lang='lat' dir='ltr'>ptimo.</span> 
     </span>
    </p>
   </div>
   <div class='ocr_carea' id='block_1_11' title="bbox 1473 2447 1790 2480">
    <p class='ocr_par' dir='ltr' id='par_1_20' title="bbox 1473 2447 1790 2480">
     <span class='ocr_line' id='line_1_90' title="bbox 1473 2447 1790 2480; baseline 0 -1"><span class='ocrx_word' id='word_1_514' title='bbox 1473 2447 1790 2480; x_wconf 73' lang='lat' dir='ltr'>lastinianus.</span> 
     </span>
    </p>
   </div>
   <div class='ocr_carea' id='block_1_12' title="bbox 1245 2508 2118 2552">
    <p class='ocr_par' dir='ltr' id='par_1_21' title="bbox 1245 2508 2118 2552">
     <span class='ocr_line' id='line_1_91' title="bbox 1245 2508 2118 2552; baseline -0.002 -8"><span class='ocrx_word' id='word_1_515' title='bbox 1245 2508 1482 2544; x_wconf 72' lang='lat' dir='ltr'>lastinianus</span> <span class='ocrx_word' id='word_1_516' title='bbox 1514 2510 1607 2543; x_wconf 87' lang='lat' dir='ltr'>filius</span> <span class='ocrx_word' id='word_1_517' title='bbox 1628 2509 1771 2544; x_wconf 79' lang='lat' dir='ltr'>Barbati</span> <span class='ocrx_word' id='word_1_518' title='bbox 1803 2510 1912 2542; x_wconf 85' lang='lat' dir='ltr'>sactus</span> <span class='ocrx_word' id='word_1_519' title='bbox 1931 2509 2118 2552; x_wconf 75' lang='lat' dir='ltr'>imperator</span> 
     </span>
    </p>
   </div>
   <div class='ocr_carea' id='block_1_13' title="bbox 110 2511 2117 2755">
    <p class='ocr_par' dir='ltr' id='par_1_22' title="bbox 110 2511 2117 2714">
     <span class='ocr_line' id='line_1_92' title="bbox 212 2511 1091 2558; baseline -0.002 -8"><span class='ocrx_word' id='word_1_520' title='bbox 212 2511 481 2552; x_wconf 75' lang='lat' dir='ltr'>Constantinus</span> <span class='ocrx_word' id='word_1_521' title='bbox 502 2518 675 2553; x_wconf 84' lang='lat' dir='ltr'>Barbatus</span> <span class='ocrx_word' id='word_1_522' title='bbox 699 2531 758 2552; x_wconf 90' lang='lat' dir='ltr'>seu</span> <span class='ocrx_word' id='word_1_523' title='bbox 788 2517 987 2558; x_wconf 78' lang='lat' dir='ltr'>pogonatus</span> <span class='ocrx_word' id='word_1_524' title='bbox 1010 2527 1091 2550; x_wconf 84' lang='lat' dir='ltr'>coe-</span> 
     </span>
     <span class='ocr_line' id='line_1_93' title="bbox 111 2566 1091 2613; baseline -0.005 -9"><span class='ocrx_word' id='word_1_525' title='bbox 111 2569 163 2613; x_wconf 88' lang='lat' dir='ltr'>pit</span> <span class='ocrx_word' id='word_1_526' title='bbox 184 2580 331 2613; x_wconf 84' lang='lat' dir='ltr'>regnare</span> <span class='ocrx_word' id='word_1_527' title='bbox 355 2581 433 2602; x_wconf 90' lang='lat' dir='ltr'>cum</span> <span class='ocrx_word' id='word_1_528' title='bbox 458 2576 555 2613; x_wconf 90' lang='lat' dir='ltr'>pater</span> <span class='ocrx_word' id='word_1_529' title='bbox 580 2581 660 2603; x_wconf 90' lang='lat' dir='ltr'>eum</span> <span class='ocrx_word' id='word_1_530' title='bbox 678 2576 756 2603; x_wconf 82' lang='lat' dir='ltr'>ante</span> <span class='ocrx_word' id='word_1_531' title='bbox 777 2568 930 2601; x_wconf 85' lang='lat' dir='ltr'>Italicam</span> <span class='ocrx_word' id='word_1_532' title='bbox 949 2566 1091 2612; x_wconf 79' lang='lat' dir='ltr'>expedi-</span> 
     </span>
     <span class='ocr_line' id='line_1_94' title="bbox 110 2609 2116 2664; baseline -0.006 -12"><span class='ocrx_word' id='word_1_533' title='bbox 110 2621 243 2654; x_wconf 87' lang='lat' dir='ltr'>tionem</span> <span class='ocrx_word' id='word_1_534' title='bbox 273 2625 470 2652; x_wconf 88' lang='lat' dir='ltr'>consortem</span> <span class='ocrx_word' id='word_1_535' title='bbox 505 2619 643 2664; x_wconf 89' lang='lat' dir='ltr'>imperii</span> <span class='ocrx_word' id='word_1_536' title='bbox 675 2620 828 2657; x_wconf 70' lang='lat' dir='ltr'>fecisset,</span> <span class='ocrx_word' id='word_1_537' title='bbox 864 2625 896 2652; x_wconf 85' lang='lat' dir='ltr'>et</span> <span class='ocrx_word' id='word_1_538' title='bbox 928 2617 1089 2653; x_wconf 73' lang='lat' dir='ltr'>coronari</span> <span class='ocrx_word' id='word_1_539' title='bbox 1114 2638 1116 2652; x_wconf 78' lang='lat'>,</span> <span class='ocrx_word' id='word_1_540' title='bbox 1144 2615 1243 2656; x_wconf 87' lang='lat' dir='ltr'>lium,</span> <span class='ocrx_word' id='word_1_541' title='bbox 1271 2612 1399 2645; x_wconf 85' lang='lat' dir='ltr'>deinde</span> <span class='ocrx_word' id='word_1_542' title='bbox 1419 2612 1598 2645; x_wconf 83' lang='lat' dir='ltr'>restitutus</span> <span class='ocrx_word' id='word_1_543' title='bbox 1616 2612 1771 2654; x_wconf 75' lang='lat' dir='ltr'>regnavit</span> <span class='ocrx_word' id='word_1_544' title='bbox 1792 2621 1900 2642; x_wconf 72' lang='lat' dir='ltr'>annos</span> <span class='ocrx_word' id='word_1_545' title='bbox 1918 2620 1982 2640; x_wconf 75' lang='lat' dir='ltr'>sex.</span> <span class='ocrx_word' id='word_1_546' title='bbox 2040 2609 2116 2643; x_wconf 78' lang='lat' dir='ltr'>Fuit</span> 
     </span>
     <span class='ocr_line' id='line_1_95' title="bbox 111 2659 2117 2714; baseline -0.006 -10"><span class='ocrx_word' id='word_1_547' title='bbox 111 2671 277 2706; x_wconf 84' lang='lat' dir='ltr'>iussisset.</span> <span class='ocrx_word' id='word_1_548' title='bbox 330 2669 505 2713; x_wconf 81' lang='lat' dir='ltr'>Regnavit</span> <span class='ocrx_word' id='word_1_549' title='bbox 521 2681 632 2704; x_wconf 91' lang='lat' dir='ltr'>annos</span> <span class='ocrx_word' id='word_1_550' title='bbox 647 2672 764 2704; x_wconf 87' lang='lat' dir='ltr'>decem</span> <span class='ocrx_word' id='word_1_551' title='bbox 788 2676 820 2703; x_wconf 88' lang='lat' dir='ltr'>et</span> <span class='ocrx_word' id='word_1_552' title='bbox 841 2675 988 2714; x_wconf 83' lang='lat' dir='ltr'>septem,</span> <span class='ocrx_word' id='word_1_553' title='bbox 1016 2670 1090 2703; x_wconf 85' lang='lat' dir='ltr'>soe·</span> <span class='ocrx_word' id='word_1_554' title='bbox 1142 2666 1287 2700; x_wconf 84' lang='lat' dir='ltr'>ultimus</span> <span class='ocrx_word' id='word_1_555' title='bbox 1298 2663 1415 2708; x_wconf 86' lang='lat' dir='ltr'>stirpis</span> <span class='ocrx_word' id='word_1_556' title='bbox 1430 2662 1601 2699; x_wconf 76' lang='lat' dir='ltr'>lleraclii,</span> <span class='ocrx_word' id='word_1_557' title='bbox 1629 2662 1821 2706; x_wconf 81' lang='lat' dir='ltr'>inquietus,</span> <span class='ocrx_word' id='word_1_558' title='bbox 1848 2659 1997 2692; x_wconf 79' lang='lat' dir='ltr'>crudelis</span> <span class='ocrx_word' id='word_1_559' title='bbox 2014 2666 2044 2692; x_wconf 81' lang='lat' dir='ltr'>et</span> <span class='ocrx_word' id='word_1_560' title='bbox 2064 2661 2117 2692; x_wconf 82' lang='lat' dir='ltr'>in-</span> 
     </span>
    </p>

    <p class='ocr_par' dir='ltr' id='par_1_23' title="bbox 163 2712 1627 2755">
     <span class='ocr_line' id='line_1_96' title="bbox 163 2712 1627 2755; baseline -0.001 -1"><span class='ocrx_word' id='word_1_561' title='bbox 163 2724 340 2755; x_wconf 61' lang='lat' dir='ltr'><strong>DIRLA&#39;STH.</strong></span> <span class='ocrx_word' id='word_1_562' title='bbox 370 2723 472 2755; x_wconf 72' lang='lat' dir='ltr'>Orizn.</span> <span class='ocrx_word' id='word_1_563' title='bbox 498 2722 580 2753; x_wconf 69' lang='lat' dir='ltr'>Vnt.</span> <span class='ocrx_word' id='word_1_564' title='bbox 608 2722 684 2754; x_wconf 86' lang='grc' dir='ltr'>ΧΠ.</span> <span class='ocrx_word' id='word_1_565' title='bbox 1579 2712 1627 2747; x_wconf 72' lang='grc'>69</span> 
     </span>
    </p>
   </div>
   <div class='ocr_carea' id='block_1_14' title="bbox 1143 2561 2117 2607">
    <p class='ocr_par' dir='ltr' id='par_1_24' title="bbox 1143 2561 2117 2607">
     <span class='ocr_line' id='line_1_97' title="bbox 1143 2561 2117 2607; baseline -0.007 -10"><span class='ocrx_word' id='word_1_566' title='bbox 1143 2575 1161 2597; x_wconf 88' lang='lat' dir='ltr'>a</span> <span class='ocrx_word' id='word_1_567' title='bbox 1178 2569 1288 2607; x_wconf 84' lang='lat' dir='ltr'>patre.</span> <span class='ocrx_word' id='word_1_568' title='bbox 1330 2561 1463 2595; x_wconf 83' lang='lat' dir='ltr'>Tenuit</span> <span class='ocrx_word' id='word_1_569' title='bbox 1482 2562 1669 2604; x_wconf 86' lang='lat' dir='ltr'>imperium</span> <span class='ocrx_word' id='word_1_570' title='bbox 1688 2573 1798 2594; x_wconf 85' lang='lat' dir='ltr'>annos</span> <span class='ocrx_word' id='word_1_571' title='bbox 1813 2562 1929 2593; x_wconf 80' lang='lat' dir='ltr'>decem</span> <span class='ocrx_word' id='word_1_572' title='bbox 1950 2567 2028 2591; x_wconf 83' lang='lat' dir='ltr'>ante</span> <span class='ocrx_word' id='word_1_573' title='bbox 2047 2561 2117 2591; x_wconf 73' lang='lat' dir='ltr'>exi-</span> 
     </span>
    </p>
   </div>
  </div>
 </body>
</html>
