2324 2955
67 143 141 181 233

67 228 159 271 cipes
183 226 406 265 iudicarunt,
441 238 590 271 quorum
611 228 653 260 de
686 227 760 270 ipso
787 237 964 260 sermones
988 237 1043 258 re-

67 287 205 311 censere
236 288 383 320 possem.
435 276 503 309 Sed
534 279 685 310 ostendit
711 278 747 310 in
780 278 872 310 bello
907 276 1040 308 difficili

65 332 235 371 quantum
257 326 423 366 consilio,
448 327 688 369 magnitudine
711 328 840 367 animi,
863 333 895 359 et
921 327 1043 358 mode—

63 376 200 409 ratione
227 376 369 409 valeret.
424 375 515 409 Vicit
535 378 626 409 enim
650 390 775 420 magno
800 377 930 420 praelio
948 387 1041 408 exer-

65 426 176 460 citum
206 426 358 458 duorum
389 433 594 467 agnatorum
616 427 713 461 Erici
747 434 778 460 et
802 427 970 465 Homici,
1003 438 1041 458 ac

62 473 209 508 Ericum
233 475 304 507 acie
329 482 484 519 captum,
511 489 589 510 curn
607 489 721 510 secum
739 476 870 509 Cellam
889 476 1042 508 duxisset

62 522 259 558 honorifice
277 531 482 567 tractatum,
510 533 588 570 post
605 539 731 570 paucos
749 528 821 559 dies
846 538 926 569 pace
953 526 1040 558 facta

61 574 208 615 dimisit,
235 574 295 620 qui
307 583 339 608 et
357 576 428 619 ipse
446 588 563 619 parem
580 577 720 609 laudem
737 577 954 620 prudentiae,
969 576 1040 607 sor-

61 625 226 659 titudinis
244 631 277 658 et
293 626 541 658 moderationis
558 626 681 659 victori
706 628 842 662 tribuit.
895 625 949 659 Ex
975 623 1040 657 hoc

63 681 162 718 patre
178 681 280 708 natus
299 681 347 708 est
363 673 531 708 Ernestus
550 676 585 708 in
603 678 730 720 oppido
752 677 893 722 Ulyssea
906 703 914 715 ‚
942 676 978 707 in
1002 687 1038 707 ea

65 726 172 757 domo
197 736 285 769 quae
309 736 403 757 nunc
426 732 475 758 est
501 727 626 759 domus
649 725 803 767 scholae,
830 727 865 758 in
889 738 956 770 qua
986 725 1039 757 vir

64 774 264 807 eruditione
295 781 327 807 et
357 774 484 808 virtute
511 778 679 810 excellens
704 777 906 810 Bernardus
930 775 1039 807 Bom-

63 830 266 867 garmerus,
299 825 400 857 docet
428 825 583 869 linguam
608 826 770 860 Latinam
802 834 834 860 ct
859 825 1040 865 Graecam,

60 881 95 907 et
116 874 312 907 doctrinam
334 873 526 914 Ecclesiae,
560 877 657 910 cuius
689 878 825 911 labores
855 876 975 909 multis
1003 876 1037 907 in

59 934 185 967 magna
201 930 298 968 parte
319 933 474 968 prosunt.
515 925 562 959 Et
579 927 748 961 (livinitus
768 928 813 960 ita
832 928 961 960 factum
979 932 1039 965 est,

59 980 101 1008 ut
125 974 200 1007 eius
223 974 397 1018 Principis
428 977 523 1009 locus
547 978 673 1010 natalis
697 978 894 1011 studiorum
918 983 950 1009 et
976 977 1039 1008 do-

60 1024 193 1057 ctrinae
208 1025 425 1057 domicilium
445 1026 553 1059 factus
572 1028 627 1067 sit,
646 1029 704 1072 qui
724 1029 839 1061 studia
858 1028 1038 1059 literarum

59 1080 92 1106 et
106 1071 278 1107 Ecclesias
295 1074 329 1106 in
357 1076 616 1121 patr'ssprimus
633 1078 795 1112 restituit.
823 1076 1039 1110 Adolescen-

59 1130 109 1156 tes
132 1123 255 1156 fratres
279 1122 460 1158 Othonem
493 1133 526 1160 et
551 1125 738 1161 Ernestum
763 1127 843 1161 Dux
869 1127 1040 1161 Saxoniae

59 1172 259 1207 Fridericus
291 1172 452 1215 Elector,
493 1179 706 1216 avunculus,
740 1178 873 1211 erudiri
906 1176 1041 1209 curavit

59 1224 98 1256 in
114 1221 302 1257 Academia
324 1224 607 1269 W‘inebergensi
629 1241 646 1261 a
672 1229 826 1271 Georgio
844 1227 1041 1271 Spalatino,

58 1273 121 1318 qui
137 1280 169 1306 et
187 1274 293 1307 latine
308 1275 458 1308 disertus
477 1284 568 1314 erat,
597 1285 628 1311 et
647 1290 781 1310 summa
800 1279 866 1310 fide
884 1277 1040 1319 discipu·-

58 1324 110 1355 los
136 1324 278 1356 erudiit.
330 1324 488 1368 Cumque
521 1327 650 1358 valeret
685 1327 829 1368 ingenio
857 1325 1041 1364 Ernestus,

59 1373 217 1414 linguam
234 1372 394 1405 Latinam
412 1374 457 1406 ita
474 1374 606 1416 didicit,
625 1382 663 1408 ut
679 1376 850 1408 sermonis
864 1373 965 1407 latini
983 1385 1042 1406 co-

57 1423 117 1467 pia
134 1423 164 1455 ei
185 1434 254 1455 nox:
274 1423 415 1462 deesset,
433 1436 510 1456 cum
530 1423 563 1456 iu
582 1426 778 1468 colloquiis,
807 1433 880 1458 tum
900 1426 935 1455 in
955 1424 1039 1455 scri-

57 1473 186 1506 bendo.
240 1471 393 1504 Auditor
409 1473 511 1505 etiam
531 1474 595 1506 suit
618 1474 859 1506 Iurisconsulti
880 1472 1040 1506 Doctoris

61 1521 258 1565 Henningi.
318 1519 388 1554 Nec
414 1529 529 1565 postca
554 1523 661 1556 latine
695 1525 839 1567 scriptas
864 1521 1040 1563 historias,

62 1579 96 1606 et
113 1572 222 1605 libros
247 1569 469 1615 propheticos
494 1579 526 1605 et
544 1573 773 1616 apostolicos,
801 1580 833 1606 et
855 1573 922 1605 alia
939 1571 1039 1605 utilia

60 1629 289 1656 monumenta
314 1623 427 1664 legere
453 1623 567 1656 desiit.
622 1624 771 1666 Quoties
795 1624 860 1657 iter
882 1622 1041 1661 faciebat,

57 1673 230 1706 sarcinam
255 1679 430 1705 certorum
453 1673 625 1706 librorum
656 1686 772 1707 secum
800 1671 968 1712 vehebat,
1003 1678 1041 1704 nt

56 1723 188 1756 multos
222 1723 350 1755 vidisse
367 1723 450 1758 scio.
527 1722 697 1766 Egressus
731 1736 771 1757 ex
806 1722 1040 1757 adolescentia

55 1774 143 1807 vixit
171 1773 352 1813 Luteciae,
379 1774 440 1806 ubi
467 1773 572 1807 simul
595 1781 627 1808 et
655 1775 690 1807 iu
709 1774 836 1808 Latina
861 1775 980 1816 lingua
999 1784 1041 1810 ,se

58 1823 230 1864 exercuit,
255 1830 287 1857 et
312 1823 484 1857 Gallicam
508 1825 650 1866 didicit,
675 1832 707 1858 et
733 1826 894 1858 ordinem
919 1823 1040 1857 iudicii

57 1874 164 1918 regii,
190 1886 259 1919 quo
286 1874 425 1908 nullum
448 1881 497 1908 est
516 1875 640 1908 melius
664 1877 895 1909 constitutum
913 1875 948 1907 in
967 1880 1040 1906 toto

59 1936 185 1969 genere
216 1922 392 1965 humano,
431 1925 619 1967 diligenter
648 1927 894 1961 consideravit.
947 1924 1042 1957 llaec

58 1975 231 2021 tyrocinia
247 1987 325 2008 cum
345 1973 543 2015 habuisset,
571 1976 673 2010 rediit
697 1977 732 2009 izi
760 1977 919 2020 patriam,
947 1975 1042 2007 unde

60 2037 139 2059 cum
170 2032 268 2069 pater
299 2026 452 2066 abesset,
488 2038 531 2058 ne
559 2038 648 2059 nova
681 2028 771 2060 bella
806 2031 1042 2063 moverentur,

60 2076 289 2109 suadentibus
305 2076 423 2109 amicis
441 2083 472 2110 et
492 2077 669 2110 voluntate
685 2078 792 2122 patris
816 2076 1043 2119 gubernatio-

61 2137 143 2159 nem
159 2126 300 2170 accepit,
317 2126 353 2158 in
371 2139 437 2170 qua
455 2127 595 2160 suerunt
613 2127 711 2161 initia
728 2128 937 2166 difficiliora,
961 2125 1041 2170 quia

60 2182 207 2222 propter
231 2188 351 2209 recens
377 2177 530 2217 bellum,
558 2190 629 2210 non
652 2179 763 2211 solum
788 2179 922 2211 reditus
945 2182 1043 2209 erant

62 2227 293 2270 angustiores,
310 2227 369 2259 sed
389 2228 492 2261 etiam
512 2228 546 2260 in
565 2228 684 2261 multis
701 2229 892 2262 reverentia
912 2230 1043 2269 legum,

61 2277 274 2311 iudiciorum
286 2304 296 2318 ,
323 2284 356 2310 et
372 2278 578 2322 disciplinae
594 2279 794 2313 labefactata
811 2286 895 2312 erat.
949 2277 1042 2320 Quia

61 2339 145 2361 vero
161 2325 242 2361 Dux
261 2326 431 2362 Ernestus
456 2336 558 2363 norat
591 2327 684 2362 bunc
699 2330 879 2370 ordinem,
905 2335 942 2362 ut
959 2328 1040 2361 certi

63 2378 136 2412 siut
158 2378 425 2421 gubernatores,
452 2378 517 2412 Dei
542 2392 629 2424 opus
650 2391 739 2418 esse,
766 2386 798 2413 et
816 2391 850 2412 se
867 2379 964 2412 nulla
982 2390 1042 2411 cu-

62 2428 208 2473 piditate
232 2429 425 2462 difficilimo
446 2437 600 2474 tempore
629 2432 671 2464 ad
686 2431 871 2473 regendam
894 2430 1042 2474 patriam

63 2479 262 2519 accessisse,
287 2477 399 2512 Deum
418 2481 622 2521 invocabat,
649 2494 686 2514 ac
701 2482 839 2526 petebat
856 2481 900 2514 ab
915 2492 955 2512 eo
972 2479 1041 2521 regi

64 2535 98 2562 et
122 2529 236 2563 iuvari
259 2540 380 2562 omnes
403 2531 683 2566 deliberationes,
736 2529 787 2565 Ac
815 2542 867 2564 res
889 2530 1043 2564 ostendit

64 2579 96 2612 ei
112 2577 226 2612 Deum
239 2580 402 2613 adfuisse.
454 2580 558 2616 Initio
577 2583 669 2616 enirn
687 2582 914 2615 consiliorum
931 2580 1043 2613 socios

63 2629 150 2663 tales
168 2629 261 2662 viros
277 2630 307 2662 ei
322 2630 500 2670 adiunxit,
528 2633 586 2678 qui
604 2640 636 2667 et
658 2633 826 2677 sapientia
851 2637 884 2664 et
906 2630 1041 2664 autori-

64 2685 133 2714 tate
161 2680 414 2716 antecellebant
437 2679 630 2718 Ascanium
657 2682 838 2718 Cramium
871 2680 1042 2726 peritissi-

546 143 705 180 DECL.
743 141 818 177 DE
850 137 1125 177 ERNESTO
1159 138 1312 175 DUCE
1345 138 1588 174 BRUNSV.

1997 138 2070 172 234

1093 235 1190 256 mum
1209 224 1259 256 rei
1276 224 1449 263 militaris,
1477 225 1537 269 qui
1554 231 1585 257 et
1602 224 1637 256 in
1655 224 1713 256 illa
1729 234 1853 266 magna
1870 232 1984 266 pugna
1997 248 2006 261 ,
2034 222 2070 254 in

1094 286 1160 317 qua
1177 273 1252 306 liex
1271 273 1406 306 Galliae
1426 275 1629 307 Franciscus
1654 276 1696 307 ad
1722 273 1965 306 {lediolanum
1989 272 2072 304 vicit

1092 323 1272 356 Helvetios
1296 324 1331 355 in
1356 324 1467 365 prima
1491 325 1562 356 acie
1585 325 1716 364 suerat,
1757 331 1789 356 et
1814 334 1932 355 recens
1956 323 2070 355 fuerat

1092 375 1217 406 ductor
1241 373 1377 415 paterni
1393 374 1579 414 exercitus,
1607 382 1639 407 et
1656 374 1912 407 Cancellariiim
1928 372 2071 405 Furste-

1091 436 1183 457 rum.
1237 422 1373 454 Horum
1404 424 1558 455 consiliis
1583 432 1613 458 et
1635 425 1701 456 side
1725 424 1878 467 primum
1902 429 1933 454 et
1950 423 2071 454 dome-

1091 474 1176 506 stica
1198 473 1384 505 concordia
1402 474 1585 507 constituta
1605 481 1675 511 est,
1705 482 1735 507 et
1762 486 1827 517 pax
1851 485 1928 506 cum
1945 472 2070 504 vicinis

1090 524 1179 555 facta
1203 529 1269 562 est,
1298 535 1363 566 qua
1391 524 1482 555 inre
1506 524 1656 556 multum
1683 524 1821 555 adiutus
1843 530 1891 555 est
1914 522 2071 555 consiliis

1091 580 1122 607 et
1145 575 1329 605 autoritate
1363 573 1617 605 avunculorum
1645 572 1816 605 Friderici
1843 572 2015 605 Electoris
2039 578 2071 604 et

1092 620 1259 656 Iohannis
1275 622 1412 655 Ducum
1432 624 1614 656 Saxoniae.
1666 621 1826 666 Cumque
1851 622 1951 654 initio
1975 630 2072 655 tran-

1090 673 1244 718 quillitas
1263 680 1440 717 utcunque
1457 674 1644 706 constituta
1661 679 1768 712 esset,
1796 678 1827 704 et
1851 671 1919 703 iam
1946 672 2072 713 guber-

1089 724 1185 756 natio
1207 723 1339 766 patriae
1362 724 1559 756 ordinanda
1582 730 1687 762 esset,
1722 722 1893 766 sciretque
1908 720 1985 753 Dux
2006 719 2073 753 Er-

1090 779 1207 806 nestus
1225 772 1381 817 Principi
1400 785 1558 805 normam
1577 773 1839 815 gubernationis
1856 783 1926 803 esse
1944 771 2071 803 debere

1089 831 1262 867 utranque
1288 824 1441 865 decalogi
1468 823 1643 863 tabulam,
1671 829 1702 855 et
1727 823 1880 866 primum
1899 833 2074 865 quaeren—

1090 875 1173 906 dum
1199 884 1270 905 esse
1293 885 1438 915 regnum
1467 873 1550 913 Dei,
1576 874 1641 906 suit
1672 870 1757 906 haee
1776 873 1888 916 prima
1903 883 1983 903 cura
2004 869 2072 903 Ec-

1090 923 1210 956 clesias
1229 930 1319 955 recte
1338 924 1586 964 constituendi,
1606 935 1694 967 quae
1714 931 1746 957 et
1762 924 1804 955 de
1823 922 1980 955 doctrina
2001 922 2073 953 dis-

1090 974 1305 1013 sentiebant,
1334 981 1365 1006 et
1389 974 1471 1005 belli
1496 974 1752 1006 calamitatibus
1778 973 1943 1005 adflectae
1962 978 2072 1006 erant,

1091 1023 1212 1068 Itaque
1230 1023 1433 1065 gravissima
1450 1023 1703 1055 deliberatione
1725 1023 1883 1055 omnium
1907 1022 2073 1054 ordinum

1091 1076 1269 1106 decretum
1296 1080 1361 1113 est,
1397 1081 1435 1106 ut
1461 1085 1546 1116 pura
1567 1071 1752 1115 Evangelii
1777 1072 1956 1106 doctrinae
1979 1072 2073 1104 iuxta

1090 1121 1237 1157 Lutheri
1272 1124 1420 1166 scripta,
1456 1124 1531 1156 sine
1561 1124 1779 1156 dissensione
1805 1129 2072 1166 proponeretur,

1091 1181 1123 1207 et
1141 1180 1177 1206 ut
1196 1172 1370 1206 Ecclesiae
1388 1174 1660 1218 inspicerentur,
1689 1180 1940 1219 quaererentur
1954 1163 2073 1204 iflonei

1091 1224 1264 1263 pastores,
1282 1225 1448 1256 darentur
1465 1224 1650 1267 stipendia,
1675 1224 1888 1258 sarcirentur
1903 1222 2072 1262 aedificia,

1091 1274 1242 1317 populus
1264 1275 1305 1306 ad
1331 1271 1533 1317 κατήχησιν
1561 1282 1593 1306 et
1626 1275 1668 1305 ad
1700 1273 1921 1316 disciplinam
1946 1273 2072 1304 adsue-

1091 1324 1207 1362 fieret,
1235 1330 1267 1354 et
1291 1323 1326 1353 in
1355 1325 1493 1365 oppidis
1517 1323 1631 1356 studia
1649 1323 1829 1356 literarum
1847 1323 2074 1355 institueren-

1091 1379 1158 1406 tur.
1209 1370 1284 1403 IIae
1301 1383 1354 1403 res
1371 1372 1538 1405 salutares
1554 1373 1672 1405 statim
1690 1372 1791 1405 initio
1810 1371 2073 1414 gubernationis

1091 1434 1108 1452 a
1126 1421 1223 1454 Duce
1239 1420 1389 1453 Ernesto
1407 1420 1588 1455 inchoatae
1603 1429 1696 1462 sunt,
1723 1428 1755 1454 et
1771 1422 1933 1464 inspectis
1952 1420 2075 1454 Eccle-

1091 1471 1150 1502 siis
1167 1470 1246 1513 pius
1263 1482 1453 1503 consensus
1473 1471 1510 1502 in
1528 1472 1688 1504 doctrina
1713 1472 1923 1505 constitutus
1947 1478 2013 1511 est,
2040 1478 2073 1504 et

1091 1520 1280 1552 attributus
1297 1520 1408 1552 victus
1425 1521 1644 1553 docentibus.
1697 1519 1857 1565 Cumque
1881 1522 1982 1554 sciret
2001 1533 2072 1553 non

1092 1570 1174 1602 satis
1197 1580 1268 1601 esse
1291 1567 1354 1601 has
1381 1576 1492 1603 tantas
1517 1581 1571 1602 res
1602 1568 1786 1610 inchoare,
1821 1571 1880 1602 sed
1913 1577 2073 1614 oportere

1093 1626 1295 1665 perpetuam
1318 1631 1389 1652 esse
1412 1620 1629 1662 diligentiam
1655 1627 1746 1654 recte
1772 1618 1935 1652 inchoata
1951 1620 2074 1653 tuendi

1093 1678 1125 1704 et
1149 1670 1342 1710 sarciendi,
1383 1677 1501 1713 postea
1533 1671 1722 1714 quotannis
1753 1670 1878 1713 inspici
1900 1669 2075 1703 Ecclesias

1093 1720 1246 1760 curavit,
1276 1727 1307 1753 et
1323 1721 1462 1759 sarciri,
1489 1721 1550 1753 ubi
1568 1721 1700 1765 aliquid
1719 1721 1964 1753 labefactatum
1990 1728 2074 1756 erat.

1095 1772 1173 1815 Qua
1200 1771 1237 1802 in
1263 1783 1299 1803 re
1323 1769 1390 1804 lioc
1417 1771 1491 1803 eius
1513 1772 1700 1804 consilium
1723 1771 1900 1813 singulare
1923 1771 2008 1811 fuit,
2042 1778 2075 1804 et

1094 1820 1309 1864 welintona,
1328 1822 1573 1863 dignissimum
1588 1819 1789 1854 Christiano
1805 1820 1980 1864 Principe,
1996 1833 2075 1854 cum

1094 1873 1196 1906 sciret
1220 1871 1378 1905 Pastores
1403 1883 1504 1915 saepe
1530 1872 1659 1915 negligi
1688 1884 1705 1904 a
1736 1871 1978 1916 questorilms,
2008 1872 2074 1904 'aut

1095 1924 1199 1956 etiam
1231 1934 1354 1964 parum
1380 1921 1568 1954 clementer
1592 1922 1752 1961 tractari,
1779 1922 1930 1954 edictum
1958 1921 2077 1964 publi-

1096 1986 1173 2007 cum
1191 1973 1320 2011 edidit,
1347 1984 1414 2016 quo
1434 1972 1627 2014 praecepit,
1654 1979 1692 2004 ut
1711 1971 1868 2004 pastores
1892 1982 1970 2003 suas
1989 1983 2075 2015 que-

1095 2024 1183 2057 relas
1200 2023 1392 2061 deferrent,
1419 2032 1490 2053 non
1508 2022 1549 2053 ad
1568 2021 1797 2062 Quaestores,
1832 2021 1891 2052 sed
1920 2027 2008 2053 recta
2032 2022 2075 2053 ad

1096 2073 1317 2115 Principem,
1345 2079 1376 2104 et
1401 2071 1553 2104 ostendit
1579 2071 1645 2103 sibi
1670 2082 1772 2104 curae
1798 2070 1890 2107 sore,
1919 2082 1962 2102 ne
1988 2071 2076 2103 iusta

1095 2124 1250 2158 defensio
1267 2121 1619 2155 deessetPastoribuS.
1649 2120 1815 2154 Secutum
1832 2127 1879 2153 est
1895 2120 2076 2164 aliquanto

1097 2182 1173 2220 post
1207 2172 1289 2206 liaec
1324 2173 1444 2211 initia,
1487 2178 1623 2214 tempus
1646 2170 1842 2213 Augustani
1868 2178 2072 2210 conventus,

1096 2226 1156 2270 qui
1182 2224 1247 2257 suit
1270 2235 1362 2255 anno
1390 2222 1596 2261 millesimo,
1633 2220 1936 2265 quingentesimo,
1969 2221 2074 2253 trice—

1094 2277 1202 2315 simo,
1229 2275 1264 2306 in
1289 2286 1357 2318 quo
1384 2285 1461 2305 cum
1479 2270 1626 2304 Carolus
1650 2270 1842 2313 Imperator
1856 2269 1944 2302 scire
1962 2271 2077 2311 vellet,

1095 2328 1273 2371 quodnam
1300 2336 1373 2356 esse
1400 2329 1510 2356 totum
1536 2321 1717 2354 doctrinae
1742 2331 1867 2361 corpus
1891 2320 1926 2352 in
1952 2319 2077 2353 Eccle-

1095 2378 1155 2410 siis
1179 2375 1327 2415 nostris,
1361 2381 1400 2407 ut
1423 2372 1550 2416 quibus
1572 2371 1614 2403 de
1643 2371 1746 2403 rebus
1777 2370 1947 2402 dissensio
1981 2377 2078 2410 esset,

1095 2427 1344 2465 consideraret,
1361 2421 1529 2456 consessio
1548 2421 1727 2455 doctrinae
1746 2418 1900 2453 exhibita
1921 2427 1969 2454 est
1988 2433 2076 2465 quae

1094 2484 1196 2513 extat.
1249 2473 1370 2508 Iuliae
1396 2472 1612 2506 consessione
1638 2483 1700 2504 nec
1721 2471 1815 2510 odia,
1842 2482 1904 2502 nec
1923 2472 2076 2514 pericula

1093 2527 1237 2570 defugit,
1264 2526 1322 2558 sed
1341 2529 1541 2557 constanter
1557 2526 1589 2554 et
1606 2521 1761 2554 nominis
1779 2520 1830 2553 sui
1847 2521 2077 2564 subscriptio-

1094 2590 1136 2612 ne
1160 2576 1312 2611 ostendit
1344 2586 1379 2607 se
1410 2574 1445 2606 id
1477 2571 1657 2605 doctrinae
1687 2582 1796 2614 genus
1826 2571 2006 2613 amplecti,
2043 2578 2075 2603 et

1092 2638 1265 2672 nusquam
1295 2625 1428 2669 optimo
1454 2622 1611 2665 Principi
1634 2621 1724 2656 Duci
1750 2618 1898 2653 loliauni
1920 2619 2074 2652 Elei-tori

1091 2679 1223 2720 defuit,
1249 2688 1319 2722 quo
1344 2682 1499 2719 tempore
1523 2673 1652 2707 scimus
1672 2679 1706 2707 et
1719 2670 1899 2715 Principes
1919 2671 2011 2714 ipsos
2036 2669 2073 2702 in
