2324 2955
214 115 290 152 947

461 109 666 148 SCRIPTA
694 107 768 141 PH.
795 104 909 140 MEL.
939 103 1005 139 AD
1031 104 1156 141 HIST.
1183 103 1325 141 PROF.
1351 102 1415 138 ET
1443 102 1630 139 PHtLOs.
1658 102 1974 139 SPECTANTIA.

2146 102 2220 137 948

221 201 371 236 Balbino
389 205 419 230 et
438 195 615 239 Pupieno,
642 193 812 235 imperare
829 190 940 234 coepit
959 202 1051 222 anno
1071 190 1192 223 aetatis
1215 193 1218 209 ¹
1243 201 1320 223 cum
1349 189 1553 221 viderentur
1576 189 1665 221 serio
1698 189 1978 222 emendationem
2004 188 2220 232 promittere,

222 263 301 285 suae
325 247 508 281 sedecimo.
560 243 734 285 Regnavit
758 253 869 274 annos
893 252 960 273 sex.
1017 239 1113 274 Vixit
1130 253 1193 272 an-

223 311 285 333 nos
302 296 423 339 viginti
442 296 541 336 duos,
569 304 688 326 amans
707 291 873 330 iusticiae,
898 290 1046 334 pudicus
1059 298 1092 324 et
1109 291 1194 323 alie-

222 360 288 383 nus
304 360 323 381 a
341 346 555 380 crudelitate.
607 343 807 386 Sapientem
826 348 859 374 et
875 341 1003 373 iustum
1021 341 1195 383 guberna-

222 407 333 433 torem
366 395 487 429 habuit
521 405 678 426 socerum
712 389 938 430 Misitheum,
980 402 1082 434 quem
1113 391 1196 423 fecit

225 448 441 481 Praefectum
474 444 660 488 praetorio.
715 441 823 475 Duxit
857 441 1046 474 exercitum
1076 447 1196 474 contra

224 497 364 534 Persas,
400 495 461 541 qui
486 491 710 527 Antiochiam
745 499 1018 535 occupaverant,
1059 498 1092 524 et
1121 502 1195 523 eam

224 547 352 591 recepit
370 544 560 589 profligatis
578 543 726 576 Persicis
746 542 964 574 exercitibus.
1019 541 1087 574 Sed
1104 552 1197 573 mor—

224 605 284 631 tuo
308 608 425 629 socero
446 592 631 633 Misitheo,
658 590 845 636 Philippus
866 590 979 624 Arabs
1003 603 1080 624 cum
1104 591 1199 623 fieret

226 647 425 680 Praefectus
452 645 646 689 praetorio,
688 643 941 675 adolescentem
977 641 1197 675 Gordianum

225 697 406 731 interfecit.

328 761 459 795 Tristia
493 761 590 803 signa
625 760 727 792 initio
754 759 891 802 imperii
918 757 1092 791 Gordiani
1124 758 1201 790 fue-

226 821 324 848 runt:
352 811 502 854 Eclipsis
526 811 608 843 solis
634 816 749 849 tanta,
778 816 815 842 ut
843 809 959 841 medio
984 809 1039 841 die
1056 814 1200 841 noctur-

226 876 290 897 nae
316 863 479 896 tenebrae
504 859 643 893 fierent:
677 866 708 892 et
732 865 961 892 terraemotus
989 865 1126 896 tantus,
1162 864 1200 891 ut

225 924 370 956 magnae
395 911 499 945 urbes
524 910 738 950 corruerint,
765 916 796 942 et
823 909 924 943 multi
950 906 1111 942 homines
1127 908 1201 941 rui-

226 964 281 997 nis
298 962 452 1007 oppressi
478 960 558 995 sint.

278 1076 384 1110 Anno
423 1073 547 1107 mundi
579 1072 908 1117 quatermillesim0‚
952 1071 1202 1110 ducentesimo,

428 1136 536 1157 nono·

279 1176 385 1210 Anno
412 1173 547 1208 Romae
571 1172 855 1215 nongentesimo,
892 1170 1118 1212 nonagesimo
1146 1181 1200 1202 se-

426 1223 549 1267 ptimo.

277 1276 383 1309 Anno
433 1270 563 1305 Christi
612 1271 870 1311 ducentesimo,
933 1270 1199 1314 quadragesimo

431 1329 564 1355 octavo.

491 1421 740 1466 Philippus
776 1419 932 1454 Arabs.

328 1502 527 1550 Philippus
545 1499 667 1535 Arabs
692 1503 839 1535 obscuro
857 1513 980 1543 genere
998 1507 1117 1543 natus,
1149 1504 1200 1536 sa-

230 1564 304 1591 ctus
333 1561 383 1588 est
412 1555 603 1596 imperator
627 1559 748 1586 necato
776 1551 972 1585 Gordiano,
1025 1550 1201 1594 Regnavit

230 1616 341 1640 annos
377 1605 541 1649 quinque.
621 1602 725 1635 Facta
761 1614 842 1646 pace
877 1613 955 1634 cum
989 1600 1104 1635 Persis
1144 1616 1201 1636 ac-

227 1655 329 1689 cessit
361 1656 402 1687 ad
437 1654 559 1686 urbem
600 1652 771 1692 Romam,
812 1652 874 1684 ubi
917 1663 1010 1683 anno
1048 1655 1200 1686 secundo

227 1704 367 1749 imperii
384 1704 436 1736 sui
463 1699 593 1735 Ludos
624 1700 803 1734 seculares
835 1701 915 1732 fecit
941 1701 1073 1742 ingenti
1099 1714 1201 1745 pom-

228 1767 288 1799 pa,
327 1752 492 1786 Calendis
516 1751 625 1789 Maii,
669 1763 747 1783 cum
778 1750 983 1782 millesimus
1008 1762 1121 1784 annus
1147 1764 1201 1784 es-

229 1811 280 1838 set
310 1803 406 1837 urbis
436 1802 580 1836 Romae.
658 1800 750 1842 Quia
774 1799 887 1833 Roma
922 1800 1095 1833 aedificari
1129 1803 1201 1846 pri-

228 1865 325 1887 mum
343 1858 500 1895 coeperat
519 1851 574 1883 die
591 1851 753 1883 vicesimo
772 1850 885 1894 primo
903 1848 1057 1892 Aprilis,
1086 1859 1123 1885 ut
1139 1864 1201 1885 suo

228 1904 304 1937 loco
322 1903 452 1936 dictum
468 1907 528 1935 est.

328 1969 526 2011 Diligenter
544 1973 657 1999 autem
677 1963 733 1999 hic
750 1966 956 1998 millesimus
977 1978 1089 1999 annus
1104 1966 1203 1999 urbis
1227 1983 1228 2009 3

233 2020 472 2055 observandus
487 2024 552 2051 est:
569 2017 649 2062 quia
661 2023 856 2060 temporum
873 2017 1053 2049 annotatio
1064 2016 1099 2048 in
1111 2017 1203 2049 mul-

228 2071 272 2104 tis
289 2067 445 2103 historiis
462 2068 542 2100 inde
560 2067 720 2100 sumitur.
776 2065 904 2109 Magna
919 2078 997 2109 pars
1013 2067 1110 2100 urbis
1126 2065 1201 2100 Ro-

226 2132 303 2154 mae
328 2119 365 2151 in
390 2118 461 2151 illis
486 2117 578 2151 ludis
603 2117 817 2149 secularibus
843 2124 984 2160 propter
1009 2124 1201 2151 nocturnos

227 2168 373 2215 lychnos
394 2167 632 2210 conflagravit.

325 2234 478 2269 Narrant
504 2230 598 2265 hunc
628 2229 832 2274 Philippum
859 2231 1008 2265 Arabem
1045 2233 1198 2274 primum

227 2296 266 2318 ex
290 2283 559 2328 imperatoribus
575 2281 746 2315 Romanis
769 2282 896 2314 factum
921 2294 991 2315 esse
1011 2278 1198 2317 Christia—

229 2345 327 2369 num.
378 2333 536 2377 Cumque
562 2333 596 2364 in
613 2329 781 2364 Paschate
807 2332 849 2364 ad
883 2344 1025 2365 coenam
1050 2333 1196 2366 Domini

225 2394 423 2417 accessurus
448 2390 553 2423 esset,
586 2394 657 2414 non
684 2381 854 2414 admissus
878 2390 927 2416 est
951 2384 994 2415 ab
1021 2381 1196 2427 Episcopo

223 2433 386 2468 Romano
405 2432 578 2472 Fabiano,
605 2432 671 2464 nisi
690 2431 784 2475 prius
801 2432 893 2465 inter
911 2439 1079 2474 caeteros,
1108 2446 1195 2478 quo-

224 2495 302 2517 rum
326 2483 571 2526 explorabatur
592 2482 822 2525 poenitentia,
858 2482 892 2514 in
917 2484 1048 2525 templo
1074 2490 1195 2517 staret:

226 2534 314 2566 sicut
339 2543 414 2565 mos
439 2532 505 2564 suit
528 2543 603 2564 reos
636 2532 897 2565 manifestorum
935 2535 1102 2566 scelerum
1135 2546 1195 2577 per

220 2583 355 2628 aliquot
379 2582 452 2615 dies
478 2588 566 2614 stare
584 2588 675 2613 certo
694 2582 786 2621 loco,
817 2589 849 2615 et
875 2584 989 2624 egredi
1007 2596 1045 2616 ex
1064 2585 1192 2627 templo

218 2640 299 2667 ante
330 2631 670 2666 administrationem
704 2642 830 2664 coenae
854 2631 1009 2668 Domini.
1069 2633 1191 2667 Postea

1243 242 1285 273 ad
1307 250 1449 272 coenam
1469 237 1614 271 Domini
1632 240 1918 273 admittebantur.

1344 303 1492 338 Rittium
1511 305 1742 348 poenitentiae
1760 305 1929 338 memoria
1949 305 2075 337 tradita
2094 311 2160 343 est,
2191 311 2222 337 et

1245 367 1367 397 magna
1390 355 1578 387 certamina
1605 362 1687 387 tunc
1710 367 1849 400 quoque
1874 356 2034 388 fuerunt:
2064 352 2120 386 An
2143 366 2222 396 pec-

1246 412 1318 439 cata
1338 404 1598 438 remitterentur
1616 404 1689 437 sine
1716 405 1786 437 illis
1811 405 1960 438 ritibus?
2006 403 2106 437 Unde
2140 404 2222 437 satis

1246 462 1408 500 apparet,
1443 462 1525 487 tunc
1547 467 1566 488 a
1591 454 1711 487 multis
1741 467 1813 488 non
1847 455 2028 498 perspicue
2056 453 2221 487 traditam

1247 517 1318 538 esse
1343 505 1539 538 doctrinam
1564 506 1606 537 de
1631 505 1699 537 fide
1716 505 1822 547 gratis
1837 505 2025 547 accipiente
2044 504 2222 537 remissio-

1248 568 1327 588 nem
1347 562 1565 598 peccatorum
1583 561 1726 598 propter
1744 555 1983 587 mediatorem.
2040 553 2134 595 Quid
2155 553 2220 596 igi-

1249 614 1305 640 tur
1324 606 1533 638 intellexerit
1552 606 1610 637 ille
1625 605 1799 638 Arabicus
1822 605 1939 642 miles,
1968 611 1999 637 et
2019 604 2132 648 qualis
2149 604 2221 635 eius

1251 657 1357 700 pietas
1384 656 1507 693 fuerit,
1539 655 1725 689 nescimus.
1779 655 1846 689 Sed
1871 661 1988 687 tamen
2018 654 2099 686 odio
2117 650 2222 686 Chri-

1250 706 1352 739 stiani
1380 706 1534 738 nominis
1557 705 1682 738 defecit
1705 706 1749 737 ab
1774 718 1813 738 eo
1832 703 1976 742 Decius,
2006 704 2066 748 qui
2084 703 2222 745 regebat

1251 756 1437 789 exercitum
1464 756 1499 787 in
1520 755 1679 800 lllyrico,
1705 755 1766 788 ubi
1792 767 1869 788 cum
1895 755 2085 798 imperator
2107 753 2221 785 nomi-

1251 813 1351 839 natus
1367 813 1465 846 esset,
1491 807 1655 838 adversus
1675 817 1752 838 eum
1772 805 2026 848 expeditionem
2038 801 2223 846 Philippus

1252 856 1407 900 suscipit:
1436 857 1492 888 sed
1512 855 1671 888 Veronae
1688 867 1707 888 a
1726 856 1796 887 suis
1814 855 1987 888 militibus
2008 853 2225 887 interficitur.

1251 906 1385 940 Romae
1410 907 1500 939 filius
1515 904 1700 950 Philippus
1723 917 1741 938 a
1768 905 2004 938 Praetorianis
2032 904 2225 937 trucidatus

1253 964 1312 991 est.

1303 1054 1408 1087 Anno
1435 1055 1557 1086 mundi
1584 1062 1706 1098 quater
1729 1054 1937 1091 millesimo,
1974 1052 2224 1090 ducentesimo,

1453 1104 1589 1135 decimo
1607 1110 1743 1147 quarte.

1303 1153 1409 1187 Anno
1426 1152 1561 1186 Romae
1578 1153 1764 1186 millesimo
1789 1152 1955 1186 secundo.

1301 1203 1407 1237 Auno
1425 1201 1557 1236 Christi
1574 1202 1830 1243 ducentesimo,
1857 1201 2145 1246 quinquagesimo
2172 1210 2225 1232 se—

1455 1253 1583 1286 cundo.

1645 1344 1828 1376 Decius.

1354 1415 1490 1449 Decius
1508 1417 1696 1461 imperator
1712 1417 1822 1449 factus
1839 1421 1900 1450 est.
1927 1413 2101 1456 Regnavit
2117 1424 2226 1445 annos

1253 1468 1348 1499 duos.
1393 1467 1501 1500 Natus
1517 1468 1553 1499 in
1569 1467 1754 1499 Pannonia
1770 1466 1936 1499 inferiore
1956 1465 1992 1496 in
2010 1464 2140 1496 familia
2160 1475 2225 1495 no-

1254 1518 1332 1554 bili,
1360 1518 1469 1550 crevit
1495 1518 1621 1551 virtute
1647 1524 1679 1550 et
1698 1517 1840 1550 scientia
1864 1515 1914 1548 rei
1940 1514 2112 1548 militaris.
2167 1512 2225 1545 Fi-

1255 1567 1339 1599 lium
1357 1566 1502 1600 Decium
1518 1566 1700 1600 Caesarem
1718 1567 1797 1599 fecit
1817 1566 1954 1598 volente
1971 1564 2112 1597 Senatu.
2149 1561 2223 1595 Etsi

1253 1624 1366 1649 autem
1400 1618 1503 1649 breve
1537 1624 1588 1650 est
1619 1624 1755 1660 tempus
1786 1614 1925 1658 imperii
1957 1614 2073 1651 illius,
2109 1620 2224 1645 tamen

1253 1668 1341 1698 duae
1358 1678 1501 1708 magnae
1519 1678 1572 1699 res
1589 1667 1661 1699 eius
1684 1673 1839 1708 tempore
1865 1664 2083 1696 acciderunt:
2120 1663 2226 1694 Atro-

1253 1715 1423 1748 cissimam
1450 1717 1757 1759 persequutionem
1782 1721 1900 1746 contra
1919 1711 2139 1745 Christianos
2156 1710 2227 1745 De-

1254 1766 1326 1797 cius
1349 1766 1468 1798 movit.
1522 1763 1664 1798 Occidit
1688 1765 1822 1798 Romae
1838 1760 2053 1796 Fabianum
2078 1760 2226 1804 Episco-

1256 1827 1355 1857 pum,
1390 1815 1425 1846 in
1447 1815 1533 1847 urbe
1552 1814 1762 1860 lerosolyma
1784 1810 2060 1853 Alexandrum,
2096 1813 2223 1845 Antio-

1254 1863 1351 1897 chiae
1367 1862 1559 1909 Babyloni
1582 1877 1719 1904 senem‚
1748 1864 1808 1909 qui
1834 1876 1911 1897 cum
1927 1864 2040 1896 tribus
2059 1863 2139 1895 filiis
2155 1863 2225 1895 ius-

1254 1927 1310 1947 sus
1331 1922 1404 1948 erat
1433 1915 1623 1948 sacrificare
1647 1915 1761 1949 idolis.
1805 1913 1911 1956 Quod
1937 1925 2014 1947 cum
2036 1914 2147 1946 facere
2170 1925 2225 1944 re-

1254 1972 1433 2005 cusarent,
1456 1965 1551 1998 ducti
1567 1967 1704 1998 suntad
1722 1964 1955 2008 supplicium,
1982 1970 2080 2007 pater
2106 1970 2138 1996 et
2156 1970 2225 1996 tres

1254 2016 1328 2048 lilii.
1382 2014 1542 2060 Cumque
1566 2016 1736 2058 supplicio
1759 2015 1944 2047 adficiendi
1966 2021 2094 2053 essent,
2129 2020 2225 2057 pater

1254 2066 1375 2108 petivit
1400 2066 1495 2108 prius
1521 2066 1667 2098 interfici
1694 2066 1805 2105 filios,
1832 2076 1876 2097 ne
1898 2071 2090 2108 spectantes
2116 2063 2224 2107 patris

1253 2128 1370 2148 necem
1395 2117 1517 2149 fierent
1542 2116 1790 2159 languidiores.
1844 2114 1921 2158 Ipse
1944 2115 2075 2148 interea
2101 2121 2133 2147 et
2149 2125 2223 2145 ma—

1253 2174 1303 2199 ter
1323 2173 1470 2199 astantes
1499 2167 1794 2199 confirmaverunt
1817 2165 1916 2198 filios.
1968 2164 2090 2197 Postea
2114 2170 2222 2196 mater

1251 2229 1329 2249 cum
1348 2217 1466 2249 suisset
1483 2217 1666 2260 spectatrix
1683 2217 1776 2249 necis
1796 2215 1910 2248 mariti
1926 2221 1959 2248 et
1976 2214 2140 2252 filiorum,
2165 2224 2222 2245 eos

1250 2267 1394 2310 sepeliit.
1450 2265 1544 2299 Haec
1560 2267 1753 2301 constantia
1770 2266 1850 2299 fidei
1871 2272 1904 2298 et
1921 2264 2087 2297 fortitudo
2104 2262 2223 2308 Baby-

1249 2317 1301 2349 lae
1311 2315 1475 2361 Episcopi
1495 2324 1527 2350 et
1542 2318 1694 2350 filiorum
1714 2317 1750 2349 in
1767 2314 1910 2349 historia
1920 2313 2019 2347 Decii
2040 2314 2221 2357 praecipue

1248 2367 1432 2407 recitatur,
1458 2368 1519 2400 etsi
1548 2369 1673 2411 passim
1697 2378 1821 2410 magna
1846 2365 1982 2408 agmina
1999 2362 2221 2398 Christiano-

1248 2429 1325 2450 rum
1344 2418 1512 2451 trucidata
1531 2425 1621 2453 sunt.

1350 2485 1486 2517 Interea
1511 2483 1639 2518 Decius
1663 2491 1695 2516 et
1720 2481 1845 2521 Getas,
1886 2481 1945 2525 qui
1974 2487 2090 2525 postea
2118 2478 2217 2512 Gotti

1248 2535 1419 2567 nominati
1440 2542 1539 2573 sunt,
1567 2535 1624 2578 qui
1645 2533 1769 2566 Istrum
1788 2533 2009 2571 transierant,
2031 2531 2220 2573 reprimere

1246 2593 1390 2619 conatus
1409 2591 1470 2619 est.
1505 2584 1549 2617 Et
1567 2584 1682 2627 priore
1699 2583 1830 2625 praelio
1847 2582 1988 2624 triginta
2006 2581 2117 2613 millia
2130 2579 2219 2614 Got-

1246 2641 1359 2668 torum
1376 2634 1559 2668 interfecit.
1613 2631 1659 2665 At
1687 2633 1722 2664 in
1749 2632 1941 2676 posteriore
1962 2630 2113 2675 praelio,
2141 2641 2218 2662 cum
