2324 2955
137 115 210 151 983
695 110 723 146 Ι.

137 206 206 238 set,
233 210 279 231 an
301 209 337 232 se
356 204 576 243 agnosceret.
604 195 721 241 inquit
746 196 820 230 ille:
849 194 1017 242 Agnosco
1038 195 1117 243 pri-

135 248 356 294 mogenitum
387 246 561 282 Diaboli.
635 245 723 280 Nam
755 248 912 292 quaestio
944 249 988 282 de
1014 259 1116 282 causa

135 298 229 333 Mali
264 306 348 334 tunc
384 310 525 344 quoque
558 297 714 341 ingentia
747 299 938 332 certamina
970 298 1115 343 peperit.

134 349 298 383 Marcion
315 349 497 383 constituit
513 349 584 382 duo
601 348 792 392 principia,
819 349 950 393 pariter
964 356 1115 390 aeterna,

134 400 225 434 inter
242 411 277 433 se
294 399 503 444 pugnantia,
531 399 692 432 videlicet
715 400 803 432 duos
820 399 930 441 Deos,
962 411 1112 445 quorum

132 451 282 484 alterum
309 450 399 484 dixit
420 461 492 484 esse
514 460 652 483 causam
682 449 834 492 peccati,
875 450 965 484 sicut
996 457 1112 494 postea

131 498 335 533 Manichaei
366 500 596 534 nominarunt
628 496 738 544 ὓλην,
781 507 814 534 et
848 507 943 534 ortos
971 501 1015 533 ab
1046 499 1112 533 hoc

130 550 307 595 principio
323 551 490 585 dixerunt
507 562 578 584 non
595 561 695 594 posse
716 551 875 584 converti
899 552 941 584 ad
967 552 1109 585 bonum.

131 600 294 635 Alterum
315 602 404 636 dixit
424 613 497 635 esse
519 601 672 641 bonum,
704 601 800 645 quod
819 599 1021 634 Manichaei
1045 613 1110 634 no-

129 651 313 685 minarunt
337 652 489 692 Lucem,
529 658 563 685 et
587 651 753 685 dixerunt
775 658 870 685 ortos
892 664 910 685 a
933 652 1010 685 luce
1036 663 1109 684 non

128 712 229 745 posse
264 703 446 743 damnari,
495 701 670 747 quidquid
704 701 851 735 faciant:
891 714 930 735 ac
963 701 1106 736 stoicam

129 752 369 787 necessitatem
388 754 425 786 in
441 753 544 786 bonis
562 759 594 786 et
610 752 710 786 malis
727 753 998 786 constituerunt.

229 801 325 837 Haec
348 810 436 838 tetra
460 804 689 837 deliramenta
713 803 781 835 late
803 803 929 846 sparsit
946 802 1107 836 Marcion

126 852 164 885 in
187 850 290 894 Asia,
324 861 357 888 et
382 854 535 889 Romae.-
587 864 676 898 quae
707 860 787 886 nata
820 860 902 887 sunt
926 866 965 886 ex
991 853 1107 887 stoicis

126 903 429 947 disputationibus
448 905 492 938 de
510 903 740 947 Necessitate,
769 915 858 947 quae
872 915 912 936 eo
929 910 1010 937 sunt
1028 915 1106 947 per-

124 953 279 988 niciosae
309 955 485 995 moribus,
524 954 607 999 quia
637 965 716 985 cum
744 953 1014 987 fundamentum
1041 952 1106 987 boc

124 1005 277 1047 positum
305 1012 374 1046 est,
409 1004 541 1039 Omnia
567 1003 762 1036 necessario
786 1002 880 1044 fieri,
922 1005 1104 1047 diligentia

123 1054 288 1087 abiicitur
303 1055 443 1098 regendi
461 1065 596 1094 mores,
623 1060 657 1086 et
671 1053 803 1086 accedit
822 1061 881 1087 aut
898 1055 1105 1098 desperatio,

121 1110 183 1137 aut
198 1104 236 1137 in
252 1106 382 1138 securis
401 1105 624 1139 confidentia.
677 1102 716 1136 Si
737 1103 816 1148 quis
834 1104 980 1146 cogitat,
1007 1117 1042 1138 se
1060 1106 1104 1138 ab

120 1151 191 1198 ὕλῃ
209 1161 325 1188 ortum
342 1167 432 1196 esse,
459 1167 531 1188 non
549 1153 676 1198 expetit
692 1154 969 1187 conversionem.

224 1203 272 1238 Ut
309 1213 425 1239 autem
460 1211 493 1238 et
525 1204 655 1248 species
688 1203 873 1237 inusitatae
912 1206 1105 1239 sanctitatis

121 1254 366 1289 offunderetur
381 1254 565 1289 hominum
582 1254 710 1295 oculis,
739 1254 901 1288 Marcion
920 1253 1104 1300 prohibuit

121 1305 340 1348 coniugium:
368 1314 401 1340 et
419 1314 534 1340 tamen
556 1305 629 1349 ipse
647 1304 797 1338 Diaconi
821 1305 859 1338 in
877 1306 994 1352 Cypro
1019 1319 1104 1340 con-

122 1355 238 1398 iugem
258 1357 419 1397 abduxit,
446 1368 535 1401 quae
560 1362 676 1399 postea
703 1367 840 1388 reversa
866 1359 909 1389 ad
937 1357 1101 1391 maritum

122 1407 278 1440 narravit
298 1419 458 1450 magnam
479 1406 735 1449 turpitudinem
754 1406 853 1439 istius
869 1414 991 1441 sectae.

224 1456 325 1490 Talia
344 1458 486 1490 suerunt
502 1457 692 1490 certamina
715 1456 751 1488 iu
778 1456 838 1489 illa
864 1469 967 1491 aurea
992 1465 1101 1492 aetate

119 1506 252 1550 primae
269 1506 463 1545 Ecclesiae,
489 1519 569 1539 mox
589 1514 664 1550 post
684 1506 883 1550 Apostolos.
936 1508 1102 1554 Polycar-

118 1568 184 1601 pus
206 1559 379 1602 supplicio
402 1558 545 1591 affectus
565 1563 617 1590 est
640 1556 830 1602 Smyrnae,
867 1564 1024 1602 tempore
1051 1559 1101 1593 M.

119 1608 316 1649 Antonini,
355 1620 450 1642 anno
475 1607 686 1650 sexagesimo
711 1614 787 1650 post
811 1606 980 1641 Iohannis
1002 1608 1101 1653 Apo-

118 1658 197 1691 stoli
215 1666 381 1699 mortem,
409 1670 487 1691 cum
505 1658 648 1702 quidem
666 1657 815 1699 diceret,
841 1670 876 1692 se
900 1661 1101 1702 octuaginta

118 1718 175 1740 sex
193 1720 305 1741 annos
323 1707 396 1741 Deo
413 1708 555 1742 servire.
608 1706 757 1741 Audivit
782 1708 889 1752 igitur
905 1707 1101 1742 Iohannem

117 1770 213 1791 anno
247 1759 383 1791 decimo
419 1765 513 1790 sexto
546 1758 667 1790 aetatis
705 1769 804 1799 suae,
857 1767 918 1794 ant
952 1760 1101 1794 circiter.

115 1807 325 1842 Doctrinam
352 1808 459 1841 fuisse
483 1807 667 1852 polycarpi
695 1819 788 1846 eam,
821 1822 910 1853 quae
935 1810 1102 1844 recitatur

116 1859 154 1892 in
172 1857 335 1899 Irenaeo,
364 1870 438 1892 non
456 1858 604 1890 dubium
621 1864 689 1897 est,
724 1870 788 1890 nec
802 1859 870 1892 alia
887 1860 953 1893 suit
970 1858 1101 1893 Iohan-

114 1909 187 1943 nis:
215 1917 248 1944 et
269 1910 412 1955 quidem
436 1921 515 1942 cum
536 1920 619 1941 voce
635 1907 873 1943 Ecclesiarum
899 1918 1100 1944 nostrarum

115 1961 218 2004 plane
236 1960 399 2004 congruit
418 1958 592 1992 lrenaeus.

166 2062 274 2095 Anno
314 2061 438 2095 mundi
481 2067 606 2106 qnater
645 2059 850 2103 millesimo,
901 2062 1102 2104 centesimo,

319 2112 584 2157 quadragesimo
604 2111 720 2145 tertio.

166 2162 272 2196 Anno
289 2161 425 2197 Romae
443 2162 708 2205 nongentesimo
728 2162 904 2195 tricesimo
925 2163 1051 2207 primo.

163 2213 272 2260 *Anno
288 2211 420 2248 Christi
440 2212 629 2246 centesimo
648 2214 885 2256 octuagesimo
903 2215 1070 2249 secundo.

441 2287 769 2324 Commodus.

215 2360 437 2399 Commodus
470 2364 633 2399 successit
668 2365 777 2409 patri,
828 2364 879 2400 M.
914 2365 1100 2400 Antonino

114 2414 343 2461 Philosopho.
396 2414 573 2460 Regnavit
590 2428 703 2448 annos
728 2416 913 2449 duodecim
942 2424 974 2450 et
1000 2430 1100 2450 men-

114 2480 167 2503 ses
183 2479 308 2501 novem
321 2493 330 2507 ,
357 2478 376 2500 a
395 2467 506 2509 prima
524 2468 641 2500 statim
659 2467 810 2510 pueritia
827 2467 939 2510 turpis
962 2475 994 2501 et
1019 2480 1100 2501 cru—

114 2520 213 2553 delis.
266 2516 490 2562 videturque
507 2516 690 2551 Romanae
708 2515 934 2551 monarchiae
959 2525 1098 2563 tempus

114 2582 133 2603 a
153 2569 242 2603 lulio
261 2567 430 2612 usquead
450 2567 499 2601 M.
518 2566 741 2601 Antoninum
763 2566 1018 2612 Philosophum
1037 2582 1096 2602 ve—

115 2621 166 2654 lut
188 2617 286 2664 ἀκμὴ
310 2618 424 2652 fuisse.
492 2618 613 2652 Postea
644 2619 795 2663 plurima
827 2625 912 2651 tetra
938 2627 1092 2654 monstra

113 2676 323 2715 regnarunt,
350 2676 515 2714 sequutae
532 2676 614 2702 sunt
636 2670 796 2703 assiduae
821 2670 1029 2711 seditiones,
1058 2678 1090 2705 et

776 109 1069 148 CHROMCON
1093 112 1338 153 CARIOMS.
1391 116 1517 153 PARS
1546 116 1593 154 11.

2081 119 2153 154 954

1169 202 1279 236 multa
1295 202 1387 235 bella
1403 202 1533 236 civilia:
1569 202 1743 236 Nobilitas
1770 203 1883 237 deleta
1908 210 1957 237 est
1982 204 2108 246 partim
2132 217 2151 236 a

1169 253 1346 297 tyrannis,
1373 254 1501 297 partim
1521 254 1558 286 in
1576 253 1676 287 bellis
1694 253 1875 287 civilibus:
1908 252 2092 288 Exercitus
2110 266 2149 286 ex

1168 303 1326 337 barbaris
1340 304 1503 346 gentibus
1519 305 1672 338 collecti:
1704 303 1900 348 Disciplina
1916 312 2015 338 vetus
2034 305 2147 337 extin-

1167 360 1239 394 cta,
1265 354 1536 397 Magistratuum
1555 362 1587 388 et
1602 355 1755 388 militum
1775 355 1811 387 in
1836 355 2029 399 provinciis
2044 367 2146 399 rapa—

1167 404 1250 437 citas
1271 412 1304 438 et
1323 404 1488 438 libidines
1505 413 1700 439 creverunt.

1266 456 1357 489 Cum
1375 462 1489 489 autem
1508 462 1620 489 tantas
1636 456 1673 488 in
1693 467 1818 499 genere
1835 453 1991 489 humano
2018 456 2144 488 confu—

1165 505 1281 538 siones
1303 506 1500 543 intuemur,
1535 506 1756 549 deploremus
1781 506 1937 539 miserias
1960 504 2143 541 humanas,

1163 562 1196 589 et
1213 557 1403 599 cogitemus
1419 556 1544 597 simul,
1579 568 1651 588 non
1670 563 1785 589 tamen
1804 556 2008 590 universum
2034 567 2143 599 genus

1163 603 1356 639 humanum
1374 613 1510 640 tantum
1533 607 1575 639 ad
1602 604 1686 639 haec
1710 604 1886 639 horrenda
1911 607 2002 639 mala
2031 608 2141 639 nasci:

1162 658 1221 689 sed
1243 669 1323 690 vere
1345 657 1455 689 filium
1474 655 1541 689 Dei
1562 657 1706 689 missum
1732 668 1821 696 esse,
1855 664 1893 690 ut
1918 656 2001 689 inde
2017 655 2142 689 Eccle-

1161 707 1246 740 siam
1271 714 1447 740 aeternam
1472 713 1649 751 excerpat,
1690 707 1790 739 cuius
1814 707 2005 740 efficiamur
2034 706 2139 739 cives:

1160 764 1193 791 et
1224 758 1358 801 protegi
1391 770 1430 790 ac
1463 757 1593 790 servari
1624 768 1687 790 nos
1713 757 1750 789 in
1775 769 1812 790 ea
1840 764 2014 800 petamus,
2052 757 2142 789 sicut

1162 807 1337 841 Israelitae
1356 808 1480 841 servati
1496 815 1578 842 sunt
1595 807 1685 841 intra
1705 808 1847 850 domos,
1874 818 2023 852 quarum
2046 807 2140 839 limi-

1161 870 1204 891 na
1224 859 1394 901 sanguine
1416 856 1516 902 Agm'
1532 869 1716 902 conspersa
1733 865 1842 892 erant.

1262 908 1355 941 Haec
1378 909 1530 941 breviter
1551 909 1666 941 dicere
1689 908 1816 949 malui,
1840 919 1943 952 quam
1964 906 2140 939 horrenda

1158 959 1287 1001 flagitia
1305 958 1492 992 Commodi
1508 959 1670 992 recitare:
1701 958 1773 1000 Qui
1789 971 1868 991 cum
1884 958 2014 992 multos
2030 956 2141 991 Sena-

1159 1016 1250 1043 tores
1282 1016 1315 1042 et
1347 1008 1435 1041 alios
1465 1008 1594 1042 iniuste
1628 1008 1875 1048 interfecisset,
1906 1009 2047 1041 tandem
2080 1019 2141 1050 per

1158 1059 1376 1098 Praefectum
1396 1058 1572 1102 praetorio
1589 1058 1716 1091 Letum
1734 1064 1766 1091 et
1790 1058 2024 1091 concubinam
2041 1057 2139 1090 Mar-

1156 1111 1241 1143 tiam
1262 1109 1498 1152 strangulatus
1514 1116 1576 1143 est.

1260 1159 1395 1193 Interea
1432 1167 1548 1192 tamen
1581 1160 1690 1193 crevit
1718 1157 1887 1193 Ecclesia.
1948 1157 2036 1191 Nam
2074 1160 2139 1191 sub

1156 1209 1352 1244 Commodo
1384 1210 1545 1243 scribunt
1574 1221 1737 1253 magnam
1768 1208 2003 1253 frequentiam
2032 1209 2139 1241 fuisse

1155 1261 1293 1304 collegii
1310 1259 1561 1294 Alexandrini:
1596 1267 1628 1293 et
1651 1260 1811 1293 floruisse
1835 1271 1874 1292 eo
1903 1266 2058 1302 tempore
2083 1260 2140 1291 in-

1156 1318 1323 1356 terpretes
1358 1312 1537 1344 doctrinae
1576 1308 1800 1354 propheticae
1841 1316 1873 1342 et
1917 1309 2139 1353 apostolicae,

1155 1359 1408 1401 Pantaenum,
1436 1368 1468 1394 et
1485 1357 1721 1400 Clementem,
1748 1359 1808 1405 qui
1825 1367 1945 1393 narrat
1971 1371 2006 1392 se
2032 1360 2139 1392 fnisse

1155 1413 1351 1446 auditorem
1377 1411 1561 1445 Pantaeni.
1627 1410 1767 1444 Dicitur
1797 1418 1911 1443 autem
1938 1409 2138 1443 Pantaenus

1156 1470 1273 1507 postea
1297 1461 1530 1505 Evangelinm
1552 1461 1712 1494 docuisse
1740 1461 1775 1493 in
1802 1460 1925 1499 ludia,
1964 1472 2000 1493 ac
2032 1461 2138 1493 fuiss(-

1154 1514 1272 1558 plures
1289 1520 1390 1553 tunc,
1418 1513 1479 1557 qui
1497 1512 1775 1545 nominabantur
1787 1508 2071 1555 Evangelislae,
2103 1511 2137 1542 id

1154 1570 1223 1604 est,
1258 1576 1409 1608 quorum
1438 1563 1567 1606 singuli
1588 1561 1821 1605 Evangelium
1845 1562 1880 1593 in
1907 1561 2027 1594 multis
2054 1573 2137 1604 pro-

1154 1614 1280 1646 vinciis
1314 1614 1498 1648 docebant.
1567 1612 1669 1646 [Tude
1703 1612 1853 1654 intelligi
1885 1618 2018 1655 potest,
2053 1612 2138 1655 quid

1154 1663 1285 1696 Paulus
1308 1664 1547 1696 nominaverit
1570 1662 1831 1705 Evangelistas,
1866 1674 1944 1694 cum
1971 1662 2139 1694 discernit

1154 1725 1212 1746 eos
1236 1725 1253 1746 a
1272 1711 1478 1758 Prophetis,
1507 1712 1704 1757 Apostolis,
1733 1712 1936 1745 pastoribus
1961 1718 1992 1745 et
2009 1712 2139 1745 Docto—

1153 1764 1266 1797 ribus.

1255 1809 1454 1848 Clementis
1472 1813 1555 1846 libri
1579 1820 1715 1852 extant,
1742 1812 1777 1845 in
1803 1813 1930 1857 quibus
1957 1813 2138 1846 refutatio-

1154 1876 1215 1897 nes
1237 1871 1318 1897 sunt
1341 1862 1597 1903 Ethnicorum,
1633 1863 1862 1901 ludaeorum,
1890 1870 1923 1896 et
1945 1864 2137 1895 multorum

1153 1914 1433 1954 naereticorum,
1460 1926 1610 1959 quorum
1629 1914 1809 1957 plaerique
1825 1913 2020 1946 doctrinam
2038 1914 2136 1945 simi-

1154 1966 1221 1997 lem
1258 1964 1531 2008 anabaptisticae
1574 1970 1775 2008 sparserunt
1795 1990 1803 2003 ‚
1854 1969 1887 1996 et
1925 1963 2137 1995 addiderunt

1153 2016 1289 2048 furores
1319 2015 1558 2058 superiorum,
1601 2015 1644 2046 ‹le
1671 2015 1811 2047 dnobus
1837 2014 2020 2057 principiis
2052 2025 2137 2046 con-

1154 2066 1289 2103 trariis,
1318 2072 1350 2098 et
1368 2066 1498 2109 pariter
1514 2065 1677 2105 aeternis,
1705 2065 1805 2097 Bono
1821 2071 1854 2098 et
1865 2063 1975 2101 Malo,
2003 2071 2034 2096 et
2050 2076 2135 2096 con-

1154 2117 1343 2151 tenderunt
1361 2116 1396 2148 in
1416 2114 1559 2150 Christo
1579 2122 1713 2149 tantum
1731 2127 1803 2148 esse
1822 2113 2015 2147 humanam
2034 2121 2138 2147 natu-

1155 2179 1247 2200 ram:
1275 2164 1534 2210 prohibuerunt
1552 2173 1662 2199 certos
1680 2166 1793 2198 cibos:
1823 2166 1998 2198 iusserunt
2017 2166 2137 2197 onmia

1155 2218 1190 2250 in
1217 2228 1403 2249 commune
1434 2217 1601 2249 conferri:
1648 2216 1721 2249 Alii
1754 2216 1916 2257 coniugia
1945 2213 2138 2259 prohibue—

1153 2274 1251 2301 runt:
1280 2268 1339 2300 alii
1361 2268 1577 2311 promisi-nos
1593 2266 1800 2299 cmicubitus
1816 2266 2112 2310 approbaverunt.

1254 2317 1382 2351 Narrat
1413 2319 1457 2351 de
1488 2315 1728 2361 prohibitione
1761 2316 1917 2359 coniugii
1942 2313 2136 2348 haereticos

1152 2369 1273 2402 citasse
1295 2368 1511 2413 colloquium
1532 2361 1678 2401 Christi
1699 2374 1730 2400 et
1751 2365 1940 2405 Salamas,
1967 2367 2060 2411 quod
2088 2367 2134 2399 ait

1153 2420 1188 2452 iu
1206 2418 1401 2461 Evangelio
1417 2417 1670 2463 Aegyptiorum
1690 2418 1860 2461 scriptum
1877 2428 1958 2450 esse.
2021 2416 2134 2450 inter-

1151 2470 1288 2512 roganti
1309 2470 1468 2509 Salome,
1492 2469 1635 2514 quando
1658 2475 1846 2501 venturum
1872 2474 1958 2501 esset
1987 2479 2133 2510 regnum

1151 2519 1235 2558 Dei,
1283 2521 1470 2564 respondet
1503 2517 1683 2552 Christus:
1728 2513 1822 2552 Cum
1860 2517 2013 2552 cessabit
2046 2528 2133 2563 opus

1150 2569 1328 2603 nmlieris.
1382 2570 1468 2603 inde
1484 2570 1532 2603 ait
1546 2569 1710 2603 Clemens
1736 2567 2132 2610 haereticos,argumen-

1123 2632 1124 2641 ¹
1151 2629 1239 2655 tatos
1265 2632 1356 2661 esse,
1397 2621 1550 2654 desitura
1578 2620 1741 2662 coniugia
1766 2628 1948 2664 postquam
1974 2617 2135 2651 Christus

1123 2696 1124 2699 ,
1151 2678 1253 2705 natus
1275 2672 1339 2713 sit,
1380 2678 1413 2705 et
1443 2672 1512 2705 iam
1532 2668 1696 2704 inchoata
1719 2671 1763 2704 sit
1786 2669 1969 2711 Evangelii
1997 2668 2137 2712 praedi-
