2324 2955
80 117 151 152 109

77 203 169 236 cium
196 201 363 234 medimni
387 201 495 234 tritici
518 200 686 233 usitatum
703 198 855 233 Athenis
880 197 1067 233 drachmae

77 253 253 298 quinque,
288 252 470 294 videlicet,
504 251 691 284 dimidium
716 250 903 292 Coronati,
937 258 975 284 ut
997 250 1067 284 De-

75 301 275 336 mosthenes
298 309 417 335 narrat
441 302 478 333 in
497 302 657 334 oratione
673 309 794 335 contra
814 300 1066 335 Phormionem

75 355 119 387 de
137 361 270 387 mutuo.
332 352 433 385 Hanc
451 352 670 395 diligentiam
687 353 935 386 considerandi
951 359 1066 385 vetera

76 405 191 448 precia
217 416 289 436 non
312 403 505 436 existimate
528 404 689 436 inutilem
715 415 798 438 esse.
850 402 939 436 Nam
961 410 994 436 et
1011 400 1067 435 hi-

75 456 202 488 storiae
228 454 317 487 fiunt
343 454 453 497 magis
476 454 696 497 perspicuae,
723 461 756 486 et
780 465 844 486 nos
869 454 1010 498 quidem
1029 453 1066 485 in

74 505 239 538 remediis
256 506 342 538 scire
359 517 540 537 mensuras
555 511 688 537 veteres
704 511 736 537 et
753 505 909 547 pondera
927 515 1066 537 necesse

75 563 136 591 est.
189 555 257 589 Sed
276 568 371 589 nunc
390 553 553 588 historica
572 561 771 590 tractamus.

177 605 278 640 Iubet
299 605 394 640 Deus
420 605 585 639 collocari
613 606 799 638 duodecim
825 618 931 650 panes
955 617 1065 638 novos

75 658 109 690 in
129 658 229 690 altari
255 657 402 699 singulis
427 656 602 689 Sabbatis.
663 655 734 688 *Nec
758 669 913 702 unquam
939 657 1066 689 licebat

74 708 227 752 relinqui
252 719 399 740 vacuum
419 707 545 746 altare,
572 707 685 739 voluit
707 708 800 739 enim
827 707 922 741 Deus
946 714 1064 740 osten·-

73 760 155 792 dere
179 758 246 790 sibi
269 769 372 790 curae
397 769 489 797 esse,
518 764 557 790 ut
581 757 809 791 Sacerdotum
836 758 988 791 familiae
1012 758 1065 790 vi-

73 817 165 842 ctum
193 808 426 841 necessarium
452 806 636 842 haberent.
691 807 773 841 Ideo
795 810 907 842 voluit
924 809 960 841 in
980 821 1064 841 con-

73 866 191 903 spectu
208 871 280 892 esse
297 871 403 903 panes
421 866 500 892 ante
517 867 700 892 venturam
717 860 960 903 septimanam.
990 859 1065 892 Ius-

73 911 117 943 sit
133 916 247 943 autem
265 910 421 953 singulos
439 921 544 954 panes
560 910 634 942 fieri
651 922 689 942 ex
706 911 827 954 quinta
847 917 944 953 parte
959 907 1065 953 Ephi,

73 962 107 994 id
126 968 195 1001 est,
224 961 404 995 medimni.
460 959 531 993 Iam
555 973 633 993 cum
654 961 825 993 medimni
846 961 1002 1005 precium
1021 961 1063 993 sit

72 1009 259 1044 drachmae
282 1011 457 1055 quinque,
485 1011 614 1053 singuli
636 1023 741 1054 panes
760 1013 927 1045 valebunt
943 1012 1064 1054 singu-

72 1062 114 1094 lis
137 1059 325 1096 drachmis.
378 1060 425 1094 Et
448 1073 526 1094 cum
551 1063 591 1094 ad
618 1073 719 1094 usum
745 1063 976 1096 domesticum
1001 1062 1064 1096 Sa—

72 1113 193 1146 cerdos
215 1109 378 1145 habuerit
397 1113 480 1144 tales
498 1124 604 1156 panes
621 1114 827 1154 duodecim,
854 1114 889 1146 id
908 1120 974 1153 est,
1003 1125 1063 1156 pa-

72 1175 132 1196 nes
163 1175 226 1207 pro
259 1163 446 1197 duodecim
478 1161 676 1204 drachmis,
711 1165 899 1197 mediocris
929 1164 1063 1197 familia

72 1214 197 1246 diebus
211 1220 342 1257 septem
363 1214 445 1246 iude
463 1214 510 1246 ali
527 1221 672 1257 poterat,
698 1227 775 1247 cum
795 1227 904 1259 panes
918 1212 1065 1248 haberet

73 1276 134 1308 pro
153 1265 289 1306 integro
310 1262 522 1297 loachimico
539 1272 571 1297 et
588 1265 748 1298 dimidio.

175 1314 281 1356 Quod
314 1321 429 1346 autem
454 1315 633 1346 Dominus
662 1316 874 1347 nominatim
907 1316 992 1348 dicit
1021 1317 1064 1347 de

73 1364 185 1396 tribus
209 1364 291 1396 satis
319 1370 349 1395 et
375 1363 418 1394 de
443 1363 608 1401 muliere,
637 1364 795 1398 existimo
824 1377 903 1396 eum
934 1365 1062 1396 intueri

73 1413 276 1447 convivium
301 1409 486 1451 Abrahae,
521 1413 575 1444 cui
610 1413 681 1455 ipse
713 1415 891 1453 interfuit,
927 1414 961 1445 in
994 1426 1064 1456 quo

72 1463 218 1496 illustris
232 1463 366 1506 pictura
384 1462 612 1504 proponitur,
640 1463 772 1495 vitulus
788 1470 976 1503 mactatur,
1004 1463 1063 1506 qui

72 1513 244 1556 significat
260 1513 437 1546 victimam
456 1511 642 1552 Messiam‚
671 1520 701 1545 et
718 1513 823 1552 Sara,
851 1513 886 1545 id
906 1519 972 1552 est,
995 1511 1064 1545 Ec-

72 1564 174 1597 clesia
199 1576 239 1596 ex
264 1563 377 1596 tribus
394 1563 528 1595 farinae
547 1563 628 1595 satis
644 1576 750 1606 panes
766 1564 858 1596 facit.
909 1562 988 1596 Hoc
1004 1571 1065 1602 est,

70 1613 227 1648 Ecclesia
259 1614 386 1657 accipit
415 1625 534 1646 vocem
558 1612 743 1656 Evangelii
776 1627 794 1647 a
818 1614 891 1646 filio
913 1613 998 1655 Dei,
1033 1621 1064 1646 et

72 1678 146 1699 eam
165 1665 272 1698 tradit
287 1664 525 1704 auditoribus,
547 1665 583 1697 in
599 1666 728 1709 quibus
740 1663 973 1707 Evangelium
992 1677 1064 1703 non

72 1723 122 1750 est
148 1716 263 1749 inanis
287 1715 443 1754 sonitus,
470 1717 528 1748 sed
555 1727 591 1748 re
607 1716 678 1760 ipsa
696 1723 746 1749 est
766 1716 919 1759 potentia
939 1715 1002 1749 Dei
1021 1717 1062 1748 ad

72 1767 218 1800 salutem
235 1767 332 1799 omni
350 1766 516 1800 credenti.
570 1765 644 1799 Hac
661 1767 732 1811 ipsa
750 1780 833 1799 voce
849 1767 942 1799 filius
959 1763 1066 1814 λόγος

71 1825 121 1852 est
145 1817 284 1856 efficax,
312 1824 451 1850 revocat
476 1829 516 1849 ex
540 1824 652 1850 morte
676 1825 708 1851 et
730 1818 915 1850 doloribus
932 1818 1064 1851 infero-

71 1881 149 1902 rum
174 1880 249 1906 eos,
278 1868 338 1912 qui
363 1865 427 1901 hac
446 1879 481 1900 se
499 1868 739 1902 consolatione
758 1869 794 1901 in
816 1869 906 1901 veris
924 1869 1065 1913 pavori-

71 1920 138 1952 bus
163 1925 371 1954 sustentant.
425 1917 515 1952 Cum
541 1926 655 1952 autem
682 1921 915 1954 delectaretur
939 1918 1064 1952 Domi-

72 1982 139 2004 nus
159 1970 404 2003 recordatione
423 1969 644 2003 dulcissimae
662 1971 948 2011 consuetudinis,
976 1983 1065 2015 quae

70 2021 139 2054 fuit
164 2032 242 2053 cum
260 2018 441 2054 Abraham
466 2029 499 2053 et
515 2020 592 2053 aliis
610 2022 869 2064 praestantibus
889 2022 993 2061 viris,
1020 2022 1065 2054 li-

72 2072 197 2105 benter
213 2083 252 2104 ex
267 2071 329 2103 illo
346 2071 509 2104 convivio
525 2071 794 2105 similitudinem
811 2073 970 2116 sumpsit.
1025 2071 1063 2105 ld

73 2122 178 2155 ctiam
209 2133 249 2154 eo
280 2121 449 2154 libentius
474 2122 572 2161 fecit,
607 2130 646 2156 ut.
668 2124 877 2166 significaret
901 2122 1064 2167 Evange-

72 2173 159 2206 lium
185 2184 258 2205 non
283 2173 497 2205 constituere
522 2186 612 2206 nova
638 2175 784 2218 imperia
816 2175 978 2218 politica,
1005 2176 1063 2208 sed

73 2236 91 2257 a
115 2223 279 2262 muliere,
308 2223 342 2256 id
370 2230 439 2263 est,
467 2224 511 2256 ab
528 2222 683 2258 Ecclesia
700 2227 868 2266 docente,
896 2225 1065 2259 Fermen-

73 2281 167 2313 tum,
195 2274 228 2306 id
248 2280 308 2314 est,
335 2272 569 2317 Evangelium
587 2276 725 2309 misceri
742 2277 946 2310 auditorum
965 2289 1065 2310 men-

73 2325 168 2358 tibus
186 2332 217 2358 et
235 2325 443 2368 pectoribus.

175 2373 365 2418 Colligitur
394 2388 474 2418 ergo
498 2374 672 2417 Ecclesia,
709 2389 787 2409 cum
817 2390 883 2410 vox
911 2375 1064 2410 humana

74 2432 175 2459 sonat
190 2424 422 2469 Evangelium
435 2454 443 2467 ,
470 2428 575 2460 simul
600 2435 716 2460 autem
736 2440 773 2461 ea
792 2441 876 2461 voce
893 2429 985 2462 filius
1006 2425 1063 2462 λό-

73 2489 138 2524 γος
161 2477 234 2520 ipse
256 2484 307 2511 est
323 2477 452 2512 efficax.
506 2477 675 2511 Amemus
694 2480 800 2520 igitur
817 2492 936 2512 vocem
957 2480 1065 2512 mini-

74 2528 189 2568 sterii,
213 2534 246 2561 et
264 2527 492 2561 Stenckfeldii
512 2529 661 2563 fanatica
680 2530 910 2564 deliramenta
928 2543 1064 2564 execre-

74 2589 173 2617 mur‚
207 2578 269 2624 qui
293 2585 427 2612 mentes
450 2580 592 2614 abducit
614 2582 659 2614 ab
684 2579 897 2623 Evangelio,
921 2589 953 2615 et
978 2579 1064 2615 hor-

75 2629 194 2663 rendis
212 2629 425 2663 clamoribus
445 2632 642 2670 contendit,
668 2631 782 2666 Deum
802 2643 836 2664 se
852 2633 928 2666 sine
944 2631 1064 2666 Evan-

75 2680 155 2723 gelii
170 2680 380 2724 cogitatione
396 2682 573 2716 mentibus
591 2684 863 2717 communicare.

713 113 871 149 DECL.
916 113 987 149 DE
1022 112 1349 149 FERMENTO
1384 125 1465 148 ETC.

2034 114 2104 148 110

1222 199 1290 232 Hic
1320 207 1353 233 et
1382 200 1542 233 fermenti
1568 207 1692 233 natura
1716 200 1752 233 in
1777 200 1926 244 panibus
1950 199 2109 232 conside-

1120 252 1229 283 randa
1254 257 1319 290 est,
1355 262 1443 293 quae
1470 263 1540 284 non
1564 258 1614 285 est
1640 251 1774 291 ociosa,
1799 252 1859 283 sed
1885 257 1993 283 totam
2017 261 2110 282 mas-

1120 313 1192 334 sam
1217 301 1299 333 facit
1324 301 1513 342 rariorem,
1548 309 1580 335 et
1605 303 1747 335 adiuvat
1771 302 2049 345 penetrationem
2076 308 2110 334 et

1119 352 1324 385 coctionem.
1380 351 1459 383 Non
1484 353 1659 395 accipiunt
1682 351 1917 395 Evangelium
1941 352 2018 391 isti,
2048 351 2109 396 qui

1118 409 1254 435 tantum
1272 410 1387 444 gestus
1405 402 1589 436 imitantur
1606 404 1843 448 qualicunque
1859 401 2048 447 hypocrisi,
2076 409 2109 434 et

1118 454 1269 486 retinent
1297 454 1333 485 in
1358 460 1474 485 mente
1497 455 1735 486 dubitationes
1761 455 1803 486 de
1829 454 2008 486 voluntate
2032 452 2110 493 Dei,

1118 511 1150 537 et
1176 505 1212 536 in
1236 505 1340 536 corde
1360 504 1519 537 fremitus
1536 506 1702 536 adversus
1720 504 1849 544 Deum,
1877 511 1909 536 et
1926 515 2025 536 verae
2043 505 2108 536 do-

1118 555 1250 588 ctrinae
1269 555 1349 587 odia
1371 564 1402 587 et
1418 555 1556 597 piorum
1574 554 1774 598 parricidia.

1220 605 1287 639 Sed
1315 618 1377 637 cur
1401 613 1468 638 tres
1492 617 1692 644 mensuras,
1721 617 1780 637 seu
1804 606 1869 637 tria
1898 612 1967 638 sata
1993 604 2109 636 nomi-

1118 657 1201 690 nat'?
1253 655 1385 690 Audivi
1417 657 1530 688 virum
1556 656 1652 699 pium
1677 663 1708 689 et
1733 656 1930 692 eruditum,
1967 656 2027 698 qui
2051 666 2108 686 ac-

1118 708 1364 740 commodabat
1388 707 1429 739 ad
1455 707 1520 740 tria
1547 706 1671 739 mundi
1698 713 1870 749 tempora:
1905 705 1961 738 Ad
1988 703 2109 737 Eccle-

1117 759 1203 791 siam
1229 765 1309 791 ante
1328 757 1487 795 Moisen,
1515 756 1644 789 deiude
1668 758 1708 789 ad
1729 763 1931 800 sequentem
1952 762 2109 793 aetatem,

1117 817 1150 842 et
1173 815 1250 852 post
1274 808 1463 852 Apostolos
1487 808 1529 839 ad
1554 805 1644 839 hanc
1669 808 1911 840 collectionem
1933 805 2108 839 Ecclesiae

1117 872 1157 892 ex
1175 858 1351 892 Gentibus
1376 865 1407 891 et
1427 857 1575 892 Iudaeis.
1629 857 1709 890 Nou
1737 858 1917 901 displicuit
1943 855 2027 889 haec
2052 868 2110 888 ac-

1117 911 1373 949 commodatio,
1402 910 1460 941 sed
1485 921 1563 942 cum
1588 910 1630 941 de
1648 909 1942 942 transmutatione
1961 908 2110 946 dicatur,

1117 961 1276 994 existimo
1294 967 1384 993 recte
1400 971 1498 1003 posse
1517 960 1774 992 accommodari
1791 960 1856 992 tria
1877 967 1947 992 sata
1964 958 2109 997 farinae,

1117 1013 1160 1045 ad
1186 1019 1255 1045 tres
1279 1012 1370 1044 vires
1388 1012 1424 1043 in
1441 1011 1577 1050 anima,
1605 1012 1646 1042 ad
1666 1007 1903 1057 ἡγεμονικὸν,
1933 1010 1975 1041 ad
1993 1008 2109 1051 θυμι-

1116 1060 1202 1103 κὸν,
1231 1069 1264 1095 et
1289 1063 1329 1094 ad
1355 1059 1636 1106 ἑπιθύλιιητικόν.
1692 1061 1823 1103 Quales
1840 1061 2002 1093 tenebrae
2020 1070 2111 1090 sem-

1117 1126 1179 1157 per
1200 1114 1362 1153 fuerunt,
1396 1119 1497 1152 sunt,
1530 1120 1561 1145 et
1587 1119 1688 1145 erunt
1716 1113 1751 1143 in
1774 1109 2001 1158 wfyeuommgi,
2034 1109 2110 1141 sine

1116 1165 1193 1197 luce
1214 1163 1412 1206 Evangelii.
1465 1162 1650 1205 Leguntnr
1672 1161 1906 1196 Ethnicorum
1932 1169 1963 1194 et
1987 1157 2110 1192 Philo-

1115 1213 1308 1259 sophorum
1334 1215 1487 1254 furores,
1512 1215 1571 1259 qui
1597 1221 1656 1247 aut
1683 1225 1823 1257 prorsus
1842 1214 1985 1246 fuerunt
2002 1210 2107 1244 ἄθεοι

1115 1274 1155 1299 ut
1180 1265 1368 1311 Cyclopes,
1401 1272 1462 1298 aut
1490 1266 1532 1297 de
1559 1264 1634 1298 Deo
1659 1272 1763 1297 tetras
1788 1264 1974 1308 opiniones
2002 1262 2110 1295 finxe-

1117 1324 1219 1355 runt,
1250 1324 1289 1349 ut
1312 1316 1440 1353 Stoici,
1476 1316 1536 1359 qui
1563 1314 1731 1348 horribili
1754 1315 1967 1348 contumelia
1994 1312 2109 1346 Deum

1117 1364 1304 1406 adficiunt,
1341 1376 1419 1395 cum
1454 1365 1590 1407 fingunt
1624 1376 1704 1397 eum
1731 1366 1858 1397 scelera
1884 1372 1916 1397 et
1939 1364 2048 1403 velle,
2079 1370 2111 1395 et

1117 1415 1311 1446 necessario
1335 1415 1433 1446 velle.
1488 1415 1641 1458 Reliqua
1664 1415 1854 1448 multitudo
1872 1415 1972 1447 finxit
1990 1414 2110 1446 infini-

1117 1470 1187 1495 tam
1218 1465 1358 1496 turbam
1384 1463 1552 1496 Deorum.
1607 1464 1657 1496 Ita
1691 1477 1785 1497 nunc
1818 1466 1936 1509 quales
1965 1465 2110 1498 suntin

1116 1511 1325 1560 flyeuortzqi
1348 1515 1512 1546 tenebrae
1540 1515 1575 1545 in
1599 1512 1870 1554 Mahometistis,
1900 1516 1935 1546 in
1962 1514 2111 1557 Papistis

1117 1571 1148 1597 et
1175 1564 1430 1607 Anabaptistis.
1485 1562 1662 1597 Aberrant
1690 1577 1707 1597 a
1731 1577 1812 1597 vero
1832 1564 1906 1598 Deo
1926 1562 2111 1597 Mahome-

1117 1615 1235 1654 tistae,
1262 1622 1428 1656 negantes
1455 1612 1550 1646 hunc
1569 1628 1648 1648 vere
1664 1614 1779 1649 Deum
1799 1627 1891 1655 esse,
1919 1615 1978 1660 qui
1998 1626 2032 1647 se
2050 1628 2111 1658 pa-

1117 1665 1233 1698 tefecit
1267 1666 1372 1697 misso
1403 1666 1494 1705 filio,
1529 1673 1657 1707 negant
1689 1666 1792 1699 etiam
1823 1667 1934 1699 silium
1966 1667 2111 1699 missum

1117 1727 1189 1749 esse
1205 1723 1244 1749 ut
1262 1716 1402 1749 victima
1422 1729 1484 1760 pro
1507 1717 1609 1749 nobis
1626 1718 1733 1750 fieret.
1787 1716 1948 1761 Papistae
1965 1717 2026 1748 etsi
2045 1729 2111 1749 no-

1116 1779 1197 1799 men
1223 1767 1285 1799 filii
1312 1767 1486 1807 retinent,
1514 1774 1630 1799 tamen
1654 1780 1717 1800 nec
1733 1768 1932 1808 declarant,
1961 1768 2046 1812 quid
2067 1768 2111 1800 sit

1117 1814 1241 1866 λόγος,
1276 1830 1339 1850 nec
1363 1818 1531 1851 beneficia
1555 1820 1766 1859 ostendunt,
1799 1826 1833 1852 et
1857 1826 1974 1863 aperte
1997 1818 2110 1851 extin-

1116 1875 1229 1912 guunt
1252 1869 1531 1909 invocationem,
1560 1882 1638 1902 cum
1658 1870 1783 1904 iubent
1803 1877 1836 1902 te
1854 1882 1989 1913 semper
2006 1869 2112 1902 dubi-

1117 1927 1206 1953 tare:
1235 1931 1279 1952 an
1298 1926 1329 1952 te
1339 1918 1434 1953 Deus
1453 1920 1633 1964 receperit,
1661 1928 1695 1954 et
1711 1933 1755 1953 an
1774 1921 1946 1954 exaudiat.
1985 1919 2110 1953 Postea

1117 1972 1311 2004 decurrunt
1337 1972 1378 2003 ad
1406 1971 1521 2011 ldola,
1559 1971 1726 2004 invocant
1750 1969 1912 2004 homines
1940 1977 2111 2009 mortuos,

1117 2034 1196 2055 cnm
1228 2022 1340 2054 sciant
1370 2034 1441 2053 non
1466 2033 1538 2054 esse
1562 2019 1735 2054 humanae
1760 2022 1937 2065 potentiae
1962 2022 2111 2064 gemitus

1117 2073 1277 2106 cordium
1307 2073 1482 2111 iudicare,
1508 2072 1611 2104 multi
1638 2073 1752 2116 palam
1778 2079 1907 2106 statuas
1931 2073 2112 2110 invocant,

1117 2130 1150 2157 et
1168 2123 1353 2156 manifesta
1369 2123 1545 2167 impietate
1564 2123 1601 2155 in
1622 2124 1948 2166 circumgestatione
1968 2130 2112 2157 tuentur

1117 2172 1395 2220 ἀρτολατρειάν.
1456 2174 1578 2217 Nuper
1601 2175 1691 2208 edita
1723 2182 1772 2207 est
1797 2173 1982 2208 Austriaca
2007 2173 2111 2207 Cate-

1117 2223 1248 2266 cliesis,
1276 2225 1311 2257 in
1333 2238 1400 2269 qua
1419 2238 1497 2258 cum
1515 2225 1575 2257 alii
1594 2226 1694 2258 multi
1717 2237 1853 2258 errores
1869 2225 2112 2263 stabiliuntur.

1117 2284 1191 2310 tum
1217 2289 1299 2310 vero
1324 2284 1515 2309 renovatur
1540 2276 1644 2309 etiam
1671 2277 1943 2309 deliramentum
1967 2278 2010 2308 de
2029 2275 2110 2309 Mo—

1117 2325 1312 2360 nachorum
1331 2327 1431 2360 votis.
1467 2326 1663 2360 Nominant
1680 2327 1726 2359 ibi
1742 2328 1991 2371 perfectionem
2005 2340 2111 2360 evan-

1116 2379 1283 2421 gelicam,
1310 2378 1571 2411 simulationem
1593 2379 1826 2421 paupertatis,
1851 2386 1882 2411 et
1900 2379 1988 2411 alios
2005 2390 2111 2423 quos-

1116 2431 1196 2462 dam
1220 2437 1381 2464 externos
1405 2435 1529 2471 gestus.
1584 2427 1807 2471 Impudentia
1828 2430 2011 2474 scriptoris
2029 2430 2110 2462 odio

1116 2481 1221 2524 digna
1246 2488 1314 2520 est,
1343 2481 1401 2524 qui
1427 2480 1490 2512 scit
1510 2480 1746 2521 evangelicam
1768 2482 2017 2524 perfectionem
2040 2493 2111 2513 esse

1116 2532 1332 2574 agnitionem
1356 2538 1494 2563 nostrae
1521 2530 1755 2573 infirmitatis,
1791 2539 1823 2565 et
1849 2532 2012 2564 fiduciam
2038 2544 2110 2563 me-

1116 2583 1280 2621 diatoris,
1314 2588 1345 2614 et
1376 2582 1607 2625 praesentiam
1635 2580 1699 2614 Dei
1726 2583 1762 2614 in
1789 2583 1955 2615 cordibus
1983 2582 2111 2614 nostris

1117 2633 1399 2666 transformantis
1432 2644 1516 2671 nos,
1557 2639 1595 2666 ut
1628 2633 1749 2667 fiamus
1782 2634 1915 2666 similes
1947 2632 2110 2674 imaginis

1116 2683 1201 2724 Dei,
1229 2695 1317 2728 quae
1342 2690 1392 2718 est
1417 2680 1524 2730 λόγος
1548 2684 1679 2718 aeterni
1707 2685 1825 2728 patris.
1879 2683 1972 2716 llaec
1998 2695 2039 2715 ne
2057 2683 2108 2715 illi
