2324 2955
90 97 135 134 81

189 180 285 217 Utile
310 187 359 215 est
383 187 498 215 autem
516 178 701 219 omnibus,
725 191 825 224 saepe
843 179 1064 225 multumque

85 231 307 266 considerare
329 231 580 265 successionem
602 230 850 274 imperiorum,
886 231 1064 276 quomodo

85 281 181 316 Deus
205 282 407 316 custodierit
429 292 538 324 genus
558 278 772 320 humanum,
800 287 834 315 et
857 281 984 314 rexerit
1014 281 1064 314 le-

85 333 204 376 gibus,
238 339 271 366 et
297 332 547 375 compescuerit
571 337 740 377 tyrannos
766 339 798 365 et
826 332 979 365 latrones
1002 343 1064 375 per

85 390 236 428 quatuor
252 379 484 422 monarchias,
502 381 685 425 sapientia,
713 381 841 414 virtute
858 389 890 416 et
906 382 1061 426 potentia

83 433 288 466 excellentes
314 431 350 464 in
375 443 500 475 genere
521 429 695 471 humano,
731 443 878 476 quarum
908 432 1061 475 picturas

80 480 176 516 Deus
192 493 262 515 esse
278 482 381 515 nobis
397 482 580 527 proposuit
598 482 635 514 in
651 480 799 514 Daniele
810 509 818 522 ‚
844 494 931 526 quae
947 483 1061 526 pictu-

81 544 139 566 rae
157 532 378 575 distinguunt
395 533 497 566 etiam
515 533 678 565 virtutem
695 538 728 565 et
743 532 919 565 fortunam
938 533 1059 575 singu-

79 583 195 616 lorum
214 583 452 626 imperiorum.
493 582 607 615 Simul
625 589 739 615 autem
759 582 807 615 ibi
826 582 1057 625 significatum

80 640 146 673 est,
175 633 209 665 in
231 630 293 666 bac
308 640 441 666 senecta
461 631 586 664 mundi
608 632 685 675 plus
700 633 775 665 sore
796 633 1056 673 confusionum,

79 695 184 728 quam
209 683 275 716 suit
292 689 409 723 antea,
435 689 468 715 et
493 689 626 722 tamen,
652 683 763 716 donec
787 689 835 716 est
855 695 963 726 genus
988 682 1055 716 bu-

78 744 240 775 manum,
281 743 386 775 regna
414 733 529 776 aliqua
563 732 677 765 Deum
710 741 928 767 servaturum
970 745 1054 772 esse,

77 795 165 828 quae
183 795 253 828 quo
269 782 413 826 propior
429 783 495 816 erit
517 782 595 816 finis
611 783 753 823 mundi,
789 792 891 818 erunt
915 784 1054 827 langui-

77 833 186 868 diora.
239 833 375 865 Interea
393 833 578 865 maximam
596 833 668 866 fore
685 834 877 877 potentiam
894 835 1054 867 barbari-

76 895 134 917 cae
165 882 344 916 cuiusdam
375 884 505 926 gentis,
549 895 636 927 quae
662 884 697 916 in
721 884 852 917 divinis
877 884 1054 917 vaticiniis

75 933 278 967 nominatur
301 932 380 976 Gog
402 940 434 967 et
457 933 602 976 magog,
641 946 745 978 quam
771 946 841 966 esse
865 934 1052 968 Turcicam

74 991 209 1026 gentem
227 981 319 1016 nihil
337 984 536 1017 dubitemus
549 1010 558 1023 ,
585 995 672 1027 quae
691 984 884 1017 manifestis
901 985 1052 1018 miracu-

74 1035 117 1067 lis
141 1046 159 1067 a
184 1032 259 1067 Deo
283 1034 408 1066 reiecta
440 1041 473 1067 et
500 1035 661 1066 damnata
687 1040 748 1069 est.
811 1034 932 1068 Voluit
957 1036 1051 1068 enim

72 1083 167 1118 Deus
183 1096 248 1117 nos
267 1095 509 1127 praemonere,
536 1096 579 1116 ne
595 1083 681 1116 moti
699 1085 852 1127 potentia
873 1085 946 1118 eius
967 1097 1051 1127 gen-

72 1135 134 1173 tis,
161 1134 360 1168 deficiamus
375 1135 418 1167 ab
434 1146 474 1167 ea
491 1134 649 1168 doctrina
662 1161 671 1176 ,
698 1146 786 1180 quae
803 1147 886 1168 voce
905 1136 968 1168 filii
985 1135 1050 1169 Dei

71 1184 172 1219 nobis
189 1185 316 1218 tradita
335 1192 394 1220 est.

173 1234 287 1269 Simul
311 1242 424 1269 autem
448 1235 678 1278 significatum
704 1243 772 1277 est,
813 1236 951 1270 Turcos
974 1249 1047 1270 non

69 1282 251 1318 habituros
266 1297 338 1318 esse
362 1283 602 1318 monarchiam
621 1298 738 1329 parem
758 1286 955 1330 prioribus,
989 1289 1048 1319 sed

72 1335 139 1367 alia
166 1336 334 1378 quaedam
359 1345 463 1373 regna
487 1345 650 1366 mansura
674 1346 763 1374 esse,
791 1348 940 1378 quorum
965 1337 1049 1368 nul-

72 1384 144 1417 lum
171 1382 363 1427 potentiam
389 1379 531 1414 babebit
556 1395 673 1424 parem
700 1385 878 1425 prioribus
906 1396 1048 1416 monar-

70 1431 169 1465 chiis.
221 1431 287 1465 Sed
306 1438 422 1464 tamen
440 1437 478 1463 ut
495 1431 614 1474 aliquo
641 1433 747 1463 modo
770 1433 860 1473 leges
886 1438 919 1465 et
943 1433 1048 1465 disci-

68 1482 165 1527 plina
189 1487 456 1520 conserventur,
491 1481 642 1513 subinde
658 1479 753 1513 Deus
773 1481 895 1514 excitat
913 1480 1045 1524 Regem

68 1532 330 1566 antecellentem
363 1531 491 1563 virtute
522 1537 554 1564 et
578 1531 733 1574 potentia
764 1531 922 1564 caeteris:
966 1532 1046 1565 talis

67 1582 144 1617 Rex
177 1582 242 1616 suit
264 1581 411 1615 Carolus
439 1580 590 1624 primuS,
627 1581 687 1625 qui
717 1581 902 1614 dilacerata
937 1582 1045 1615 veteri

67 1630 270 1666 monarchia
290 1631 468 1671 Romana,
500 1631 643 1664 caeteris
665 1630 822 1673 Regibus
846 1631 881 1663 in
902 1629 1044 1676 Europa

66 1683 287 1720 antecelluit,
315 1682 429 1715 tenuit
445 1681 538 1714 enim
553 1679 727 1722 Galliam,
754 1680 982 1715 Germaniam
1011 1690 1044 1717 et

63 1735 192 1767 bonam
212 1732 331 1766 ltaliae
351 1738 483 1776 partem
495 1759 504 1771 ‚
531 1737 563 1764 et
581 1743 798 1775 compescere
813 1739 964 1765 caeteros
981 1745 1045 1777 po-

64 1791 163 1818 terat.
217 1785 336 1825 Quare
354 1794 432 1815 cum
449 1782 575 1826 prioris
598 1779 823 1815 monarchiae
839 1783 937 1827 quasi
961 1784 1044 1816 reli-

65 1835 165 1880 quias
182 1841 331 1874 teneret,
359 1845 488 1866 nomen
508 1832 608 1865 etiam
629 1833 658 1865 ei
676 1831 831 1866 Romani
851 1833 1044 1877 lmperato—

63 1885 112 1918 ris
128 1885 335 1919 attributum
353 1890 421 1923 est,
448 1890 482 1916 et
499 1882 677 1925 religionis
688 1881 927 1922 Christianae,
956 1896 1044 1929 quae

63 1936 101 1968 in
124 1935 271 1979 imperio
288 1934 449 1969 Romano
470 1934 537 1966 iam
557 1940 743 1977 propagata
759 1940 850 1974 erat,
876 1941 909 1968 et
927 1934 1041 1978 legum

62 1985 304 2021 Romanarum
322 1985 526 2029 praecipuus
543 1990 655 2017 custos
672 1984 749 2018 suit.

167 2036 275 2069 (jraia
299 2043 332 2069 et
354 2035 451 2068 utilis
476 2034 541 2066 fuit
566 2040 648 2067 tunc
672 2034 856 2067 universae
877 2033 1041 2080 Europae

64 2087 267 2122 coniunctio
299 2085 435 2124 ltaliae,
477 2084 614 2117 Galliae
649 2091 680 2118 et
705 2084 927 2121 Germaniae,
995 2085 1042 2120 Et

64 2139 135 2183 ipse
161 2136 309 2171 Carolus
344 2135 456 2168 voluit
484 2132 573 2167 banc
601 2135 885 2169 coniunctionem
914 2137 1041 2170 durare

63 2190 106 2223 ad
122 2195 304 2232 posteros,
343 2198 379 2220 ac
396 2185 576 2219 Ludovico
602 2185 672 2218 filio
694 2187 860 2219 tuendam
885 2188 1041 2223 tradidit.

64 2239 185 2273 Postea
203 2250 280 2272 cum
301 2236 439 2270 Galliae
459 2248 537 2280 pars
554 2236 671 2269 avulsa
688 2244 756 2277 est,
782 2243 898 2270 tamen
920 2237 1040 2271 ltaliae

63 2298 96 2324 et
113 2288 323 2323 Germaniae
344 2286 628 2321 coniunctionem
655 2287 874 2321 retinuerunt
900 2289 965 2321 viri
987 2301 1041 2322 sa-

65 2341 198 2385 pientes
219 2347 251 2373 et
277 2338 490 2379 magnanimi
518 2337 682 2369 Saxonici
705 2336 885 2382 Principes
910 2338 1037 2372 llenri-

65 2403 142 2430 cus,
172 2388 270 2423 Otho
293 2390 447 2433 primm,
474 2385 572 2421 Otho
598 2388 770 2420 secundus
793 2395 826 2422 et
844 2386 943 2422 Otho
971 2397 1040 2423 ter-

65 2443 144 2476 tius.
212 2438 258 2472 Et
287 2440 366 2484 quia
400 2439 510 2482 reipsa
544 2439 610 2470 iam
640 2445 858 2481 compertum
881 2447 951 2473 erat
974 2438 1040 2473 boc

63 2492 306 2537 qualecunque
331 2490 515 2533 imperium
544 2488 609 2520 iam
632 2489 782 2521 salutare
802 2489 908 2522 fuisse
924 2489 1041 2524 Euro-

65 2555 146 2587 pae,
181 2541 346 2584 depulsos
374 2551 444 2572 esse
467 2540 634 2572 barbaros
651 2540 842 2572 Saracenos
865 2541 909 2573 ab
928 2540 1041 2582 Italia,

66 2606 84 2626 a
104 2592 293 2626 Germania
311 2590 495 2631 llungaros
521 2596 560 2629 et,
577 2589 749 2628 Henetus,
783 2597 815 2622 et
833 2590 868 2623 in
885 2588 938 2623 his
959 2592 1041 2635 ipsis

63 2643 226 2688 gentibus
257 2641 461 2681 religionem
485 2638 722 2674 Christianam
754 2638 878 2673 horum
906 2641 1043 2676 Princi-

114 2696 290 2727 MicLAxTu.
317 2694 418 2725 Oriza.
446 2692 527 2724 Vm„
545 2691 619 2722 Ml.

664 92 821 131 DECL.
861 92 933 130 DE
968 92 1298 130 DIGNITATE
1332 95 1531 134 ELECT.

2057 108 2104 142 82

1118 191 1202 223 pum
1227 181 1356 215 virtute
1382 190 1606 227 propagatam
1633 197 1720 227 esse,
1763 184 1860 221 Otho
1892 191 2012 224 tertius
2036 195 2095 237 qui

1097 257 1100 261 .
1117 231 1204 263 adeo
1220 232 1381 265 excelluit
1397 234 1565 276 sapientia
1578 262 1586 274 ,
1618 242 1656 269 ut
1679 249 1807 270 nomen
1831 239 1861 271 ei
1888 242 2095 276 attributum

1115 280 1178 321 sit,
1207 281 1382 314 mirabilia
1407 285 1548 323 mundi,
1576 283 1666 320 banc
1682 288 1977 332 'coniunctionem
2003 305 2095 327 novo

1115 331 1262 364 consilio
1280 332 1445 366 munivit.

1214 379 1443 416 Adsentiente
1460 382 1624 419 Romano
1642 386 1811 422 Pontifice
1828 391 2026 433 constituit,
2053 401 2091 429 ut

1114 430 1277 475 deinceps
1301 444 1438 476 semper
1461 436 1665 469 coniunctae
1691 447 1801 472 essent
1826 439 1924 475 Italia
1947 451 1978 476 et
1999 443 2091 478 Ger-

1111 482 1246 523 mania,
1274 489 1307 515 et
1325 490 1364 516 ut
1382 484 1416 516 in
1431 483 1621 519 Germania
1640 495 1768 530 septem
1786 491 2091 538 essentPrineipes

1109 530 1298 574 Electores‚
1325 534 1385 579 qui
1403 535 1710 578 eligerentRegem
1725 538 1974 575 Germanicum
1985 543 2090 578 Prin-

1109 582 1219 625 cipem
1238 590 1359 616 natum
1378 584 1414 616 in
1431 585 1561 619 familia
1574 585 1797 626 Germanica,
1824 591 2088 628 dominaturum

1108 631 1228 666 Italiae
1261 641 1293 667 et
1319 633 1547 677 Germaniae,
1585 643 1616 669 et
1647 637 1703 669 cui
1732 639 1945 674 tribueretur
1965 644 2086 678 titulus

1106 682 1258 717 Romani
1286 684 1523 729 Imperatori&
1589 685 1666 719 Hoc
1696 689 1872 722 decretum
1897 703 1965 735 quo
1994 705 2087 728 anno

1106 734 1234 767 factum
1251 735 1307 775 sit,
1334 748 1404 768 non
1423 743 1516 769 certo
1533 737 1693 778 traditur,
1713 740 1770 771 sed
1789 751 1861 772 non
1879 742 1989 775 multo
2008 750 2086 777 ante

1104 791 1252 817 mortem
1265 783 1422 819 Othonis
1437 787 1528 820 tertii
1546 787 1673 820 factum
1692 799 1762 821 esse
1779 798 1953 826 narratur.
1990 792 2085 827 Scri-

1104 835 1155 867 hit
1171 842 1285 869 autem
1300 836 1546 880 Urspergensis
1564 837 1690 879 dignus
1706 839 1791 879 fide,
1821 849 1997 875 mortuum
2013 856 2085 878 csse

1105 882 1286 918 Othonem
1310 887 1450 919 tertium
1469 899 1561 919 anno
1588 888 1774 922 millesimo
1798 892 1928 934 primo,
1958 895 2083 938 quinto

1103 933 1276 968 Calendas
1288 935 1481 972 Februarii,
1521 937 1676 971 Blondus
1694 940 1870 974 decretum
1888 944 1930 975 de
1942 941 2083 978 Electo-

1102 985 1202 1018 ribus
1219 986 1346 1019 sactum
1364 999 1435 1020 esse
1453 988 1572 1021 scribit
1587 989 1731 1022 biennio
1750 998 1839 1024 ante.
1874 991 1917 1026 Et
1935 1005 2083 1028 consen-

1103 1041 1245 1068 taneum
1281 1043 1330 1070 est
1364 1038 1470 1070 fuisse
1503 1039 1791 1073 deliberationem
1820 1054 1891 1074 non
1918 1044 2084 1080 subitam.

1104 1085 1303 1120 Voluerunt
1320 1094 1436 1121 autem
1453 1095 1591 1122 autores
1616 1087 1720 1123 huius
1742 1090 1972 1134 pulcherrimi
1999 1107 2083 1129 con-

1101 1136 1171 1168 silii
1194 1134 1287 1170 hunc
1308 1137 1556 1182 Imperatorem
1581 1152 1652 1172 non
1678 1141 1792 1173 solum
1817 1154 1887 1176 esse
1906 1143 2024 1178 ltaliae
2049 1154 2083 1181 et

1102 1185 1314 1221 Germaniae
1342 1189 1577 1230 defensorem,
1621 1192 1678 1223 sed
1716 1192 1819 1224 etiam
1854 1195 2082 1239 praecipuum

1100 1237 1193 1270 inter
1209 1236 1322 1280 Reges
1339 1239 1472 1282 publici
1496 1240 1633 1273 consilii
1653 1240 1871 1286 Principem,
1896 1251 1927 1278 et
1943 1244 2081 1288 Regum

1100 1287 1248 1320 aliorum
1267 1288 1399 1322 Ducem
1419 1289 1456 1321 in
1473 1292 1604 1323 tuendo
1624 1292 1680 1334 pio
1706 1304 1877 1326 consensu
1901 1296 2080 1330 doctrinae

1099 1337 1290 1376 religioni&
1316 1345 1346 1369 et
1365 1339 1400 1370 in
1418 1341 1898 1379 reprimendisBarbarorum
1914 1346 2082 1388 irruptio-

1100 1383 1204 1416 nibus
1224 1384 1261 1416 in
1286 1385 1399 1417 vicina
1427 1398 1544 1429 regna.
1613 1389 1667 1420 Ad
1696 1387 1778 1423 haec
1804 1404 1938 1426 summa
1966 1396 2079 1430 officia

1099 1430 1194 1465 bunc
1214 1432 1463 1477 Imperatorem
1482 1437 1577 1469 velut
1597 1438 1632 1470 in
1653 1441 1827 1482 speculam
1850 1454 2022 1477 summam
2041 1447 2079 1480 in

1097 1493 1222 1523 genere
1241 1480 1396 1516 humano
1421 1486 1649 1522 collocarunt.
1702 1488 1754 1522 Ac
1775 1492 1950 1534 sapienter
1975 1495 2081 1530 insti-

1096 1538 1210 1565 tutum
1228 1539 1279 1566 est
1295 1533 1480 1576 collegium
1498 1533 1720 1578 Electorum,
1748 1546 1786 1573 ut
1809 1549 1939 1585 septem
1963 1554 2078 1580 essent

1096 1581 1295 1626 Principes,
1322 1583 1394 1616 sive
1411 1586 1568 1630 exemplo
1581 1586 1783 1630 Persarum,
1810 1592 1881 1625 sive
1893 1592 2077 1630 Laconico.

1096 1631 1184 1665 Nam
1200 1640 1232 1666 et
1249 1634 1340 1677 apud
1362 1633 1482 1668 Persas
1499 1637 1686 1670 consilinm
1705 1651 1881 1674 summum
1907 1644 1973 1678 suit
1998 1654 2076 1689 post

1095 1695 1211 1726 regem
1247 1691 1378 1728 septem
1412 1686 1715 1721 nobilissimorum
1746 1689 1960 1736 Principum.
2029 1695 2075 1731 Et

1095 1734 1187 1776 apud
1221 1733 1516 1769 Lacedaemonios
1552 1735 1688 1780 Ephori
1730 1741 1871 1776 fuerunt
1908 1745 2077 1791 quinque.

1094 1783 1221 1817 Noster
1244 1784 1335 1817 Saxo
1368 1786 1543 1829 sapienter
1568 1788 1662 1821 viros
1684 1791 1804 1824 doctos
1831 1799 1861 1826 et
1889 1794 2074 1831 bellatores

1094 1834 1246 1875 miscuit,
1272 1834 1588 1882 tribusEpiscopis,
1615 1838 1840 1883 Moguntino,
1865 1842 2075 1881 Treverensi

1094 1891 1127 1918 et
1143 1883 1346 1919 Coloniensi
1370 1887 1529 1922 adiunxit
1554 1901 1592 1921 ex
1620 1890 1894 1926 bellicosissimis
1911 1897 2074 1938 gentibus

1093 1934 1295 1976 tresDuces,
1310 1935 1555 1979 Bohemicum‚
1571 1939 1781 1974 Saxonicum
1800 1943 2075 1989 etMarchicum,

1094 1992 1126 2018 et
1142 1986 1327 2019 adiunctus
1344 1987 1583 2021 estPalatinus
1595 1988 1730 2029 Rheni,
1760 1994 1813 2025 vel
1833 1995 1913 2038 quia
1932 2008 1949 2028 e
1964 1998 2071 2041 stirpe

1092 2035 1211 2069 Caroli
1234 2037 1317 2078 fuit,
1343 2038 1397 2070 vel
1415 2045 1452 2071 nt
1470 2037 1588 2072 Rheni
1614 2040 1724 2083 ripam
1747 2044 1948 2078 continuam
1974 2049 2072 2092 quasi

1092 2086 1240 2119 limitem
1257 2085 1434 2120 Electores
1453 2096 1603 2133 ‹platuor
1619 2093 1848 2133 custodirent,
1873 2103 1908 2129 ut
1925 2097 2008 2130 alibi
2028 2099 2071 2131 li-

1092 2137 1212 2170 mitem
1229 2137 1433 2171 orientalem
1447 2146 1634 2173 tenuerunt
1651 2144 1785 2176 caeteri.
1813 2143 1851 2176 ln
1865 2143 1929 2179 hoc
1940 2147 2071 2185 Senatu

1092 2187 1280 2232 aequalitas
1297 2187 1602 2230 estAritbmetica,
1629 2198 1762 2225 tantum
1784 2191 1848 2227 hoc
1863 2208 1990 2231 munus
2009 2198 2071 2235 ha-

1092 2239 1149 2271 bet
1168 2239 1349 2282 proprium
1369 2239 1620 2283 Moguntinus,
1645 2250 1682 2275 ut
1699 2251 1850 2277 caeteros
1869 2257 2047 2287 convocet.

1194 2288 1261 2322 llic
1283 2290 1433 2323 Senatus
1457 2298 1488 2324 et
1515 2292 1610 2334 eligit
1635 2291 1901 2336 Imperatorem,
1928 2305 1960 2332 et
1983 2301 2009 2333 si
2034 2303 2070 2336 fit

1092 2346 1280 2384 tyrannus,
1318 2347 1378 2373 aut
1402 2338 1510 2373 hostis
1534 2354 1634 2374 verae.
1656 2344 1835 2377 doctrinae
1864 2350 2008 2383 traditae
2031 2353 2068 2385 in

1092 2390 1278 2434 symbolis,
1310 2390 1512 2434 Apostolico
1536 2399 1568 2425 et
1595 2391 1746 2433 Niceno,
1780 2396 1881 2440 eripit
1907 2400 1936 2431 ei
1961 2401 2070 2446 impe—

1091 2440 1195 2475 rium.
1248 2440 1318 2473 Nec
1335 2442 1420 2474 sumt
1439 2442 1573 2475 decreta
1594 2454 1611 2475 a
1634 2444 1708 2476 solo
1731 2444 1960 2489 Imperatore,
1995 2454 2069 2487 sinc

1092 2491 1344 2535 adprobatione
1369 2492 1523 2535 plurium
1550 2505 1587 2525 ex
1613 2491 1678 2526 hoc
1698 2494 1846 2533 Senatu,
1881 2502 1939 2543 qui
1967 2504 2068 2536 etiam

1094 2541 1128 2573 in
1147 2542 1378 2574 conventibus
1396 2542 1474 2575 facit
1493 2542 1766 2588 προβούλειχυα,
1796 2548 1922 2593 dequo
1940 2553 2066 2586 deinde

1093 2592 1290 2624 deliberant
1314 2593 1438 2624 caeteri
1465 2592 1662 2638 Principes,
1697 2608 1774 2628 cum
1800 2599 1926 2641 quibus
1953 2612 2065 2643 pastea

1093 2642 1291 2675 communis
1316 2643 1353 2675 fit
1375 2643 1588 2686 sull'ragatio.
1640 2645 1737 2679 Sicut
1756 2646 1904 2682 Athenis
1921 2652 2068 2686 Senatus

1541 2695 1563 2727 6
