2324 2955
177 134 268 169 1083

170 219 284 251 foelix.
339 214 387 249 Ac
405 214 593 246 multarum
611 210 641 243 ei
667 208 902 243 calamitatum
922 219 1044 241 causae
1063 207 1141 239 sue-

170 277 251 302 runt
271 270 339 299 duo
360 265 432 296 eius
449 261 627 295 domestici
650 266 877 293 assentatores
896 265 928 291 et
945 255 1141 304 syc-ophan-

171 328 224 352 tae
252 317 310 361 qui
340 314 484 347 nimiam
520 311 710 356 potentiam
735 310 803 343 sibi
830 315 1072 352 sumpserunt,
1103 314 1143 341 ut

172 370 262 411 apud
275 364 514 398 Theodosium
532 363 706 395 iuniorem
716 359 918 403 Eutropius,
936 371 1038 404 quem
1049 358 1142 391 Gor-

173 429 296 459 gonem
329 414 633 457 cognominarunt.
685 411 822 444 Horum
849 408 1142 455 sycophantarum

173 470 259 501 alter
284 468 394 499 fuerat
421 461 612 497 monachus
638 462 780 495 nomine
810 457 1060 501 Theodosius,
1088 459 1143 492 cui

175 530 251 551 cnm
276 527 447 549 summam
471 514 691 547 autoritatem
714 513 903 550 tribueret,
947 510 1145 544 nominavit

176 581 253 600 enm
273 566 501 600 Generalem:
534 565 621 598 alter
638 559 849 609 Stephanus
866 562 1070 595 nominatur
1080 560 1143 595 Sa-

176 618 336 650 ‹·ellarius
352 644 361 657 ,
396 616 456 661 qui
482 615 567 648 rexit
591 614 735 648 consilia
756 614 798 646 de
821 613 1008 656 religione,
1042 611 1144 645 etiam

176 675 320 702 matrem
343 666 560 711 imperatoris
579 666 760 698 verberare
776 675 878 697 ausus
898 670 958 697 est.
1009 661 1057 695 Hi
1075 664 1144 695 duo

176 721 413 752 adsentatores
445 717 685 750 crudelitatem
720 716 757 747 in
790 715 894 747 duces
923 714 1145 746 exercebant:

177 767 371 802 Leontium
395 769 518 800 ducem
544 766 687 799 biennio
710 766 745 797 in
761 776 896 797 carcere
914 765 1146 803 retinuerunt,

177 820 236 864 qui
258 831 334 852 cum
357 818 515 851 evasisset
534 829 573 849 ex
588 828 722 850 carcere
737 816 923 848 adiuvante
934 812 1147 852 Patriarcha,

176 873 286 902 factus
311 876 361 902 est
385 869 584 911 imperator.
637 866 704 900 liic
723 865 916 899 Instiniano
933 877 1034 898 nares
1048 877 1148 908 prae-

179 921 278 959 cidit,
309 930 458 963 eumque
483 916 698 950 Chersonem
723 917 907 959 relegavit,
934 928 1012 948 cum
1037 927 1148 948 annos

177 973 293 1002 decem
325 968 510 1013 imperium
547 967 724 1002 tenuisset.
786 967 883 1000 Duos
916 964 1148 1010 sycophantas

176 1021 306 1053 aulicos
323 1018 563 1052 Theodosium
581 1026 613 1051 et
630 1016 846 1062 Stephanum
864 1018 1009 1050 funibus
1029 1018 1070 1049 ad
1090 1029 1149 1060 pe-

178 1074 237 1103 des
261 1070 409 1112 alligatis
431 1080 492 1112 per
515 1069 636 1101 urbem
662 1068 784 1108 traxit,
811 1074 927 1111 postea
946 1067 1149 1101 combussit.

177 1121 244 1154 Hic
263 1121 372 1153 exitus
389 1120 582 1152 aulicorum
600 1116 894 1163 sycophantarum
910 1118 974 1150 suit
991 1129 1063 1149 non
1081 1117 1149 1149 mi-

178 1173 246 1203 tior
263 1182 365 1215 quam
382 1170 497 1203 Seiani
521 1170 612 1212 apud
630 1168 833 1208 Tiberium,
868 1168 960 1211 apud
980 1167 1149 1201 Severum

181 1221 374 1260 Plautiani,
400 1221 492 1263 apud
510 1218 750 1252 Theodosium
774 1218 948 1252 iuniorem
976 1216 1151 1260 Eutropii.

178 1272 248 1304 Nec
270 1270 402 1303 diutius
427 1269 579 1303 triennio
602 1269 772 1303 Leontius
804 1269 991 1312 imperium
1023 1268 1151 1302 tenuit.

178 1322 264 1353 Nam
281 1318 451 1353 Tiberius
470 1317 699 1365 Apsimarns,
726 1320 786 1364 qui
802 1320 941 1352 rediens
958 1331 1035 1351 cum
1054 1331 1151 1351 exer-

178 1374 248 1404 ritu
273 1384 309 1403 ex
330 1370 445 1403 Africa
464 1370 585 1414 pulsus
599 1382 616 1403 a
635 1369 833 1410 Saracenis,
860 1377 1018 1403 metuens
1035 1369 1152 1403 Leon-

180 1423 281 1460 tium,
314 1434 332 1454 a
354 1433 416 1454 suo
443 1421 594 1453 exercitu
621 1421 735 1454 dictus
757 1427 806 1454 est
830 1419 1032 1464 Imperator.
1084 1419 1153 1453 Hic

181 1471 543 1505 Leontiumtruncatis
560 1471 706 1504 naribus
722 1472 758 1504 in
775 1472 1024 1504 monasterium
1038 1470 1152 1503 inclu-

179 1524 232 1556 sit.
285 1521 415 1555 Contra
440 1522 630 1555 Saracenos
654 1522 690 1554 in
717 1522 854 1567 Syriam
884 1522 980 1555 misit
1009 1522 1151 1554 fratrem

178 1572 398 1611 Heraclium,
426 1572 485 1617 qui
503 1572 756 1617 aliquantisper
777 1583 835 1605 eos
853 1572 1028 1616 repressit.
1082 1571 1152 1604 Te-

178 1624 256 1655 nuit
280 1623 465 1666 imperium
491 1634 602 1655 annos
625 1630 768 1667 septem.
819 1622 941 1657 Rediit
960 1630 1075 1656 autem
1092 1621 1152 1656 Iu-

178 1674 348 1706 stinianus
380 1674 518 1706 adiutus
550 1685 569 1706 a
602 1672 783 1716 Bulgaris,
822 1673 883 1718 qui
907 1673 1093 1707 Leontium
1119 1679 1152 1706 et

181 1725 206 1755 A
215 1725 403 1766 psimarum
423 1736 485 1767 per
504 1724 619 1756 forum
638 1724 773 1757 vinctos
790 1724 869 1756 duci
887 1723 998 1763 iussit,
1019 1731 1052 1757 et
1069 1735 1150 1767 pro—

180 1774 293 1806 stratis
310 1785 424 1805 coram
441 1774 515 1816 ipso
533 1774 620 1806 colla
637 1774 801 1813 calcavit,
829 1773 957 1806 deinde
973 1773 1022 1806 eis
1038 1773 1150 1817 capita

181 1824 368 1866 praecidit,
409 1822 580 1856 Callinico
612 1822 835 1857 patriarchae
867 1824 987 1857 oculos
1018 1824 1151 1864 effodit,

179 1873 382 1906 Heraclium
400 1874 541 1906 fratrem
558 1872 736 1917 Apsimari
758 1885 964 1917 suspensum
988 1880 1150 1917 strangu-

179 1925 275 1957 lavit.
326 1922 415 1957 Cum
438 1930 553 1957 autem
578 1925 744 1957 adversus
770 1922 985 1958 Chersonem
1009 1925 1151 1958 classem

181 1975 347 2015 misisset,
371 1974 538 2008 exercitus
562 1970 811 2021 Plzilz‘ppicum
837 1972 1053 2008 Bar-danem
1085 1976 1151 2008 im-

181 2031 374 2067 peratorem
392 2025 490 2065 fecit,
511 2025 570 2069 qui
588 2037 778 2069 properans
792 2026 834 2058 ad
854 2024 1153 2070 Constantinopo-

182 2075 231 2107 lin
255 2074 486 2108 lustinianum
501 2082 533 2108 et
551 2075 662 2108 fitium
681 2075 755 2108 eius
765 2075 950 2109 Tiberium
965 2077 1153 2110 abstractos

183 2126 226 2157 ab
243 2137 301 2158 ara
318 2125 455 2159 occidit.
499 2124 551 2159 Ita
566 2132 634 2159 tres
650 2125 880 2171 imperatores
894 2126 1026 2170 exiguis
1043 2126 1153 2161 inter-

184 2176 284 2208 vallis
301 2176 404 2209 occisi
429 2182 522 2212 sunt.

236 2277 340 2309 Anno
355 2277 478 2310 mundi
497 2284 620 2322 quater
633 2277 819 2311 millesimo
838 2277 1086 2311 sexcentesimo
1102 2290 1157 2312 se-

388 2328 603 2370 ptuagesimo
619 2329 755 2373 quint0.

234 2375 339 2409 Anno
349 2376 481 2411 Romae
496 2378 682 2412 millesimo
701 2379 1045 2424 quadringentesimo
1061 2391 1158 2413 sexa-

392 2428 520 2468 gesimo
538 2435 645 2462 sexto.

236 2475 341 2508 Anno
361 2474 492 2511 Christi
508 2479 818 2523 septingentesimo
833 2479 968 2513 decimo
993 2479 1107 2514 tertio.

370 2558 670 2604 Philippicas·
707 2562 969 2597 Bai-danes.

286 2623 518 2673 Philippicas
540 2624 738 2663 Bardanes
762 2632 871 2664 factus
902 2632 1094 2675 imperator
1115 2631 1159 2664 ab

188 2678 355 2718 exercitu,
402 2679 462 2723 qui
494 2690 512 2711 a
545 2676 739 2712 Iustiniano
769 2682 953 2715 defecerat.
1020 2681 1157 2715 Tenuit

412 123 614 164 SCRIPTA
642 123 717 159 PII.
742 120 856 156 MEL.
887 120 952 157 AD
979 118 1104 154 HIST..
1132 116 1275 154 PROF.
1303 116 1367 152 ET
1394 116 1588 156 PHILOS.
1613 117 1927 159 SPECTANTIA.

2072 126 2165 160 1084

1193 204 1380 248 imperium
1401 215 1513 237 annos
1538 205 1645 246 duos,
1679 206 1807 239 delevit
1833 207 1999 251 imagines
2025 209 2059 241 in
2080 218 2166 243 tem-

1194 255 1272 298 plis.
1325 253 1447 288 Sextae
1462 254 1598 300 Synodi
1619 256 1754 289 decreta
1776 259 2011 301 oppugnavit,
2039 266 2070 292 et
2086 260 2165 294 Mo-

1195 303 1389 338 notheletas
1407 316 1527 338 rursus
1543 306 1718 347 defendit,
1744 308 1802 340 sed
1820 307 1969 342 Artemii
1992 313 2165 343 secretarii

1196 355 1353 388 consiliis
1371 356 1482 389 oculis
1498 356 1654 400 privatus
1670 356 1706 390 in
1724 369 1895 391 carcerem
1918 360 2093 393 coniectus
2110 368 2168 393 est.

1247 457 1352 490 Anno
1369 457 1493 490 mundi
1511 465 1632 503 quater
1649 458 1837 492 millesimo
1854 463 2098 494 sexcentesimo
2116 474 2168 495 se-

1404 509 1619 552 ptuagesimo
1637 510 1795 553 septimo.

1249 559 1354 592 Anno
1364 557 1499 592 Romae
1515 559 1699 593 millesimo
1719 559 2061 605 quadringentesimo
2076 573 2168 595 sexa-

1400 620 1529 652 gesimo
1546 617 1680 646 octavo.

1250 662 1354 694 Anno
1369 658 1501 693 Christi
1519 661 1826 704 septingentesimo
1843 661 1977 695 decimo
1996 663 2133 706 quinto-

1560 745 1812 782 Artemius.

1301 811 1496 854 Arminius,
1516 814 1576 858 qui
1586 815 1790 848 nominatur
1804 813 2030 848 Anastasius
2040 814 2172 848 Secun-

1201 866 1275 897 dus.
1330 864 1462 897 Tenuit
1494 864 1681 908 imperium
1713 878 1844 899 annum
1872 878 2001 903 unum,
2043 873 2074 899 et
2106 873 2174 899 tres

1201 927 1353 955 menses,
1380 915 1434 947 vir
1458 915 1626 951 eruditus.
1680 916 1806 950 Fuerat
1831 917 1923 949 enim
1949 917 2040 949 inter
2060 928 2173 950 secre—

1201 966 1306 999 tarios
1322 965 1538 1009 praecipuus,
1567 978 1715 1010 cumque
1731 979 1851 1000 amans
1865 974 1952 1000 esset
1969 967 2175 1000 concordiae

1203 1016 1239 1048 in
1265 1014 1437 1053 Ecclesia,
1464 1017 1625 1058 repressit
1651 1028 1727 1058 eos,
1754 1018 1813 1062 qui
1837 1025 1965 1051 sextam
1989 1017 2174 1062 Synodum

1203 1065 1469 1109 oppugnabant,
1511 1067 1569 1097 sed
1600 1066 1637 1098 in
1670 1068 1762 1099 bello
1793 1068 1936 1100 infoelix
1965 1068 2050 1107 fuit,
2093 1069 2175 1111 quia

1203 1116 1372 1149 exercitus
1390 1115 1544 1158 corrupti
1560 1116 1793 1150 seditionibus
1808 1118 2048 1160 proximorum
2067 1118 2175 1161 impe-

1204 1174 1381 1204 ratornm,
1425 1178 1502 1198 cum
1534 1166 1712 1200 licentiam
1744 1167 1874 1200 frenari
1907 1179 2006 1210 aegre
2034 1167 2176 1205 ferrent,

1204 1213 1452 1250 Theodosium
1482 1213 1776 1250 Adramittenam
1808 1218 2052 1261 imperatorem
2086 1218 2177 1257 fecit,

1206 1267 1266 1312 qui
1290 1268 1390 1312 pulso
1404 1267 1562 1300 Artemio
1585 1274 1618 1301 et
1637 1268 1674 1300 in
1691 1269 1943 1302 monasterium
1969 1269 2103 1301 incluso
2126 1275 2176 1301 te-

1206 1318 1283 1351 nuit
1300 1317 1486 1362 imperium
1504 1330 1576 1350 non
1592 1319 1741 1363 amplius
1758 1331 1829 1352 uno
1854 1331 1948 1352 anno
1960 1346 1968 1359 ‚
1995 1319 2099 1364 idque
2117 1331 2178 1351 vo-

1206 1369 1281 1401 lens
1308 1369 1408 1402 cessit
1423 1365 1546 1401 Leoni
1559 1366 1714 1407 Isauro,
1742 1371 1801 1402 sed
1820 1370 1998 1403 Artemius
2023 1376 2097 1413 post
2115 1381 2177 1402 an-

1207 1431 1271 1452 nos
1293 1420 1427 1464 aliquot
1449 1419 1594 1453 collecto
1616 1432 1656 1453 ex
1672 1419 1834 1463 Bulgaris
1857 1421 2005 1454 exercitu
2032 1431 2177 1464 recupe—

1206 1482 1283 1503 rare
1299 1470 1486 1514 imperium
1497 1477 1641 1504 conatus
1658 1477 1728 1511 est,
1754 1483 1875 1504 verum
1893 1471 2052 1515 proditus
2068 1469 2179 1503 Leoni

1206 1521 1406 1554 interfectus
1422 1527 1482 1557 est.

1256 1622 1360 1654 Anno
1405 1623 1529 1655 mundi
1564 1628 1687 1665 quater
1707 1622 1894 1656 millesimo
1931 1623 2178 1656 sexcentesimo

1407 1673 1652 1715 octuagesimo.

1253 1721 1361 1755 Anno
1386 1721 1522 1756 Romae
1542 1722 1730 1755 millesimo
1760 1722 2103 1767 quadringentesimo
2128 1734 2180 1756 se-

1410 1772 1625 1815 ptuagesimo
1642 1772 1768 1816 primo.

1257 1820 1364 1856 Anno
1379 1820 1513 1857 Christi
1531 1823 1839 1867 septingentesimo
1858 1823 1994 1856 decimo
2011 1829 2144 1857 octavo.

1536 1908 1626 1942 Leo
1654 1904 1861 1943 Tertius.

1307 1968 1384 2005 Leo
1412 1969 1561 2007 Tertius
1585 1971 1652 2008 hoc
1675 1974 1838 2016 nomine,
1862 1971 2023 2008 Isauras
2052 1970 2181 2010 Conon

1206 2030 1306 2057 antea
1319 2023 1541 2065 nominatus,
1566 2032 1699 2059 rexerat
1713 2023 1858 2059 Alanos.
1910 2024 2033 2060 Postea
2049 2026 2093 2059 ab
2111 2023 2181 2059 Ar·

1207 2074 1313 2108 temio
1338 2080 1457 2107 contra
1479 2074 1671 2109 Saracenos
1693 2075 1839 2115 missus,
1877 2088 1958 2110 cum
1991 2076 2181 2109 audivisset

1208 2131 1327 2158 contra
1354 2125 1552 2158 Artemium
1580 2125 1710 2159 factum
1741 2126 1987 2171 imperatorem
2013 2124 2182 2160 Theodo-

1209 2175 1318 2216 sium,
1351 2175 1425 2218 ipse
1447 2181 1613 2220 tanquam
1639 2176 1847 2211 defensurus
1869 2175 2067 2211 Artemium
2090 2176 2179 2210 redit

1211 2225 1450 2259 Nicomediam
1465 2253 1475 2267 ,
1501 2233 1534 2260 et
1560 2233 1660 2271 capto
1683 2227 1757 2260 filio
1775 2225 1971 2261 Theodosii
1995 2227 2180 2272 paciscitur

1210 2288 1288 2309 cum
1315 2282 1429 2320 patre,
1469 2283 1507 2310 ut
1530 2276 1677 2320 imperio
1710 2278 1818 2313 cedat.
1869 2279 1921 2313 Ita
1944 2277 2018 2311 Leo
2041 2276 2180 2311 [saurus

1211 2327 1277 2360 sibi
1303 2328 1407 2360 duces
1430 2333 1462 2361 et
1487 2328 1657 2362 exercitus
1682 2340 1804 2362 omnes
1820 2329 1935 2362 iurare
1951 2327 2058 2362 iubet.
2110 2326 2181 2361 Te—

1211 2378 1288 2411 nuit
1306 2377 1492 2421 imperium
1509 2389 1621 2411 annos
1637 2378 1762 2422 viginti
1783 2379 1948 2424 quinque.

1312 2427 1525 2469 Dignissima
1549 2440 1632 2462 vero
1657 2429 1937 2463 consideratione
1967 2433 2048 2473 sunt
2076 2425 2180 2460 huius

1211 2478 1340 2512 Leonis
1358 2477 1469 2511 Isauri
1490 2485 1647 2523 tempore
1671 2480 1760 2513 bella
1778 2479 1999 2519 Saracenica,
2027 2490 2114 2522 quae
2130 2478 2178 2511 le-

1211 2535 1330 2571 gentes
1347 2535 1503 2573 tempora
1521 2530 1740 2563 considerent
1756 2541 1858 2574 quam
1884 2529 2042 2563 celeriter
2057 2535 2179 2573 poten-

1211 2579 1257 2613 tia
1275 2579 1479 2614 Saracenica
1502 2580 1667 2620 creverit,
1693 2585 1725 2613 et
1751 2592 1855 2624 quam
1872 2580 1970 2614 triste
1983 2580 2179 2623 exemplum

1211 2630 1273 2670 sit,
1299 2636 1350 2663 tot
1375 2636 1492 2673 gentes
1514 2630 1696 2664 fascinatas
1717 2641 1736 2663 a
1752 2628 1912 2665 Diabolis
1932 2630 2045 2665 subita
2059 2641 2180 2663 amen—

1211 2680 1257 2714 tia
1278 2680 1423 2714 deficere
1439 2692 1458 2714 a
1476 2681 1548 2714 filio
1564 2679 1642 2716 Dei.
1691 2679 1794 2715 Clare
1807 2681 1901 2715 enim
1921 2681 1960 2715 in
1987 2678 2051 2715 hac
2068 2678 2179 2715 histo-
