2324 2955
201 106 275 144 555

207 192 326 238 (LX.)
367 186 679 234 „Disputatio
717 180 771 215 de
800 177 1023 216 lubilaeo.
1074 181 1188 222 Philip.

208 246 351 279 melanth.
386 243 574 278 Yitebergae.
603 230 723 267 1549.⁷'
756 234 874 273 (habita
908 244 985 263 anuo
1012 233 1104 265 1549.
1131 232 1188 264 Se-

453 291 554 320 mestri
570 286 721 328 hyberno)
747 285 782 324 (1
799 286 854 317 fol.
884 283 930 326 8.)

503 382 568 419 De
595 394 691 418 anno
718 380 892 417 lubilaei.

206 465 398 515 Singulari
425 466 572 502 consilio
587 464 683 500 Deus
707 471 862 508 tempora
886 459 1066 500 distinxit,
1094 457 1192 491 ordi-

207 523 307 558 navit
324 521 419 561 dies,
444 529 598 558 menses,
623 526 753 554 annos,
780 520 815 548 et
837 513 945 546 multa
969 509 1142 544 mensium
1160 514 1193 541 et

206 583 385 609 annorum
402 568 616 606 discrimina,
643 566 726 611 quia
745 565 818 598 vult
836 562 987 605 intelligi
1005 560 1192 594 discrimen

207 626 302 659 inter
319 621 559 656 aeternitatem
577 625 610 652 et
627 614 734 650 huius
751 614 877 648 muudi
893 621 1061 657 tempora.
1107 609 1195 643 Vult

209 675 294 710 sciri
318 671 414 707 hunc
439 670 611 704 mundum
637 666 818 701 liberrimo
842 664 990 698 consilio
1013 660 1194 696 conditum

211 737 301 763 esse,
328 735 393 757 nee
417 732 553 765 semper
576 718 702 756 fuisse,
730 717 806 750 vult
831 716 870 748 in
890 713 1047 749 Ecclesia
1065 717 1193 756 ⁸notam

210 788 282 810 esse
301 774 424 808 seriem
442 781 629 810 annorum,
651 776 689 803 ut
707 767 856 801 sciamus
873 778 941 811 quo
961 764 1097 804 ordine,
1116 760 1196 807 qui-

211 828 280 860 bus
295 824 409 858 modis
428 834 463 856 se
489 819 708 866 patefecerit,
735 825 768 852 et
794 817 1062 862 promissiones,
1085 825 1124 847 ac
1147 812 1197 845 le-

211 888 291 921 gem
311 873 483 914 ediderit,
510 878 544 906 et
565 871 708 917 quando
724 876 895 902 venturus
916 867 1022 901 fuerit
1040 863 1198 903 Messias,

211 934 251 961 ut
267 927 365 960 fieret
383 924 546 964 victima,
572 928 605 956 et
631 932 720 967 quae
744 920 787 953 sit
804 919 928 953 ultima
945 924 1037 951 aetas
1053 925 1199 958 genera-

210 978 320 1012 tionis
342 973 537 1013 humanae,
571 979 756 1017 postquam
779 970 873 1004 filius
890 969 959 1003 Dei
982 968 1020 1001 in
1043 964 1198 1001 Ecclesia

211 1027 416 1062 resuscitata
431 1020 666 1068 triumphabit
684 1028 747 1055 etc.

314 1095 351 1129 2.
379 1091 431 1126 Ac
447 1093 540 1124 inter
556 1090 623 1122 alia
639 1088 749 1120 multa
767 1091 966 1129 temporum
984 1080 1201 1118 discrimina,

217 1142 415 1180 observatio
431 1140 517 1175 anni
535 1135 817 1184 quinquagesimi
836 1135 936 1168 valde
961 1130 1108 1165 illustris
1123 1130 1200 1168 fuit,

215 1207 320 1242 quem
335 1204 468 1228 annum
484 1189 633 1225 Iubilaei
649 1186 848 1227 nominant,
871 1184 954 1230 quia
972 1183 1014 1216 ad
1032 1181 1201 1224 colligen-

215 1249 281 1281 dos
305 1255 435 1282 annos,
463 1249 497 1276 et
521 1238 739 1274 centenarios
760 1235 980 1270 commodior
1001 1231 1201 1266 numeratio

217 1303 268 1331 est
284 1307 346 1341 per
361 1291 701 1339 quinquagesimum,
722 1295 755 1321 et
773 1287 817 1320 ad
832 1284 1038 1320 memoriam
1055 1281 1203 1323 firmior,

219 1358 326 1392 quam
343 1344 432 1378 aliae
450 1348 564 1387 partes
583 1338 788 1373 centenarii.

321 1411 356 1446 3.
390 1407 486 1443 Haec
510 1405 691 1441 doctrinae
716 1414 818 1437 causa
842 1398 1086 1446 principaliter
1102 1397 1204 1432 insti-

217 1471 293 1499 tuta
303 1467 395 1501 sunt,
411 1466 449 1493 ut
463 1456 660 1491 numeratio
675 1462 874 1498 temporum
888 1451 996 1493 magis
1007 1449 1043 1483 in
1057 1460 1204 1493 conspe-

219 1522 279 1548 ctu
296 1517 394 1549 esset,
414 1515 559 1554 propter
577 1517 696 1540 causas
713 1515 797 1549 quas
812 1502 967 1537 recitavi.
1011 1499 1149 1534 Deinde
1165 1505 1205 1532 ut

220 1573 337 1598 annus
355 1566 443 1595 esset
458 1557 619 1602 insignis,
645 1555 765 1589 addita
781 1560 863 1587 sunt
882 1562 1006 1595 magna
1024 1549 1206 1591 beneficia,

219 1614 322 1648 utilia
341 1612 384 1646 ad
400 1608 702 1645 conservationem
723 1606 819 1638 illius
838 1602 1003 1637 honestae
1019 1600 1174 1645 politiae,

324 1678 363 1712 4.
405 1677 596 1710 Tollantur
618 1672 879 1716 superstitiosae
903 1669 1108 1711 opiniones,
1143 1679 1206 1699 nec

222 1732 318 1766 enim
331 1728 398 1763 fuit
413 1726 492 1760 finis
510 1725 606 1758 illius
623 1719 879 1756 observationis
903 1717 1142 1756 immediatus,
1168 1721 1207 1749 ut

222 1783 260 1815 id
285 1791 373 1824 opus
398 1776 655 1811 existimaretur
678 1784 750 1806 esse
775 1771 907 1808 cultus,
935 1769 995 1802 sed
1019 1773 1058 1800 ut
1073 1766 1206 1800 dictum

223 1839 287 1872 est,
303 1831 392 1864 ritus
410 1828 574 1873 proderat
592 1825 634 1858 ad
651 1822 828 1857 docendos
845 1818 1005 1854 homines
1023 1819 1066 1851 de
1083 1816 1208 1851 mundi

223 1880 455 1926 temporibus,
478 1877 566 1911 sicut
582 1874 717 1910 Romae
737 1872 813 1906 ludi
829 1871 1000 1904 seculares
1016 1874 1115 1902 erant
1131 1879 1208 1901 mo—

223 1938 433 1967 numentum
452 1938 627 1962 annorum
651 1937 670 1959 a
685 1923 824 1958 condita
840 1922 942 1955 urbe.

327 1987 364 2024 5.
397 1985 444 2022 Et
459 1984 627 2020 beneficia
645 1983 719 2016 eius
736 1981 820 2014 anni
838 1979 980 2024 politica
998 1984 1107 2012 erant.
1135 1975 1209 2009 Yo-

226 2041 295 2075 luit
309 2039 403 2074 Deus
428 2034 629 2071 conservari
652 2032 803 2070 familias
830 2038 861 2064 et
887 2041 1006 2063 earum
1033 2027 1211 2061 discrimi-

226 2103 292 2132 na,
318 2090 413 2135 quod
439 2088 476 2121 in
503 2085 660 2132 qualibet
681 2083 804 2127 politia
819 2081 906 2116 utile
923 2087 990 2120 est,
1011 2080 1054 2112 ad
1073 2079 1108 2112 id
1126 2089 1211 2123 pro—

227 2144 323 2181 dest,
346 2151 484 2180 cavere,
510 2149 554 2170 ne
574 2146 717 2181 prorsus
734 2146 773 2167 ex
789 2132 859 2166 suis
875 2131 1008 2165 nidulis
1025 2130 1212 2163 eiiciantur

227 2190 390 2225 homines
407 2188 558 2224 honesti.
603 2185 655 2220 Ac
675 2197 748 2218 non
766 2184 879 2216 solum
895 2181 1108 2226 pauperibus
1126 2192 1211 2213 con-

230 2241 341 2275 suluit
355 2240 576 2275 restitutione
592 2237 785 2271 fundorum
796 2260 805 2275 ,
833 2234 892 2267 sed
910 2233 1014 2265 etiam
1033 2230 1212 2264 restrinxit

229 2291 468 2326 mutuationes
492 2296 525 2324 et
548 2287 789 2326 venditiones,
816 2296 889 2317 non
907 2288 1068 2327 poterant
1083 2281 1212 2314 fundos

229 2353 374 2387 prorsus
388 2341 576 2375 transferre
596 2337 756 2372 homines
776 2334 926 2380 prodigi.
978 2331 1092 2366 Erant
1107 2331 1213 2375 igitur

228 2393 412 2437 pauciores
431 2397 589 2425 emtores.
631 2388 703 2422 Nec
721 2387 825 2421 multi
841 2386 973 2419 dabant
991 2389 1114 2417 mutuo
1133 2394 1211 2415 cum

228 2444 353 2477 foenus
370 2442 524 2486 accipere
542 2452 561 2474 a
580 2439 713 2473 civibus
731 2450 805 2472 non
828 2437 957 2470 liceret.

330 2508 367 2545 6.
395 2507 436 2541 ln
451 2504 506 2540 his
523 2506 657 2549 legibus
672 2504 834 2539 utilitatis
858 2503 1033 2537 rationem
1056 2497 1212 2534 habitam

229 2570 303 2594 esse
320 2559 544 2592 manifestum
561 2563 627 2597 est,
649 2567 753 2600 quam
773 2562 806 2588 et
822 2555 882 2588 alii
898 2552 1144 2596 legumlatores
1160 2563 1213 2584 se-

228 2610 301 2644 cuti
320 2616 412 2650 sunt,
438 2615 478 2642 ut
491 2607 612 2641 recitat
629 2605 834 2639 Aristoteles
851 2603 962 2650 Oxyli
981 2604 1102 2646 legem,
1124 2613 1212 2647 quae

227 2658 411 2705 prohibuit
428 2656 651 2704 oppignerari
668 2667 766 2698 agros
782 2654 1013 2690 mutuationis
1029 2664 1140 2687 causa.

971 89 1455 130 DISPUTATIONES

2138 93 2214 130 556

1341 178 1375 213 7,
1402 172 1617 223 HicOxylus
1630 177 1722 220 leges
1736 174 1818 211 tulit
1833 174 1872 210 in
1886 175 2024 219 Helide,
2038 177 2219 224 aliquanto

1240 236 1317 274 post
1333 228 1467 262 bellum
1486 226 1695 262 Troianum.
1749 226 1833 262 Fuit
1847 234 1962 261 autem
1976 235 2132 263 materna
2147 230 2220 264 ori-

1240 281 1320 324 gine
1344 284 1510 321 cognatus
1531 276 1639 324 Hyllo
1663 277 1828 312 Herculis
1849 277 1944 319 filio,
1976 285 2016 313 ut
2048 280 2220 323 prolixius

1241 330 1364 364 recitat
1378 328 1589 369 Pausanias,
1617 329 1710 373 quod
1727 340 1766 363 eo
1781 328 1968 373 adscripsi,
1992 334 2033 362 ut
2053 329 2131 374 quis
2145 331 2222 364 fue-

1243 381 1289 415 rit
1305 378 1463 425 Oxylus‚
1490 379 1584 424 apud
1601 378 1826 414 Aristotelem
1837 406 1847 421 ‚
1873 391 1947 414 non
1964 390 2108 424 prorsus
2122 379 2222 424 igno-

1243 438 1322 465 rent
1345 431 1501 464 lectores.

1346 480 1380 517 8.
1408 479 1622 525 Quanquam
1639 486 1755 514 autem
1768 479 1902 514 utilitas
1915 479 1982 514 fuit
1998 479 2152 524 politica,
2173 488 2226 514 ta-

1245 544 1325 566 men
1341 530 1694 565 commonesactiones
1719 530 1756 563 in
1782 527 1837 563 his
1855 530 1938 574 ipsis
1955 531 2081 565 ritibus
2095 531 2226 564 multae

1245 582 1444 628 propositae
1476 587 1569 616 sunt.
1622 580 1748 615 Voluit
1778 578 1874 614 Deus
1900 587 2058 625 tempus,
2095 581 2225 621 locum,

1246 635 1388 678 stirpem
1405 632 1506 674 sciri,
1531 632 1569 665 in
1586 644 1654 677 qua
1670 630 1893 666 exhibiturus
1918 637 1992 666 erat
2007 631 2118 665 filium
2129 657 2138 673 ,
2166 631 2227 676 qui

1246 685 1445 719 restitueret
1461 682 1636 717 iusticiam
1654 689 1687 717 et
1703 683 1823 717 vitam.
1868 681 1990 727 Itaque
2007 681 2228 716 conservatio

1247 735 1461 770 familiarum
1479 734 1517 767 in
1533 733 1598 768 ista
1613 740 1715 777 gente
1727 761 1735 774 ,
1759 733 1971 768 admonebat
1987 732 2063 778 pios
2086 733 2129 767 de
2144 743 2230 777 pro-

1247 787 1416 821 missione
1431 784 1594 820 Messiae.

1352 836 1388 871 9.
1430 834 1637 870 Consolatio
1659 835 1764 869 etiam
1795 846 1921 878 magna
1952 834 2231 880 proponebatur.

1249 887 1340 923 Cum
1377 886 1473 922 Deus
1504 887 1610 920 vellet
1640 885 1780 921 restitui
1811 885 1942 919 fundos
1974 884 2231 924 venditoribus,

1251 938 1485 983 agnoscebant
1501 936 1617 972 Deum
1634 948 1774 982 quoque
1791 943 2031 980 protecturum
2054 946 2127 969 esse
2149 935 2233 978 ipsis

1251 988 1337 1024 haec
1357 999 1420 1022 sua
1445 987 1642 1031 tuguriola,
1675 999 1739 1020 nec
1763 998 1966 1031 passurum,
1991 993 2031 1021 ut
2057 998 2097 1020 ex
2119 985 2232 1030 patria

1252 1049 1434 1081 coniugeS,
1459 1038 1553 1077 nati,
1580 1037 1711 1082 posteri
1729 1037 1953 1071 eiicerentur.

1357 1089 1416 1123 10,
1445 1087 1626 1121 Liberatio
1650 1088 1755 1121 etiam
1779 1088 1974 1121 fundorum
1998 1093 2031 1121 et
2051 1097 2233 1120 servorum

1254 1138 1426 1181 significat
1440 1137 1545 1171 aliam
1562 1144 1747 1171 venturam
1762 1138 1961 1171 libertatem
1972 1162 1982 1177 ‚
2008 1138 2051 1170 de
2073 1149 2141 1181 qua
2157 1136 2233 1170 Do-

1253 1190 1372 1222 minus
1387 1189 1518 1233 inquit:
1547 1188 1585 1223 Si
1603 1200 1664 1222 vos
1680 1187 1774 1223 filius
1793 1188 2007 1229 liberaverit,
2032 1198 2113 1220 vere
2132 1186 2235 1220 liberi

1255 1239 1362 1279 eritis,
1389 1245 1429 1272 ut
1442 1237 1546 1271 multi
1563 1237 1651 1271 ritus
1666 1237 1705 1272 in
1722 1239 1796 1280 lege
1811 1239 1885 1282 typi
1904 1239 2061 1273 fuerunt.
2112 1236 2238 1271 Voluit

1255 1290 1350 1323 enim
1372 1288 1467 1323 Deus
1491 1288 1724 1333 plurimarum
1746 1288 1863 1331 legum
1891 1287 2027 1328 officia,
2066 1287 2238 1331 paedago-

1255 1341 1347 1383 giam
1370 1346 1404 1373 et
1427 1338 1782 1373 commonefactiones
1804 1349 1876 1371 esse
1898 1338 1942 1372 de
1956 1338 2105 1372 aeternis
2121 1338 2236 1381 bonis,

1256 1392 1344 1425 sicut
1366 1389 1551 1424 universae
1574 1396 1720 1423 naturae
1742 1389 1852 1423 multa
1875 1388 1973 1432 signa
2005 1389 2048 1422 de
2069 1387 2144 1422 Deo
2170 1389 2237 1422 im-

1256 1452 1373 1486 pressa
1390 1447 1483 1481 sunt,
1507 1447 1548 1475 ut
1565 1447 1704 1474 nostrae
1724 1447 1868 1480 mentes,
1893 1445 1926 1472 et
1942 1439 2093 1472 noticiae
2109 1440 2237 1473 menti-

1256 1493 1323 1526 bus
1346 1491 1533 1534 impressae
1557 1497 1639 1524 sunt
1669 1490 1806 1523 illustre
1835 1489 2099 1530 testimonium,
2142 1491 2237 1534 quod

1257 1541 1435 1575 convincit
1458 1552 1541 1581 nos,
1574 1546 1615 1574 ut
1636 1540 1738 1574 fateri
1767 1550 1934 1583 cogamur
1956 1550 2029 1573 esse
2043 1538 2178 1581 Deum,
2205 1547 2239 1574 et

1258 1603 1330 1626 esse
1353 1591 1543 1636 sapientem
1557 1617 1566 1632 ‚
1601 1590 1754 1631 iustum,
1790 1596 1943 1631 castum,
1967 1601 2124 1623 veracem
2138 1614 2148 1628 ,
2175 1590 2239 1624 eli-

1258 1649 1396 1687 gentem
1412 1642 1522 1675 libera
1538 1641 1729 1676 voluntate.

1364 1694 1420 1725 11.
1463 1691 1584 1724 Esaias
1607 1692 1710 1725 etiam
1736 1702 1810 1735 cap.
1835 1691 1895 1726 61.
1920 1690 1968 1724 sic
1990 1689 2241 1734 interpretatur

1258 1748 1382 1786 typum
1408 1739 1493 1774 anni
1518 1738 1687 1779 lubilaei‚
1722 1741 1765 1771 de
1792 1741 2002 1773 liberatione
2025 1741 2156 1774 donata
2180 1752 2242 1785 per

1258 1793 1382 1826 filium.

1365 1842 1423 1877 12.
1461 1839 1652 1886 Postquam
1676 1836 1761 1873 haec
1784 1839 1827 1873 de
1855 1839 1927 1874 ritu
1958 1839 2045 1883 legis
2068 1838 2244 1875 Mosaicae

1261 1894 1353 1926 dicta
1372 1898 1471 1932 sunt,
1498 1891 1568 1924 iam
1585 1890 1882 1924 considerandum
1899 1897 1968 1932 est,
1994 1902 2084 1936 quae
2100 1891 2145 1925 sit
2161 1903 2241 1925 vera

1261 1943 1335 1990 typi
1352 1942 1578 1985 significatio,
1604 1948 1638 1975 et
1655 1938 1868 1987 κακοζηλίαι
1885 1941 2048 1975 vitandae
2072 1948 2165 1978 sunt.

1369 1994 1425 2029 13.
1466 1992 1550 2027 Fuit
1575 1989 1775 2037 κακοζηλία
1797 1993 1980 2026 barbarica
2006 2004 2148 2033 eorum,
2182 1994 2241 2038 qui

1262 2045 1357 2079 iuxta
1372 2042 1463 2078 hanc
1481 2044 1590 2087 legem
1603 2042 1807 2084 Mosaicam,
1825 2043 1864 2076 in
1879 2042 2052 2077 seditione
2067 2043 2241 2078 rusticana

1262 2097 1393 2130 fundos
1408 2094 1551 2128 liberari
1569 2094 1741 2128 reditibus
1759 2094 1936 2128 volebant.

1368 2144 1426 2183 14.
1462 2144 1531 2179 Hic
1557 2156 1696 2179 necesse
1717 2151 1768 2179 est
1794 2145 1959 2178 omnibus
1973 2143 2241 2178 familiarissime

1263 2204 1389 2232 notum
1406 2207 1478 2230 esse
1498 2196 1687 2230 discrimen
1706 2195 1792 2238 legis
1807 2202 1841 2229 et
1858 2194 2061 2238 Evangelii,
2086 2194 2169 2229 item
2187 2195 2242 2228 iu·

1264 2248 1382 2282 sticiae
1404 2248 1447 2281 de
1468 2258 1538 2292 qua
1571 2247 1714 2292 proprie
1737 2245 1970 2290 Evangelium
2001 2245 2242 2286 concionatur,

1264 2306 1296 2333 et
1311 2299 1401 2332 vitae
1424 2298 1596 2343 politicae.

1370 2347 1427 2383 15.
1462 2347 1696 2392 Evangelium
1723 2347 1760 2380 in
1785 2353 1857 2381 toto
1881 2357 2006 2389 genere
2024 2344 2184 2381 humano
2204 2348 2240 2380 in

1265 2400 1411 2434 diversis
1427 2399 1559 2443 politiis
1576 2400 1720 2437 clamat,
1748 2404 1789 2431 ut
1803 2397 1909 2431 corda
1925 2409 2005 2430 vere
2031 2404 2243 2432 convertan-

1264 2459 1322 2486 tur
1346 2452 1388 2484 ad
1406 2449 1540 2492 Deum,
1567 2457 1601 2484 et
1621 2450 1688 2482 fide
1710 2448 1773 2481 filii
1787 2446 1853 2481 Dei
1876 2447 2049 2492 accipiant
2065 2448 2242 2482 remissio-

1265 2514 1345 2535 nem
1362 2507 1601 2545 peccatornm,
1630 2505 1662 2532 et
1677 2510 1756 2532 cum
1773 2498 1817 2532 sit
1832 2498 2066 2532 ministerium
2077 2498 2242 2543 Spiritus,

1266 2553 1371 2586 simul
1396 2552 1499 2585 offert
1521 2550 1693 2596 Spiritum
1718 2555 1896 2588 sanctum,
1930 2561 2000 2595 quo
2026 2549 2140 2583 adiuti
2161 2560 2243 2583 vera

1265 2603 1332 2636 fide
1350 2602 1587 2646 agnoscimus,
1613 2606 1646 2633 et
1663 2600 1865 2634 invocamus
1881 2598 2012 2641 Deum,
2036 2597 2242 2634 inchoamus

1266 2653 1544 2687 inobedientiam
1561 2657 1592 2685 et
1607 2650 1776 2685 efficimur
1788 2648 1953 2685 haeredes
1967 2651 2058 2686 vitae
2072 2657 2242 2686 aeternae.
