2324 2955
170 105 242 144 427

174 186 355 225 ‹jatai.7.:
408 183 474 217 Per
504 181 613 223 legem
644 177 710 220 legi
742 182 901 210 mortuus
935 186 1034 216 sum,
1073 174 1154 209 vivo

175 249 292 277 autem
310 248 381 271 non
396 235 464 267 iam
479 242 560 273 egO,
587 229 645 261 sed
665 227 753 262 vivit
766 227 804 260 in
822 238 877 260 me
893 223 1067 262 Christus.

278 288 335 322 Fit
368 284 473 327 igitur
507 279 740 322 regeneratio,
797 289 877 311 cum
912 276 1032 310 audita
1074 287 1158 310 voce

178 336 382 380 Evangelii,
420 332 513 365 fitius
537 330 624 371 Dei,
665 329 727 374 qui
757 335 807 362 est
838 327 995 361 Verbum
1026 327 1160 361 aeterni

179 389 305 435 patris,
340 391 390 418 est
413 382 515 416 nobis
538 381 606 413 iam
632 381 758 413 veritas
781 385 814 412 et
836 378 929 419 vita,
961 374 1086 415 Iohan.
1106 377 1161 411 14.

180 440 303 474 Movet
334 435 439 469 corda
470 439 589 465 nostra
619 431 686 463 fide
710 441 772 474 per
797 428 969 475 Spiritum
993 435 1163 469 sanctum,

179 498 218 524 ut
241 488 424 522 credamus
445 483 548 517 nobis
575 482 618 514 ab
642 487 784 514 aeterno
813 486 910 524 patre
934 479 1064 512 remitti
1085 491 1164 523 pec-

181 546 273 577 cata,
302 544 335 571 et
353 547 417 570 nos
435 534 540 578 recipi
562 539 701 576 propter
723 530 971 570 mediatorem,
998 528 1113 562 Deum
1133 535 1165 562 et

182 589 385 628 hominem,
420 596 557 630 passum
582 590 614 616 et
636 582 889 615 resuscitatum.
943 579 983 612 In
1000 577 1064 612 hac
1082 591 1166 613 con·

184 640 356 675 solatione
386 634 571 672 vivificati,
621 634 689 666 iam
725 643 844 665 sumus
873 630 1094 663 domicilium
1135 636 1167 663 et

184 690 355 734 templum
372 687 458 727 Dei,
496 685 584 718 sicut
609 685 742 717 dictum
769 689 819 715 est
847 679 1062 716 1011an.14.:
1098 680 1168 712 Ve-

185 742 324 775 niemus
346 740 389 772 ad
414 748 512 776 eum,
546 741 579 767 et
604 734 820 767 mansionem
845 733 938 776 apud
962 743 1042 764 eum
1065 730 1169 763 facie-

185 803 274 826 mus.
330 789 415 822 Item
434 787 548 820 Galat.
563 787 616 820 2:
653 784 749 817 vivit
769 795 850 816 vero
869 783 905 814 in
926 794 980 814 me
994 779 1168 815 Christus-

187 842 275 875 Item
306 837 428 873 Iohan.
461 837 534 870 lO.:
574 834 648 878 Ego
681 835 789 867 vitam
821 840 997 866 aeternam
1029 834 1074 864 do
1109 832 1168 865 eis.

187 892 275 926 Item
295 888 417 924 lohan.
434 886 486 922 5.:
513 887 616 920 Pater
632 897 729 918 meus
744 896 854 928 usque
873 884 976 916 modo
996 888 1171 926 operatur,

188 949 221 975 et
251 953 312 985 ego
343 950 480 983 operor.
540 936 626 970 Item
658 933 874 969 lohan.10.:
917 933 1028 966 Nemo
1058 939 1171 976 potest

186 1004 309 1036 rapere
328 1002 409 1024 oves
421 999 513 1021 meas
529 999 568 1020 ex
584 987 746 1019 manibus
765 986 861 1019 meis.
892 983 977 1017 Item
989 981 1171 1018 lohan.5.:

189 1043 263 1075 Vos
280 1043 316 1074 in
336 1052 391 1073 me
410 1039 508 1078 estis,
536 1044 567 1070 et
593 1048 655 1079 ego
679 1036 716 1068 in
741 1036 856 1075 vobis,
882 1033 958 1077 Ego
977 1046 1054 1067 sum
1080 1034 1172 1073 vitis,

191 1105 253 1127 vos
271 1091 442 1137 palmites·

293 1142 345 1176 Ac
372 1150 529 1183 expresse
553 1148 689 1180 semper
714 1134 960 1168 damnavimus
977 1140 1009 1166 et
1027 1135 1172 1165 ‹lamna—

190 1205 269 1227 mus
291 1189 508 1225 Pharisaicas
538 1195 571 1221 et
593 1187 796 1228 Pelagianas
818 1185 980 1217 tenebras
1004 1184 1174 1223 omnium,

191 1245 252 1289 qui
270 1243 423 1284 fingunt,
448 1237 627 1272 hominem
644 1238 773 1270 iustum
798 1247 869 1267 esse
894 1246 966 1267 non
992 1245 1174 1277 regenera-

190 1303 281 1328 tum.
332 1291 533 1325 Clamamus
551 1289 653 1320 etiam
669 1286 817 1319 assiduis
832 1285 1018 1328 gemitibus
1042 1285 1084 1316 ad
1101 1283 1175 1317 Do-

191 1345 330 1377 minum
356 1347 514 1373 nostrum
533 1337 646 1370 Iesum
661 1335 863 1375 Christum,
889 1334 948 1378 qui
974 1341 1024 1367 est
1047 1332 1175 1365 Imma-

192 1393 296 1433 nuel,
321 1398 355 1424 et
377 1388 531 1423 mirabili
555 1399 592 1420 ac
616 1385 845 1419 inenarrabili
863 1384 1010 1417 consilio
1029 1382 1093 1416 Dei
1119 1395 1175 1415 ca·-

194 1451 260 1489 put
285 1449 354 1483 est,
382 1452 445 1485 per
470 1439 564 1483 quod
589 1442 804 1470 sustentatur
828 1442 861 1468 et
884 1435 1081 1467 vivificatur
1104 1440 1175 1465 tota

193 1493 371 1531 Ecclesia,
397 1496 437 1523 ut
459 1489 504 1522 sit
530 1488 648 1520 efficax
665 1487 701 1518 in
719 1486 839 1525 nobis,
867 1490 900 1517 et
922 1485 1031 1525 magis
1050 1483 1172 1525 magis-

195 1556 264 1589 que
288 1554 353 1575 nos
376 1539 601 1574 transformet
621 1548 639 1569 a
662 1536 817 1569 claritate
834 1535 871 1566 in
887 1534 1076 1566 claritatem
1097 1532 1177 1575 Spi-

196 1596 269 1628 ritu
299 1604 361 1625 suo
391 1595 522 1624 sanctO.
591 1586 642 1620 Ita
667 1583 985 1618 communicatione
1008 1583 1062 1616 sui
1085 1583 1177 1615 filius

195 1644 262 1679 Dei
289 1642 404 1676 reddit
431 1638 533 1672 nobis
557 1638 664 1670 vitam
689 1643 722 1670 et
744 1635 916 1669 iusticiam
941 1641 1117 1667 aeternam
1141 1632 1177 1664 in

198 1694 322 1734 nobis,
350 1693 437 1725 sicut
459 1688 575 1734 inquit
598 1685 768 1720 Iohannis
794 1685 948 1718 decimo:
976 1682 1051 1727 Ego
1070 1684 1177 1716 vitam

197 1752 374 1779 aeternam
397 1742 441 1774 do
461 1740 521 1774 eis.

300 1791 431 1827 LXIX.
474 1790 541 1823 Sed
571 1788 607 1820 in
638 1785 703 1820 hac
725 1785 865 1819 mortali
889 1792 1012 1819 natura
1038 1789 1180 1816 manent

198 1843 314 1879 adhuc
332 1842 436 1876 simul
453 1841 489 1873 in
506 1839 607 1872 nobis
627 1837 795 1881 reliquiae
822 1836 967 1879 peccati,
995 1835 1125 1867 multae
1150 1841 1181 1867 et

197 1906 356 1938 magnae.
416 1890 501 1924 Vult
525 1896 639 1922 autern
665 1887 760 1920 Deus
782 1885 971 1919 Ecclesiam
998 1885 1181 1927 praecipue

197 1945 415 1987 intelligere,
439 1952 519 1973 vere
536 1952 614 1972 eum
633 1938 730 1970 irasci
746 1943 901 1980 peccato,
929 1936 1004 1969 vult
1021 1947 1092 1967 non
1111 1946 1181 1967 esse

200 2006 374 2033 securam,
401 1991 534 2025 etiamsi
553 1996 635 2022 sunt
654 1989 689 2020 in
707 1987 809 2020 nobis
832 1986 931 2019 initia
950 1985 1182 2027 regeneratio-

200 2048 277 2087 nis,
303 2054 439 2086 semper
462 2041 536 2073 vult
560 2050 710 2072 crescere
734 2038 770 2070 in
798 2037 901 2069 nobis
922 2035 1182 2080 poenitentiam,

202 2098 290 2130 sicut
316 2093 432 2138 inquit
454 2090 629 2125 Dominus
651 2089 764 2122 Lucae
786 2088 861 2122 13.:
895 2086 969 2120 Nisi
999 2086 1182 2130 poeniten-

201 2148 286 2180 tiam
313 2143 469 2188 egeritis,
494 2140 657 2174 similiter
682 2138 851 2182 peribitis.
904 2136 983 2170 Iluc
1007 2137 1183 2180 pertinent

201 2195 270 2229 hae
287 2195 489 2233 conciones,
515 2202 616 2234 saepe
631 2189 797 2233 repetitae
814 2186 926 2221 Exod.
942 2186 1018 2222 34.:
1055 2185 1182 2220 Coram

203 2254 237 2280 te
255 2246 433 2283 innocens,
458 2254 531 2275 non
545 2247 595 2274 est
610 2240 789 2275 innocens,
824 2237 963 2272 Psalmo
977 2236 1076 2272 143.:
1104 2236 1185 2270 Non

204 2298 313 2329 intres
330 2295 366 2327 in
386 2293 554 2326 iudicium
571 2302 650 2324 cum
668 2301 767 2323 servo
784 2295 845 2323 tuo
858 2315 867 2329 ‚
894 2288 976 2334 quia
996 2299 1068 2321 non
1085 2287 1186 2320 iusti-

204 2346 366 2380 ficabitur
396 2344 431 2375 in
463 2348 648 2386 conspectu
678 2347 739 2374 tuo
767 2339 882 2373 omnis
906 2339 1038 2373 vivens.
1095 2336 1186 2370 Cum

205 2397 315 2439 igitur
350 2393 454 2427 simut
482 2398 645 2425 maneant
667 2391 836 2436 reliquiae
859 2389 988 2434 peccati
1012 2389 1049 2422 in
1073 2388 1188 2429 uobis,

208 2457 343 2490 semper
367 2442 450 2477 haec
468 2442 646 2475 verissima
662 2448 694 2474 et
709 2441 812 2475 unica
829 2439 1023 2474 consolatio
1038 2439 1187 2473 tenenda

206 2504 274 2538 est,
308 2494 404 2541 quod
427 2499 569 2537 propter
588 2491 836 2531 mediatorem,
862 2490 976 2525 Deum
1009 2496 1042 2524 et
1070 2487 1189 2523 homi-

205 2559 287 2581 nem
300 2572 310 2587 ,
334 2544 401 2590 qui
419 2550 470 2577 est
486 2542 749 2583 umbraculum,
775 2549 809 2576 et
830 2541 1027 2585 interpellat
1044 2552 1107 2585 pro
1124 2551 1189 2572 no-

204 2599 279 2638 bis,
302 2594 497 2630 habeamus
519 2591 760 2625 remissionem
785 2599 1025 2636 peccatorum,
1057 2598 1090 2624 et
1114 2590 1189 2634 pla-

206 2659 344 2683 ceamus
353 2645 428 2681 Deo
448 2654 509 2690 per
525 2642 820 2684 misericordiam,
847 2650 879 2677 et
898 2643 965 2676 nisi
983 2643 1049 2676 fide
1065 2652 1190 2686 appre-

925 86 1440 125 PROPOSITIONES.

2118 90 2192 130 428

1210 174 1386 209 hendatur
1409 171 1494 208 haec
1515 174 1726 217 consolatio,
1752 173 1880 210 desinit
1901 173 2008 211 homo
2032 188 2103 211 esse
2128 178 2194 212 do-

1211 226 1383 260 micilium
1404 223 1489 266 Dei,
1527 231 1561 259 et
1584 226 1646 258 alii
1667 227 1851 260 securitate
1875 227 2007 260 carnali
2033 234 2196 272 pereunt,

1212 277 1272 310 alii
1304 275 1421 310 statim
1455 275 1612 319 oppressi
1643 277 1888 321 desperatione
1931 277 2195 320 extinguuntur.

1213 327 1359 360 Necesse
1375 332 1426 359 est
1443 326 1550 368 igitur
1565 326 1608 359 de
1629 324 1694 360 hac
1719 328 1980 369 consolatione,
2007 334 2041 362 et
2063 329 2106 361 de
2130 327 2194 362 hac

1214 378 1280 412 fide
1296 376 1414 410 doceri
1431 374 1601 410 homines.

1317 427 1428 463 LXX.
1471 425 1519 460 Et
1543 433 1744 469 congruunt
1767 428 1858 463 dicta
1881 429 2083 462 dulcissima
2106 427 2199 462 Iere-

1216 479 1305 512 miae
1321 478 1402 513 23.:
1436 475 1484 511 Et
1501 478 1674 510 suscitabo
1692 476 1805 510 David
1824 490 1965 521 germen
1983 480 2111 513 iustum
2123 505 2132 519 ,
2166 486 2200 512 et

1218 529 1378 572 regnabit
1403 540 1482 568 rex,
1508 535 1541 561 et
1569 525 1635 561 hoc
1657 535 1707 562 est
1733 540 1883 567 nomen,
1910 531 2003 574 quod
2024 530 2200 563 vocabunt

1218 592 1298 614 eum
1329 578 1423 612 Deus
1454 578 1589 612 iusticia
1623 585 1755 613 nostra.
1824 578 1891 612 llic
1920 579 2033 620 Deus,
2071 580 2201 613 scilicet

1220 630 1388 671 Messias,
1414 629 1474 674 qui
1498 635 1548 662 est
1574 636 1607 663 et
1629 628 1724 662 Deus
1747 636 1779 663 et
1802 642 1943 673 germen
1960 628 2126 669 Davidis,
2152 637 2202 663 est

1222 681 1358 715 iusticia
1383 687 1521 720 nostra,
1553 685 1587 712 et
1609 680 1740 713 donata
1768 680 1870 714 nobis
1894 681 1937 713 ad
1961 680 2202 719 remissionem

1223 738 1461 776 peccatorum,
1511 736 1544 762 et
1577 729 1915 771 reconciliationem,
1965 743 2069 775 quam
2101 730 2204 762 nobis

1223 783 1367 822 meruit,
1400 789 1433 814 et
1457 781 1494 813 in
1520 781 1623 813 nobis
1647 778 1800 821 habitat,
1829 788 1869 815 ut
1894 781 2001 815 vitam
2027 788 2203 814 aeternam

1224 840 1256 866 et
1272 832 1445 865 iusticiam
1463 831 1565 864 nobis
1583 831 1718 872 reddat,
1740 831 1828 864 sicut
1844 832 1880 864 in
1893 829 2048 865 Iohanne
2058 831 2202 864 dicitur:

1225 883 1348 916 Gratia
1379 889 1410 916 et
1440 882 1566 915 veritas
1591 893 1650 925 per
1677 881 1790 914 lesum
1814 880 1996 915 Christum
2027 883 2116 915 facta
2144 888 2205 915 est.

1225 933 1366 973 Gratia,
1391 933 1424 965 id
1446 939 1518 972 est,
1544 932 1704 965 remissio
1727 939 1967 975 peccatorum,
1995 939 2027 965 et
2050 932 2207 964 reconci-

1226 984 1334 1017 liatio,
1389 983 1542 1022 Veritas,
1569 982 1603 1015 id
1622 989 1688 1022 est,
1716 994 1796 1015 vera
1817 990 1849 1016 et
1867 990 2006 1016 aeterna
2025 981 2208 1025 sapientia,

1226 1034 1357 1076 agnitio
1374 1045 1453 1065 vera
1464 1032 1527 1066 Dei
1539 1059 1548 1073 ,
1572 1033 1642 1066 vita
1660 1040 1692 1066 ct
1711 1033 1847 1066 iusticia
1864 1040 2004 1067 aeterna
2020 1044 2081 1077 per
2094 1031 2208 1065 lesum

1226 1084 1406 1117 Christum
1425 1084 1526 1115 nobis
1545 1083 1798 1116 communicata
1817 1090 1879 1118 est.

1329 1131 1458 1167 LXXI.
1501 1131 1646 1165 Necesse
1677 1140 1727 1166 est
1757 1133 1875 1166 doceri
1909 1139 2048 1165 renatos
2078 1132 2115 1164 in
2144 1129 2209 1164 hac

1229 1184 1318 1223 vita,
1358 1194 1559 1228 quanquam
1582 1182 1651 1215 iam
1674 1189 1755 1216 sunt
1778 1184 1948 1227 templum
1974 1181 2058 1222 Dei,
2093 1189 2210 1215 tamen

1228 1245 1363 1278 semper
1385 1245 1443 1266 eos
1468 1233 1595 1265 debere
1620 1234 1778 1273 credere,
1813 1235 1907 1278 quod
1933 1240 2076 1277 propter
2100 1232 2212 1265 filium

1231 1284 1311 1323 Dei,
1337 1282 1450 1315 Deum
1473 1289 1505 1314 et
1528 1280 1725 1324 hominem,
1764 1284 2007 1326 deprecantem
2031 1295 2095 1326 pro
2117 1282 2212 1326 ipsis,

1231 1333 1389 1376 placeant
1417 1338 1558 1365 aeterno
1582 1332 1691 1375 patri,
1732 1345 1805 1366 non
1837 1339 1979 1377 propter
2008 1333 2212 1369 novitatem,

1231 1383 1312 1428 quia
1332 1383 1436 1416 simul
1454 1380 1569 1415 adhuc
1587 1383 1623 1415 in
1641 1383 1744 1416 nobis
1769 1380 1916 1417 haerent
1938 1383 2107 1427 reliquiae
2131 1394 2214 1426 pec-

1231 1434 1316 1470 cati,
1344 1434 1473 1466 multae
1490 1440 1522 1465 et
1543 1444 1706 1475 magnae,
1730 1434 1824 1477 quod
1842 1434 1980 1475 agnosci
1999 1443 2136 1465 necesse
2153 1439 2211 1465 est.

1234 1482 1313 1515 ldeo
1331 1481 1458 1515 Daniel
1477 1482 1592 1526 inquit
1610 1482 1720 1525 capite
1743 1494 1857 1515 nono:
1884 1482 1965 1515 Non
1991 1489 2133 1526 propter
2156 1483 2213 1515 iu-

1232 1532 1347 1565 sticias
1371 1539 1526 1570 nostras,
1552 1533 1611 1564 sed
1629 1538 1772 1575 propter
1785 1531 1978 1565 Dominum
1996 1533 2120 1566 exaudi
2139 1544 2214 1566 n05.

1233 1581 1277 1615 Et
1291 1581 1416 1616 Roma.
1433 1582 1454 1615 8
1474 1595 1480 1614 :
1513 1580 1626 1614 Filius
1647 1593 1783 1626 semper
1800 1582 1999 1626 interpellat
2015 1595 2078 1626 pro
2098 1584 2213 1617 nobis.

1233 1631 1278 1666 Et
1299 1631 1407 1667 Hebr.
1425 1631 1475 1665 7.;
1508 1631 1654 1675 Semper
1679 1633 1817 1673 vivens,
1851 1640 1891 1666 ut
1920 1633 2118 1676 interpellet
2151 1645 2214 1676 pro

1234 1683 1347 1718 nobis.
1385 1682 1460 1716 Hac
1478 1682 1544 1715 fide
1563 1682 1701 1715 lucente
1719 1682 1756 1714 in
1773 1683 1923 1723 renatis,
1946 1690 2088 1716 manent
2104 1683 2216 1716 sancti

1234 1733 1402 1776 templum
1413 1731 1496 1772 Dei,
1523 1730 1586 1765 hac
1602 1733 1669 1765 fide
1684 1732 1833 1765 extincta
1846 1759 1855 1773 ,
1880 1740 1990 1767 ruunt
2006 1734 2060 1766 vel
2079 1733 2114 1765 in
2130 1746 2216 1767 con-

1234 1790 1400 1823 temtum,
1432 1782 1487 1814 vel
1511 1782 1548 1815 in
1573 1783 1871 1826 desperationem,
1900 1789 1934 1817 et
1957 1784 2121 1817 desinunt
2143 1795 2215 1817 esse

1235 1833 1404 1877 templum
1421 1831 1500 1868 Dei.
1550 1830 1651 1865 Hanc
1675 1833 1950 1867 consolationem
1972 1835 2156 1878 proponit,
2183 1842 2216 1868 et

1235 1884 1392 1917 doctrina
1407 1884 1448 1915 de
1467 1883 1660 1916 sacerdotio
1677 1883 1739 1915 filii
1758 1882 1836 1919 Dei.

1335 1932 1482 1968 LXXII.
1522 1930 1682 1967 Christus
1714 1940 1764 1967 est
1793 1945 1949 1967 summus
1981 1936 2139 1968 sacerdos
2164 1947 2217 1968 se·-

1235 1984 1390 2018 cundum
1409 1984 1565 2017 divinam
1583 1991 1614 2017 et
1631 1982 1821 2017 humanam
1839 1991 2010 2018 naturam.
2043 1983 2108 2019 Est
2124 1986 2217 2018 enim

1237 2033 1293 2068 hic
1331 2045 1489 2068 summus
1512 2036 1673 2067 sacerdos
1697 2046 1846 2079 persona
1871 2035 2070 2069 immediate
2096 2048 2114 2069 a
2138 2037 2217 2070 Deo

1237 2085 1417 2125 ordinata,
1449 2091 1488 2118 ut
1504 2082 1736 2128 Evangelium
1758 2085 1912 2129 proferat
1929 2097 1968 2118 ex
1985 2098 2112 2119 arcano
2133 2099 2217 2119 con-

1237 2135 1315 2169 silio
1333 2135 1547 2176 divinitatis,
1573 2142 1606 2169 et
1623 2143 1723 2170 sonet
1740 2136 1834 2169 inter
1851 2133 2011 2169 homines
2036 2143 2068 2170 et
2093 2137 2218 2170 offerat

1238 2187 1311 2221 Deo
1334 2185 1541 2219 sacrificium
1559 2198 1621 2230 pro
1639 2186 1736 2225 aliis,
1763 2188 1806 2219 ad
1824 2187 2028 2230 placandam
2050 2187 2158 2226 iram,
2185 2194 2216 2221 et

1238 2237 1282 2271 sit
1299 2237 1502 2280 deprecator
1517 2237 1677 2270 assiduus
1695 2248 1758 2280 pro
1776 2237 1845 2277 eis,
1870 2237 1913 2269 de
1930 2248 1999 2281 quo
2018 2243 2050 2270 et
2068 2238 2218 2280 promis-

1240 2288 1290 2320 sio
1314 2286 1445 2320 sancita
1468 2293 1536 2327 est,
1563 2300 1642 2320 vere
1661 2287 1769 2331 ipsius
1789 2286 1958 2320 sacrificio
1980 2287 2108 2330 placari
2130 2289 2217 2321 iram

1239 2337 1325 2378 Dei,
1365 2343 1397 2370 et
1431 2337 1590 2371 exaudiri
1624 2349 1702 2371 eum
1733 2349 1796 2381 pro
1831 2337 1933 2370 nobis
1965 2338 2220 2382 deprecantem.

1239 2388 1334 2422 Haec
1343 2385 1691 2431 comprehenduntur
1701 2387 1818 2421 omnia
1829 2386 1864 2419 in
1875 2388 1967 2421 dicto
1979 2387 2107 2421 Psalmi
2123 2390 2217 2424 110.-

1241 2438 1300 2472 Tu
1318 2450 1354 2472 es
1381 2439 1542 2473 sacerdos
1561 2439 1598 2472 in
1615 2445 1816 2478 aeternum,
1843 2439 2034 2472 secundum
2058 2439 2219 2472 ordinem

1241 2487 1516 2523 Melchizedech.
1577 2487 1642 2523 Est
1664 2487 1771 2531 igitur
1795 2499 1952 2522 summus
1973 2490 2131 2523 sacerdos
2155 2501 2219 2522 na-

1241 2546 1319 2573 tura
1342 2539 1455 2580 Deus,
1488 2546 1528 2574 ut
1551 2550 1715 2573 arcanum
1739 2538 1925 2573 consilium
1948 2540 1992 2573 de
2014 2540 2220 2573 remissione

1243 2597 1462 2634 peccatorum
1474 2616 1483 2630 ,
1511 2596 1544 2623 et
1560 2590 1602 2622 de
1619 2589 1723 2622 modo
1742 2589 1948 2623 restituendi
1964 2601 2071 2633 genus
2095 2588 2219 2623 huma-

1242 2653 1327 2675 num
1343 2653 1381 2674 ex
1399 2640 1479 2675 sinu
1495 2639 1627 2674 aeterni
1643 2639 1752 2684 patris
1767 2640 1935 2684 proferat,
1971 2647 2003 2674 et
2025 2647 2063 2675 ut
2085 2651 2219 2684 semper
