2324 2955
213 109 280 146 123

770 95 927 131 DECL.
959 92 1032 129 DE
1065 93 1296 133 SALINIS
1330 94 1654 132 SAXONICIS.

2145 98 2216 133 124

207 201 247 228 ut
265 193 413 237 plantae.
455 188 523 222 Sed
541 183 725 218 consilium
742 181 836 214 aliud
856 180 936 213 fuit.
980 178 1104 213 Voluit
1122 192 1185 214 nos
1241 182 1340 216 dunt.
1393 178 1504 213 Acida
1522 187 1657 215 tantum
1672 181 1797 224 frigida
1814 189 1906 218 sunt.
1958 182 2025 217 Sed
2043 179 2084 217 τὸ
2100 179 2218 227 ἆλμυ-

210 244 287 278 cibo
311 248 343 274 et
367 239 485 274 multis
508 236 611 268 rebus
635 232 807 274 indigere,
832 237 871 263 ut
898 230 987 263 vitae
1014 230 1186 273 praesidia

211 295 255 328 ab
278 293 350 335 ipso
377 296 586 332 peteremus,
608 289 640 316 et
665 294 742 315 cum
768 290 1043 323 agnosceremus.
1099 279 1184 313 Cre-

213 345 335 377 damus
354 339 470 380 igitur,
496 346 550 367 res
567 345 639 365 non
657 333 742 364 viles
757 342 845 370 esse,
871 331 1057 368 frumenta,
1084 331 1190 370 olera,

213 399 356 436 potum,
399 398 458 419 seu
482 391 616 417 coctum
643 395 681 414 ex
708 381 891 414 frumentis
916 387 950 413 et
978 391 1088 424 aqua,
1130 392 1190 413 seu

213 447 294 474 nata
319 438 421 476 vina,
448 442 480 468 et
502 434 586 466 alias
609 445 681 472 res,
710 432 745 464 in
771 430 1003 463 nutricatione
1026 436 1059 463 et
1079 430 1191 462 medi-

217 490 352 523 catione
371 484 589 519 necessarias.

318 537 359 570 In
385 535 438 569 his
462 545 600 578 quoque
626 531 733 564 salem
757 541 1000 569 numeramus,
1023 528 1103 573 quia
1128 540 1191 560 ne-

216 589 353 623 cessitas
380 586 418 618 in
446 589 631 626 conspectu
666 588 725 614 est.
784 579 854 612 Nec
888 581 1061 612 ducantur
1097 578 1192 618 vilia,

217 650 305 684 quae
321 637 415 670 Deus
432 633 620 666 necessaria
638 642 709 663 esse
726 630 849 664 voluit,
901 628 947 663 Et
970 636 1093 662 natura
1119 628 1191 671 ipsa

217 689 298 722 salis
313 687 418 728 digna
440 691 489 717 est
512 681 761 719 admiratione,
794 686 826 712 et
849 679 1047 712 effectiones
1070 677 1193 710 mirifi-

218 750 274 772 cas
294 735 410 770 habet.
478 732 540 766 Est
562 732 653 764 enim
680 742 751 762 non
775 729 919 761 mixtum
944 729 1194 772 imperfectum,

217 795 256 822 ut
273 790 503 819 excrementa:
529 783 587 814 sed
606 780 780 822 singulare
798 777 971 822 opusDei,
998 785 1031 811 et
1046 779 1191 811 mixtum

217 837 425 882 perfectum,
450 839 522 865 arte
547 831 666 863 divina
686 831 728 861 ad
747 830 873 861 multos
891 839 973 861 usus
991 828 1093 860 nobis
1110 840 1193 860 con-

219 888 347 920 ditum.
399 882 450 916 Ac
465 894 508 914 ne
525 882 656 913 deesset
674 879 747 911 eius
762 879 879 921 copia,
917 879 1022 911 salem
1040 878 1136 910 nasci
1158 877 1195 908 in

217 936 379 980 pluribus
394 933 496 965 rebus
512 930 640 969 voluit,
668 929 704 960 in
727 935 835 968 terra,
862 929 898 960 in
923 928 1029 968 mari,
1055 928 1092 959 in
1115 927 1194 960 fon-

220 986 314 1020 tibus
334 990 367 1016 et
383 982 541 1016 lacubus.

322 1033 363 1066 In
396 1042 520 1074 genere
550 1036 664 1062 autern
695 1027 850 1060 definitio
880 1025 963 1060 haec
987 1027 1045 1059 sit:
1080 1026 1194 1059 Salem

220 1097 279 1119 seu
302 1083 476 1120 fossilem,
502 1092 561 1113 seu
586 1085 738 1118 coctum,
764 1089 903 1110 succum
930 1088 1000 1109 csse
1025 1088 1063 1108 ex
1086 1083 1196 1109 terrea

220 1142 346 1168 natura
373 1133 495 1164 adusta
523 1137 556 1162 et
589 1129 688 1171 igneo
713 1128 826 1160 calore
850 1134 1045 1164 attenuata,
1087 1126 1196 1158 mixto

221 1183 368 1217 humido
387 1182 508 1220 ae're0‚
535 1179 723 1217 divinitus,
748 1177 915 1219 singulari
941 1184 1012 1208 arte
1030 1182 1198 1219 percocto,

222 1234 419 1268 conducens
443 1237 476 1263 et
504 1229 631 1262 nostris
659 1234 692 1260 et
719 1227 797 1259 aliis
818 1227 1041 1269 corporibus,
1075 1226 1118 1257 ad
1140 1236 1196 1257 ar-

222 1284 368 1317 cendam
394 1279 701 1324 putrefactionem,
739 1277 862 1309 iuvans
884 1276 987 1309 etiam
1010 1286 1132 1317 sapore
1161 1275 1197 1306 in

225 1333 322 1366 cibis.

321 1379 482 1414 Dicerem
498 1375 718 1420 explicatius,
743 1372 771 1405 si
790 1384 940 1416 possem,
974 1373 1032 1405 sed
1055 1382 1200 1414 genero-

222 1433 357 1466 sitatem
376 1440 458 1462 usus
482 1426 647 1460 ostendit.
699 1421 745 1455 Et
768 1434 844 1455 cum
872 1422 986 1465 inquit
1011 1422 1102 1453 filius
1117 1420 1198 1453 Dei:

223 1483 346 1516 Bonus
365 1486 414 1512 est
436 1478 504 1515 sal,
531 1475 699 1518 significat
716 1472 818 1504 etiam
841 1470 934 1504 hunc
952 1478 1127 1503 terrenum
1146 1481 1201 1502 sa—

225 1534 294 1566 lem
314 1541 387 1562 rem
414 1529 542 1560 bonam
564 1532 597 1557 et
619 1524 744 1556 utilem
767 1533 849 1554 esse.
903 1521 975 1553 Nec
1001 1527 1134 1553 tantum
1158 1519 1200 1550 de

225 1582 294 1616 sale
311 1577 449 1612 coelesti
465 1575 631 1619 loquitur.
682 1571 784 1604 Prius
805 1578 919 1604 autem
938 1572 979 1602 de
1003 1580 1125 1612 sapore
1146 1569 1200 1600 di-

226 1643 312 1665 cam.
344 1627 408 1661 Est
423 1625 568 1659 omnino
585 1621 788 1655 admiranda
806 1620 987 1652 fabricatio
1006 1617 1201 1652 hominum.

227 1682 266 1714 Si
294 1678 399 1712 homo
423 1687 496 1708 non
521 1679 607 1706 esset
633 1678 757 1703 natura
782 1670 999 1712 intelligens,
1024 1668 1201 1712 quomodo

225 1730 321 1764 Deus
350 1738 421 1760 sese
453 1724 554 1757 nobis
584 1719 879 1755 communicaret?
946 1718 1067 1751 Voluit
1087 1724 1201 1750 autem

229 1776 437 1822 cognitionis
455 1774 554 1807 initia
575 1783 647 1804 esse
669 1782 688 1802 a
713 1771 881 1803 sensibus,
935 1768 1049 1810 Quam
1073 1767 1202 1800 multae

227 1841 282 1862 res
298 1829 373 1861 luce
391 1825 492 1858 nobis
508 1822 751 1856 ostenduntur.
792 1819 927 1852 Deinde
943 1819 1086 1850 verbum
1098 1843 1107 1856 ,
1134 1829 1202 1861 quo

227 1884 372 1912 vocatur
393 1882 425 1908 et
448 1872 624 1914 colligitur
645 1877 782 1903 aeterna
800 1867 972 1905 Ecclesia,
1001 1867 1124 1900 auditu
1147 1878 1204 1899 ac-

230 1929 369 1973 cipitur.
407 1924 502 1957 Haec
518 1933 588 1955 esse
604 1930 728 1963 magna
743 1925 777 1951 et
791 1918 1010 1951 admirabilia
1025 1917 1203 1950 fatendum

230 1985 291 2012 est.
344 1975 479 2009 Deinde
498 1979 625 2011 tactus,
650 1975 768 2013 gustus
790 1975 823 2002 et
837 1969 992 2004 ‘olfactus
1018 1964 1101 2000 huic
1127 1978 1205 1999 cor-

228 2027 342 2072 porali
361 2025 449 2058 vitae
466 2022 634 2056 serviunt.
687 2018 781 2051 Haec
798 2030 875 2052 cum
892 2018 940 2051 ita
957 2017 1027 2050 sint
1045 2016 1205 2050 ordinata

229 2076 401 2111 divinitus
419 2074 455 2106 in
478 2078 621 2110 natura,
651 2069 737 2101 velle
760 2079 799 2102 ea
819 2068 962 2108 tollere,
985 2064 1047 2101 καὶ
1065 2066 1206 2110 θεομα-

228 2128 328 2172 χεῖν,
354 2122 536 2158 horribilis
551 2122 650 2153 furor
666 2124 763 2152 esset.

332 2172 504 2208 Adiunxit
519 2176 634 2204 autem
651 2167 746 2201 Deus
764 2178 921 2209 saporem
937 2166 1205 2200 convenientem

232 2222 470 2259 nutricationi.
523 2219 673 2254 Addidit
694 2217 900 2250 suavitatem
919 2217 1082 2255 utilitati,
1107 2223 1146 2249 ut
1169 2216 1206 2248 in

231 2275 352 2308 multis
383 2274 504 2311 rebus,
546 2276 585 2303 ut
612 2280 710 2301 suam
742 2265 934 2300 bonitatem
966 2266 1208 2309 multipliciter

235 2324 440 2358 ostenderet.
504 2319 574 2352 Nec
599 2318 667 2351 alia
691 2318 889 2361 quaerenda
911 2322 962 2348 est
985 2326 1107 2355 causa,
1148 2317 1207 2348 sed

235 2373 424 2417 sapientiae
459 2377 492 2402 et
527 2368 695 2401 bonitatis
725 2365 865 2399 divinae
899 2365 1098 2398 testimonia
1119 2366 1208 2407 grati

236 2423 505 2457 consideremus.
558 2417 673 2450 Tanta
697 2415 833 2448 fastidia
850 2415 918 2448 cibi
943 2421 1154 2458 sequuntur,
1179 2415 1208 2447 si

237 2474 307 2507 sint
331 2472 405 2504 sine
421 2470 489 2502 sale
500 2495 509 2508 ,
534 2474 572 2500 ut
588 2473 710 2499 natura
724 2466 767 2498 ab
783 2465 833 2497 eis
845 2463 1043 2499 abhorreat.
1096 2462 1135 2496 ld
1152 2475 1210 2497 ex-

235 2521 407 2567 perientia
420 2517 591 2555 ostendit,
625 2516 652 2548 si
669 2515 747 2559 quis
763 2515 910 2550 dubitat.
963 2513 1138 2557 lnsipida‚
1170 2520 1210 2547 ut

237 2572 338 2616 panis
350 2571 427 2603 sine
443 2568 512 2601 sale
530 2576 670 2610 prorsus
685 2565 818 2606 ingrata
835 2570 928 2600 sunt.
979 2563 1103 2598 Dulcia
1117 2563 1210 2596 cele-

236 2622 320 2656 riter
343 2618 580 2654 fastidiuntur.
633 2612 764 2649 Amara
785 2620 818 2648 et
841 2614 933 2648 acria
953 2619 1064 2648 urunt
1078 2619 1118 2659 ‚et
1140 2612 1211 2647 lae-

1038 2699 1045 2712 d

1241 230 1308 276 ρὸν
1325 230 1439 263 irritat
1455 230 1588 271 calore,
1616 232 1697 276 quia
1715 233 1866 266 absumit
1883 233 2158 277 superfluitates,
2186 238 2218 265 et

1241 281 1344 314 simul
1361 279 1547 314 humectat.

1343 338 1489 381 Semper
1522 345 1637 372 autem
1667 339 1704 372 in
1734 340 1898 384 operibns
1929 339 2060 372 divinis
2090 341 2219 373 multae

1241 395 1332 429 sunt,
1358 389 1525 421 utilitates
1541 389 1732 432 copulatae,
1758 397 1797 422 ut
1815 390 2059 433 multipliciter
2073 388 2139 422 Dei
2156 391 2221 422 bo-

1242 440 1333 471 nitas
1351 439 1556 472 celebretur.
1600 438 1690 471 Salis
1708 449 1790 471 usus
1806 447 1948 483 propter
1965 451 2122 483 saporem
2142 450 2221 482 gra-

1243 496 1297 522 tus
1320 495 1389 528 est,
1424 489 1482 521 sed
1509 488 1670 521 suavitati
1697 488 1826 521 multae
1849 490 2016 522 utilitates
2037 489 2220 522 adiunctae

1243 545 1324 571 sunt
1353 539 1389 570 in
1411 538 1483 581 ipsa
1508 538 1753 572 nutricatione.
1806 536 1973 588 Prohibet
1997 539 2222 582 putrefactio-

1244 600 1315 622 nes.
1369 587 1457 620 Nam
1474 588 1548 620 sine
1566 588 1635 621 sale
1652 588 1761 620 coctio
1784 588 1900 621 minus
1923 588 1997 620 fieri
2023 594 2156 631 posset,
2189 594 2222 621 et

1244 639 1383 671 relictae
1400 649 1530 670 massae
1548 636 1641 683 cbyli
1660 644 1692 670 et
1710 635 1825 681 chymi
1846 638 2079 681 putrefierent.
2120 636 2223 670 Nunc

1245 689 1325 721 salis
1342 694 1464 720 natura
1489 687 1640 720 absumit
1665 687 1699 718 in
1725 688 1853 720 nostris
1877 687 2082 730 corporibus
2103 698 2224 730 super—

1245 739 1332 771 fluas
1349 736 1593 777 humiditates,
1621 736 1730 779 aperit
1748 744 1779 770 et
1797 738 1981 779 abstergit,
2008 744 2040 770 et
2057 737 2225 769 corrobo-

1245 795 1298 821 rat
1317 794 1428 831 partes
1445 787 1570 820 leviter
1589 787 1785 821 desiccataS.
1818 786 1950 820 Densat
1970 787 2091 827 etiam,
2118 792 2150 818 et
2165 797 2225 819 co-

1247 839 1296 881 git
1315 844 1440 881 partes.

1347 894 1470 927 Postea
1488 894 1692 927 manifestus
1708 905 1791 927 usus
1810 901 1858 927 est
1874 894 1910 926 in
1937 895 2085 927 arcenda
2104 900 2225 937 putre-

1247 944 1397 977 factione
1421 944 1599 982 carnhnn,
1640 955 1727 988 quae
1753 951 1936 978 servantur
1958 946 1999 976 ad
2025 955 2107 976 usus
2130 943 2227 985 longi

1248 994 1426 1037 temporis,
1478 992 1708 1027 Usitatissima
1728 1001 1776 1027 est
1793 994 1898 1036 igitur
1916 994 2113 1033 conditura,
2140 1003 2227 1036 quae

1249 1043 1424 1076 Graecum
1447 1055 1576 1076 nomen
1600 1041 1705 1075 habet
1730 1041 1846 1087 filim),
1877 1043 2042 1076 Latinum
2058 1042 2228 1079 Muriam,

1249 1094 1343 1138 quod
1367 1093 1426 1126 alii
1444 1105 1463 1126 a
1480 1093 1568 1125 mari
1590 1094 1718 1126 factum
1734 1105 1804 1125 esse
1822 1093 2045 1136 scripserunt.
2097 1090 2171 1134 Ego
2190 1103 2229 1123 ex

1251 1143 1386 1176 Graeco
1412 1140 1551 1187 μύρον,
1581 1144 1674 1187 quod
1698 1149 1747 1176 est
1770 1149 2009 1185 unguentum,
2042 1142 2229 1185 piscatores

1250 1193 1436 1236 sumpsisse
1454 1193 1624 1226 existimo.

1351 1249 1474 1282 Postea
1501 1256 1533 1282 et
1559 1249 1595 1281 in
1622 1249 1854 1281 medicatione
1880 1249 2064 1281 vulnerum
2090 1249 2127 1280 in
2153 1260 2232 1281 cor-

1252 1300 1396 1342 poribus
1414 1297 1611 1336 hominum,
1633 1306 1665 1329 et
1682 1300 1722 1329 ad
1742 1299 1902 1339 pellenda
1918 1299 2056 1330 fastidia
2073 1298 2231 1331 alimenti

1252 1349 1288 1379 in
1307 1347 1499 1390 pecudibus
1519 1345 1822 1389 frequentissimus
1838 1346 1918 1378 salis
1930 1358 2013 1379 usus
2029 1353 2089 1381 est.
2135 1346 2231 1380 Haec

1253 1403 1385 1429 norunt
1400 1407 1520 1428 omnes
1538 1403 1702 1438 pastores.

1356 1452 1445 1486 Cum
1464 1460 1577 1486 autem
1596 1464 1678 1485 usus
1694 1459 1763 1485 tam
1779 1453 1962 1497 multiplex
1986 1454 2029 1487 sit
2045 1454 2124 1487 salis
2141 1455 2232 1488 inter

1253 1503 1344 1536 vitae
1366 1502 1557 1546 praesidia,
1584 1502 1710 1544 ingrati
1727 1509 1827 1543 sunt,
1853 1504 1914 1546 qui
1937 1515 2049 1547 neque
2073 1505 2232 1538 conside-

1254 1559 1332 1586 rant
1362 1552 1554 1585 bonitatem
1587 1553 1678 1591 eius,
1719 1564 1832 1596 neque
1854 1552 1929 1585 Deo
1955 1565 2017 1596 pro
2043 1551 2109 1585 hoc
2137 1555 2232 1587 dono

1254 1602 1380 1645 gratias
1397 1608 1515 1644 agunt.
1566 1600 1667 1634 Certe
1684 1601 1777 1634 Deus
1794 1603 2008 1635 considerari
2028 1603 2109 1636 salis
2130 1611 2234 1637 natu-

1255 1665 1327 1685 ram
1347 1652 1477 1691 voluit,
1506 1662 1584 1683 cum
1599 1651 1728 1683 diserte
1746 1652 1788 1683 de
1805 1663 1842 1684 eo
1860 1652 1895 1684 in
1915 1653 1987 1695 lege
2009 1647 2234 1697 praeceperit,

1255 1714 1298 1734 ne
1318 1702 1458 1734 victima
1473 1701 1547 1733 sine
1571 1701 1641 1733 sale
1664 1701 1860 1736 offerretur.
1920 1701 2023 1735 Scitis
2050 1703 2163 1743 enim,
2196 1704 2234 1737 in

1257 1752 1409 1784 secundo
1435 1750 1546 1793 capite
1567 1750 1712 1783 Levitici
1737 1751 1903 1795 scriptum
1928 1763 2014 1785 esse:
2057 1752 2136 1785 Non
2164 1754 2235 1787 fer-

1257 1807 1425 1839 mentum,
1452 1812 1523 1833 non
1540 1801 1608 1832 mel
1625 1800 1841 1834 miscendum
1858 1813 1930 1834 esse
1945 1801 1988 1835 iis
2004 1803 2119 1841 rebus,
2146 1816 2234 1848 quae

1257 1851 1465 1884 offeruntur.
1531 1849 1673 1883 Nullam
1704 1858 1820 1884 autem
1851 1852 2028 1885 victimam
2059 1853 2133 1886 sine
2164 1855 2234 1887 sale

1257 1901 1473 1934 offerendam
1506 1911 1587 1934 esse.
1657 1898 1734 1933 Etsi
1761 1901 1848 1934 ritus
1876 1902 2060 1945 praecipue
2093 1910 2235 1947 propter

1257 1951 1546 1993 significationem
1579 1950 1729 1983 instituti
1761 1957 1858 1992 sunt,
1903 1958 2018 1985 tamen
2052 1959 2085 1985 et
2116 1964 2234 1986 rerum

1258 2000 1410 2044 dignitas
1425 2000 1462 2032 in
1479 2000 1527 2032 eis
1542 2001 1783 2034 commendata
1800 2007 1858 2033 est.
1899 2000 1945 2035 Et
1960 2002 2111 2035 sumitur
2125 2003 2236 2036 inter-

1258 2051 1405 2095 prelatio
1439 2062 1477 2082 ex
1504 2049 1757 2088 similitudine,
1793 2063 1881 2095 quae
1912 2063 1984 2084 non
2017 2052 2236 2095 intelligitur,

1259 2101 1327 2134 nisi
1343 2112 1459 2134 rerum
1475 2107 1600 2134 natura
1618 2100 1845 2134 considerata.
1887 2102 1890 2105 ’

1361 2166 1586 2199 Fermentum
1604 2178 1676 2199 non
1698 2167 1773 2200 vult
1797 2167 1935 2207 offerri,
1962 2168 2043 2211 quia
2065 2168 2235 2212 significat

1260 2216 1382 2250 mixtas
1410 2216 1593 2260 opiniones
1625 2214 1795 2249 humanas
1821 2217 1999 2250 doctrinae
2021 2217 2096 2251 Dei.
2149 2218 2237 2255 Vult

1260 2273 1375 2300 autem
1393 2265 1486 2299 Deus
1503 2266 1646 2299 retineri
1666 2266 1851 2310 puritatem
1869 2278 1951 2300 suae
1972 2268 2170 2309 doctrinae,
2196 2277 2236 2304 ut

1261 2328 1361 2360 saepe
1375 2315 1556 2359 praecipit.
1607 2315 1693 2349 Vult
1709 2315 1884 2354 invocari,
1906 2316 1994 2351 sicut
2016 2329 2051 2350 se
2075 2320 2236 2363 patefecit

1261 2366 1343 2410 ipse.
1395 2364 1476 2398 Non
1492 2366 1566 2399 vult
1582 2365 1699 2407 affingi
1715 2363 1885 2398 humanas
1906 2367 2089 2410 opiniones
2112 2376 2145 2403 et
2169 2382 2236 2403 no-

1260 2426 1322 2448 vos
1338 2415 1471 2455 cultus,
1498 2422 1536 2448 ut
1553 2413 1771 2449 horribiliter
1793 2416 1957 2449 omnibus
1981 2419 2151 2452 aetatibus
2174 2421 2236 2452 ad-

1261 2465 1387 2497 mixtae
1416 2471 1498 2498 sunt
1528 2465 1706 2499 doctrinae
1735 2463 1802 2497 Dei
1833 2467 2068 2509 corruptelae,
2107 2468 2236 2513 quibus

1261 2515 1375 2547 fontes
1405 2515 1562 2548 coelestis
1595 2514 1783 2557 sapientiae
1812 2521 1871 2548 aut
1901 2517 2032 2550 turbati
2054 2524 2113 2551 aut
2135 2530 2236 2560 pror-

1263 2575 1321 2597 sus
1350 2564 1468 2598 obruti
1501 2571 1599 2605 sunt,
1637 2570 1676 2598 ut
1708 2565 1802 2608 apud
1835 2562 2006 2600 Ethnicos
2039 2572 2073 2600 et
2103 2568 2234 2602 similes

1262 2615 1392 2647 factum
1415 2620 1476 2650 est.
