2324 2955
150 96 240 132 1021
701 94 728 131 1.

249 177 384 212 Indicta
419 187 468 213 est
490 179 654 226 Synodus
685 180 791 213 altera
815 177 948 224 Ephesi
974 179 1128 217 infoelix,

147 231 184 262 in
210 240 277 273 qua
304 229 434 263 iudices
456 231 598 263 armatis
620 230 792 263 militibus
810 231 896 274 septi
911 231 1070 270 fuerunt,
1095 236 1128 262 et

147 279 349 312 confirmata
375 287 425 313 est
449 278 618 324 Eutychis
643 281 765 324 opinio
788 281 937 314 factione
952 278 1129 312 Dioscori

146 328 309 372 Episcopi
328 329 570 364 Alexandrini.
624 330 812 363 Flavianus
826 329 1021 374 Episcopus
1032 329 1126 363 Con-

145 379 479 422 stantinopolitanus
508 387 599 413 recte
627 381 777 413 sentiens
802 381 955 414 calcibus
979 393 1018 413 ex
1042 392 1125 413 con-

144 439 238 461 sessu
262 429 444 472 expulsm,
471 437 503 463 et
525 431 642 464 triduo
667 438 743 474 post
760 437 917 464 mortuus
936 437 1003 471 est,
1030 441 1125 462 mor-

143 485 242 511 tuum
274 479 378 512 etiam
403 478 594 514 Dioscorus
617 481 766 524 pedibus
790 481 946 515 calcavit.
1004 478 1068 514 Est
1092 486 1124 512 et

143 524 389 570 Theodorelo,
416 531 514 563 cuius
530 538 647 565 extant
664 531 803 575 scripta,
830 532 990 575 adempta
1007 530 1124 572 digni—

142 585 203 611 tas.
255 577 484 623 Denique'ita
500 587 573 614 acta
589 589 671 615 sunt
687 581 826 622 omnia,
851 588 891 615 ut
909 579 992 614 haec
1008 580 1122 625 Syno-

142 628 208 661 dns
231 628 275 662 sit
292 628 451 668 infamis,
480 637 511 663 et
530 631 713 666 nominuta
730 631 774 665 sit
791 628 982 677 λῃστρικὴ,
1010 630 1044 663 id
1063 637 1123 671 est,

142 678 319 711 latronum
337 690 539 716 concursus,

244 727 370 762 Monet
391 729 498 773 igitur
521 731 737 774 exemplum,
765 738 803 765 ut
825 731 862 763 in
887 730 1121 764 convocandis

140 777 294 822 Synodis
329 779 570 823 circumspecti
610 781 681 814 sint
719 781 914 825 principes,
958 787 990 814 et
1026 781 1119 825 quod

141 825 345 861 Theodosio
364 829 497 875 alioqui
519 831 613 864 bono
630 831 782 876 principi
803 829 889 864 haec
910 837 984 864 acta
1000 837 1119 863 notam

139 885 380 921 asperserunt,
413 880 520 914 simus
543 892 715 914 memores
739 879 913 914 humanae
932 880 1120 913 infirmita-

140 927 202 967 tis,
235 929 278 962 de
303 941 371 974 qua
397 930 528 964 dictum
551 937 619 964 est:
653 930 735 964 Non
758 937 808 964 est
833 931 944 964 iustus
960 931 996 962 in
1014 937 1119 971 terra,

141 977 200 1021 qui
217 989 295 1011 cum
313 980 405 1012 bona
420 980 519 1020 fecit,
547 991 619 1012 non
633 981 736 1013 etiam
753 986 881 1023 peccet.
922 979 1024 1013 Item:
1051 977 1119 1023 μό-

138 1039 207 1061 νου
226 1026 318 1062 θέοι)
332 1027 443 1074 γέρας
458 1027 573 1063 τέλεια
592 1027 711 1074 ἀρετὴ.
752 1029 876 1062 Postea
896 1027 1118 1062 Theodosius

137 1087 328 1118 agnoscens
352 1090 526 1119 errorem,
560 1079 761 1122 obiurgavit
793 1078 995 1121 coniugem,
1030 1091 1118 1124 quae

138 1126 306 1160 simulans
330 1134 470 1168 votum,
497 1129 650 1172 prosecta
677 1135 727 1162 est
752 1127 1012 1173 lerosolymam.
1069 1129 1116 1162 lta

141 1183 218 1219 post
240 1184 370 1220 septem
397 1189 508 1211 annos
535 1176 722 1211 Pulcheria
750 1178 788 1211 in
813 1179 927 1211 aulam
958 1187 1116 1213 revocata

138 1233 207 1265 est,
237 1238 300 1259 nec
321 1228 383 1260 diu
406 1234 484 1271 post
501 1225 724 1261 Theodosius
751 1229 854 1269 vixit,
882 1229 980 1262 cuius
1006 1237 1117 1263 morte

138 1283 171 1308 et
189 1276 320 1309 Attilae
344 1277 445 1310 bellis
472 1277 640 1321 impedita
659 1285 710 1312 est
734 1279 888 1322 cognitio
914 1286 1117 1312 controver-

138 1327 208 1359 siae
223 1324 395 1372 Eutychis
419 1338 529 1372 usque
552 1329 595 1361 ad
620 1328 762 1361 tertium
784 1340 917 1361 annum
934 1329 1117 1364 Martiani.

139 1374 240 1418 Quae
256 1377 386 1411 fuerint
402 1378 604 1421 praestigiae
621 1376 808 1423 Eutychis,
835 1385 919 1412 tunc
936 1391 1117 1424 exponam,

137 1437 216 1459 cum
233 1427 276 1459 de
293 1424 574 1461 Chalcedonensi
589 1427 733 1473 Synodo
752 1429 899 1463 dicetur.

395 1537 460 1571 De
487 1538 705 1572 Cretensi
728 1539 858 1572 Mose.

240 1608 280 1642 ln
297 1610 514 1654 temporibus
527 1606 732 1643 Theodosii
746 1618 837 1645 extat
853 1611 1008 1645 narratio
1025 1612 1117 1656 apud

137 1659 317 1693 Socratem
349 1657 557 1693 historicum
595 1661 638 1694 de
671 1660 828 1695 Cretensi
860 1657 979 1700 Mose,
1013 1674 1118 1706 quam

136 1715 281 1753 propter
326 1708 506 1752 scriptoris
550 1711 755 1752 gravitatem
798 1710 899 1742 nolui
945 1709 1119 1743 omittere.

135 1758 242 1792 Posse
262 1758 355 1791 enim
371 1758 525 1790 accidere
547 1759 653 1791 miras
677 1759 905 1801 imposturas,
933 1758 1036 1792 etiam
1053 1771 1118 1792 no-

137 1815 207 1843 stra
224 1815 315 1842 aetas
333 1808 422 1842 vidit
437 1808 472 1840 in
492 1807 650 1851 exemplo
669 1807 959 1848 Monasteriensi,
987 1809 1049 1841 ubi
1066 1809 1118 1841 fa-

136 1858 244 1892 natici
268 1856 430 1892 homines
455 1858 663 1891 simularunt
692 1855 969 1898 enthusiasmos,
995 1865 1027 1891 et
1052 1870 1117 1891 no-

135 1921 219 1942 vum
236 1919 381 1952 regnum
400 1907 612 1942 constituere
628 1914 835 1951 coeperunt:
862 1907 961 1942 Sicut
984 1914 1017 1941 et
1032 1909 1117 1941 olim

136 1960 174 1992 in
193 1959 322 2003 oppido
342 1956 516 2004 Phrygiae
534 1957 671 2002 Pepuza
694 1957 835 1992 fanatici
854 1955 1014 1991 homines
1032 1971 1117 1991 con-

137 2016 345 2049 currerunt,
372 2016 404 2042 et
428 2019 588 2051 magnam
615 2008 800 2052 pecuniam
824 2015 1003 2051 praetextu
1028 2009 1116 2042 vati-

136 2060 311 2093 ciniorum
335 2059 569 2102 collegerunt,
601 2060 712 2093 donce
741 2059 883 2092 tandem
908 2057 1116 2092 alamanus

136 2121 258 2144 eorum
281 2109 445 2152 magister
467 2109 533 2142 sibi
558 2109 681 2154 laqueo
713 2109 820 2143 vitam
843 2109 974 2150 finivit,
1001 2110 1116 2154 etalii

136 2160 214 2194 aliis
235 2160 371 2194 casibus
387 2160 577 2203 perierunt.

238 2216 341 2250 Talia
366 2217 521 2260 exempla
538 2216 736 2249 meminisse
752 2216 838 2250 utile
859 2223 928 2257 est,
956 2228 999 2249 ne
1016 2229 1116 2261 prae-

136 2267 376 2311 stigiatoribus
399 2267 618 2311 inexplorato
640 2266 820 2300 doctrinae
843 2279 968 2310 genere
995 2269 1115 2300 creda-

136 2325 212 2358 tur,
243 2323 276 2351 et
302 2325 341 2352 ut
367 2317 521 2361 precatio
546 2317 590 2351 sit
612 2317 806 2358 ardentior,
840 2324 878 2350 ut
902 2316 996 2351 Deus
1021 2324 1115 2360 regat

136 2374 287 2408 mentes,
314 2379 358 2400 ne
375 2368 508 2412 laqueis
524 2366 667 2402 Diaboli
686 2368 927 2411 implicentur,
953 2368 1041 2401 sicut
1059 2368 1113 2400 vi-

137 2418 254 2451 dimus
276 2417 342 2461 ipsi
363 2418 562 2461 ingeniosos
586 2416 746 2451 homines
772 2415 990 2451 horribiliter
1015 2430 1113 2451 ever-

137 2480 193 2502 sos
223 2479 295 2502 esse
326 2467 364 2501 in
388 2469 560 2504 seditione
592 2468 823 2512 agricolarum
858 2475 890 2502 et
923 2469 1009 2501 urbe
1033 2468 1115 2502 Mo-

136 2518 358 2553 nasteriensi.

238 2577 396 2612 Historia
425 2589 507 2611 vero
536 2577 712 2612 Cretensis
744 2577 827 2611 haec
859 2585 923 2612 est:
959 2578 1112 2621 Quidam

137 2630 308 2673 impostor
334 2628 511 2662 simulavit
535 2639 570 2662 se
595 2640 666 2663 esse
689 2628 834 2669 Mosen,
863 2629 959 2662 coelo
986 2630 1111 2662 demis-

779 91 1071 131 CHRONICON
1099 89 1343 128 CARIONIS.
1395 91 1520 128 PARS
1549 91 1596 129 ΙΙ.

2056 104 2150 139 1022

1182 188 1276 217 sum,
1304 184 1342 211 ut
1373 178 1515 212 reducat
1547 177 1694 213 Iudaeos
1727 181 1764 214 in
1789 183 1935 226 patriam
1967 197 2027 229 per
2050 200 2154 223 mare.

1182 225 1335 269 Vagatur
1351 228 1485 269 integro
1501 241 1593 262 anno
1610 242 1672 273 per
1687 230 1837 271 Cretam,
1865 241 1898 268 et
1909 234 2045 270 Iudaeis
2063 239 2153 272 diem

1179 278 1369 314 constituit.
1409 278 1527 321 Fingit
1546 280 1719 322 vaticinia,
1747 283 1879 326 colligit
1898 287 2094 329 pecuniam,
2122 297 2154 322 et

1179 329 1318 360 tandem
1343 329 1400 361 die
1426 331 1616 363 constituto
1645 332 1787 367 adducit
1816 336 2079 370 multitudinem
2111 340 2154 372 ad

1178 376 1293 418 littus,
1320 379 1381 412 ubi
1398 380 1493 413 iubet
1511 380 1641 423 primos
1656 382 1796 416 desilire
1812 384 1847 416 in
1865 397 1974 426 mare,
2003 400 2154 431 quorum

1177 427 1287 472 aliqui
1307 440 1384 461 cum
1409 430 1638 471 (lesiliissent‚
1664 433 1853 475 perierunt.
1905 434 1989 469 Mox
2014 439 2055 470 ad
2075 450 2153 471 eum

1178 477 1293 510 locum
1318 479 1425 511 vicini
1451 487 1574 512 nautae
1600 490 1806 524 properant,
1843 491 1874 517 et
1902 486 2039 530 aliquos
2066 489 2154 521 reci-

1177 528 1295 570 piunt,
1322 535 1352 561 et
1371 530 1414 561 ad
1429 530 1690 563 multitudinem
1715 534 1970 576 vociferantur,
1998 549 2040 569 ne
2062 539 2154 570 desi-

1176 577 1273 610 liant.
1328 578 1377 612 Ita
1399 580 1587 613 multitudo
1611 588 1744 614 servata
1769 590 1836 624 est,
1867 591 1898 617 et
1924 586 2091 629 impostor
2117 600 2152 622 se

1175 628 1353 663 subduxit.
1407 628 1501 662 Haec
1532 630 1596 663 suit
1630 632 1764 664 occasio
1798 634 1936 672 multis,
1971 643 2008 668 ut
2032 638 2152 672 relicto

1177 676 1354 711 ludaismo
1369 680 1662 722 amplecterentur
1676 682 1869 715 doctrinam
1881 681 2023 720 Christi.
2062 686 2152 720 Cum

1175 734 1290 760 autem
1307 729 1455 771 singulis
1472 730 1643 763 aetatibus
1657 731 1766 776 aliqui
1787 733 1869 766 tales
1887 734 1956 768 sint
1973 733 2153 770 Cretenses

1174 776 1317 819 Mosae,
1352 780 1413 824 qui
1442 780 1529 812 falso
1560 787 1740 824 praetextu
1770 783 1951 825 religionis
1981 787 2152 820 tumultus

1174 828 1335 867 excitant,
1364 830 1652 864 commonefaciat
1670 831 1814 866 lectores
1832 831 1915 866 haec
1931 831 2087 875 historia,
2115 845 2152 870 ut

1173 877 1242 911 sint
1266 890 1436 912 memores
1459 880 1558 913 dicti:
1586 879 1737 915 Probate
1762 883 1923 926 spiritus,
1951 897 1993 917 an
2018 897 2056 918 ex
2073 885 2149 919 Deo

1172 927 1254 961 sint.
1307 926 1353 961 Et
1374 930 1502 971 cogites
1526 930 1613 962 illud
1640 929 1859 974 Epicharmi:
1886 936 1980 979 νῆᾳε
2002 934 2059 969 καὶ
2086 935 2148 978 lug*

1170 987 1291 1020 μνησο
1306 976 1472 1013 ἀπιστεῖν
1489 979 1617 1024 ἄρθρα
1634 983 1752 1014 ταῦτα
1769 986 1927 1027 φρενῶν.

1223 1075 1329 1109 Anno
1357 1078 1482 1110 mundi
1507 1084 1629 1122 quater
1647 1079 1833 1113 millesimo
1850 1084 2151 1126 ‹piadringentesi-

1374 1139 1432 1160 mo
1450 1128 1584 1160 decimo
1606 1135 1713 1161 sexto.

1222 1174 1329 1209 Anno
1347 1175 1484 1210 Romae
1500 1177 1687 1210 millesimo
1705 1180 1943 1214 ducentesimo
1961 1192 2095 1227 quarto.

1222 1225 1329 1259 Anno
1354 1224 1487 1260 Christi
1511 1228 1829 1272 quadringetesimo
1863 1232 2150 1277 quinquagesimo

1379 1284 1516 1321 quarto-

1491 1355 1830 1390 Martianus.

1273 1423 1499 1461 stlat-[ianus
1522 1426 1724 1462 Theodosio
1752 1433 1904 1464 secundo
1929 1432 1965 1465 in
1991 1431 2149 1468 Orientis

1173 1477 1320 1520 imperio
1343 1479 1522 1519 successit,
1549 1491 1627 1512 curn
1651 1479 1769 1513 suisset
1794 1489 1894 1514 antea
1911 1483 2036 1516 ductor
2052 1496 2148 1518 exer-

1172 1528 1261 1561 citus
1279 1526 1473 1561 Theodosii
1489 1529 1633 1562 secundi
1653 1530 1689 1562 in
1706 1530 1822 1563 Ast-ica
1843 1539 1963 1566 contra
1982 1533 2150 1567 Conseri-

1172 1590 1270 1618 cum,
1296 1584 1329 1611 et
1349 1578 1477 1612 deinde
1504 1579 1539 1611 in
1562 1579 1663 1624 Syria
1691 1588 1810 1614 contra
1837 1581 1976 1622 Persas,
2004 1596 2076 1617 non
2093 1597 2149 1617 so-

1172 1628 1245 1660 lum
1271 1635 1413 1671 propter
1434 1629 1597 1662 militiam
1618 1631 1829 1663 antecellens
1855 1633 2056 1673 autoritate,
2089 1637 2148 1667 sed

1173 1677 1276 1710 etiam
1300 1685 1442 1720 propter
1467 1679 1640 1712 iusticiam
1660 1686 1691 1712 et
1706 1680 1881 1722 pietatem.
1934 1682 2022 1715 Cum
2044 1684 2150 1726 igitur

1172 1736 1296 1767 magna
1312 1732 1398 1759 esset
1415 1727 1583 1760 autoritas
1599 1726 1806 1761 Pulcheriae
1830 1732 1958 1764 sororis
1976 1731 2148 1766 Theodo-

1171 1775 1213 1808 sii
1235 1776 1399 1816 secundi,
1432 1773 1515 1809 haec
1536 1776 1754 1810 Ma1·ti.·umm
1785 1779 1852 1811 iam
1880 1781 2071 1823 ingressum
2098 1796 2149 1816 sc-

1171 1831 1307 1858 nectam
1329 1833 1472 1870 propter
1497 1827 1660 1860 virtutem
1686 1829 1729 1860 ad
1753 1830 1952 1872 coniugium
1971 1839 2001 1864 et
2019 1834 2059 1865 ad
2084 1835 2149 1866 im-

1171 1874 1307 1919 perium
1324 1876 1505 1917 invitavit,
1532 1879 1589 1909 sed
1610 1875 1675 1910 hoc
1695 1885 1812 1921 pacto,
1840 1892 1883 1912 ne
1908 1893 1982 1913 eam
2001 1884 2148 1925 attinge-

1170 1931 1240 1965 ret,
1267 1925 1349 1970 quia
1374 1926 1441 1958 iam
1465 1927 1710 1969 grandiuscula
1735 1929 1904 1962 moritura
1929 1939 2013 1964 esset
2037 1933 2145 1975 virgo.

1170 1975 1302 2008 Tenuit
1333 1975 1520 2019 imperium
1547 1976 1745 2011 Martianus
1773 1990 1865 2011 anno
1888 1992 1943 2012 sex
1962 1988 1991 2014 et
2013 1994 2147 2016 meuses

1169 2037 1238 2060 sex.
1288 2023 1334 2058 Et
1357 2032 1396 2059 ut
1418 2025 1595 2060 Ecclesiae
1619 2028 1811 2061 discordias
1837 2031 1990 2066 sedaret,
2018 2033 2094 2065 fecit
2115 2042 2147 2067 et

1169 2087 1247 2108 cum
1258 2075 1371 2109 Persis
1388 2084 1420 2111 et
1437 2089 1514 2110 cum
1526 2076 1696 2111 Vandalis
1713 2079 1748 2111 in
1762 2080 1878 2112 ,tsi-ica
1896 2093 2022 2124 pacem.
2056 2082 2144 2115 Nun

1169 2127 1217 2159 ibi
1236 2127 1321 2159 olim
1338 2127 1495 2171 captivus
1513 2129 1718 2172 promiserat
1736 2128 1943 2166 Genserico,
1972 2143 2006 2163 se
2027 2133 2052 2164 si
2077 2132 2145 2165 lm·—

1169 2183 1310 2220 perator
1334 2177 1451 2220 fieret,
1488 2190 1560 2211 non
1591 2179 1770 2212 illaturum
1804 2180 1933 2212 bellum
1968 2181 2143 2216 Yandalis.

1169 2226 1379 2260 Gensoricus
1395 2229 1487 2260 enim
1504 2229 1743 2272 contemplans
1758 2230 1930 2272 captivos,
1959 2232 2090 2265 viderat
2114 2234 2144 2265 ci

1168 2278 1355 2311 dormienti
1373 2278 1410 2310 in
1428 2291 1561 2321 campo,
1584 2285 1615 2312 et
1635 2280 1669 2312 iu
1686 2285 1781 2312 aestu
1795 2281 1947 2324 aquilam
1967 2288 2142 2324 tegereca—

1168 2335 1248 2372 put,
1275 2340 1318 2360 ne
1343 2328 1450 2360 radiis
1471 2328 1563 2362 Solis
1591 2330 1794 2362 laederetur.
1848 2329 1923 2363 lloc
1947 2334 2141 2375 spectaculo

1167 2379 1354 2411 delectatus
1380 2379 1511 2412 dimisit
1534 2391 1633 2417 eum,
1661 2380 1878 2423 praesagiens
1901 2381 2142 2424 imperatorem

1167 2430 1258 2469 sore,
1286 2436 1317 2461 et
1336 2435 1455 2472 pactus
1472 2436 1536 2469 est,
1564 2441 1608 2461 ne
1625 2428 1793 2463 Vandalis
1813 2431 1943 2463 bellum
1965 2432 2112 2465 inst-rtet.

1267 2479 1373 2511 Auno
1398 2481 1551 2512 secundo
1572 2478 1740 2514 Martiani
1767 2480 1875 2514 Attila
1901 2481 2012 2514 victus
2036 2490 2082 2515 est
2098 2484 2139 2514 ad

1167 2529 1333 2562 Tolosam
1360 2541 1484 2572 magno
1511 2528 1663 2574 praelio,
1689 2537 1727 2564 ut
1744 2542 1848 2574 supra
1865 2532 2026 2565 diximus.
2084 2531 2138 2564 lu-

1167 2580 1210 2611 de
1235 2591 1407 2621 egressus,
1444 2592 1522 2613 cum
1556 2581 1647 2613 vires
1672 2581 1708 2613 in
1732 2580 1914 2614 Pannonia
1942 2590 2138 2623 rcpatu'tsst't.

1168 2629 1302 2663 ltaliam
1334 2630 1460 2664 invasit
1491 2637 1590 2673 capta
1622 2631 1802 2676 Aquileia.
1840 2631 2079 2664 Mediolanum
2108 2640 2135 2664 ct

1503 2679 1551 2714 65
1566 2677 1584 2696 ἢ*
