2324 2955
101 125 176 164 497

203 209 261 245 16.
292 206 340 244 Et
360 209 538 254 praeclare
561 206 763 242 Martianus
788 206 985 252 Imperator
1007 205 1089 241 dist.

97 262 160 298 96.
175 261 237 303 ait,
263 272 298 295 se
317 261 569 294 interfuturum
586 258 793 303 cognitioni,
822 257 981 302 exemplo
992 255 1088 291 Con-

99 313 264 355 stantini,
290 319 330 347 ut
346 311 492 345 veritate
516 311 683 355 patefacta
707 322 829 345 rursus
851 309 996 343 dissidia
1019 308 1089 342 tol-

98 364 230 399 lantur.

203 421 262 456 17.
296 418 343 453 Et
359 418 527 453 Nicotaus
545 420 638 464 Papa
656 420 793 465 inquit,
818 419 1001 463 Principes
1016 429 1091 451 non

101 475 267 507 interesse
282 471 516 504 conventibus
525 469 785 516 Episcoporum
802 470 839 503 in
850 471 994 504 caeteris
1006 481 1091 502 con-

97 522 294 562 troversiis,
335 529 474 566 praeter
503 522 583 555 fidei
616 532 757 562 causas,
807 533 894 565 quae
925 521 1092 555 omnibus

97 573 297 607 communis
319 579 380 606 est.

205 631 263 665 18.
309 630 467 665 Potestas
503 630 617 664 civilis
652 630 758 664 debet
792 630 918 675 exequi
953 630 1089 662 decreta

97 680 253 728 Synodi,
277 693 456 715 removere
474 681 604 726 impios
619 682 792 715 Doctores
809 683 853 714 ab
868 680 1045 714 Ecclesiis.

202 740 260 776 19.
296 739 387 774 Cum
410 740 519 783 igitur
536 742 662 775 debeat
687 742 808 786 exequi
836 741 939 773 iudex
961 740 1004 772 de
1026 741 1092 773 do-

98 791 229 830 ctrina,
257 791 362 825 debet
378 791 629 825 conscientiam
645 790 774 825 babere
791 798 881 824 recte
900 791 1091 823 eruditam:

98 841 219 884 Quare
236 853 310 875 non
328 849 464 876 tantum
480 843 605 875 alienis
621 843 731 875 oculis
750 843 867 875 videre
883 841 1004 880 debet,
1032 841 1092 874 sed

97 892 168 926 suis
180 917 189 931 ‚
218 899 251 926 et
268 893 408 931 audire,
437 900 469 926 et
487 893 684 936 intelligere
700 892 968 926 controversias.

202 951 262 986 20.
297 951 369 985 Nec
388 958 505 985 tamen
531 953 573 984 ad
591 958 797 995 potestatem
826 951 964 984 civilem
986 951 1094 994 perti-

97 1008 159 1036 net
173 1002 347 1046 cognitio,
375 1003 432 1035 sed
453 1003 496 1035 ad
511 1000 719 1035 Ecclesiam.
773 1000 838 1035 Est
855 1008 970 1034 autem
994 1008 1094 1045 pote-

98 1059 168 1086 stas
185 1053 299 1086 civilis
322 1064 403 1096 pars
418 1050 615 1091 Ecclesiae,
640 1059 679 1086 ut
702 1053 758 1096 pie
784 1052 901 1097 inquit
918 1051 1095 1086 Constan-

99 1103 209 1137 tinus:
236 1099 489 1148 ovvfflepcirtwv
505 1100 680 1147 ὑμέτερος
696 1110 759 1136 etc.

200 1161 262 1196 21.
297 1160 351 1195 De
367 1162 492 1194 ordine
511 1162 724 1204 cognitionis
742 1161 914 1194 servanda
930 1167 1022 1194 certe
1040 1161 1094 1193 lex

100 1219 150 1246 est
168 1209 306 1256 ὁμοίως
323 1210 467 1257 ἀμφοῖν
485 1210 711 1257 ἀκροᾶσθαι.
771 1210 817 1244 Et
834 1212 895 1244 ubi
913 1212 1094 1244 voluntate

101 1263 257 1307 partium
276 1262 411 1296 iudices
436 1262 523 1295 boni
548 1269 582 1295 et
604 1262 698 1295 docti
716 1261 841 1294 delecti
860 1269 961 1302 sunt,
988 1268 1020 1294 et
1041 1273 1095 1294 res

101 1313 227 1346 ordine
243 1312 422 1355 cognitae,
448 1313 546 1344 decet
562 1324 682 1355 parere
701 1312 818 1343 iudico
835 1312 990 1346 illorum.
1024 1312 1096 1346 De-

102 1370 155 1396 cet
171 1363 266 1396 enim
280 1373 571 1406 unumquemque
590 1374 691 1394 nosse
707 1362 850 1394 modum
870 1373 951 1395 suae
970 1362 1060 1395 fidei.

203 1421 264 1454 22.
299 1418 534 1452 ludicandum
557 1426 608 1453 est
631 1432 670 1452 ex
693 1420 800 1452 verbo
820 1418 905 1460 Dei,
939 1426 972 1452 et
997 1427 1096 1453 vetus

100 1468 258 1503 Ecclesia
276 1475 419 1502 eatenus
438 1469 655 1501 consulenda
673 1475 741 1508 est,
768 1480 812 1502 ne
833 1471 928 1513 quod
947 1470 1096 1514 recipia-

101 1527 160 1554 tur
175 1521 301 1563 dogma
318 1519 475 1561 ignotum
495 1519 604 1553 veteri
618 1517 807 1552 Ecclesiae.

102 1637 305 1686 (XXXV.)
331 1640 438 1673 Alia
458 1636 749 1682 disputatio:
774 1637 819 1672 de
833 1637 1097 1673 traditionibus

129 1693 171 1725 in
196 1690 375 1724 Ecclesia,
429 1691 482 1730 (In
499 1703 569 1731 opp.
587 1691 658 1721 Mel.
676 1690 768 1721 Basil.
789 1692 826 1724 T.
843 1691 902 1721 ΙΙΙ.
929 1703 958 1731 p.
977 1692 1066 1730 292.)

106 1764 275 1804 Traditio
291 1768 459 1809 bumana,
487 1769 645 1802 instituta
661 1776 719 1803 aut
737 1770 918 1804 observata
938 1769 1001 1804 bac
1020 1772 1096 1816 opi-

104 1821 233 1861 nIOne,
275 1821 369 1866 quod
404 1826 581 1852 mereatur
603 1820 847 1854 remissionem
872 1829 1095 1866 peccatorum

49 1877 53 1879 ’
105 1879 165 1907 aut
183 1871 483 1911 iustificationem,
512 1877 561 1903 est
577 1871 695 1914 impia.

207 1923 242 1958 2.
278 1919 399 1966 Opera
430 1921 504 1965 ipsa
534 1921 765 1955 traditionum
791 1923 866 1956 fieri
892 1923 993 1961 licet,
1036 1924 1093 1956 sed

106 1974 173 2015 ita,
200 1984 244 2006 ne
261 1973 434 2006 iusticiam
452 1972 530 2004 fidei
547 1979 714 2008 evertant.

208 2024 243 2056 3.
277 2023 328 2057 lta
353 2023 463 2056 sancti
484 2030 670 2066 potuerunt
694 2025 743 2056 uti
763 2024 1031 2063 traditionibus,
1057 2032 1097 2059 ut

107 2087 180 2108 non
199 2086 260 2118 per
277 2085 333 2107 eas
348 2080 568 2107 mererent-ur
585 2074 863 2108 iustificationem
877 2103 886 2116 ,
921 2078 978 2108 sed
1000 2077 1096 2110 velut

107 2123 265 2165 scholis,
293 2126 327 2157 in
347 2125 475 2170 quibus
490 2130 583 2157 certa
600 2131 774 2169 tempora,
801 2133 913 2159 certae
931 2127 1096 2160 lectiones

108 2177 152 2210 ad
171 2177 377 2209 discendum
398 2175 683 2215 constituuntur,
704 2189 775 2209 non
794 2184 832 2210 ut
855 2178 923 2211 sint
943 2178 1095 2222 peculia-

108 2238 163 2261 res
182 2227 316 2267 cultus,
339 2226 444 2260 utiles
461 2228 503 2259 ad
522 2226 730 2270 placandum
747 2226 873 2261 Deum.

210 2277 246 2312 4.
286 2277 530 2312 Certissimum
561 2284 630 2318 est,
668 2279 907 2313 remissionem
939 2288 1094 2324 peccato-

111 2340 190 2363 rum
206 2328 278 2362 sola
296 2328 363 2361 fide
380 2328 595 2371 contingere.

213 2378 248 2412 5.
282 2377 497 2413 Rechabitae
514 2379 706 2412 laudantur
730 2379 765 2412 in
789 2380 988 2425 scripturis,
1014 2394 1097 2427 pro-

111 2438 191 2476 pter
217 2430 498 2464 observationem
525 2436 699 2464 certarum
728 2431 981 2473 traditionum,
1016 2434 1098 2478 quia

113 2480 339 2516 abstinebant
360 2491 380 2513 a
403 2480 507 2523 vino,
540 2493 605 2515 nec
627 2478 806 2516 habebant
828 2489 938 2517 certas
962 2495 1100 2528 posses-

115 2544 240 2566 siones.

216 2583 251 2617 6.
285 2580 498 2626 Quanquam
531 2590 646 2617 autem
678 2584 790 2626 magis
814 2584 1014 2619 obedientia
1040 2588 1101 2620 de-

114 2633 187 2667 bita
211 2632 417 2677 parentibus
435 2633 614 2674 laudetur,
641 2634 730 2668 sicut
746 2635 783 2667 in
805 2636 972 2680 exemplis
993 2637 1102 2672 inter-

116 2686 200 2718 dum
219 2694 346 2726 genus,
372 2695 445 2716 non
461 2684 591 2728 species
608 2686 790 2728 laudatur,
818 2698 922 2731 quam
940 2688 1012 2733 ipsa
1030 2700 1102 2723 res:

169 2736 347 2768 Mummii.
374 2736 475 2769 Orien.
503 2736 586 2769 Vot..
604 2736 680 2769 ΧΠ.

742 119 1005 156 PHILIPPI
1040 116 1489 154 MELANTHONIS.

2054 124 2127 160 498

1140 211 1256 238 tamen
1287 217 1367 239 cum
1396 211 1465 238 tam
1498 205 1682 248 magnifica
1709 206 1896 250 promissio
1925 208 2045 242 addita
2074 210 2130 251 sit,

1140 267 1214 290 rem
1231 268 1372 302 quoque
1391 256 1560 300 placuisse
1576 255 1652 290 Deo
1669 268 1808 291 necesse
1826 265 1887 292 est.

1242 306 1276 340 7.
1314 306 1463 340 Necesse
1489 314 1539 340 est
1560 307 1685 350 igitur,
1717 309 1811 353 quod
1837 306 1900 342 bas
1922 310 2131 345 traditiones

1140 357 1357 391 servaverint
1373 357 1448 390 sine
1471 357 1601 392 iniuria
1618 358 1719 397 fidei,
1744 359 1826 403 quia
1844 360 2018 407 quidquid
2037 363 2131 397 tollit

1140 408 1288 452 gloriam
1306 406 1441 442 Christi
1460 409 1607 451 impium
1627 416 1688 442 est.

1243 459 1278 492 8.
1315 458 1404 492 Nam
1421 460 1679 504 qualiacunque
1695 461 1851 504 exempla
1870 461 2034 503 citantur,
2058 475 2129 496 non

1141 510 1271 543 debent
1288 510 1475 543 manifesto
1493 508 1689 553 Evangelio
1708 512 1888 553 praeferri.

1243 560 1280 594 9.
1307 558 1353 593 Et
1370 561 1525 604 exempla
1543 561 1736 594 secundum
1755 568 1883 594 certam
1901 563 2056 605 regulam
2076 564 2131 597 in-

1141 611 1253 654 telligi
1279 611 1427 651 debent,
1463 623 1535 644 non
1559 611 1679 655 regula
1702 618 1848 655 propter
1874 614 2030 657 exempla
2055 627 2133 648 cor-

1141 674 1271 706 rumpi.

1248 713 1305 748 10.
1347 710 1563 747 Rechabitae
1591 712 1685 746 inter
1713 710 1848 746 Gentes
1873 710 2135 755 habitaverunt,

1140 763 1235 797 inter
1251 775 1355 809 quas,
1383 771 1422 797 ut
1439 765 1581 797 ederent
1596 763 1837 797 testimonium
1857 775 1938 797 suae
1955 764 2048 804 fidei,
2071 777 2135 797 vo-

1144 815 1287 847 luerunt
1311 815 1464 847 discerni
1489 827 1550 859 per
1575 814 1661 847 tales
1689 821 1809 857 notas,
1850 827 1922 848 non
1946 815 2136 860 voluerunt

1144 877 1205 908 per
1220 876 1276 897 eas
1296 865 1489 898 iustificari.
1530 863 1576 899 Et
1592 865 1760 898 credibile
1777 872 1836 904 est,
1864 866 1958 911 quod
1977 866 2136 898 scribunt

1145 915 1285 956 ludaei,
1322 913 1386 948 hos
1411 928 1483 948 non
1509 916 1614 949 fuisse
1639 915 1832 956 lsrasslssas,
1867 917 1925 949 sed
1951 929 1990 949 ex
2010 917 2137 949 vicinis

1145 966 1344 1006 Gentibus,
1372 966 1464 999 inter
1478 978 1564 1011 quas
1580 978 1667 1009 opus
1686 966 1751 999 fuit
1770 975 1862 1000 certo
1881 967 2098 1000 discrimine.

1250 1018 1306 1051 11.
1342 1015 1462 1059 Quare
1487 1029 1566 1049 cum
1592 1017 1667 1048 sine
1691 1016 1799 1060 impia
1823 1017 1993 1060 opinione
2020 1029 2138 1051 serva-

1147 1067 1261 1100 verint
1278 1078 1379 1099 suuin
1398 1078 1532 1099 morem
1552 1064 1788 1106 Recbabitae,
1811 1067 1943 1099 laudati
1962 1073 2055 1102 sunt.

1252 1118 1310 1151 12.
1348 1116 1407 1150 Sic
1433 1117 1469 1149 in
1496 1117 1570 1159 lege
1596 1117 1710 1150 cultus
1733 1116 1842 1160 impia
1868 1117 2039 1161 opinione
2064 1129 2137 1151 ser-

1147 1168 1232 1208 vati,
1258 1174 1296 1200 ut
1314 1168 1455 1211 politica
1473 1167 1660 1211 disciplina
1678 1179 1737 1200 seu
1761 1168 1991 1211 paedagogia,
2025 1169 2140 1213 place-

1146 1220 1231 1252 bant
1249 1218 1334 1251 Deo.

1252 1269 1307 1304 13.
1343 1269 1411 1303 Sed
1432 1268 1557 1302 servati
1576 1276 1744 1313 tanquam
1769 1275 1990 1303 mererentur
2014 1270 2141 1303 iustifi-

1147 1321 1318 1353 cationem
1338 1331 1455 1352 coram
1472 1319 1567 1359 Deo,
1593 1320 1828 1362 displicebant
1843 1318 1931 1352 Deo.

1253 1368 1310 1405 14.
1345 1369 1441 1402 Male
1459 1369 1567 1411 igitur
1589 1376 1795 1413 praetexunt
1818 1367 1983 1402 monachi
2000 1369 2141 1405 Recha-

1148 1421 1298 1454 bitarum
1332 1421 1529 1462 exemplum
1554 1420 1625 1453 suis
1652 1420 1920 1461 traditionibus,
1963 1433 2042 1454 cum
2073 1422 2141 1466 ipsi

1148 1471 1352 1510 docuerint,
1393 1482 1454 1513 per
1478 1481 1557 1502 suas
1582 1471 1790 1504 traditiones
1819 1471 1946 1504 mereri
1971 1472 2140 1506 iustifica-

1148 1521 1291 1555 tionem.

1254 1568 1313 1607 15.
1348 1569 1561 1616 Quanquam
1579 1569 1770 1604 ridiculum
1793 1577 1862 1609 est,
1890 1571 2051 1606 conferre
2067 1571 2141 1607 Re-

1149 1619 1308 1655 cliabitas
1331 1634 1409 1655 cum
1434 1618 1628 1656 monachis.
1686 1619 1904 1655 Recliabitae
1928 1623 2020 1655 serio
2045 1635 2142 1657 care-

1149 1673 1234 1705 bant
1247 1673 1432 1711 domibus,
1457 1672 1569 1714 agris,
1595 1672 1720 1706 vineis.
1774 1670 2033 1707 Manachorum
2053 1686 2142 1718 pau-

1151 1728 1266 1767 pertas
1281 1729 1352 1756 tota
1371 1722 1534 1755 simulata
1554 1728 1588 1755 et
1602 1722 1677 1755 ficta
1696 1729 1758 1755 est.

1255 1773 1310 1806 16.
1351 1772 1449 1806 Male
1471 1773 1575 1806 etiam
1602 1773 1817 1816 praetexitur
1846 1774 2042 1817 exemplum
2066 1774 2141 1809 Re-

1149 1822 1370 1858 cbabitarum
1391 1823 1662 1864 traditionibus,
1689 1835 1774 1869 quas
1792 1825 2143 1867 exiguntPontifices,

1149 1882 1317 1920 tanquam
1335 1874 1548 1908 necessarios
1565 1874 1688 1909 cultus.
1738 1873 1827 1907 Nam
1846 1877 2054 1910 traditiones
2067 1889 2141 1910 non

1149 1933 1231 1959 sunt
1249 1925 1436 1959 necessarii
1452 1925 1588 1965 cultus,
1615 1932 1647 1958 et
1673 1926 1718 1958 ob
1741 1922 1831 1960 hanc
1849 1938 1987 1960 causam
2015 1928 2140 1961 violari

1150 1983 1307 2021 possunt.

1255 2027 1313 2061 17.
1352 2026 1403 2061 Ita
1428 2023 1593 2070 losapliat
1626 2032 1658 2059 et
1694 2038 1753 2058 rex
1778 2023 1906 2058 Ninive
1933 2026 2139 2063 indixerunt

1150 2078 1342 2118 ieiunium,
1369 2090 1440 2111 non
1459 2084 1497 2110 ut
1512 2089 1574 2121 per
1591 2076 1762 2109 ieiunium
1787 2075 2058 2111 iustificarentur
2074 2077 2139 2112 lio-

1150 2130 1274 2162 mines.
1327 2128 1424 2172 Quid
1445 2128 1537 2161 enim
1555 2139 1643 2171 opus
1660 2135 1731 2160 erat
1754 2127 1945 2170 pecudibus
1969 2128 2141 2173 imperare

1152 2180 1345 2220 ieiunium,
1373 2180 1401 2213 si
1421 2180 1468 2212 ita
1485 2178 1718 2224 quaerebatur
1737 2177 1960 2210 iustificatio'?

1256 2231 1314 2266 18.
1348 2229 1417 2264 Sed
1436 2237 1575 2263 externa
1595 2228 1766 2261 consessio
1785 2234 1817 2260 et
1841 2229 2044 2272 protestatio
2067 2238 2140 2265 erat

1151 2282 1252 2323 fidei,
1285 2281 1361 2316 Rex
1385 2280 1514 2316 Ninive
1539 2279 1693 2313 ostendit
1714 2276 1779 2311 hoc
1806 2290 1898 2312 novo
1923 2281 2081 2325 exemplo
2106 2294 2141 2315 se

1151 2334 1292 2367 credere
1310 2332 1435 2373 lonae,
1461 2338 1495 2365 et
1513 2331 1600 2364 alios
1616 2330 1659 2363 ad
1681 2330 1896 2363 credendum
1917 2328 2023 2364 lonae
2047 2332 2141 2366 invi-

1152 2385 1261 2418 tabat.

1260 2433 1319 2470 19.
1361 2432 1413 2467 Ita
1439 2429 1601 2476 losaphat
1627 2431 1765 2466 valebat
1788 2427 1924 2464 hortari
1950 2432 1993 2466 ad
2016 2434 2141 2477 poeni-

1154 2486 1299 2520 tentiam
1317 2491 1349 2518 et
1366 2483 1574 2517 orationem.

1257 2536 1317 2570 20.
1359 2534 1463 2568 Talia
1493 2540 1592 2567 erant
1620 2540 1652 2567 et
1677 2529 1856 2566 Encaenia
1877 2532 2037 2567 instituta
2063 2532 2142 2567 Ma-

1156 2586 1315 2625 cbabeis,
1342 2598 1415 2618 non
1434 2586 1528 2630 quod
1543 2584 1743 2618 observatio
1767 2583 1838 2617 diei
1863 2595 1902 2616 ex
1931 2596 2035 2627 opere
2059 2596 2142 2628 ope-

1158 2646 1233 2672 rato
1251 2644 1338 2670 esset
1355 2637 1480 2677 cultus,
1507 2636 1565 2669 sed
1585 2641 1625 2669 ut
1641 2641 1727 2668 esset
1745 2641 2026 2675 monumentum,
2048 2635 2141 2669 velut

1159 2687 1366 2734 tropheum,
1394 2688 1588 2721 admonens
1605 2687 1647 2718 ad
1667 2685 1795 2729 gratias
1811 2686 1971 2728 agendas.
