2324 2955
115 89 189 125 689

115 223 238 266 stiani,
258 223 319 269 qui
345 223 448 267 longe
475 222 604 255 debent
625 221 848 264 magistratus
867 221 1038 256 iudicium
1061 231 1101 254 ac

115 275 226 318 legem
243 274 419 318 praeferre
437 272 514 305 aliis
533 271 740 308 rationibus.

114 389 215 433 (IV.)
242 390 301 423 De
318 387 537 422 discrimine
553 389 746 434 Evangelii
766 392 800 422 et
818 385 1094 432 Philosophiae.

313 441 502 480 (Opp.Me1.
519 440 612 471 Basil.
631 439 739 474 T.111.
765 453 794 480 p.
812 441 900 480 311.)

114 513 213 554 Cum
227 520 359 554 Paulus
376 521 441 562 ait,
469 520 595 554 ‘Videte
615 532 659 553 ne
676 521 754 565 quis
773 533 835 554 vos
855 521 1007 564 decipiat
1033 531 1095 563 per

111 569 393 616 philosophiam,
434 583 507 604 non
541 571 717 614 improbat
747 569 1009 615 philosophiam
1034 571 1094 603 sed

112 622 273 663 abusum,
299 628 348 662 ut,
376 621 405 654 si
422 622 500 666 quis
518 621 621 661 dicat,
648 633 728 654 cave
744 633 788 654 ne
801 622 883 655 vino
899 620 1094 666 decipiaris,

111 672 141 706 is
158 684 231 706 non
248 672 423 714 vituperat
440 672 562 704 vinum
580 672 639 704 sed
655 672 816 704 abusum.

210 722 387 766 Loquitur
416 728 531 754 autem
556 720 687 755 Paulus
711 722 753 754 de
779 722 841 755 illo
865 721 996 761 abusu,
1031 719 1092 765 qui

111 772 261 806 maxime
276 777 378 804 nocet
397 771 433 804 in
450 769 625 811 Ecclesia,
653 771 813 805 videlicet
831 783 912 804 curn
934 771 982 804 ita
1000 770 1089 803 acci-

108 823 207 868 pitur
220 822 391 865 scriptura
415 822 514 866 quasi
536 819 628 853 nihil
652 821 749 854 aliud
771 822 911 859 doceat,
945 820 1014 853 nisi
1036 831 1092 853 ra-

109 873 218 906 tionis
235 870 409 905 humanae
426 871 635 905 doctrinam.
688 871 804 905 Facile
819 878 869 904 est
887 870 981 904 enim
996 877 1091 903 astu-

109 923 155 957 tis
170 920 377 955 hominibus
395 922 521 954 callida
546 921 837 963 interpretatione
855 918 1089 962 Evangelium

109 973 361 1007 transformare
384 971 422 1003 in
445 967 707 1015 philosophiam
729 981 790 1003 seu
813 970 1010 1003 doctrinam
1037 982 1093 1002 ra-

106 1022 216 1057 tionis
237 1020 427 1055 humanae.
490 1019 591 1053 Sicut
610 1018 771 1053 Iulianus
793 1018 962 1064 Apostata
986 1017 1092 1053 Chri-

107 1073 243 1107 stianos
257 1071 372 1114 arguit
386 1069 556 1113 inscitiae,
583 1069 677 1114 quod
695 1070 787 1102 male
804 1070 989 1104 intellectis
1004 1070 1092 1113 figu-

107 1123 157 1158 ris
176 1122 369 1165 scripturae
384 1120 537 1153 absurda
552 1120 718 1162 dogmata
734 1120 960 1163 peperissent.

210 1167 441 1213 Philosophia
464 1169 622 1202 continet
645 1175 735 1202 artes
759 1169 920 1208 dicendi,
946 1166 1091 1214 physio—

108 1223 239 1267 logiam
260 1227 293 1255 et
310 1225 493 1264 praecepta
515 1219 559 1252 de
583 1218 746 1252 civilibus
772 1219 942 1255 moribus.
997 1219 1091 1252 Haec

109 1272 273 1306 doctrina
298 1277 348 1304 est
372 1270 465 1303 bona
488 1275 646 1302 creatura
669 1268 756 1308 Dei,
799 1276 832 1302 et
853 1269 945 1302 inter
972 1270 1091 1302 omnia

108 1321 284 1356 naturalia
301 1320 393 1354 dona
410 1319 649 1363 praecipuum.
685 1317 733 1352 Et
749 1326 799 1352 est
813 1330 868 1352 res
884 1319 921 1352 in
939 1317 1004 1353 hac
1021 1319 1090 1352 vita

108 1370 281 1417 corporali
298 1382 336 1403 ac
353 1369 450 1404 civili
472 1369 684 1410 necessaria,
717 1369 806 1403 sicut
830 1369 945 1411 cibus,
977 1376 1092 1414 potuS,

109 1424 198 1456 sicut
216 1421 377 1464 publicae
394 1420 486 1462 leges
503 1426 536 1452 et
552 1425 699 1454 caetera.

208 1467 440 1513 Philosophia
465 1470 508 1502 de
531 1469 691 1502 moribus
711 1475 762 1503 est
786 1469 861 1513 ipsa
882 1469 936 1502 lex
958 1468 1025 1503 Dei
1048 1470 1090 1503 de

107 1520 273 1556 civilibus
289 1519 460 1553 moribus.

209 1568 383 1604 Omnium
418 1568 630 1612 ineptissimi
663 1575 763 1609 sunt,
810 1567 873 1613 qui
902 1569 1091 1610 somniant,

109 1623 159 1656 sic
181 1621 325 1654 differre
346 1616 608 1662 philosophiam
632 1624 665 1652 et
690 1616 924 1661 Evangelium
938 1646 947 1659 ,
995 1621 1089 1665 quod

106 1680 256 1716 utraque
271 1668 430 1707 doctrina
454 1668 498 1702 sit
520 1668 575 1702 lex
591 1669 633 1702 de
649 1669 826 1709 moribus,
851 1670 911 1702 sed
927 1667 1090 1713 Evange-

108 1723 196 1756 lium
232 1720 338 1754 addat
361 1718 530 1762 quasdam
556 1718 647 1760 leges
671 1719 714 1751 de
738 1719 890 1752 externis
913 1720 1090 1764 operibu5‚

108 1771 224 1818 qualis
253 1776 321 1808 est,
363 1780 436 1801 non
472 1779 544 1801 esse
576 1768 850 1810 vindicandum,
895 1776 929 1803 et
957 1770 1090 1804 similes

107 1822 288 1869 quasdam.
704 1860 707 1863 μ

210 1870 286 1904 Imo
302 1869 331 1902 si
350 1868 428 1913 quis
445 1868 547 1903 affert
570 1879 610 1901 ex
628 1866 822 1912 Evangelio
843 1870 953 1904 ullam
977 1872 1088 1915 legem

107 1925 150 1957 de
166 1922 237 1956 vita
257 1920 353 1954 civili
372 1925 588 1964 pugnantem
605 1930 684 1952 cum
706 1917 932 1964 philosophia
955 1929 1016 1956 aut
1040 1922 1086 1956 le-

107 1974 209 2017 gibus
225 1970 502 2015 Imperatorum,
527 1969 557 2002 is
575 1969 690 2002 statim
706 1969 898 2004 reiiciatur.

208 2022 308 2057 Sicut
322 2031 447 2054 manus
458 2018 560 2054 Iacob
572 2019 704 2053 similes
718 2027 799 2054 sunt
813 2021 976 2055 manibus
985 2020 1091 2064 Esau,

107 2075 154 2108 ita
173 2070 406 2115 Evangelium
431 2071 474 2103 de
498 2069 569 2104 vita
594 2069 690 2103 civili
714 2068 806 2103 nihil
829 2083 972 2115 prorsus
989 2085 1089 2117 prae-

106 2124 192 2169 cipit
208 2123 306 2157 aliud
324 2133 429 2168 quam
452 2121 547 2166 quod
574 2117 800 2165 philosophia
825 2128 859 2156 et
883 2123 977 2167 ipsae
999 2124 1090 2168 leges

103 2175 244 2210 docent.

141 2230 145 2234 ”
207 2222 428 2267 Pomponius
444 2219 583 2256 Atticus
606 2227 640 2255 et
658 2220 788 2256 Paulus
804 2221 996 2268 Apostolus
1020 2226 1090 2259 dis-

109 2277 245 2320 serunt,
271 2273 367 2320 quod
383 2273 426 2307 de
441 2270 517 2307 Deo
534 2272 756 2307 dissentiunt.
810 2272 911 2308 Alter
936 2276 1089 2315 dubitat,

109 2332 228 2360 utrum
245 2323 321 2358 Deo
346 2335 450 2357 curae
472 2324 543 2357 sint
567 2336 620 2357 res
643 2323 835 2363 humanae,
870 2326 998 2371 etsine
1013 2325 1088 2360 Deo

110 2375 216 2416 vivit,
245 2374 333 2408 alter
347 2380 440 2408 certo
457 2373 597 2415 statuit,
624 2375 719 2419 quod
738 2373 833 2408 Deus
846 2388 927 2410 vere
947 2378 1088 2421 puniat;

111 2427 193 2461 item
216 2424 310 2470 quod
334 2424 489 2468 ignoscat
512 2433 654 2470 propter
675 2423 877 2466 Christum,
912 2429 1006 2472 quod
1033 2440 1088 2462 re—

112 2476 235 2520 spiciat
251 2482 284 2509 et
299 2475 428 2509 audiat.
479 2475 559 2510 Non
580 2476 792 2510 dissentiunt
819 2476 856 2509 in
882 2477 943 2511 illo
964 2489 1089 2521 genere

112 2527 269 2560 civilium
285 2537 435 2561 morum.

212 2573 358 2620 Ioseph,
384 2574 517 2615 David,
543 2573 685 2616 Esaias,
718 2575 844 2611 Daniel
869 2585 950 2612 sunt
973 2577 1089 2613 homi-

112 2639 174 2663 nes
189 2626 339 2671 politici,
365 2626 484 2671 qnales
498 2626 796 2669 sueruntFabiuS,
823 2628 962 2674 Scipio,
991 2628 1089 2667 The-

160 2680 336 2711 MiztANru.
362 2679 463 2712 Ormi.
490 2678 571 2710 Ἴσι.
587 2678 664 2712 XII.

747 76 1006 120 PHILIPPI
1041 81 1490 123 MELANTHONJS.

114 174 261 221 possint,
287 178 380 206 recte
397 175 544 217 possunt
560 175 594 204 et
608 166 664 202 his
680 170 918 205 contractibus
933 168 985 204 uti
995 167 1101 204 Chri-
1152 169 1339 206 mistocles.

2064 101 2138 136 690

1400 171 1473 210 Nec
1491 174 1662 210 differunt
1677 174 1773 210 civili
1796 177 1909 214 forma
1932 178 2040 223 vitae,
2076 186 2133 218 sed

1151 219 1320 255 differunt
1336 222 1403 256 fide
1419 235 1498 268 erga
1515 224 1641 261 Deum.

1250 269 1485 316 Evangelium
1503 287 1575 309 non
1593 285 1641 312 est
1660 275 1887 323 philosophia
1906 288 1966 316 aut
1985 282 2049 324 lex,
2073 288 2130 317 sed

1149 327 1199 354 est
1223 323 1381 357 remissio
1408 333 1627 368 peccatorum
1655 336 1687 362 et
1710 330 1894 372 promissio
1928 334 2133 367 reconcilia-

1149 371 1256 405 tionis
1278 379 1309 405 et
1328 374 1418 408 vitae
1435 382 1596 410 aeternae
1614 377 1965 422 propterChristum,
1993 384 2035 416 de
2051 385 2131 429 qui-

1148 420 1212 478 hus
1243 423 1347 479 rebus
1377 422 1470 458 nihil
1499 434 1611 470 potest
1639 427 1793 462 humana
1817 431 1906 464 ratio
1929 444 1991 475 per
2013 445 2046 467 se
2072 446 2131 469 su-

1148 482 1285 515 spicari.

1248 521 1340 556 Cum
1364 524 1471 568 igitur
1484 524 1715 570 Evangelium
1741 530 1863 563 doceat
1885 531 1928 564 de
1950 534 2129 570 voluntate

1146 570 1212 605 Dei
1237 585 1317 616 erga
1338 586 1426 617 nos,
1452 574 1683 621 Philosophia
1710 590 1790 611 vero
1813 581 1935 614 doceat
1958 584 2000 615 de
2025 586 2128 619 rebus

1145 623 1309 657 subiectis
1324 625 1474 664 rationi,
1501 639 1564 660 nec
1582 629 1624 660 de
1642 629 1823 662 voluntate
1836 628 1901 663 Dei
1920 632 2054 677 aliquid
2078 637 2129 668 af-

1144 672 1278 713 firmet,
1301 675 1384 709 satis
1401 683 1567 721 apparet,
1593 676 1830 722 Evangelium
1855 693 1927 714 non
1953 694 2023 716 esse
2047 683 2129 728 phi-

1144 721 1352 768 losophiam.

1245 772 1292 808 Et
1306 781 1345 808 ut
1361 776 1511 810 maxime
1528 777 1658 811 iudicet
1676 779 1765 812 ratio
1791 781 1833 813 de
1856 782 2036 817 voluntate
2052 783 2128 826 Dei,

1145 829 1236 856 certe
1262 821 1329 857 hoc
1355 838 1417 869 per
1436 838 1472 859 se
1496 839 1609 872 neque
1635 828 1867 863 ratiocinatur
1891 843 2006 877 neque
2032 836 2127 868 affir-

1144 880 1235 912 mat,
1275 876 1372 919 quod
1395 875 1490 910 Deus
1524 878 1631 920 gratis
1664 879 1747 912 velit
1779 880 1956 923 ignoscere
1985 892 2128 929 propter

1143 920 1336 958 Christum.

1245 971 1479 1017 Evangelium
1510 982 1628 1010 autem
1650 980 1821 1021 approbat
1845 982 1935 1025 leges
1962 984 2004 1016 de
2026 985 2130 1019 bonis

1145 1022 1303 1057 moribus
1321 1031 1355 1058 et
1371 1025 1466 1059 iubet
1484 1025 1532 1059 eis
1547 1037 1680 1069 parere.

1247 1072 1344 1108 Sicut
1370 1075 1476 1117 igitur
1490 1073 1713 1111 Christianus
1741 1080 1814 1122 lege
1830 1079 1897 1113 Dei
1925 1083 1981 1126 pie
2005 1085 2127 1128 utitur,

1146 1122 1191 1155 ita
1215 1130 1248 1156 et
1271 1122 1496 1169 philosophia
1522 1126 1579 1169 pie
1603 1127 1653 1160 uti
1678 1135 1800 1172 potest.
1861 1129 1908 1164 Et
1929 1145 2006 1166 cum
2034 1136 2129 1175 sciat,

1146 1170 1405 1218 philosophiam
1425 1176 1535 1218 legem
1551 1175 1616 1210 Dei
1636 1189 1728 1220 csse,
1756 1191 1796 1213 eo
1811 1182 1919 1224 magis
1945 1193 2129 1219 veneretur

1144 1223 1340 1256 doctrinam
1361 1223 1654 1270 philosophorum
1673 1236 1705 1263 et
1723 1237 1832 1264 rectas
1853 1235 2042 1267 sententias
2064 1236 2127 1269 bo-

1144 1284 1271 1306 norum
1288 1275 1510 1319 scriptorum.

1248 1331 1354 1374 Quod
1379 1342 1494 1367 autem
1516 1333 1740 1380 philosophia
1767 1339 1810 1371 sit
1842 1339 1896 1372 lex
1919 1339 2003 1382 Dei,
2046 1341 2129 1378 hinc

1145 1393 1284 1426 quoque
1300 1383 1449 1427 intelligi
1468 1392 1597 1428 potest,
1623 1387 1705 1431 quia
1722 1394 1774 1421 est
1792 1390 1921 1423 noticia
1946 1403 2127 1427 causarum

1143 1438 1175 1464 et
1193 1432 1377 1466 effectuum
1395 1436 1628 1477 naturalium,
1656 1449 1744 1481 quae
1762 1450 1840 1471 cum
1861 1440 1931 1473 sint
1954 1453 2008 1475 res
2032 1446 2128 1478 ordi-

1145 1488 1246 1514 natae
1266 1494 1304 1515 ex
1322 1483 1418 1522 Deo,
1447 1486 1606 1529 sequitur
1630 1484 1892 1531 philosophiam
1920 1502 1990 1524 esse
2017 1493 2127 1537 legem

1143 1530 1227 1572 Dei,
1250 1544 1338 1576 quae
1358 1540 1406 1566 est
1425 1534 1586 1568 doctrina
1603 1536 1645 1568 de
1664 1536 1725 1570 illa
1743 1538 1863 1572 divina
1882 1541 2117 1577 ordinatione.

1245 1589 1344 1624 Sicut
1359 1591 1587 1625 Astronomia
1612 1599 1662 1626 est
1684 1595 1838 1637 cognitio
1863 1603 2022 1632 motuum
2051 1613 2129 1635 coe-

1144 1639 1303 1681 lestium,
1331 1641 1391 1685 qui
1411 1642 1583 1675 divinitus
1598 1644 1753 1677 ordinati
1772 1653 1870 1686 sunt,
1900 1647 1944 1680 ita
1971 1648 2128 1692 philoso-

1143 1687 1226 1733 phia
1251 1692 1393 1723 moralis
1417 1699 1466 1725 cst
1491 1692 1645 1735 cognitio
1670 1706 1835 1738 operum,
1863 1697 2025 1735 videlicet
2045 1714 2127 1736 can-

1142 1752 1259 1823 islarnm
1279 1748 1311 1774 et
1329 1741 1528 1784 effectuum,
1551 1755 1639 1788 quos
1649 1742 1744 1778 Deus
1762 1747 1939 1782 ordinavit
1959 1750 1995 1782 in
2011 1760 2127 1787 mente

1168 1803 1310 1826 onllllts.

1246 1847 1366 1893 ltaque
1400 1847 1661 1893 philosophiam
1698 1864 1862 1887 vocamus
1897 1868 1969 1889 non
2007 1871 2127 1893 omnes

1142 1898 1302 1931 omnium
1328 1899 1532 1942 opiniones,
1559 1901 1618 1933 sed
1643 1908 1780 1936 tantum
1810 1902 1898 1938 hanc
1918 1908 2126 1949 doctrinam,

1142 1960 1231 1994 quae
1247 1946 1353 1982 habet
1368 1949 1695 1984 demonstrationes.

1246 2005 1377 2039 Verum
1394 2013 1509 2040 autem
1524 2019 1636 2041 unum
1662 2015 1731 2050 est,
1760 2017 1797 2044 ut
1822 2012 1944 2047 dicunt
1966 2013 2125 2058 philoso-

1143 2055 1224 2102 phi,
1250 2068 1358 2101 quare
1374 2068 1444 2090 una
1467 2063 1602 2091 tantum
1623 2057 1848 2105 philosophia
1870 2075 1950 2097 vera
1977 2073 2045 2105 cst,
2071 2068 2124 2100 vi-

1143 2108 1288 2148 delieet,
1316 2119 1404 2153 quae
1422 2107 1612 2142 minimum
1633 2110 1781 2145 discedit
1806 2124 1825 2146 a
1852 2114 2124 2152 demonstratio-

1142 2159 1261 2192 nibus.

1244 2216 1361 2250 Stoica
1378 2215 1603 2261 philosophia
1618 2216 1691 2252 non
1708 2227 1798 2254 recte
1821 2221 1951 2258 iudicat
1969 2226 2010 2258 ‹le
2028 2224 2115 2261 ἅγιά

1143 2269 1228 2303 &sta
1247 2275 1280 2301 et
1296 2267 1445 2301 ridicule
1471 2266 1743 2313 philosophatur
1758 2272 1801 2304 de
1823 2274 2066 2321 mpoqym'votg
2092 2286 2122 2312 et

1141 2316 1477 2365 &moneoryyflst‘tsotffi
1520 2325 1553 2353 et
1574 2326 1655 2353 sunt
1680 2320 1910 2365 ineptissimi,
1943 2327 2002 2370 qui
2026 2328 2124 2361 dixe-

1141 2377 1245 2410 runt,
1286 2369 1423 2403 nullum
1458 2367 1701 2413 philosophiae
1731 2383 1840 2415 genus
1872 2375 2021 2410 similius
2051 2391 2122 2412 0550

1141 2419 1335 2463 Evangelio
1354 2431 1457 2464 quam
1476 2419 1676 2453 Stoicorum
1695 2423 1905 2460 doctrinam.

1244 2478 1374 2522 Ineptit
1407 2478 1510 2511 etiam
1549 2475 1784 2522 Augustinus,
1837 2484 1897 2527 qui
1933 2486 2036 2525 dicit,
2087 2500 2120 2521 se

1140 2527 1426 2563 Christianorum
1450 2529 1646 2562 doctrinam
1670 2530 1705 2562 in
1726 2529 1919 2567 Platonicis
1934 2534 2120 2580 reperisse„

1141 2587 1276 2625 praeter
1311 2577 1405 2613 hunc
1442 2591 1553 2614 unum
1588 2580 1796 2616 articulum:
1843 2583 1998 2619 Verbum
2040 2600 2118 2620 caro

1141 2631 1269 2666 sactum
1296 2637 1355 2664 cst.

1561 2679 1608 2715 44
