2324 2955
181 122 227 158 15
728 110 885 148 DECL.
924 107 997 148 DE
1030 106 1419 146 REVERENTIA
1451 107 1665 144 LEGUM.
2158 110 2203 145 16

182 207 266 242 tiam
295 205 419 242 flectit,
448 202 508 248 qui
525 199 599 236 Deo
618 199 710 243 ipsos
734 195 886 232 trahenti
909 207 982 229 non
1006 195 1169 240 petulan-

182 266 234 292 ter
253 261 462 300 repugnant.

286 313 357 346 Vos
381 313 485 354 igitur
509 316 547 342 ut
565 308 674 341 debeo
691 313 828 340 coactus
853 306 1017 339 mandato
1036 303 1170 343 divino,

186 373 218 399 ct
238 371 380 408 paterno
396 362 512 394 animo
530 360 703 397 obtestor,
729 364 768 390 ut
782 356 975 399 agnoscatis
997 361 1029 387 et
1046 354 1170 387 timea-

186 417 230 449 tis
251 415 366 447 Deum
395 417 427 443 et
457 411 565 452 leges,
603 407 760 451 cogitetis
782 419 853 440 esse
875 404 1080 449 sapientiam
1106 403 1171 437 Dei

187 468 435 506 congruentem
455 472 533 492 cum
551 459 732 500 decalogo,
758 458 794 489 iu
813 469 880 501 quo
898 454 991 489 Deus
1006 453 1171 493 ostendit,

187 513 299 558 qualis
320 512 391 554 Ipse
409 511 465 545 sit.
516 507 561 542 Et
585 521 624 541 ex
648 506 702 540 liis
720 508 830 540 initiis
850 513 1002 539 extructa
1019 511 1069 537 est
1087 503 1172 536 reli-

188 576 254 608 qua
276 564 389 604 legum
409 561 579 593 doctrina.
634 557 848 591 Firmissime
874 556 976 589 etiam
1002 553 1172 593 statuatis,

188 612 375 646 horribiles
395 621 522 654 poenas
542 608 637 652 sequi
662 615 900 650 contemptum
919 607 1055 648 legum,
1084 604 1173 636 sicut.

189 664 261 706 ipse
290 662 380 694 filius
411 660 477 693 Dei
504 660 679 692 adfirmat:
715 658 786 699 Qui
811 657 965 699 gladium
994 654 1173 698 acceperit,

189 713 304 756 gladio
324 711 462 754 peribit,
492 717 524 743 et
542 709 625 741 alibi
645 708 761 753 inquit
776 720 840 739 vox
858 707 994 739 divina:
1024 704 1095 737 Vae
1113 703 1173 748 qui

191 763 339 806 spolias,
380 761 460 805 quia
490 758 704 803 spoliaberis.
758 757 859 790 item:
897 756 1113 790 scortatores
1141 760 1173 787 et

190 812 381 846 Adulteros
400 809 567 843 iudicabit
584 808 690 841 Deus.
733 807 833 840 Item:
862 805 982 845 Avari,
1000 804 1175 843 maledici,

191 862 339 900 ebriosi,
367 860 442 904 (qui
468 861 560 891 bono
581 859 655 891 iure
672 858 769 902 porci
788 864 974 896 vocantur,
1000 867 1078 888 cum
1095 866 1174 887 vere

192 913 288 956 porci
312 911 408 953 sint,)
438 921 582 952 regnum
599 907 663 941 Dei
689 920 760 940 non
781 907 1017 950 possidebunt.
1071 903 1175 937 Item:

192 961 272 995 Non
288 959 432 993 habebit
449 959 542 993 Deus
556 959 730 992 insontem
742 985 750 999 ‚
777 958 836 1002 qui
855 969 939 990 vanc
957 968 1085 989 nomen
1103 955 1176 988 eius

194 1018 350 1055 usurpat.

295 1068 388 1101 llaec
408 1066 526 1099 divina
544 1066 691 1099 fulmina
710 1079 779 1099 non
796 1072 876 1099 sunt
897 1065 1014 1098 inania
1031 1064 1177 1098 terricu-

196 1121 368 1157 lamenta,
396 1118 453 1149 sed
480 1116 573 1149 Deus
598 1116 726 1155 iustus,
755 1117 857 1149 iudex
881 1123 913 1150 et
929 1116 1055 1148 vindex
1083 1115 1178 1147 adest

196 1171 232 1202 in
250 1180 372 1212 genere
392 1165 556 1206 humano,
579 1173 613 1199 et
631 1167 874 1200 sceleratorum
894 1166 1012 1209 poenis
1027 1165 1179 1198 ostendit

197 1219 366 1252 iudicium
393 1225 424 1250 et
449 1216 678 1259 praesentiam
709 1229 817 1250 suain.

196 1269 356 1312 gentibus
374 1267 532 1311 quotidie
551 1267 665 1310 aliqua
690 1267 844 1310 exempla
870 1264 971 1299 liuius
989 1265 1099 1298 divini
1125 1265 1180 1297 iu-

197 1319 279 1351 dicii
300 1318 573 1360 conspiciuntur.
616 1316 683 1349 Sed
704 1315 757 1348 liis
777 1317 941 1359 proximis
957 1316 1058 1348 anuis
1076 1327 1179 1359 quam

197 1369 307 1402 multa
332 1367 481 1409 insignia
506 1366 660 1409 exempla
684 1367 852 1405 vidimus,
886 1366 928 1398 de
953 1365 1080 1410 quibus
1107 1376 1179 1396 non

198 1419 272 1451 sine
292 1429 416 1459 magno
434 1416 554 1448 dolore
568 1417 718 1456 cogitare
737 1427 888 1460 possum.

299 1474 386 1508 Vult
410 1473 503 1508 Deus
527 1474 632 1516 aspici
657 1471 741 1509 haec
764 1474 936 1516 exempla,
970 1480 1002 1506 et
1021 1474 1094 1505 vult
1118 1483 1181 1504 nos

199 1528 240 1559 de
266 1537 325 1558 sua
352 1524 537 1567 sapientia,
566 1523 697 1556 iustitia
723 1530 754 1555 et
777 1524 923 1563 iudicio,
952 1525 993 1555 de
1016 1524 1129 1564 legum
1150 1528 1182 1554 et
1206 1543 1208 1554 2

200 1587 390 1620 poenarum
408 1574 518 1605 causis
536 1573 670 1605 assidue
688 1574 847 1615 cogitare.
902 1571 947 1607 Et
964 1585 1019 1605 eos
1039 1573 1097 1617 qui
1117 1570 1181 1605 hae

199 1639 233 1658 se
254 1624 529 1658 consideratione
549 1625 589 1655 ad
611 1624 776 1656 iustitiam
793 1624 1001 1661 exuscitaut,
1030 1623 1183 1663 adiuvat,
1207 1659 1209 1661 ¹

1207 1689 1209 1698 ,
1236 1665 1280 1698 cti
1299 1664 1403 1697 lsrael
1424 1671 1716 1708 contempserunt.

200 1677 367 1719 gubernat
397 1681 427 1706 et
457 1675 613 1717 protegit.

302 1733 371 1765 llas
395 1733 499 1773 igitur
521 1732 592 1775 pias
611 1733 961 1765 commonefactiones
979 1733 1077 1765 vobis
1100 1744 1183 1776 pro-

202 1785 337 1828 ponite,
372 1789 403 1813 et
433 1795 548 1814 earum
575 1784 783 1825 cogitatione
813 1796 872 1815 vos
895 1785 936 1816 ad
968 1783 1182 1825 agnitionem

202 1834 278 1872 Dei,
302 1841 329 1863 et
351 1834 391 1864 ad
411 1833 523 1873 legunt
543 1833 769 1865 reverentiam
787 1834 982 1873 exuscitate,
1000 1842 1034 1867 et
1051 1834 1182 1866 frenate

203 1891 357 1917 errantes
377 1884 523 1925 impetus
550 1884 661 1924 legum
683 1896 782 1921 voce,
811 1890 841 1916 et
864 1884 967 1916 simul
993 1884 1119 1926 petite,
1145 1890 1184 1916 ut

201 1934 296 1969 Dens
315 1946 373 1965 vos
389 1934 552 1974 gubernet
573 1940 603 1964 et
630 1940 794 1975 protegat.
849 1933 949 1966 Hanc
967 1934 1183 1976 diligentiam

201 1984 357 2017 sentietis
377 1996 447 2015 non
466 1994 536 2014 esse
554 1983 705 2022 irritam,
734 1984 813 2027 quia
832 1997 896 2016 vox
914 1984 1031 2016 divina
1052 1984 1183 2028 inquit:

203 2035 240 2067 Si
266 2045 387 2078 queres
415 2033 637 2075 sapientiam,
674 2034 829 2065 invenies
859 2046 950 2074 eam,
984 2035 1068 2078 quia
1091 2034 1185 2067 Deus

205 2086 262 2117 dat
280 2084 497 2126 sapientiam.
544 2083 646 2116 item:
672 2084 850 2127 Sapientia
869 2085 1018 2118 occurrit
1039 2082 1104 2125 his,
1125 2084 1185 2129 qui

206 2146 279 2166 eam
298 2140 470 2176 expetunt.

307 2191 400 2224 llaec
429 2191 541 2224 oratio
569 2192 610 2224 de
635 2192 749 2233 legum
775 2193 969 2226 reverentia
999 2194 1040 2225 ad
1065 2205 1186 2226 omnes

206 2242 372 2285 pertinet,
400 2254 470 2272 non
489 2248 621 2273 tantuin
640 2245 680 2275 ad
700 2250 834 2275 nostros
851 2244 1035 2276 auditores.
1083 2243 1184 2276 Nunc

206 2293 387 2335 praecipue
406 2291 562 2334 alloquar
579 2300 714 2325 nostros
730 2294 916 2330 auditores,
939 2294 996 2337 qni
1017 2294 1051 2325 in
1070 2295 1185 2325 sorum

206 2348 238 2373 et
257 2342 291 2373 in
315 2342 444 2373 curiam
465 2341 621 2379 venient,
650 2344 707 2375 nbi
734 2344 845 2385 legum
867 2356 946 2375 voce
962 2344 1186 2376 deliberatio-

205 2403 265 2423 nes
284 2403 399 2433 regere
416 2391 552 2422 dein-ut.
609 2391 673 2424 liic
693 2391 781 2435 proli
800 2394 901 2425 dolor
916 2394 1022 2437 aliqui
1047 2401 1186 2435 peccant

208 2442 342 2473 inscitia
368 2447 399 2473 ct
423 2441 582 2478 andacia,
613 2443 719 2486 aliqui
747 2451 858 2483 metu,
894 2444 1002 2487 aliqui
1025 2445 1185 2475 adsenta-

203 2493 310 2527 tione,
337 2491 460 2523 scelere
476 2498 506 2523 vt
525 2492 676 2533 persidia,
695 2493 800 2536 aliqui
818 2494 1007 2537 cupiditate
1025 2494 1185 2527 nocendi.

306 2549 358 2582 Ex
381 2547 435 2580 liis
454 2550 606 2581 sontibus
627 2558 755 2593 quanta
782 2552 869 2584 mala
888 2552 1048 2584 oriantur
1068 2552 1102 2582 in
1123 2552 1186 2582 ini-

203 2601 326 2643 perus,
360 2601 549 2631 ostendunt
575 2602 680 2633 inulta
709 2602 861 2643 exempla
895 2601 1016 2633 borum
1052 2608 1187 2644 tempo-

205 2663 295 2684 rum,
348 2649 421 2683 {lex
439 2649 594 2681 Persicus
610 2650 737 2695 Canni»)
746 2663 808 2691 svs,
834 2653 1002 2685 ducturus
1019 2663 1187 2691 sororem,

877 1216 928 1249 Ac
954 1217 989 1248 in
1015 1215 1179 1248 omuibus
1204 1249 1206 1254 ¹

1210 2054 1212 2064 ι
1240 2047 1327 2066 rum.

1222 194 1457 238 interrogabat
1472 204 1612 227 suarum
1628 194 1742 237 legum
1759 193 1927 233 custodes,
1952 194 2070 228 liceret
2087 206 2130 228 ne
2146 206 2203 228 so-

1222 257 1335 278 rorem
1351 246 1475 277 ducere
1495 256 1647 277 uxorem.
1685 243 1751 284 Illi,
1779 245 1860 288 quia
1879 252 2006 279 norant
2024 245 2112 288 regis
2128 252 2205 279 tru-

1223 295 1431 335 culentiam,
1458 295 1687 337 respondent:
1717 293 1910 340 Utramque
1934 306 2005 327 esse
2031 295 2204 329 Persicam

1224 347 1351 387 legem,
1376 345 1537 386 alteram,
1560 342 1802 386 prohibentem
1827 344 2027 388 coniugium
2046 358 2124 378 cum
2149 357 2205 379 so-

1224 408 1324 437 rore,
1357 396 1518 433 alteram,
1545 406 1634 439 quae
1659 396 1823 428 concedat
1848 396 1920 439 regi
1946 397 2079 436 facere,
2106 397 2206 441 quic—

1225 446 1307 491 quid
1331 445 1426 480 libet.
1477 444 1523 477 Ili
1545 457 1615 477 non
1634 444 1787 482 inscitia,
1813 448 1871 479 sed
1890 453 1984 480 metu
2008 453 2208 490 peccarunt.

1225 496 1300 529 Etsi
1321 496 1404 530 tales
1421 507 1493 527 non
1510 502 1590 528 sunt
1608 495 1805 536 excusandi,
1828 502 1942 529 tamen
1961 497 2038 540 plus
2054 503 2209 540 peccant,

1226 547 1285 591 qni
1311 547 1353 578 de
1376 546 1477 578 rebus
1502 546 1660 578 maximis
1682 546 1902 589 responsuri,
1935 559 2012 579 cum
2032 559 2095 580 nec
2117 547 2208 590 leges

1226 597 1364 636 norint,
1391 607 1453 628 nec
1468 597 1720 629 controversias
1742 596 1951 639 intelligant,
1980 598 2208 630 audacissime

1227 654 1343 680 tamen
1369 646 1618 690 pronunciant,
1655 647 1710 678 sed
1739 647 1803 685 ita,
1832 654 1871 679 ut
1894 653 1966 679 arte
1985 647 2143 681 alludant
2164 648 2209 680 ad

1227 698 1380 729 adfectus
1402 708 1542 737 eorum,
1577 708 1726 741 quorum
1757 697 1918 730 ambiunt
1945 698 2110 730 favorem.
2162 696 2210 730 Et

1227 748 1421 791 plerunque
1437 759 1505 791 quo
1523 747 1669 791 quisque
1685 753 1735 780 est
1749 747 1942 785 indoctior,
1970 748 2018 780 ita
2037 754 2087 781 est
2102 748 2210 780 auda-

1228 798 1312 837 cior,
1338 804 1376 830 ut
1393 804 1531 830 sanctus
1549 795 1786 842 Hieronymus
1806 797 1932 841 inquit.
1959 796 2003 830 Et
2020 797 2080 842 qui
2096 797 2211 830 sciunt

1229 860 1262 880 se
1279 860 1348 880 non
1367 858 1464 890 posse
1479 847 1567 880 tueri
1585 847 1700 879 locum
1716 847 1912 880 eruditione
1924 854 1956 880 et
1967 848 2106 886 virtute,
2125 859 2211 881 con-

1228 898 1368 940 fugiunt
1391 898 1432 930 ad
1459 896 1544 929 alias
1568 904 1674 937 artes,
1710 898 1752 930 ad
1778 897 2052 938 adsentationes,
2084 899 2125 931 ad
2154 909 2212 931 ca·-

1229 948 1399 988 lumnias,
1432 948 1474 980 ad
1502 947 1699 990 praestigias
1728 947 2004 992 qualescunque,
2037 954 2076 981 ut
2097 948 2212 981 studia

1230 997 1414 1031 bominum
1441 998 1623 1030 retineant.
1678 997 1830 1030 Maxime
1864 1010 1945 1030 vero
1978 1004 2121 1041 peccant
2148 998 2213 1038 illi,

1228 1049 1289 1094 qui
1306 1049 1450 1082 scientes
1470 1048 1651 1091 perfidiose
1676 1055 1907 1091 corrumpunt
1929 1054 1961 1081 et
1978 1049 2132 1081 obruunt
2152 1059 2213 1080 ve·-

1231 1100 1386 1139 ritatem,
1411 1099 1542 1131 similes
1558 1097 1663 1131 Iudae
1678 1098 1869 1141 proditori,
1897 1098 1957 1143 qui
1975 1109 2051 1141 spe,
2074 1105 2133 1131 ant
2149 1109 2212 1141 pa-

1231 1150 1344 1183 ctione
1376 1160 1521 1191 magnae
1544 1149 1733 1189 mercedis,
1767 1148 1949 1181 veritatem
1976 1155 2096 1181 contra
2129 1158 2213 1181 con-

1232 1199 1411 1233 scientiam
1427 1205 1641 1243 oppugnant.

1331 1264 1383 1297 De
1406 1262 1461 1297 his
1488 1265 1675 1297 sceleribus
1696 1264 1860 1297 omnibus
1885 1275 1985 1307 saepe
2009 1276 2074 1296 vox
2093 1264 2215 1297 divina

1205 1351 1207 1362 Ι
1233 1315 1480 1354 concionatur,
1510 1321 1548 1347 ut
1574 1315 1610 1346 in
1636 1327 1708 1358 cap.
1735 1315 1858 1358 quinto
1885 1313 2024 1346 Esaiae:
2059 1313 2131 1346 Vae
2153 1313 2216 1357 qui

1205 1365 1207 1407 i
1234 1365 1347 1396 dicitis
1364 1364 1497 1397 malum
1515 1364 1666 1403 bonum,
1693 1371 1725 1396 et
1750 1364 1881 1396 bonum
1902 1364 2050 1402 malum,
2075 1363 2135 1407 qui
2160 1363 2215 1395 iu-

1234 1414 1384 1447 stificatis
1402 1414 1546 1457 impium
1565 1426 1627 1456 pro
1642 1414 1857 1446 muneribus.
1886 1411 1929 1446 Et
1947 1425 2025 1445 mox
2043 1414 2086 1445 de
2103 1424 2216 1456 poena

1234 1465 1390 1497 additur:
1418 1463 1566 1507 Propter
1582 1461 1646 1496 lioc
1664 1464 1751 1496 sicut
1770 1464 1913 1496 devorat
1931 1463 2106 1506 stipulam,
2122 1463 2216 1505 ignis

1235 1521 1265 1546 et
1282 1515 1411 1557 paleam
1433 1514 1587 1553 finitima,
1614 1514 1661 1546 sic
1679 1513 1775 1546 radix
1795 1525 1914 1545 eorum
1938 1513 2055 1544 favilla
2075 1512 2156 1552 erit,
2183 1519 2216 1546 et

1236 1577 1372 1607 germen
1390 1577 1509 1597 eorum
1527 1571 1564 1596 nt
1581 1564 1692 1606 pulvis
1710 1563 1947 1606 dissipabitur.
2002 1560 2217 1596 Abiecerunt

1237 1615 1327 1647 enirn
1346 1615 1453 1657 legem
1471 1613 1613 1646 Domini
1630 1613 1862 1654 exercituum,
1888 1620 1920 1646 et
1938 1612 2116 1657 eloquium
2134 1624 2216 1645 san—

1336 1730 1408 1764 Has
1430 1731 1642 1764 tristissimas
1661 1741 1789 1773 poenas
1806 1729 1960 1762 minatur
1975 1728 2069 1763 Deus
2085 1727 2139 1762 his
2156 1730 2216 1774 qui

1238 1782 1316 1815 talia
1337 1782 1462 1814 scelera
1482 1781 1624 1814 faciunt.
1678 1779 1798 1813 Postea
1819 1781 1898 1814 totis
1918 1780 2080 1822 gentihus
2104 1780 2217 1813 mina-

1207 1828 1211 1866 ἶ
1239 1841 1293 1866 tur
1311 1832 1517 1865 vastationes
1543 1838 1684 1874 propter
1705 1831 1788 1862 tales
1813 1831 2108 1874 praestigiatores,
2136 1830 2218 1874 quia

1238 1884 1385 1916 istorum
1416 1879 1601 1925 sophistica
1636 1881 1828 1914 {inultorum
1863 1881 1990 1913 scelera
2028 1880 2218 1920 confirmat,

1239 1934 1322 1966 falso
1348 1933 1432 1965 iuris
1461 1938 1656 1975 praetextu,
1699 1937 1731 1963 et
1756 1932 1810 1963 sax
1837 1938 1887 1963 est
1910 1931 2160 1963 discordiarum
2185 1937 2218 1963 et

1240 1985 1410 2017 bellorum
1439 1982 1613 2020 civilium,
1649 1988 1680 2014 et
1711 1981 1860 2013 aliorum
1888 1981 2083 2023 ingentium
2107 1980 2218 2012 malo-

1388 2031 1496 2066 Addit
1530 2032 1634 2073 igitur
1662 2029 1834 2074 Propheta
1869 2032 1911 2063 de
1940 2031 2061 2074 populi
2095 2042 2219 2073 poena.

1242 2084 1320 2117 ldeo
1345 2083 1469 2116 exarsit
1493 2083 1590 2115 furor
1614 2081 1757 2113 Domini
1785 2093 1889 2125 super
1909 2080 2078 2125 populum
2104 2091 2218 2117 suum,

1240 2142 1270 2168 et
1295 2134 1446 2166 extendit
1468 2143 1609 2164 manum
1635 2144 1732 2164 suam
1757 2143 1860 2175 super
1878 2143 1974 2171 eum,
2001 2137 2030 2163 et
2053 2130 2219 2172 percussit

1240 2197 1333 2217 eum:
1363 2182 1404 2216 Et
1421 2182 1571 2227 quassati
1588 2189 1669 2215 sunt
1684 2189 1836 2219 montes,
1864 2188 1897 2214 et
1912 2181 1998 2215 sacta
2018 2186 2097 2212 sunt
2115 2180 2218 2212 cada-

1241 2247 1320 2267 vera
1334 2246 1452 2267 vorum
1469 2233 1555 2265 sicut
1573 2240 1701 2265 stercus
1721 2233 1756 2264 in
1776 2230 1887 2264 medio
1906 2231 2110 2273 platearum.

1345 2300 1480 2332 Videtis
1507 2299 1692 2339 imaginem
1713 2297 1921 2331 Germaniae
1946 2297 1982 2329 in
2006 2294 2068 2329 bac
2090 2297 2219 2330 descri-

1240 2352 1376 2394 ptione,
1403 2349 1577 2383 Ecclesiae.
1595 2350 1828 2381 dilacerantur
1847 2347 1921 2379 sine
1938 2347 2004 2379 fine
2022 2347 2124 2379 novis
2142 2348 2220 2391 opi-

1241 2401 1424 2439 nionibus,
1458 2406 1489 2432 et
1513 2399 1710 2443 principum
1737 2398 1817 2430 odia
1842 2398 1933 2430 iuter
1948 2409 2020 2429 sese
2038 2404 2219 2431 armantur

1241 2458 1413 2493 praetextu
1434 2450 1528 2484 iuris,
1578 2449 1688 2483 Ardet
1705 2448 1809 2489 igitur
1827 2447 2016 2481 Germania
2033 2443 2133 2480 bellis
2152 2447 2218 2480 iam

1239 2502 1372 2545 aliquot
1390 2512 1509 2539 annos,
1533 2507 1566 2532 et
1582 2500 1672 2531 velut
1690 2498 1814 2541 stipula
1834 2498 2041 2536 absumitur,
2068 2503 2100 2530 et
2117 2509 2219 2529 mon-

1241 2559 1307 2589 tvs,
1335 2552 1367 2582 id
1385 2559 1452 2588 est,
1479 2550 1649 2593 principes
1666 2549 1800 2581 duriter
1819 2548 2085 2587 concutiuntur,
2112 2559 2150 2579 ac
2167 2547 2220 2580 vi-

1240 2603 1354 2633 dimus
1380 2599 1433 2632 liis
1462 2600 1563 2632 annis
1588 2599 1804 2642 principum,
1837 2605 1869 2631 et
1895 2599 2042 2630 aliorum
2075 2597 2219 2631 sortium

1241 2652 1395 2683 virorum
1412 2657 1552 2683 cruenta
1572 2651 1734 2682 cadavera
1754 2647 1850 2681 humi
1869 2655 1984 2682 strata.
