2324 2955
204 135 276 169 367

205 219 354 252 sessione
379 223 516 249 externa
544 222 663 244 vocem
690 211 870 244 doctrinae
891 212 1037 244 eandem
1055 222 1184 245 sonan-

207 278 257 303 tes
283 279 359 302 cum
379 264 515 298 sanctis.

308 316 467 358 Cumque
494 314 639 345 nomino
664 312 910 356 amplectentes
943 311 1183 357 incorruptam

207 364 390 408 Evangelii
425 363 641 403 doctrinam,
678 363 891 405 complector
922 368 955 394 et
991 361 1183 404 legitimum

207 427 310 451 usum
328 426 448 448 eorum
466 414 597 447 rituum
624 425 711 457 quos
730 412 823 446 Deus
848 412 1006 457 quolibet
1031 419 1185 456 tempore

208 465 377 505 instituit,
410 471 443 497 et
467 464 612 496 excludo
638 464 730 496 idola
754 469 786 496 et
813 462 1041 507 pertinaciam
1066 464 1186 497 defen-

207 516 315 551 sionis
333 515 521 549 idolorum.

291 565 364 599 Nec
382 564 603 598 cavillatione
621 564 802 597 turbemur
817 564 859 596 de
877 564 1048 597 vocabulo
1064 561 1185 596 Evan-

208 617 305 662 gelii:
332 614 556 659 Complector
583 612 649 647 hoc
673 614 817 646 nomine
843 615 1040 647 doctrinam
1062 614 1186 658 poeni-

209 668 338 702 tentiae
357 673 387 699 et
405 673 563 699 aeternae
580 664 842 708 promissionis,
870 665 940 698 imo
961 672 993 698 et
1014 664 1126 707 capita
1148 665 1185 697 in

209 717 380 763 symbolis
424 716 585 755 collecta,
627 716 715 748 sicut
750 714 911 757 Apostoli
954 715 1187 759 appellatione

207 766 391 810 Evangelii
409 773 571 806 utuntur,
598 766 640 798 de
658 772 727 798 tota
743 765 929 798 ministerii
946 766 999 798 sui
1015 765 1186 799 doctrina.

209 818 302 860 Quia
328 817 357 849 si
380 817 464 858 legis
489 816 760 860 adpellationcm
779 816 965 848 insererem
982 816 1115 859 prolixa
1132 816 1186 848 di-

208 867 349 901 stinctio
373 867 525 909 partium
552 866 636 908 legis
660 867 819 899 addenda
845 873 941 900 esset.
1003 866 1187 909 Sapienter

209 918 332 951 dicunt
352 915 606 956 Iurisconsulti,
633 916 847 960 periculosas
866 928 937 949 esse
956 916 1187 956 definitiones,

208 968 290 1013 quia
309 979 380 1000 non
400 974 449 999 est
466 967 660 999 remedium
687 973 807 999 contra
831 965 1065 1011 sycophantae
1092 979 1186 999 mor-

211 1030 309 1057 sum,
342 1016 503 1050 invenire
526 1016 625 1048 facile
650 1024 796 1059 possunt
819 1023 1054 1056 monstrosae,
1088 1017 1185 1049 viru-

211 1068 325 1100 lentae
352 1074 383 1099 et
409 1067 688 1100 calumniatrices
713 1074 872 1107 naturae,
899 1068 992 1111 quod
1010 1068 1188 1101 arrodant.

210 1117 282 1151 Nec
309 1129 326 1149 a
348 1116 460 1149 Musis
485 1115 543 1149 illa
577 1117 865 1159 depravationum
894 1117 1057 1156 artificia,
1087 1117 1144 1149 sed
1169 1128 1187 1149 a

211 1165 369 1211 Sphinge
388 1168 563 1200 oriuntur.
615 1166 669 1199 Sit
687 1168 819 1199 candor
838 1167 873 1199 in
891 1167 1188 1210 interpretatione,

210 1218 273 1251 ubi
293 1228 373 1249 vere
397 1217 579 1260 explicatio
604 1217 768 1250 adiuncta
793 1224 860 1256 cst,
887 1229 974 1261 quae
997 1217 1189 1249 calumnias

212 1267 395 1311 perspicue
418 1268 566 1306 refutat,
601 1273 634 1299 et
651 1267 758 1299 simus
790 1278 961 1298 memores
985 1265 1190 1298 honestissi-

211 1328 288 1349 mae
310 1316 404 1348 vocis
428 1314 696 1360 Thucydideae:
725 1313 904 1358 ὃιηβολόε,ι
927 1313 1014 1358 μέν,
1045 1314 1088 1348 οὐ
1115 1318 1188 1347 ou]-

211 1377 310 1412 φρον
333 1364 415 1399 οὔτε
439 1363 553 1411 λέγειν
578 1377 679 1402 τινας
708 1363 742 1402 ἐς
772 1361 963 1408 ἀλλήλους,
998 1364 1080 1398 οὔτε
1104 1362 1191 1402 τοὺς

212 1413 417 1453 ἀκούοντας
433 1412 695 1458 ἀποδέχεσθαι.
730 1413 781 1446 Ae
796 1415 898 1457 plane
916 1415 1062 1447 adfirmo
1075 1440 1084 1454 ,
1112 1421 1190 1447 tan-

212 1478 317 1512 quam
333 1465 681 1504 demonstrationem,
702 1476 789 1508 quae
807 1464 953 1497 iudicari
974 1464 1108 1496 ratione
1127 1475 1190 1506 po-

211 1523 291 1557 test,
309 1515 496 1549 tenendam
513 1525 583 1546 esse
600 1511 689 1545 hanc
706 1514 932 1546 sententiam:
960 1512 1189 1557 Nequaquam

214 1578 286 1600 esse
310 1564 376 1598 Dei
404 1562 595 1597 Ecclesiam
628 1574 685 1595 eos
717 1569 851 1603 coetus,
887 1563 948 1607 qui
980 1563 1190 1596 contrariam

213 1615 409 1649 doctrinam
427 1613 492 1656 legi
510 1613 635 1645 morali
654 1613 857 1646 defendunt.
899 1612 948 1646 Ut
962 1611 1107 1646 Ethnici
1125 1613 1192 1645 fin-

214 1667 341 1709 gebant
364 1664 502 1698 turbam
520 1661 691 1696 Deorum:
726 1663 829 1696 multi
856 1663 998 1696 fanatici
1020 1663 1192 1707 probave-

214 1722 299 1749 runt
323 1714 514 1747 libidinum
538 1713 779 1746 confusiones:
808 1712 985 1746 Pontificii
1010 1720 1040 1747 et
1060 1711 1190 1746 Maho-

216 1765 335 1799 metici
362 1765 452 1804 leges
475 1763 629 1805 coniugii
654 1763 783 1798 delent.
834 1760 1103 1806 Comprehendo
1128 1763 1193 1806 igi-

218 1823 275 1849 tur
298 1815 334 1847 in
353 1813 558 1847 definitione
574 1811 751 1846 Ecclesiae
778 1820 811 1846 et
829 1814 938 1856 legem
954 1814 1121 1846 moralem
1138 1825 1193 1845 re-

219 1873 270 1899 cte
288 1865 511 1898 intellectam.
562 1861 638 1896 Etsi
667 1869 780 1896 autem
800 1861 955 1896 Ecclesia
982 1875 1053 1897 non
1079 1863 1193 1896 cerni-

216 1923 276 1950 tur
300 1922 339 1949 ut
362 1925 506 1957 regnum
532 1913 771 1957 pontificium,
793 1913 829 1945 in
854 1925 923 1958 quo
945 1914 1132 1947 incurrunt
1156 1914 1192 1946 in

217 1966 359 2004 oculos,
382 1964 593 1997 Pontificum
613 1963 800 2007 splendor,
828 1963 1036 2006 dignitatum
1055 1965 1193 2007 gradus,

217 2027 323 2060 opum
352 2014 556 2051 ostentatio,
598 2025 793 2056 purpurae,
826 2014 1006 2053 satellitia,
1043 2014 1194 2059 denique

217 2065 336 2099 omnia
354 2064 415 2096 illa
431 2076 517 2109 quae
527 2063 653 2097 Daniel
670 2064 923 2107 complectitur,
940 2077 1019 2098 cum
1034 2066 1096 2098 ait:
1124 2064 1194 2098 Co-

218 2118 291 2150 lent
314 2114 429 2148 Deum
459 2113 630 2155 Maozim,
673 2125 759 2146 auro
792 2121 824 2147 et
854 2121 1008 2157 argento.
1058 2115 1193 2148 Tamen

219 2165 433 2208 conspicitur
454 2162 629 2204 Ecclesia,
651 2170 690 2197 ut
706 2161 851 2197 honesta
877 2165 1108 2206 aristocratia,
1135 2177 1195 2199 seu

221 2216 299 2260 pius
314 2222 430 2248 coetus
448 2214 648 2248 docentium
674 2220 706 2248 et
730 2214 939 2249 discentium
956 2213 1194 2249 Christianam

220 2262 429 2309 κατήχησιν,
460 2265 518 2310 qui
535 2264 671 2298 tametsi
698 2277 770 2298 non
793 2265 915 2299 iisdem
932 2265 1122 2309 parietibus
1139 2266 1195 2299 in-

221 2317 337 2350 clusus
354 2322 414 2354 est,
443 2317 498 2347 sed
518 2315 703 2359 dispersus,
719 2316 865 2349 eandem
881 2323 997 2349 tamen
1015 2329 1115 2350 verae
1131 2317 1195 2350 do-

222 2366 353 2400 ctrinae
377 2372 408 2398 et
434 2365 509 2408 piae
533 2365 763 2399 invocationis
785 2378 905 2400 vocem
930 2374 1038 2401 sonat.
1090 2366 1194 2402 Hunc

222 2423 358 2450 coetum
377 2415 487 2448 oculis
505 2421 537 2448 et
554 2416 697 2449 auribus
714 2416 884 2460 distingui
904 2429 1004 2462 posse
1019 2418 1063 2451 ab
1080 2418 1196 2451 omni-

222 2469 305 2506 bus,
340 2465 399 2510 qui
429 2465 530 2497 aliam
557 2477 673 2498 vocem
699 2474 845 2508 sonant,
887 2468 1110 2502 manifestum
1136 2475 1195 2502 est.

222 2517 353 2550 Paulus
396 2515 525 2559 inquit:
579 2513 633 2548 ὅτι
672 2515 834 2563 θέατρον
877 2515 1105 2566 ἐγενήθημεν
1141 2522 1195 2565 τῷ

223 2567 351 2612 κόσμῳ
367 2563 429 2599 καὶ
446 2563 611 2612 ἀγγέλοις
626 2564 687 2599 καὶ
703 2565 928 2614 ἀνθρώποις.
982 2570 1096 2613 Quale
1118 2581 1195 2614 spe-

223 2617 394 2652 ctaculum
418 2614 573 2649 Ecclesia
599 2627 670 2648 esse
693 2624 824 2660 potest,
868 2620 896 2652 si
922 2632 993 2654 non
1017 2620 1196 2654 cernitur?

225 2667 413 2710 Quomodo
437 2663 627 2710 praebendi
650 2678 794 2710 corpora
818 2677 851 2704 et
874 2670 1022 2706 interfici
1041 2678 1194 2716 possunt,

773 124 930 160 DECL.
964 124 1037 161 DE
1070 124 1356 164 ECCLESIA
1387 126 1640 164 CHRISTI.

2133 129 2208 165 368

1235 214 1265 246 si
1289 211 1468 247 distinctio
1492 223 1605 257 neque
1629 212 1739 246 oculis
1761 224 1874 257 neque
1891 213 2035 246 auribus
2051 214 2208 257 agnosci-

1236 264 1316 297 tur?
1348 262 1438 296 Cum
1464 269 1651 305 regnarent
1673 263 1710 295 in
1729 262 1855 296 Iudaea
1878 263 2054 301 Herodes,
2081 262 2208 297 Phari—

1236 314 1305 347 saei
1330 320 1363 346 et
1382 312 1576 353 Sadducei,
1600 312 1661 357 qui
1688 313 1903 346 ordinariam
1921 313 2209 355 gubernationem

1237 364 1422 404 tenebant,
1457 360 1585 396 horum
1610 369 1700 396 certe
1725 364 2029 408 conspiciebantur
2049 363 2209 396 satellitia

1237 421 1269 447 et
1286 413 1404 457 gladii.
1453 412 1525 446 Nec
1543 413 1725 446 distinctio
1742 414 1840 447 nulla
1858 414 1950 448 inter
1963 411 2025 446 bos
2044 421 2076 447 ct
2092 424 2210 446 veram

1235 463 1427 498 Ecclesiam
1443 464 1601 496 sensibus
1628 463 1872 506 accipiebatur.

1338 512 1451 547 Erant
1481 526 1561 547 vera
1583 512 1649 546 Dei
1674 511 1828 546 Ecclesia
1850 513 2055 556 Zacharias,
2093 511 2211 547 Eliza-

1237 562 1339 602 beth,
1373 563 1498 604 Anna,
1527 561 1669 607 Ioseph,
1703 563 1836 602 Maria,
1870 575 1970 598 soror
1993 564 2146 605 Mariae,
2178 571 2211 597 et

1237 616 1297 648 alii
1316 614 1429 654 multi,
1444 614 1505 659 qui
1521 612 1648 647 horum
1668 614 1864 648 doctrinam
1882 615 2080 655 audiebant,
2106 625 2211 657 quam

1238 678 1314 699 cum
1327 662 1504 698 Pharisaei
1519 671 1551 697 et
1563 664 1735 697 Sadducei
1753 665 1935 698 dissentire
1953 677 1970 698 a
1987 665 2058 698 suis
2073 663 2214 708 opinio-

1237 717 1342 749 nibus
1357 715 1610 757 intelligerent,
1638 713 1843 748 Zachariam
1860 715 2091 756 interficiunt,
2118 715 2213 759 quod

1238 768 1349 800 facere
1367 778 1438 798 non
1454 765 1663 809 potuissent,
1691 765 1718 797 si
1736 765 1915 799 distinctio
1941 766 2037 799 nulla
2055 766 2214 799 sensibus

1238 817 1463 860 acciperetur.
1516 815 1595 849 Non
1614 822 1757 857 vagatur
1773 813 1927 849 Ecclesia
1942 814 2212 850 interAndaba-

1239 875 1290 902 tas
1307 868 1341 899 in
1360 866 1526 906 tenebris,
1553 867 1610 898 sed
1630 872 1677 900 est
1696 872 1736 899 ut
1752 864 1883 899 Paulus
1899 866 2025 911 inquit,
2051 864 2214 911 θέατρον

1240 916 1305 950 Ι]οε
1331 924 1379 949 est
1406 917 1639 960 spectaculum
1663 916 1817 956 mundo,
1850 917 1981 959 angelis
2004 924 2036 950 et
2059 914 2214 949 homini-

1239 969 1322 1007 bus,
1350 979 1409 1000 seu
1435 974 1472 1000 ut
1494 966 1661 1000 Salomon
1685 966 1815 1010 inquit:
1851 965 1954 999 Acies
1972 967 2014 999 ad
2038 966 2213 1010 praelian-

1240 1021 1323 1050 dum
1343 1018 1527 1056 instructa,
1556 1014 1685 1049 habens
1702 1028 1762 1048 sua
1787 1018 1957 1060 quaedam
1975 1017 2092 1059 signa,
2120 1027 2215 1049 arma

1240 1075 1271 1100 et
1288 1068 1439 1102 classica.
1490 1066 1718 1099 Manifestum
1737 1073 1786 1099 est
1810 1067 1879 1098 dici
1901 1067 1997 1110 signa
2014 1073 2216 1099 monstran-

1242 1118 1288 1151 tia
1315 1115 1526 1150 Ecclesiam:
1560 1116 1690 1148 Vocem
1721 1116 1909 1149 ministerii
1941 1117 2131 1159 evangelici
2162 1116 2217 1148 in-

1241 1174 1451 1209 corruptam,
1479 1173 1510 1199 et
1530 1167 1616 1199 ritus
1634 1166 1806 1199 divinitus
1822 1167 1979 1208 traditos,
2006 1166 2066 1211 qui
2082 1167 2118 1198 in
2135 1177 2218 1199 ocu-

1243 1219 1293 1250 los
1321 1218 1526 1254 incurrunt,
1565 1216 1819 1248 confessionem
1855 1224 1888 1250 et
1911 1217 2169 1249 invocationem
2197 1227 2217 1248 a

1242 1267 1384 1300 caeteris
1409 1267 1570 1307 gentibus
1599 1266 1809 1301 distinctam.
1869 1264 1948 1307 An,
1982 1279 2059 1299 cum
2088 1265 2218 1298 luliani

1242 1317 1369 1348 milites
1386 1315 1445 1346 alii
1463 1314 1695 1347 sacrificarent
1712 1314 1828 1352 idolis,
1852 1315 1912 1347 alii
1930 1316 2120 1348 sacrificare
2140 1315 2219 1347 nol-

1244 1366 1335 1406 lent,
1363 1365 1541 1397 distinctio
1559 1364 1656 1397 nulla
1678 1364 1980 1407 conspiciebatur?
2007 1365 2077 1398 Sed
2105 1365 2219 1398 nube-

1243 1416 1376 1454 culam,
1409 1414 1466 1448 cui
1491 1415 1678 1446 involvunt
1703 1412 1914 1454 Ecclesiam,
1955 1415 2129 1448 obiiciunt
2155 1427 2219 1457 po-

1243 1465 1327 1508 pulo
1346 1464 1402 1496 isti
1419 1463 1605 1498 Platonici.
1658 1462 1764 1504 Quod
1780 1463 1934 1497 creditur
1949 1464 2127 1509 inquiunt,
2146 1476 2220 1498 non

1243 1515 1398 1546 videtur:
1424 1511 1616 1545 Ecclesiam
1634 1523 1705 1544 esse
1723 1513 1886 1546 creditur.
1938 1513 2019 1547 Non
2043 1514 2149 1557 igitur
2165 1515 2219 1547 vi-

1244 1565 1356 1597 detur.
1382 1561 1460 1595 Hoc
1477 1563 1613 1595 vafrum
1633 1562 1856 1595 involucrum
1875 1564 2087 1597 evolvamus.
2120 1563 2220 1598 Mul-

1244 1621 1297 1647 tae
1325 1619 1405 1646 sunt
1433 1612 1710 1657 propositiones,
1752 1625 1899 1656 quarum
1932 1616 1995 1647 etsi
2028 1622 2220 1648 cernuntur

1243 1663 1414 1702 subiecta,
1440 1670 1553 1696 tamen
1572 1662 1768 1706 praedicata
1785 1663 1852 1695 fide
1871 1664 2061 1705 adduntur,
2087 1671 2126 1698 ut
2140 1677 2220 1698 cum

1246 1714 1409 1747 dicimus:
1438 1712 1499 1746 Sol
1515 1719 1563 1745 est
1579 1725 1597 1745 a
1614 1711 1688 1745 Deo
1708 1719 1861 1752 creatus,
1890 1711 1975 1747 haec
1998 1721 2117 1748 nostra
2143 1727 2220 1748 cor-

1245 1776 1329 1808 pora
1351 1763 1610 1796 revocabuntur
1630 1762 1668 1794 in
1695 1762 1813 1798 vitam.
1866 1762 1935 1796 Hic
1959 1764 2044 1797 fides
2067 1766 2219 1799 assensio

1245 1821 1312 1852 est,
1356 1825 1423 1858 qua
1453 1813 1623 1855 integram
1656 1812 1933 1856 propositionem
1967 1815 2221 1858 amplectimur.

1247 1864 1297 1898 lta
1314 1863 1466 1896 subiecta
1483 1863 1520 1895 in
1537 1860 1592 1895 his
1607 1863 1908 1906 propositionibus
1928 1865 2038 1908 accipi
2062 1865 2221 1899 sensibus

1247 1915 1411 1947 dicimus:
1438 1912 1611 1946 Homines
1625 1920 1788 1946 sonantes
1802 1925 1922 1947 vocem
1938 1912 2122 1958 Evangelii
2140 1923 2221 1949 sunt

1247 1962 1401 1998 Ecclesia
1418 1963 1500 2002 Dei,
1523 1975 1583 1997 seu
1602 1970 1735 2004 coetus,
1761 1964 1798 1996 in
1817 1976 1885 2009 quo
1904 1971 1985 1998 sunt
2011 1965 2122 1999 electi.
2173 1964 2222 1999 Et

1246 2021 1361 2048 tamen
1376 2014 1443 2047 fide
1459 2014 1694 2058 praedicatum
1716 2014 1872 2048 additur.
1925 2015 2113 2049 Distinctio
2132 2017 2223 2050 inter

1246 2076 1370 2109 agmen
1387 2071 1580 2110 martyrum
1605 2071 1638 2098 et
1661 2071 1830 2110 tyrannos
1853 2065 1964 2099 oculis
1988 2066 2136 2099 iudicari
2158 2079 2222 2111 po-

1246 2122 1325 2150 test:
1360 2115 1522 2148 audimus
1547 2115 1799 2148 confessionem
1816 2122 1849 2149 et
1873 2115 2129 2150 invocationem
2145 2117 2222 2161 pio-

1247 2178 1345 2206 rum,
1367 2165 1525 2199 videmus
1551 2177 1672 2199 eorum
1694 2177 1840 2210 corpora
1862 2166 2008 2200 lacerari
2030 2167 2139 2208 ferro,
2165 2167 2221 2200 uri

1246 2216 1397 2250 flammis
1412 2222 1445 2250 et
1462 2216 1583 2249 multis
1599 2216 1714 2250 modis
1729 2216 1888 2252 cruciari.
1940 2215 2007 2249 Hic
2024 2217 2107 2249 fides
2123 2218 2222 2251 addit

1247 2266 1464 2312 praedicata:
1488 2265 1593 2300 Tales
1608 2267 1748 2311 placent
1758 2265 1845 2308 Deo,
1864 2267 1947 2300 tales
1963 2266 2220 2310 praestantDeo

1247 2324 1362 2362 gratos
1377 2317 1510 2358 cultus,
1535 2318 1622 2351 tales
1638 2323 1721 2352 sunt
1741 2314 1905 2350 haeredes
1928 2317 2084 2350 coelestis
2099 2315 2222 2351 Eccle—

1247 2369 1329 2404 siae.
1381 2366 1456 2402 Hac
1479 2368 1708 2413 responsione
1729 2366 1909 2411 perspicue
1932 2368 2071 2402 evoluta
2091 2375 2141 2401 est
2157 2369 2221 2402 ob-

1247 2418 1348 2452 iectio
1375 2418 1538 2460 illorum,
1564 2418 1626 2465 qui
1642 2416 1832 2452 Ecclesiam
1855 2417 1991 2460 fingunt
2008 2429 2087 2462 *esse
2103 2418 2221 2452 Plato·

1246 2470 1362 2504 nicam
1378 2469 1506 2503 ideam.

1344 2519 1535 2565 Postquam
1559 2529 1641 2551 vero
1663 2517 1891 2551 constitutum
1924 2525 1973 2552 est
2001 2525 2033 2552 et
2067 2520 2219 2563 conspici

1249 2569 1440 2604 Ecclesiam
1459 2570 1496 2602 in
1512 2567 1576 2602 hac
1589 2568 1678 2608 vita,
1704 2575 1738 2601 et
1756 2579 1843 2613 quae
1858 2568 1928 2602 sint
1945 2569 2042 2611 signa
2066 2582 2137 2603 uon
2155 2571 2220 2603 fal·

1248 2621 1371 2654 lentia:
1391 2621 1459 2653 iarn
1473 2619 1632 2653 addenda
1643 2624 1693 2652 est
1709 2619 1901 2652 necessaria
1916 2619 2087 2653 doctrina.
2115 2619 2220 2653 Man-

1248 2672 1368 2706 datum
1385 2669 1452 2706 Dei
1465 2681 1535 2703 esse
1551 2669 1655 2707 scias,
1680 2676 1718 2703 ut
1735 2680 1835 2703 verae
1853 2667 2028 2703 Ecclesiae
2045 2677 2078 2703 te
2093 2671 2219 2704 adiun-
