2324 2955
148 125 242 160 1087

248 209 486 253 Agnoscamus
510 203 615 247 igitur
636 199 702 234 Dei
725 197 911 237 beneficia,
937 202 971 229 et
988 194 1019 227 ei
1045 205 1123 237 gra-

147 264 212 296 tias
232 270 371 304 agamus
396 255 544 289 subinde
578 249 784 285 restituendi
815 247 1025 280 mediocrem
1055 251 1123 278 sta·

146 321 241 351 tum,
277 311 365 342 sicut
390 314 472 340 tunc
497 300 676 338 Car-olum
699 296 926 334 ,Marullum
960 297 1004 329 ad
1035 295 1124 328 iusta

147 364 237 396 bella
263 357 441 395 excitavit,
476 362 509 388 et
532 353 677 388 consilia
702 358 734 384 et
756 351 911 383 dextram
929 347 1002 380 eius
1026 345 1126 380 rexit.

147 413 297 456 Fuitque
320 414 461 453 propter
488 403 549 438 has
574 402 735 437 victorias
758 398 945 433 mediocris
969 408 1034 441 pax
1052 393 1126 429 Eu·-

148 473 252 506 ropae
269 470 380 493 annos
397 456 534 490 circiter
551 461 690 488 centum
702 479 711 490 ,
738 449 965 493 regnantibus
987 446 1128 490 Pipino,

147 512 274 546 Carolo
300 509 450 552 Magno,
476 513 509 540 et
530 504 712 539 Ludovico
736 501 812 536 Pio.
865 499 1002 532 Horum
1025 497 1127 530 etiam

149 562 349 607 principum
374 559 538 592 virtutem
563 555 794 593 celebremus,
821 550 882 596 qui
903 550 1047 584 fuerunt
1070 558 1129 579 or-

150 625 236 656 gana
261 610 346 650 Dei,
378 616 410 643 et
437 619 509 640 non
539 604 790 640 contumaciter
822 602 853 634 ei
877 603 1130 644 repugnarunt,

152 664 239 697 sicut
263 661 396 695 faciunt
420 658 580 704 tyranni,
609 656 668 701 qui
695 654 851 688 volentes
873 649 1031 685 iusticiae
1050 659 1129 682 suas

150 713 358 758 cupiditates
374 710 584 743 anteferunt.

252 788 297 822 Ut
320 793 455 825 autem,
489 783 566 828 quis
597 780 703 814 suerit
730 774 890 812 Carolus
914 772 1130 812 Blarlellus,

152 839 413 877 consideretur,
445 835 624 868 sciendum
656 837 706 864 est
736 830 771 862 in
795 826 940 861 historia
962 824 1130 859 Francica

152 890 306 923 Maiores
322 886 456 920 Domus
476 882 669 922 nominari,
696 880 756 925 qui
773 880 916 912 suerunt
940 883 1017 921 post
1037 886 1131 918 reges

152 939 279 974 summi
298 938 546 980 gubernatores
566 933 664 966 aulae
680 931 735 964 vel
757 929 877 972 regni,
903 935 941 961 ut
960 938 1025 959 nos
1043 926 1131 959 dici-

150 1001 228 1023 mus
252 987 474 1035 ,spoffmeistcrt
510 985 564 1017 illi
590 983 755 1016 dixerunt
782 978 999 1026 spaufimciet,
1035 977 1130 1021 quod

151 1040 269 1073 Latini
295 1040 428 1073 scribae
446 1033 665 1079 interpretati
684 1037 777 1069 sunt,
805 1030 970 1062 maiorem
985 1027 1132 1061 Domus.

151 1090 257 1123 Hunc
291 1090 437 1132 gradum
470 1084 650 1128 dignitatis
683 1081 753 1124 regi
786 1079 985 1124 proximum
1018 1076 1133 1110 tenuit

153 1140 358 1179 Martellus,
393 1149 471 1171 cum
494 1142 581 1169 esset
602 1135 672 1167 dux
689 1130 910 1164 Brabantiae.
965 1127 1130 1161 Iuvenem

153 1202 302 1224 noverca
327 1187 526 1223 Woltruda
557 1190 697 1217 mortuo
722 1181 850 1226 Pipino
882 1186 978 1223 patre
1004 1176 1133 1211 carceri

154 1241 296 1274 inclusit
321 1240 358 1272 in
381 1237 530 1272 Colonia
556 1233 770 1278 Agrippina,
804 1231 887 1263 inde
907 1237 1024 1264 tamen
1040 1227 1133 1261 divi-

154 1292 249 1324 nitus
267 1290 384 1324 evasit.
436 1287 656 1330 Recuperata
680 1283 848 1326 dignitate
873 1287 1018 1324 paterna
1038 1290 1133 1311 com-

152 1342 287 1386 pescuit
310 1339 453 1374 Frisios.
505 1336 642 1370 Deinde
668 1335 704 1367 in
728 1331 921 1378 Aquitania
952 1330 1036 1363 vicit
1059 1327 1133 1362 Eu-

154 1394 293 1426 donem.
346 1390 470 1423 Postea
487 1385 645 1421 Francici
662 1384 838 1429 principes
860 1393 1006 1425 regnum
1022 1380 1053 1413 ei
1070 1379 1134 1412 ob-

154 1443 329 1482 tulerunt,
363 1441 456 1485 qnod
482 1438 635 1480 recipere
658 1435 773 1468 noluit
790 1439 973 1467 contentus
989 1437 1133 1475 paterna

155 1493 336 1536 dignitate.
388 1490 525 1524 Deinde
546 1488 738 1521 Saracenos
760 1485 895 1517 infusos
918 1483 956 1516 in
979 1481 1132 1516 Galliam

154 1543 290 1585 magnis
313 1541 453 1586 praeliis
477 1538 623 1578 delevit,
650 1537 688 1569 in
710 1535 839 1581 quibus
863 1534 991 1568 auxilia
1010 1532 1135 1567 habuit

156 1594 245 1635 regis
262 1591 577 1635 Longobardornm
594 1586 806 1625 Lutbrandi‚
834 1584 1021 1618 Landsridi
1037 1584 1135 1617 ducis

156 1644 428 1680 Alemanmum,
456 1648 488 1674 et
505 1637 687 1673 Odillonis
705 1637 802 1670 ducis
818 1635 996 1669 Bavariae.

255 1716 309 1751 Ex
332 1723 382 1751 tot
406 1715 561 1759 gentium
580 1712 849 1746 fortissimarum
874 1710 1015 1744 auxiliis
1030 1709 1134 1743 aesti-

156 1769 245 1802 mari
270 1774 383 1812 potest
403 1777 568 1808 magnum
589 1761 753 1806 Europae
777 1761 971 1806 periculum
995 1771 1014 1792 a
1030 1758 1134 1793 Sara-

157 1819 251 1853 cenis
275 1818 397 1857 fuisse‚
428 1813 596 1857 singulari
620 1813 722 1846 etiarn
748 1811 916 1856 sapientia
940 1817 993 1844 tot
1016 1817 1134 1852 gentes

158 1870 361 1903 coniunctas
385 1878 456 1900 esse
479 1866 521 1898 ad
548 1863 636 1897 tanti
658 1862 741 1896 belli
764 1862 984 1901 societatem,
1009 1860 1046 1892 in
1064 1872 1134 1904 quo

157 1926 249 1953 recte
270 1920 312 1952 de
333 1916 499 1951 Martello
522 1914 592 1948 dici
614 1919 744 1957 potest,
770 1920 809 1947 ut
833 1913 876 1945 de
896 1909 1134 1945 Themistocle

159 1971 291 2003 dictum
316 1975 383 2002 est:
410 1966 530 2000 Victos
554 1976 625 1998 esse
648 1964 692 1997 ab
715 1975 755 1996 eo
772 1962 894 1996 Persas
915 1961 1134 2001 fortitudine,

157 2020 269 2055 socios
289 2031 371 2052 vero
389 2017 541 2050 lenitate.
572 2011 658 2053 τοὺς
674 2011 743 2058 μὲν
756 2010 951 2057 πολεμίους
969 2008 1132 2056 ἀνδρεία,

157 2067 284 2109 τούςὸε
337 2064 554 2113 συμμάχους
601 2060 868 2112 εὐγνωμοσύνη
923 2062 1134 2107 νικηθῆναι,

159 2120 274 2154 Tanta
289 2120 398 2164 igitur
415 2118 488 2151 eius
505 2116 672 2151 autoritas
694 2115 779 2156 fuit,
805 2121 845 2148 ut
861 2126 940 2148 cum
955 2112 1134 2146 Lntbran-

158 2173 223 2204 dus
245 2183 303 2204 rex
328 2169 644 2212 Longobardorum
675 2166 797 2199 urbem
819 2164 971 2199 Romam
995 2163 1135 2196 obside-

158 2228 223 2261 ret,
249 2228 281 2255 et
298 2220 482 2255 Romanus
500 2217 694 2263 Episcopus
709 2215 878 2249 auxilium
895 2220 1043 2259 peteret,
1067 2212 1135 2247 Ca-

159 2273 256 2305 rolus
274 2271 458 2304 Martellus
475 2275 611 2303 tantum
628 2267 801 2310 legatione
822 2266 927 2299 missa
943 2264 1136 2309 perfecerit,

159 2329 200 2355 ut
216 2321 469 2363 Longobardus
484 2321 528 2353 ab
543 2319 629 2353 urbe
644 2317 759 2352 Roma
777 2317 980 2356 discederet,
1001 2326 1040 2348 ac
1057 2326 1135 2347 cum

158 2370 334 2416 Episcopo
355 2370 516 2405 Romano
539 2381 659 2415 pacem
684 2368 820 2402 faceret.
873 2365 1005 2400 Tenuit
1021 2372 1137 2410 pater-

161 2435 241 2456 nam
258 2421 459 2465 dignitatem
476 2433 587 2454 annos
609 2418 733 2462 viginti
750 2429 819 2451 sex.
871 2415 1026 2451 Decessit
1042 2427 1134 2449 anno

160 2471 291 2507 Christi
308 2473 559 2515 septuagesimo
575 2468 841 2516 quadragesimo
859 2467 994 2512 primo,
1020 2467 1136 2500 unde-

161 2524 250 2557 cimo
275 2522 446 2556 Calendas
463 2520 691 2560 Novembris,
722 2531 795 2552 non
818 2518 930 2552 multo
944 2523 1024 2551 ante
1040 2528 1137 2549 mor-

160 2582 229 2608 tem
258 2572 477 2616 imperatoris
499 2570 626 2603 Leonis
644 2570 767 2604 Isauri.
819 2568 984 2613 Sepultus
1010 2573 1060 2601 est
1073 2579 1136 2601 au—

160 2633 229 2658 tem
249 2624 339 2656 inter
354 2634 449 2665 reges
466 2620 651 2655 Francicus
670 2621 706 2652 in
723 2621 808 2653 aede
824 2617 1006 2665 Dionysii,
1032 2625 1064 2653 et
1081 2629 1135 2652 se-

159 2671 307 2720 pulchro
325 2674 484 2708 additum
502 2677 551 2705 est
568 2668 635 2703 hoc
649 2667 899 2714 Epitaphium:

382 119 587 158 SCRIPTA
615 115 692 150 PH.
719 111 834 148 MEL.
863 109 928 145 AD
956 107 1080 144 HIST.
1108 104 1250 143 PROF.
1275 104 1340 140 ET
1368 101 1559 139 PHILOS.
1587 101 1909 140 SPECTANTIA.

2054 106 2150 140 1088

1225 193 1280 225 Ille
1313 193 1511 224 Brabautinus
1539 192 1613 222 Dux
1647 196 1760 233 primus
1794 195 1825 222 in
1861 194 1930 222 orbe
1966 195 2150 234 triumphans

1226 245 1351 275 Malteus
1375 246 1405 273 iu
1432 244 1544 273 mundo
1570 246 1702 283 specialis
1728 244 1989 274 Christicolarum:

1227 295 1300 326 Dux
1320 295 1528 336 Dominusque
1551 293 1691 333 Ducum,
1720 294 1839 334 Regum
1863 306 1982 336 quoque
1998 294 2065 326 Rex
2088 297 2150 325 fore

1583 347 1712 385 spernit,

1229 396 1298 427 Non
1321 400 1385 427 vult
1410 407 1548 436 regnare,
1573 397 1624 426 sed
1639 395 1771 436 Regibus
1792 398 1917 436 imperat
1939 398 2011 437 ipse.

1279 461 1374 495 Haec
1388 462 1431 494 de
1446 461 1628 496 Saracenis
1644 467 1676 494 et
1690 462 1732 494 de
1749 460 1867 495 Caroli
1879 460 2033 494 Martelli
2045 461 2155 495 victo-

1179 514 1257 552 riis,
1285 519 1318 546 et
1334 512 1515 547 excellenti
1532 512 1660 547 virtute
1676 511 1775 545 nolui
1792 511 1971 549 omittere,
1994 511 2074 556 quia
2093 509 2156 543 ha-

1180 576 1258 598 rum
1283 569 1457 597 tantarum
1483 575 1600 596 rerum
1624 563 1857 596 consideratio
1873 569 2014 606 propter
2031 562 2156 594 multas

1180 614 1398 657 gravissimas
1420 625 1539 646 causas
1561 613 1746 647 utilissima
1769 619 1832 646 est.
1885 612 1985 645 Nunc
2004 612 2047 644 ad
2066 611 2158 644 Leo-

1180 666 1236 698 nis
1252 664 1363 698 Isauri
1381 671 1595 708 postremum
1614 670 1727 697 actum
1746 664 1883 696 accedo.

1281 714 1371 748 Cum
1388 715 1537 758 repulsis
1553 726 1570 747 a
1584 713 1752 759 Byzantio
1764 713 1947 747 Saracenis
1959 709 2036 745 Leo
2047 710 2159 745 Isau-

1183 778 1244 799 rus
1268 766 1401 810 aliquid
1424 765 1493 798 ocii
1521 771 1643 798 nactus
1667 771 1771 804 esset,
1807 764 1958 798 edictum
1984 764 2159 808 proponit,

1183 830 1251 863 quo
1270 817 1368 850 iubet
1386 816 1495 849 deteri
1512 815 1681 858 imagines
1703 815 1740 847 in
1761 815 1916 859 templis,
1944 814 2025 847 inde
2043 815 2160 847 nomi-

1182 875 1285 901 natus
1317 873 1368 900 est
1396 863 1644 910 dnovdgmxog.
1711 863 1848 899 Omitto
1876 866 2028 904 fabulas,
2071 876 2159 909 quae

1183 924 1328 952 narrant
1350 929 1428 950 eum
1456 929 1473 949 a
1497 916 1634 950 Iudaeis
1656 915 1838 949 incitatum
1861 927 1942 951 esse.
1995 914 2089 948 Haec
2106 927 2160 947 res

1183 971 1269 1002 adeo
1286 969 1420 1009 ingrata
1437 967 1502 1000 suit
1517 966 1680 1001 Romano
1692 965 1867 1009 Episcopo
1886 965 2057 1009 Gregorio
2072 964 2162 998 Ter-

1183 1020 1233 1052 tio
1244 1045 1253 1058 ‚
1280 1024 1317 1050 ut
1333 1017 1467 1050 fulmen
1483 1016 1853 1050 excommunicationis
1867 1023 1988 1050 contra
2006 1016 2161 1050 Leonem

1184 1068 1343 1101 Isaurum
1375 1073 1518 1110 propter
1545 1065 1807 1110 εἲκυνο,ιιαχι’σ.ν
1836 1067 2004 1105 ediderit,
2040 1064 2162 1110 prohi—

1183 1119 1300 1153 buerit
1317 1118 1418 1151 etiam
1435 1117 1470 1149 in
1495 1115 1596 1150 Italia
1612 1116 1744 1149 tributa
1760 1116 1792 1148 ei
1808 1117 1907 1150 solvi.

1286 1167 1381 1201 Haec
1405 1167 1505 1202 initia
1524 1167 1667 1201 suerunt
1683 1166 1973 1201 coniunctionum
1997 1174 2030 1201 et
2046 1167 2162 1200 foede-

1184 1232 1262 1253 rum
1285 1219 1552 1252 Pontificiorum
1581 1229 1659 1250 cum
1681 1216 1835 1251 Francis.
1895 1215 2005 1250 Erant
2029 1218 2163 1262 alioqui

1184 1282 1311 1313 magno
1334 1270 1370 1301 in
1404 1269 1486 1302 odio
1513 1267 1639 1302 Graeci
1668 1268 1915 1312 imperatores,
1948 1275 1981 1302 et
2013 1266 2165 1302 Exarchi

1186 1332 1346 1363 magnam
1374 1320 1615 1353 crudelitatem
1639 1319 1676 1351 in
1694 1319 1794 1352 Italia
1814 1319 2028 1353 exercebant.
2082 1318 2166 1351 Flo-

1185 1372 1309 1404 rebant
1337 1377 1453 1403 autem
1484 1366 1628 1402 Franci
1655 1380 1728 1402 non
1753 1369 1867 1402 solum
1897 1369 2070 1412 potentia,
2104 1371 2164 1402 sed

1186 1422 1288 1455 etiam
1307 1421 1396 1454 fama
1416 1420 1573 1454 iusticiae
1590 1426 1623 1453 et
1640 1420 1789 1463 pietatis.
1841 1418 1924 1452 Ideo
1948 1420 2103 1453 defensio
2121 1421 2164 1452 ab

1186 1472 1235 1506 eis
1251 1478 1368 1516 postea
1391 1471 1576 1516 aliquoties
1600 1470 1704 1514 petita
1729 1477 1797 1510 est,
1824 1471 1912 1503 sicut
1929 1470 2094 1504 usitatum
2114 1477 2163 1503 est

1186 1530 1306 1556 contra
1337 1529 1506 1567 tyrannos
1529 1520 1680 1554 vicinam
1719 1521 1957 1553 defensionem
1990 1532 2165 1566 quaerere,

1186 1580 1220 1607 et
1242 1572 1409 1616 scriptum
1433 1578 1500 1605 est:
1527 1571 1901 1615 Propteriniusticiam
1922 1583 2027 1614 regna
2050 1578 2165 1604 trans-

1186 1625 1359 1658 seruntur.
1412 1622 1515 1656 Tunc
1539 1634 1620 1654 vero
1643 1628 1676 1655 et
1694 1627 1885 1664 praetextus
1904 1621 2085 1664 religionis
2109 1633 2165 1654 ac-

1187 1674 1304 1714 cessit,
1331 1674 1424 1718 quod
1442 1672 1512 1706 Leo
1532 1671 1672 1705 Isaurus
1689 1678 1722 1705 et
1742 1672 1871 1704 deinde
1889 1672 1980 1704 filius
1998 1671 2165 1715 imagines

1186 1731 1220 1758 et
1236 1730 1365 1758 statuas
1384 1723 1558 1757 delebant.

1160 2270 1163 2295 Ι

1238 1822 1344 1858 Anno
1363 1823 1487 1857 mundi
1510 1829 1633 1868 quater
1653 1821 1839 1855 millesimo
1861 1822 2165 1867 septingentesimo

1390 1880 1424 1908 et
1442 1880 1577 1918 quarto.

1237 1925 1344 1959 Anno
1357 1923 1493 1959 Romae
1511 1924 1698 1957 millesimo
1714 1923 2056 1969 quadringentesimo
2075 1925 2166 1958 vice-

1391 1975 1479 2008 simo
1498 1975 1637 2019 quinto.

1239 2026 1343 2059 Anno
1388 2023 1522 2059 Christi
1562 2024 1869 2070 septingentesimo
1903 2024 2167 2070 quadragesimo

1390 2076 1557 2110 secundo.

1459 2139 1897 2175 Constantiana*

1289 2205 1559 2244 Constantinus·
1569 2206 1814 2252 Copronymus
1827 2207 1919 2240 filius
1933 2205 2061 2240 Leonis
2072 2205 2166 2239 Isau·

1188 2261 1237 2302 ri,
1264 2261 1346 2294 vivo
1364 2267 1461 2304 patre
1476 2265 1664 2292 coronatus
1678 2264 1728 2291 est
1751 2269 1769 2290 a
1784 2255 2002 2297 Patriarcha‚
2029 2256 2083 2289 cui
2101 2269 2167 2290 no·

1188 2324 1268 2345 men
1295 2311 1362 2345 suit
1391 2307 1611 2344 Germanus.
1672 2307 1805 2342 Tenuit
1836 2307 2022 2352 imperium
2054 2318 2166 2340 annos

1189 2362 1334 2405 triginta
1351 2361 1518 2406 quinque.
1559 2358 1771 2392 Nominatus
1789 2357 2044 2402 Copronymus,
2071 2359 2166 2402 quod

1188 2413 1305 2446 infans
1325 2412 1362 2446 in
1386 2423 1483 2445 sacro
1507 2409 1671 2454 baptismi
1694 2409 1764 2443 ritu
1787 2409 1823 2441 in
1846 2419 1971 2452 aquam
2001 2408 2166 2451 baptismi

1189 2470 1319 2497 stercus
1345 2475 1385 2496 ex
1407 2468 1530 2495 ventre
1554 2460 1665 2495 eiecit.
1720 2459 1761 2492 In
1779 2457 1937 2491 delendis
1954 2458 2165 2501 imaginibus

1188 2514 1401 2558 templorum
1427 2509 1670 2545 vehementior
1697 2509 1763 2542 fuit
1784 2514 1898 2552 patre,
1933 2508 2012 2541 ideo
2041 2515 2164 2542 contra

1188 2577 1267 2598 eum
1287 2565 1395 2597 factus
1418 2569 1467 2596 est
1488 2562 1677 2606 imperator
1698 2570 1867 2592 consensu
1891 2556 2114 2592 Patriarchae
2131 2566 2163 2592 et

1187 2614 1382 2648 nobilitatis
1398 2609 1644 2651 Artabasdus,
1669 2621 1772 2655 quem
1790 2609 1922 2653 praelio
1939 2609 2068 2643 victum
2087 2616 2164 2653 post

1186 2665 1370 2700 biennium
1396 2663 1641 2709 Copronymus
1674 2660 1783 2705 cepit,
1819 2666 1852 2694 et
1879 2659 1948 2704 ipsi
1969 2666 2002 2695 et
2025 2660 2165 2693 duobus
