2324 2955
69 129 114 163 61
621 120 778 158 DECL.
822 120 894 156 DE
928 116 1199 158 SlBYLLA,
1234 113 1523 152 PRINCIPE.

68 219 101 246 et
124 209 340 253 diligentiam
364 213 555 252 praestent,
580 213 613 239 et
638 207 686 239 sic
703 212 822 249 regant
844 216 975 243 mores,
1002 215 1046 236 ne

67 262 188 295 dolore
217 260 368 292 afficiant
394 257 564 300 Spiritum
593 263 771 297 sanctum,
803 257 860 288 sed
891 261 930 287 ut.
952 252 1047 286 Deus

66 311 179 344 faveat
197 309 413 342 discentibus
438 313 470 339 et
491 313 611 348 augeat
632 308 742 346 dona,
769 306 856 338 sicut
880 304 1046 347 scriptum

67 367 131 394 est:
171 359 324 392 llabenti
343 357 495 390 dabitur.
540 355 733 395 ‘1¹ea11tern,
756 357 804 388 fili
824 355 890 388 Dei
906 354 1047 386 domine

67 407 304 448 lesuChriste,
320 407 479 440 crucifixe
499 418 561 448 pro
580 406 681 438 nobis
698 412 731 438 et
747 406 956 445 resuscitate,
973 415 1048 443 oro,

66 467 106 494 ut
123 471 186 492 nos
202 459 375 502 gubernes
391 463 423 490 et
437 467 564 490 serves.
616 454 710 490 Dixi.

67 641 133 677 No.
156 641 239 677 189.
857 652 904 670 au.
931 639 1023 671 1554.

835 684 1044 701 m

286 743 360 783 Dc
377 741 578 799 Sibylla,
610 741 839 796 Principe.

133 829 281 863 separatim
308 828 424 862 prodiit:
457 828 553 854 Oratio
577 828 607 853 de
631 828 758 860 Principe
781 826 898 860 Sibylla,
934 825 1050 857 coniuge

168 864 250 890 titeci.
270 863 329 888 sax.
346 863 400 888 tob.
418 862 564 893 Friderici,
591 862 666 889 recit.
680 872 692 886 a
710 863 749 886 to.
766 862 901 886 Forstero.
939 859 1050 885 xvim».

170 898 242 923 155⁴.
267 897 290 922 8.
310 897 366 929 2¹s2
382 897 417 929 pl.
435 911 469 914 —
505 896 608 922 Recusa
628 896 654 920 in
676 896 766 920 select.
788 895 935 919 Declamat.
958 893 990 918 T.
1006 892 1050 916 lll-

168 941 194 964 p.
205 932 249 956 141
261 940 331 965 sqq.‚
350 934 463 956 harvest.
476 929 506 955 T.
516 929 562 955 ΙΙΙ.
578 939 602 963 p.
613 930 670 954 154.
682 934 707 954 et
722 928 847 954 Richard.
862 928 894 954 T.
909 927 942 953 ll.
958 936 982 960 p.
993 925 1050 952 756.

69 1012 192 1044 Oratio
216 1008 263 1042 de
289 1010 463 1051 Principe
484 1007 688 1052 Sibylla,
721 1010 872 1052 coniuye
899 1007 1050 1039 loannis

69 1059 253 1094 Fridcrici
271 1060 470 1098 Hectoris-3
498 1060 659 1091 recitata
685 1069 707 1091 a
736 1061 794 1092 Ιο.
824 1060 1050 1092 Forster0,

68 1111 174 1144 Doct.
220 1108 344 1143 Tlaeeol.
379 1111 419 1143 in
451 1110 732 1142 renunciatione
771 1107 903 1152 publici
943 1107 1050 1140 testi-

456 1161 571 1193 monii
589 1162 657 1192 etc.

66 1235 159 1276 Non
174 1251 265 1280 casu,
292 1251 363 1272 non
381 1251 419 1272 ex
437 1237 629 1272 Democriti
646 1238 772 1272 atomis
788 1235 872 1271 haec
888 1234 1048 1280 pulcher-

67 1292 156 1324 rima
173 1290 297 1323 mundi
320 1301 485 1332 corpora,
513 1296 545 1322 et
564 1289 794 1322 animantium
815 1295 847 1321 et
866 1286 1050 1320 hominum

67 1342 199 1373 formae
216 1339 477 1376 confluxerunt,
505 1340 563 1369 sed
581 1350 660 1370 vere
678 1350 750 1370 esse
773 1344 924 1370 mentem
941 1343 1051 1368 aeter-

68 1400 151 1422 nam
192 1385 521 1422 architectatricein,
574 1399 661 1428 quae
700 1388 861 1419 mirando
905 1383 1051 1415 consilio

68 1437 186 1471 omnia
203 1434 404 1473 fabricavit,
427 1434 586 1477 undique
606 1434 758 1466 ostendit
777 1445 831 1465 ars
850 1432 990 1474 opificii.

167 1500 236 1535 Sed
254 1499 402 1534 maxime
424 1499 575 1532 illustria
598 1499 795 1532 testimonia
820 1504 901 1530 sunt
919 1498 962 1529 de
977 1496 1051 1530 Deo

69 1552 269 1590 conditore,
300 1561 377 1582 cum
407 1549 555 1582 noticiae
577 1560 805 1581 numerorum
831 1554 934 1592 atque
956 1547 1052 1579 ordi-

70 1604 145 1643 nis,
172 1608 205 1634 et
229 1600 317 1633 aliae
341 1599 463 1632 insitae
481 1597 644 1632 humanis
660 1599 854 1638 mentibus,
881 1605 955 1631 tum
968 1609 1050 1629 vero

68 1652 217 1686 noticiae
235 1651 315 1683 illae
332 1656 488 1692 regentes
505 1650 629 1687 vitain,
655 1649 892 1681 discernentes
909 1645 1052 1680 honesta

70 1710 104 1736 ct
127 1701 261 1744 turpia,
284 1706 318 1732 et
335 1700 508 1732 vindicem
531 1698 645 1732 Deum
668 1705 916 1738 monstrantes,
944 1709 1052 1741 quum

69 1751 235 1787 horribili
271 1750 427 1783 cruciatu
461 1749 692 1782 conscientiae
725 1749 852 1782 scelera
887 1748 1051 1791 puniunt.

69 1802 175 1836 Ilunc
199 1800 359 1834 ordinem
387 1800 423 1832 in
449 1799 551 1832 nobis
576 1799 677 1846 ipsis,
717 1805 750 1832 et
775 1797 840 1831 boc
864 1798 1053 1831 discrimen

69 1854 244 1886 bonarum
264 1861 381 1883 rerum
405 1856 437 1882 et
459 1850 649 1890 malarum,
677 1856 709 1882 et
733 1847 944 1882 horrendam
963 1849 1053 1880 lace-

71 1903 242 1936 rationem
263 1900 373 1933 nostri
390 1899 524 1937 cordis,
557 1911 660 1943 quam
683 1900 852 1932 scelerum
874 1898 1054 1931 conscien-

71 1955 117 1988 tia
144 1952 270 1991 adfert,
305 1950 379 1982 vult
403 1948 497 1982 Deus
519 1949 642 1992 aspici,
674 1956 713 1982 ut
734 1950 803 1982 sint
819 1949 1055 1981 commonefa-

72 2004 202 2036 ctiones
219 2002 260 2033 de
276 2000 363 2044 ipso.
405 2000 472 2031 Sed
490 2011 567 2031 cum
586 2000 750 2042 languida
767 1999 811 2032 sit
828 1999 980 2031 assensio
998 1998 1053 2030 in-

73 2060 125 2086 ter
141 2059 210 2085 tam
228 2051 335 2082 multa
355 2048 570 2088 testimonia,
597 2050 728 2092 prodiit
747 2050 818 2092 ipse
836 2049 998 2082 conditor
1014 2060 1054 2081 ex

73 2114 196 2135 arcana
214 2102 311 2139 sede,
337 2106 369 2132 et
395 2111 466 2131 sese
488 2099 588 2131 novis
610 2106 642 2132 et
660 2100 879 2132 evidentibus
899 2099 1053 2132 testimo-

73 2153 142 2186 niis
170 2150 329 2194 patefecit
365 2155 457 2181 extra
491 2155 634 2181 naturae
663 2150 842 2190 ordinem,
881 2161 919 2181 ac
951 2148 1054 2182 initio

74 2202 185 2236 filium
203 2200 309 2239 misit,
325 2211 385 2242 per
402 2211 503 2243 quem
521 2199 638 2232 docuit
655 2211 717 2232 nos
732 2212 810 2232 vere
828 2212 864 2231 se
879 2200 913 2231 in
931 2211 1054 2241 genere

74 2247 229 2286 humano
247 2250 408 2292 colligere
426 2247 637 2289 Ecclesiam,
662 2250 717 2282 cui
734 2251 770 2282 in
787 2250 884 2282 omni
905 2250 1055 2282 aeterni-

74 2309 144 2336 tate
173 2312 244 2334 sese
269 2300 381 2333 lucem
409 2310 524 2339 suam,
558 2300 782 2342 sapientiam,
824 2300 995 2331 iusticiam
1023 2307 1054 2332 et

74 2351 246 2385 laeticiam
272 2349 593 2382 communicaturus
623 2350 682 2389 sit,
715 2362 753 2382 ac
786 2350 890 2382 simul
925 2350 1056 2390 docuit,

75 2402 251 2447 quomodo
279 2398 468 2433 Ecclesiam
502 2406 676 2432 aeternam
704 2411 743 2432 ex
776 2397 840 2432 bac
873 2400 987 2441 fragili
1023 2407 1057 2433 et

75 2451 217 2485 mortali
242 2461 350 2482 massa
377 2450 585 2482 collecturus
612 2450 667 2484 sit.
719 2448 819 2482 llanc
848 2450 1054 2493 sapientiam

75 2501 296 2539 universam,
330 2506 363 2532 et
386 2497 469 2532 baec
490 2500 646 2537 decreta,
679 2511 758 2532 cum
781 2499 889 2537 filius,
925 2500 985 2543 qui
1009 2506 1057 2533 est

78 2551 220 2593 augelus
244 2549 360 2591 magni
384 2549 520 2582 consilii
543 2561 583 2582 ex
607 2549 686 2582 sinu
710 2550 841 2582 aeterni
865 2550 972 2592 patris
990 2557 1058 2583 sta-

78 2602 143 2634 tim
168 2600 268 2634 initio
303 2599 506 2642 protulerit,
546 2596 651 2646 λόγος
678 2600 897 2637 nominatur,
933 2600 992 2644 qui
1027 2607 1059 2632 et

78 2651 228 2685 affirmat
250 2650 297 2683 sic
323 2661 363 2682 cx
388 2646 552 2683 horribili
574 2650 777 2684 confusione
799 2649 1008 2694 opinionum
1027 2657 1059 2684 et

2035 110 2084 144 62

1099 209 1268 235 sectarum
1300 203 1435 244 excerpi
1467 199 1533 234 boc
1568 211 1712 243 agmen,
1747 197 1839 243 quod
1866 197 2001 228 fruetur
2026 195 2085 228 illa

1099 252 1299 285 dulcissima
1322 250 1385 283 Dei
1410 252 1571 284 societate
1597 252 1632 282 in
1656 257 1726 283 tota
1752 248 1973 282 aeternitate,
2007 257 2085 277 cum

1100 300 1190 334 hanc
1213 301 1406 333 doctrinam
1431 302 1600 333 divinitus
1629 300 1792 333 traditam
1820 297 1934 334 audit,
1972 295 2084 333 discit,

1100 353 1168 384 fide
1186 351 1408 394 amplectitur
1428 357 1460 383 et
1475 351 1598 383 retinet
1616 351 1868 392 incorruptam.

1199 418 1275 451 Hoc
1312 419 1387 451 vult
1420 418 1556 460 signum
1592 429 1663 448 esse
1697 416 1845 458 agminis
1880 414 1951 453 sui,
1988 413 2083 457 quod

1101 469 1371 501 discernendum
1404 475 1452 501 est
1476 481 1492 500 a
1522 468 1655 510 reliqua
1689 465 1914 498 multitudine
1948 462 2083 504 generis

1101 517 1259 553 humani.
1314 518 1352 551 ln
1371 516 1436 550 lioc
1453 518 1589 559 agmine
1605 517 1675 547 vult
1696 514 1787 547 Deus
1811 514 1963 556 conspici
1983 525 2084 556 prae-

1103 569 1248 601 sentiam
1266 580 1374 607 suam,
1401 576 1432 600 et
1450 567 1569 600 tribuit
1587 566 1615 598 ei
1636 565 1774 608 proprie
1795 564 1968 601 beneficia,
1996 573 2083 606 quae

1103 626 1183 653 sunt
1199 620 1338 653 exordia
1356 619 1449 650 illius
1466 624 1623 650 aeternae
1639 613 1822 647 societatis.
1875 612 1959 645 Yult
1979 612 2085 653 igitur

1103 681 1166 702 nos
1188 669 1451 712 circumspicere
1468 679 1553 712 qnae
1580 672 1611 698 et
1631 665 1689 697 ubi
1715 664 1757 696 sit
1778 661 1946 700 Ecclesia,
1970 661 2083 704 qualis

1104 720 1208 753 suerit
1224 720 1296 752 eius
1313 718 1530 762 gubernatio,
1553 717 1634 748 inde
1655 725 1764 758 usque
1782 713 1824 745 ab
1841 711 1955 750 initio,
1980 721 2084 754 quam

1104 772 1147 803 ad
1184 782 1255 803 rem
1296 780 1432 802 necesse
1474 774 1523 799 est
1558 777 1658 798 nosse
1690 762 1873 796 historiam
1907 759 2082 793 Ecclesiae

1104 821 1263 853 omnium
1289 827 1505 863 temporum,
1540 823 1571 849 ct
1595 816 1813 848 considerare
1839 813 1873 844 in
1890 823 1958 855 quo
1983 816 2083 842 coetu

1104 872 1208 904 fuerit
1227 883 1290 903 vox
1309 869 1489 902 doctrinae
1508 867 1719 908 incorrupta.
1771 863 1906 895 Deinde
1923 872 2010 905 quae
2035 859 2084 891 ibi

1106 921 1301 954 testimonia
1321 919 1450 951 suerint
1473 916 1687 960 praesentiae
1705 914 1789 953 Dei,
1818 924 1904 957 quae
1923 909 2084 943 certami-

1105 983 1166 1011 na,
1193 972 1235 1002 de
1251 970 1378 1013 quibus
1395 967 1565 1004 materiis,
1593 978 1679 1010 qnae
1702 965 1891 1000 confessio,
1917 961 1977 1005 qni
1999 971 2084 992 con-

1105 1033 1224 1053 sensus
1240 1021 1399 1064 piorum,
1428 1030 1514 1062 quae
1534 1017 1661 1055 virtus,
1688 1015 1747 1059 qui
1766 1014 1895 1051 exitus,
1921 1022 2008 1054 quae
2028 1010 2083 1041 iu-

1105 1072 1194 1104 dicia
1219 1071 1416 1109 saniorum,
1443 1079 1530 1112 quae
1553 1066 1793 1103 liberationes,
1820 1075 1857 1095 ac
1883 1068 1953 1094 tota
1980 1059 2083 1091 series

1105 1129 1301 1164 temporum
1320 1120 1354 1151 in
1372 1125 1557 1161 conspectu
1574 1117 1628 1150 sit.
1680 1115 1774 1147 Haec
1793 1110 2024 1146 consideratio
2042 1110 2085 1141 de

1105 1172 1225 1204 multis
1250 1170 1384 1212 magnis
1408 1170 1511 1201 rebus
1535 1179 1598 1199 nos
1620 1168 1740 1202 docet,
1769 1162 1919 1196 ostendit
1937 1160 2019 1204 quid
2041 1159 2084 1191 sit

1106 1222 1325 1265 probandum
1338 1245 1347 1258 ‚
1374 1227 1405 1253 et
1424 1219 1606 1251 confirmat
1623 1215 1884 1253 adsensionem,
1910 1218 1940 1244 et
1959 1210 2085 1242 imitat

1106 1274 1148 1305 ad
1166 1273 1334 1304 virtutum
1351 1270 1476 1304 officia.

1205 1337 1295 1371 Cum
1320 1344 1434 1369 autem
1462 1342 1493 1368 et
1516 1334 1571 1367 bis
1593 1333 1760 1378 proximis
1787 1331 1887 1364 annis
1917 1337 1991 1363 orta
2015 1329 2085 1361 sint

1106 1396 1230 1425 magna
1265 1383 1454 1416 certamina
1482 1383 1524 1414 de
1551 1381 1672 1415 multis
1703 1380 1881 1413 doctrinae
1917 1379 2085 1422 partibus,

1107 1446 1199 1466 nunc
1221 1433 1405 1477 praecipue
1428 1443 1564 1464 neccsse
1589 1439 1637 1464 est
1661 1431 1792 1474 inquiri
1810 1430 2003 1462 doctrinam
2029 1429 2086 1460 in-

1106 1490 1320 1526 corruptam,
1346 1494 1434 1525 quae
1451 1494 1527 1514 cnm
1545 1481 1727 1513 adduxerit
1745 1490 1807 1511 nos
1824 1480 1866 1511 ad
1884 1490 1998 1511 veram
2016 1477 2086 1511 Ec-

1106 1533 1264 1573 clesiam,
1291 1533 1483 1564 videndum
1501 1538 1550 1563 est
1567 1531 1671 1563 etiam
1688 1530 1723 1561 in
1742 1533 1813 1567 hac,
1838 1541 1926 1572 quae
1945 1528 2015 1560 sint
2030 1535 2082 1561 te-

1106 1583 1270 1616 stimonia
1289 1581 1503 1625 praesentiae
1520 1580 1596 1620 Dei,
1622 1592 1708 1624 quae
1726 1579 1779 1622 pia
1797 1579 1965 1622 exempla.
2003 1577 2083 1610 Non

1106 1640 1155 1666 est
1178 1632 1332 1666 Ecclesia
1358 1631 1614 1664 Centaurorum
1641 1636 1697 1661 aut
1725 1628 1917 1674 Cyclopum
1949 1638 2085 1668 agmen,

1107 1690 1164 1716 aut
1180 1680 1309 1715 Bacchi
1328 1681 1516 1720 exercitus,
1542 1682 1600 1713 sed
1624 1686 1691 1719 est,
1718 1687 1756 1712 ut
1774 1679 1808 1710 in
1828 1676 2008 1721 Sopllonia
2029 1678 2085 1710 di—

1107 1734 1216 1773 citur,
1243 1733 1393 1776 populus
1418 1729 1561 1764 bumilis
1585 1737 1616 1763 et
1635 1741 1781 1773 pauper,
1807 1729 1984 1761 confidens
1999 1727 2086 1767 Deo,

1107 1792 1139 1817 et
1156 1795 1234 1816 eum
1252 1783 1429 1815 invocans.
1482 1780 1606 1823 Fulget
1631 1781 1665 1812 in
1683 1778 1836 1812 Ecclesia
1861 1778 1990 1819 agnitio
2006 1777 2086 1817 Dei,

1108 1842 1140 1867 et
1153 1840 1202 1866 est
1218 1834 1255 1865 in
1273 1845 1310 1866 ea
1327 1832 1557 1865 consideratio
1574 1830 1763 1874 sapientiae
1780 1828 1856 1869 Dei,
1878 1828 2036 1861 doctrina
2053 1834 2085 1860 et

1108 1884 1303 1917 intellectus
1316 1895 1354 1915 ac
1370 1894 1469 1915 amor
1485 1882 1654 1914 virtutum
1677 1887 1707 1913 et
1727 1878 1891 1912 honestae
1908 1878 2085 1911 consocia-

1108 1935 1232 1973 tionis,
1263 1934 1342 1965 ideo
1374 1930 1538 1964 historiae
1572 1932 1706 1975 aliquot
1729 1931 1889 1963 recitatae
1920 1936 2019 1968 sunt,
2053 1934 2086 1960 et

1108 1984 1312 2027 Principum
1333 1989 1365 2015 et
1382 1982 1530 2014 aliorum
1544 2009 1553 2020 ,
1578 1988 1615 2014 ut
1632 1981 1740 2012 sciant
1758 1980 1864 2013 exteri
1888 1986 1919 2012 et
1944 1978 2087 2022 posteri,

1108 2035 1238 2067 multos
1267 2033 1438 2076 sapientes
1470 2039 1502 2065 et
1528 2032 1655 2064 virtute
1686 2031 1890 2062 excellentes
1925 2027 2086 2061 homines

1108 2085 1285 2128 amplexos
1303 2094 1375 2115 esse
1391 2082 1597 2121 doctrinam,
1624 2092 1726 2125 quam
1745 2080 1951 2123 profitentur
1964 2077 2086 2111 Eccle-

1108 2135 1178 2168 siae
1205 2141 1359 2172 nostrae,
1393 2139 1430 2165 ut
1464 2132 1581 2175 plures
1618 2132 1728 2174 ipsum
1763 2130 1942 2162 doetrinae
1977 2139 2086 2170 genus

1109 2190 1330 2227 cognoscant,
1353 2189 1385 2215 et
1400 2182 1545 2224 cognitis
1564 2182 1718 2214 fontibus
1736 2180 1986 2212 confirmentur
2002 2190 2086 2210 con-

1107 2246 1212 2268 sensu
1244 2234 1365 2267 talium
1396 2230 1598 2271 bominum,
1634 2231 1820 2274 inquibus
1846 2240 1916 2260 uon
1950 2229 2085 2261 fallacia

1109 2286 1205 2327 signa
1240 2290 1320 2317 sunt
1356 2295 1456 2316 verae
1490 2282 1643 2325 pietatis,
1674 2288 1706 2313 et
1740 2279 1933 2312 invitentur
1964 2291 2085 2312 eorum

1109 2335 1276 2378 exemplis
1293 2334 1335 2367 ad
1352 2334 1540 2366 multarum
1557 2332 1724 2364 virtutum
1743 2329 1912 2362 exercitia.

1218 2399 1322 2433 Nunc
1356 2399 1461 2440 igitur
1493 2408 1600 2440 pauca
1632 2397 1744 2428 dicam
1778 2397 1820 2428 de
1857 2395 2089 2428 illustrissima

1110 2450 1273 2494 Principe
1293 2450 1445 2493 Sibylla,
1472 2448 1617 2488 coniuge
1646 2446 1873 2478 illustrissimi
1897 2445 2004 2479 Ducis
2025 2446 2087 2478 Sa-

1111 2501 1234 2533 xoniae
1266 2497 1433 2532 lobannis
1461 2497 1648 2534 Friderici,
1681 2495 1874 2535 Electoris,
1908 2508 2019 2540 nuper
2048 2508 2087 2528 ex

1112 2549 1176 2584 bac
1200 2549 1337 2582 mortali
1360 2549 1428 2580 vita
1454 2548 1495 2579 ad
1519 2548 1699 2579 coelestem
1726 2546 1916 2580 Ecclesiam
1943 2547 2088 2583 evocati,

1112 2601 1210 2634 cuius
1231 2598 1374 2631 historia
1391 2604 1420 2629 et
1441 2604 1580 2641 propter
1597 2595 1741 2629 honesta
1759 2597 1912 2640 exempla
1937 2597 2087 2640 prodest,

1113 2658 1145 2684 et
1174 2650 1254 2694 quia
1280 2649 1502 2682 manifestum
1530 2647 1768 2681 testimonium
1798 2654 1846 2681 est
1876 2646 2090 2689 praesentiae
