2324 2955
100 118 174 152 337

101 200 232 236 dimitti
256 199 382 232 inustis
409 199 444 231 in
470 200 586 232 fronte
612 200 852 242 stigmatibus,
881 197 1006 243 hospes
1034 199 1090 230 in-

99 258 228 296 gratus.
290 250 395 283 'sales
420 248 573 293 hospites
604 251 706 284 multi
739 258 840 289 sunt,
875 248 965 294 proh
989 250 1093 282 dolor

99 303 203 337 etiam
236 302 273 335 in
304 301 524 340 Academiis,
558 301 594 333 in
621 302 750 346 quibus
773 302 875 334 multi
904 313 976 333 non
1010 307 1091 334 tan—

100 361 174 388 tum
197 353 362 396 gratiam,
403 352 464 384 sed
495 353 679 395 pecuniam
706 353 811 387 etiam
835 352 991 385 debitam
1019 363 1091 384 non

99 404 254 438 solvunt.

202 453 371 487 Tradidit
387 459 503 486 autem
522 452 652 487 Paulus
675 453 833 495 regulam
857 454 900 485 de
923 464 1091 496 compen-

98 504 234 538 satione
264 502 560 538 honestissimam.
628 503 769 537 Nemini
802 504 996 549 quidquam
1029 504 1090 536 de-

97 555 228 596 beatis,
276 555 346 588 nisi
384 555 620 590 dilectionem.
698 554 837 588 lusticia
874 555 1090 594 nominatur,

97 607 181 640 dare
205 607 301 651 quod
326 606 423 639 civili
445 605 660 647 obligatione
685 606 845 640 debetur.
901 605 938 638 ld
959 605 1090 638 Paulus

97 658 173 690 fieri
195 657 373 701 praecipit.
435 655 508 689 Nec
539 657 614 689 vult
646 656 783 690 turbari
810 657 901 690 vitae
927 656 1087 689 ordinem

97 714 130 741 et
156 708 304 747 iudicia,
339 706 447 739 deleri
471 704 633 740 honestas
660 708 769 749 leges,
803 706 1005 740 defraudari
1023 704 1089 739 ho-

97 758 210 792 mines
232 764 411 802 praetextu
435 754 659 791 Christianae
682 758 868 793 societatis.
929 757 1089 790 Sciamus

97 809 192 842 enim
218 816 250 842 et
274 809 414 842 civilem
441 808 691 851 obligationem
717 809 874 841 divinam
892 820 972 841 esse.
1025 806 1089 840 Est

96 866 211 893 autem
240 866 273 892 et
296 859 469 893 naturalis
485 860 653 902 obligatio
679 860 820 900 divina,
848 871 936 904 quae
957 859 1089 891 benefi-

96 910 245 944 centiam
271 917 302 943 et
327 910 579 953 gratitudinem
609 911 720 943 animi
751 911 1012 953 complectitur,
1047 910 1089 941 dc

96 973 165 1006 qua
190 961 291 994 dicit:
331 960 478 1005 Semper
508 961 627 993 deberi
660 961 898 995 dilectionem.
961 960 1015 994 Sit
1049 961 1087 992 in

96 1012 200 1045 bonis
229 1012 407 1044 mentibus
439 1019 606 1054 perpetua
640 1023 722 1044 cura
747 1013 896 1044 tuendae
921 1009 1089 1044 honestae

96 1062 359 1096 coniunctionis
387 1068 421 1095 et
443 1062 653 1094 concordiae
678 1062 841 1106 publicae
871 1062 908 1094 in
932 1061 1088 1095 Ecclesia

95 1119 131 1147 et
159 1113 196 1145 in
219 1112 393 1156 imperiis,
428 1119 460 1145 et
493 1113 640 1145 iuvandi
671 1114 781 1153 cives,
815 1120 987 1157 quantum
1014 1113 1088 1145 fieri

97 1170 228 1208 potest,
260 1164 305 1196 sit
328 1164 432 1196 etiam
457 1160 645 1204 ἐπιείκεια,
675 1165 851 1208 sapienter
874 1164 1033 1196 serantur
1058 1170 1089 1196 et

96 1221 259 1257 tegantur
280 1216 452 1259 quaedam
477 1214 721 1254 incommoda,
755 1227 798 1246 ne
827 1221 938 1247 totum
963 1225 1089 1258 corpus

96 1272 214 1308 pereat
229 1272 268 1298 ut
286 1265 322 1297 in
342 1265 446 1297 senili
465 1277 611 1308 corpore
629 1265 745 1297 morbi
764 1266 909 1309 quidam
934 1265 1089 1298 toleran-

96 1323 167 1357 tur,
194 1316 255 1359 qui
273 1316 348 1346 sine
363 1315 494 1345 maiore
513 1315 604 1346 malo
624 1315 701 1345 tolli
718 1326 788 1345 non
808 1322 965 1357 possunt.
1007 1315 1088 1346 Non

98 1366 229 1409 patitur
253 1362 318 1396 hoc
346 1370 483 1407 tempus
505 1364 701 1406 longiorem
725 1365 942 1403 orationem,
969 1370 1002 1396 et
1027 1375 1089 1405 ego

97 1422 232 1449 tautum
246 1414 474 1457 etymologias
490 1420 670 1457 utcunque
687 1426 848 1447 enarrare
861 1414 971 1453 volui,
995 1415 1088 1457 qnod

97 1472 213 1498 tamen
232 1463 304 1495 fieri
326 1474 396 1494 non
414 1469 544 1506 potest,
572 1463 640 1494 nisi
661 1469 692 1494 et
713 1475 730 1494 a
746 1464 851 1495 rebus
874 1463 955 1505 ipsis
975 1470 1006 1495 et
1024 1460 1089 1495 ho—

97 1514 233 1548 minum
251 1513 410 1546 moribus
427 1512 463 1544 in
480 1512 549 1544 vita
570 1519 734 1555 petantur
749 1513 915 1556 exempla.

196 1564 362 1607 Legimus
377 1570 492 1596 autem
512 1569 543 1595 et
561 1562 774 1605 singularem
792 1563 964 1607 picturam
983 1561 1089 1594 fuisse

95 1614 280 1651 Charitum
310 1615 346 1647 in
380 1612 614 1647 vetustissima
648 1614 736 1646 urbe
764 1612 905 1653 Eliaca,
941 1625 1090 1658 quarum

97 1667 210 1711 prima
228 1664 360 1699 Rosam
384 1665 489 1708 gerit,
518 1664 625 1697 altera
640 1663 820 1710 Myrtum‚
849 1665 949 1697 tertia
966 1662 1090 1697 Astra-

97 1718 214 1761 galum
233 1728 292 1749 seu
303 1715 444 1749 Talum.
480 1714 639 1748 Artifices
657 1715 765 1748 multa
783 1715 962 1758 ingeniose
980 1714 1090 1757 sigui-

98 1769 246 1802 ficarunt
266 1768 302 1799 in
321 1766 470 1810 publicis
495 1767 747 1799 monumentis.
800 1765 894 1800 Rosa
918 1766 1091 1809 significat

97 1818 373 1864 pulcritudinem
392 1824 425 1850 et
440 1817 680 1859 fragrantiam.
733 1815 832 1850 Nihil
852 1817 1002 1856 iusticia,
1029 1817 1088 1848 be-

98 1869 300 1908 neficentia,
331 1869 448 1902 studio
475 1868 624 1901 tuendae
650 1868 912 1900 coniunctionis
931 1868 967 1900 in
988 1866 1090 1899 bonis

97 1921 229 1959 causis,
262 1919 420 1964 pulcrius
448 1926 480 1952 et
503 1918 642 1951 dulcius
669 1925 730 1953 est.
784 1918 924 1964 Myrtus
944 1919 1090 1950 foecun—

97 1973 242 2005 ditatem
275 1970 458 2014 significat.
516 1968 703 2013 Accipiens
733 1970 941 2002 beneficium
966 1969 1091 2001 reddat

99 2022 252 2055 vicissim
276 2034 336 2054 seu
360 2021 492 2060 officia,
520 2032 578 2052 seu
598 2032 713 2053 rerum
734 2020 860 2064 precia.
914 2018 1089 2061 Astragali

98 2073 299 2117 significant
314 2073 464 2105 incertos
482 2078 644 2111 eventus,
671 2071 944 2105 inconstantiam
962 2071 1091 2103 volun-

100 2131 211 2158 tatum
235 2124 271 2156 in
297 2123 419 2156 amicis
442 2129 474 2155 et
505 2122 807 2164 ingratitudinem.
866 2121 983 2156 Rarae
1009 2127 1090 2153 sunt

99 2176 220 2208 firmae
240 2181 285 2208 et
319 2173 498 2207 durabiles
526 2173 720 2214 amicitiae,
755 2180 794 2206 ut
821 2185 893 2206 non
921 2174 1090 2205 diuturna

100 2226 167 2260 suit
182 2224 340 2269 Pompeii
360 2231 393 2258 et
416 2223 494 2257 lulii
513 2224 678 2258 amicitia.
730 2223 800 2257 Nec
819 2225 892 2256 sine
910 2235 1010 2256 causa
1029 2235 1091 2254 nec

100 2277 176 2310 sine
208 2276 374 2319 exemplis
415 2275 504 2308 dixit
540 2274 655 2307 Plato:
701 2271 809 2320 φύσει
840 2271 1091 2319 εὐμετάβολον

101 2326 220 2370 ζῶον,
255 2324 371 2374 φίλος.
431 2324 591 2370 Eamque
627 2326 672 2358 ob
703 2338 839 2359 causam
868 2331 1090 2369 praeceptum

102 2378 271 2412 traditum
295 2386 363 2419 est,
395 2375 555 2423 μέμνηιϊ
593 2375 777 2417 ἀπιστεῖν,
814 2375 943 2422 ἄρθρα
974 2378 1092 2410 ταῦτα

106 2431 178 2464 τῶν
195 2431 356 2475 φρενῶν.
407 2428 477 2462 Sed
492 2429 534 2461 de
554 2426 617 2461 hac
636 2428 806 2471 sapientia
823 2429 1015 2472 loquantur
1032 2426 1091 2458 alii

102 2481 259 2514 seniores
290 2487 323 2513 et
359 2480 554 2522 peritiores.
621 2478 712 2518 Nos,
754 2478 958 2523 quicunque
990 2483 1093 2510 erunt

104 2538 268 2572 eventus,
297 2531 385 2563 iusta
404 2531 578 2563 discamus
597 2537 627 2563 et
645 2530 829 2568 faciamus,
857 2529 1093 2571 intelligamus

105 2589 139 2616 et
156 2593 312 2616 amemus
328 2582 598 2624 gratitudinem,
618 2581 727 2613 simus
743 2580 888 2613 officiosi
900 2607 908 2619 ,
935 2580 996 2612 ubi
1015 2590 1093 2622 pos-

105 2644 226 2666 sumus
251 2633 329 2666 aliis
346 2632 565 2671 benefacere,
592 2644 664 2665 non
687 2633 869 2664 turbemus
888 2631 977 2663 vitae
995 2630 1093 2662 ordi-

107 2696 186 2717 nem
198 2708 207 2720 .
235 2695 307 2715 non
323 2684 513 2716 laceremus
531 2681 723 2723 Ecclesias,
750 2690 781 2715 ct
797 2682 905 2714 simus
923 2692 1094 2714 memores
1118 2677 1120 2695 '⁴

157 2737 332 2769 Eli-‚narra
357 2736 485 2767 Ο1’1;11Δ.
517 2735 596 2766 Vm..
613 2736 690 2767 ΧΠ.

496 113 654 150 DECL.
688 113 762 148 DE
796 113 1111 149 CHARlTUM
1149 114 1728 155 APPELLATIONIBUS.

2061 123 2133 159 358

1115 203 1119 259 ἶ
1144 200 1244 232 dicti:
1279 200 1396 234 Labor
1419 210 1532 236 vester
1560 216 1632 237 non
1665 205 1730 238 erit
1757 205 1873 238 inanis
1903 205 1940 238 in
1966 205 2132 241 Domino.

1143 249 1238 283 Deus
1280 259 1370 284 recta
1413 254 1622 287 facientibus
1668 256 1767 289 dabit
1809 257 1966 299 placidos
2008 258 2131 298 exitus,

1143 302 1278 334 etiamsi
1303 302 1485 336 incurrent
1507 305 1543 336 in
1569 317 1626 338 eos
1651 307 1772 345 multi,
1802 306 1942 340 iniustis
1965 309 2055 341 odiis
2074 321 2131 342 ar-

1142 353 1283 391 dentes,
1310 359 1348 385 ut
1370 355 1622 388 modestissime
1647 357 1772 391 dicam.

1243 401 1349 446 Apud
1383 402 1576 438 Homerum
1606 408 1733 441 assidet
1757 407 1917 442 Vulcano
1945 406 2130 443 Charitum

1141 464 1212 486 una
1229 453 1266 486 in
1285 455 1441 495 officina,
1469 468 1538 500 quo
1558 458 1722 500 figmento
1740 459 1877 501 sapiens
1900 461 2002 503 poe'ta
2020 460 2129 493 multa

1141 504 1350 547 significavit
1384 512 1415 538 et
1451 508 1544 550 quod
1573 508 1701 540 artium
1730 521 1835 551 opera
1864 510 1933 543 sint
1966 511 2066 544 utilia
2097 517 2130 544 et

1140 555 1293 588 iucunda
1309 558 1487 589 communi
1506 557 1615 597 vitae,
1644 565 1676 591 et
1695 560 1789 603 quod
1808 559 1844 591 in
1861 560 1944 603 ipsis
1963 561 2129 604 operibus

1140 606 1235 638 nitor
1260 613 1293 639 et
1317 614 1479 640 venustas
1502 620 1573 640 esse
1598 609 1743 649 debeat,
1778 621 1840 641 nec
1856 610 1926 643 sint
1944 608 2129 644 hominum

1140 654 1286 690 thalami
1312 657 1441 690 similes
1467 671 1654 702 porcorum
1678 660 1842 699 stabulis,
1870 667 1902 692 et
1926 673 2007 693 vero
2033 663 2127 705 quod

1139 708 1288 740 artifices
1323 709 1441 742 deceat
1476 710 1649 742 officiosos
1684 717 1715 742 et
1745 710 1900 753 placidos
1927 723 2017 751 esse,
2056 724 2127 743 non

1139 770 1297 801 asperos,
1324 771 1396 791 non
1412 772 1585 799 morosos,
1614 772 1687 792 non
1713 772 1854 800 avaros,
1879 773 1950 793 non
1978 761 2128 794 invidos.

1140 809 1284 851 Quanto
1303 810 1411 852 magis
1437 811 1474 842 in
1499 808 1665 843 Ecclesiis
1690 817 1721 843 et
1746 812 1945 844 Academiis
1971 809 2129 845 habitare

1139 858 1298 893 Charites
1320 862 1520 903 oportebat,
1555 873 1599 893 ne
1623 862 1803 894 doctrinae
1829 862 1968 894 illuvies
1993 870 2025 895 et
2048 863 2128 895 bar-

1141 911 1254 943 baries
1278 911 1405 944 alienet
1432 909 1612 951 homines,
1637 918 1675 944 ut
1699 920 1779 946 sunt
1799 914 1971 956 paradoxa
1991 912 2128 946 Stoico-

1140 974 1236 1001 rum,
1264 974 1352 1006 quae
1377 962 1564 994 adfirmant
1581 962 1699 995 omnia
1718 964 1912 996 necessario
1941 963 2034 1004 fieri,
2063 964 2128 996 bo-

1141 1023 1202 1045 nas
1226 1019 1259 1046 et
1288 1012 1396 1044 malas
1420 1012 1592 1045 actiones:
1628 1019 1660 1045 et
1687 1013 1746 1045 illa
1775 1014 1942 1053 fanatica,
1981 1014 2130 1057 impium

1140 1075 1211 1095 esse
1243 1063 1465 1105 magistratus
1491 1074 1628 1105 gerere,
1662 1074 1819 1096 exercere
1853 1064 2000 1103 iudicia,
2036 1065 2128 1096 bona

1140 1126 1245 1158 opera
1263 1126 1335 1146 non
1354 1125 1425 1146 esse
1445 1114 1637 1146 necessaria
1651 1140 1659 1154 ‚
1688 1126 1775 1146 neve
1797 1115 1998 1147 docentium
2017 1114 2130 1148 ambi-

1140 1166 1188 1198 tio
1223 1164 1453 1209 popularibus
1483 1165 1697 1197 clamoribus
1735 1165 1829 1197 idola
1861 1165 2032 1203 stabiliat,
2070 1172 2131 1198 aut

1140 1216 1219 1248 odia
1238 1216 1396 1258 iugulent
1413 1215 1629 1250 innocentes,
1682 1214 1783 1248 Plato
1800 1215 1924 1248 solitus
1949 1222 1998 1248 est
2016 1215 2130 1248 dicere

1141 1268 1182 1299 ad
1200 1267 1451 1305 Xenocratem,
1479 1267 1572 1310 quod
1589 1266 1743 1298 tristiore
1767 1273 1800 1299 et
1822 1266 1988 1308 rigidiore
2005 1273 2130 1300 natura

1141 1324 1247 1354 esset,
1282 1317 1403 1348 volens
1424 1328 1503 1348 eum
1528 1317 1676 1348 excitare
1701 1317 1742 1348 ad
1768 1317 1985 1356 comitatem,
2012 1316 2130 1349 suavi-

1141 1374 1245 1398 tatem
1269 1372 1302 1398 et
1327 1363 1538 1408 ἑπιείκειαγ,
1567 1377 1655 1410 quae
1682 1365 1717 1397 in
1745 1366 1925 1398 communi
1944 1373 2130 1399 consuetu-

1141 1417 1224 1449 dine
1243 1416 1456 1448 necessariae
1474 1422 1576 1455 sunt,
1604 1413 1735 1449 σπένδε
1747 1412 1909 1461 χάρισιν.

1254 1464 1355 1497 Hanc
1381 1463 1664 1497 adhortationem
1689 1477 1749 1498 vos
1767 1478 1906 1511 qnoque
1925 1467 2130 1500 memineri-

1142 1515 1206 1553 tis,
1236 1516 1294 1546 sed
1315 1515 1487 1546 concinne
1504 1515 1729 1547 intellectam.
1781 1515 1926 1549 Rectius
1941 1524 2056 1550 autem
2074 1518 2130 1550 di-

1142 1577 1259 1597 cemus
1272 1562 1402 1598 σῑιένδε
1416 1567 1469 1609 1(ιῆ
1481 1567 1636 1610 χριστῷ,
1665 1565 1725 1610 qui
1739 1572 1830 1598 certe
1849 1567 1924 1600 vult
1942 1578 2003 1599 vos
2020 1580 2131 1600 unum

1143 1616 1178 1647 iu
1198 1615 1274 1659 ipso
1293 1627 1376 1650 esse.
1429 1614 1701 1658 PropterDeum
1719 1622 1750 1648 et
1760 1614 1953 1650 Dominum
1971 1624 2130 1651 nostrum

1145 1665 1258 1699 lesum
1274 1664 1454 1700 Christum
1473 1678 1628 1699 amemus
1645 1666 1832 1705 iusticiam,
1859 1675 1891 1700 et
1908 1668 2131 1701 concordiam

1145 1717 1334 1761 publicam,
1359 1717 1434 1750 etsi
1452 1729 1540 1761 quae
1556 1718 1791 1750 dissensiones
1808 1725 1899 1758 sunt,
1924 1720 1967 1751 de
1984 1716 2038 1751 his
2057 1719 2132 1762 pla·-

1143 1769 1220 1801 cide
1231 1768 1390 1808 candide,
1415 1768 1490 1801 sine
1506 1768 1608 1808 odiis,
1635 1768 1709 1800 sine
1728 1766 1962 1814 φιλονεικείᾳ,
1982 1770 2057 1802 siue
2075 1781 2131 1801 so-

1144 1817 1290 1862 phistica
1310 1819 1475 1852 dicantur
1492 1819 1703 1859 sententiae,
1728 1826 1759 1852 et
1778 1819 1821 1851 sit
1846 1820 1947 1852 iudex
1966 1818 2133 1854 Ecclesia.

1146 1869 1186 1902 ln
1204 1867 1258 1902 his
1275 1871 1380 1903 tantis
1392 1870 1545 1912 negociis
1562 1869 1778 1912 conspicitur
1795 1882 1914 1902 verum
1933 1882 2015 1910 esse,
2039 1872 2132 1915 quod

1143 1921 1191 1953 ait
1214 1918 1447 1963 Theocritus,
1484 1918 1576 1953 nihil
1606 1921 1681 1952 sine
1707 1919 1840 1953 Gratiis
1874 1921 2023 1953 amabile
2050 1933 2132 1957 esse,

1116 2004 1117 2014 γ
1142 1969 1175 2004 τὶ
1194 1968 1267 2017 γὰρ
1281 1968 1448 2015 χαρίτων
1467 1968 1659 2016 ἀγαπητὸν
1682 1967 1897 2014 ἀνθρώποις
1918 1969 2131 2004 (ἔπαιέιῐθεν

1144 2020 1199 2055 ἀεὶ
1238 2031 1451 2066 χαριῖεσσιν
1487 2019 1553 2064 ἀμ’
1596 2019 1669 2065 ἔην.
1750 2021 1845 2062 Quid
1882 2021 2031 2053 alienius
2064 2027 2132 2057 est,

1145 2085 1250 2117 quam
1282 2083 1336 2105 res
1366 2072 1534 2116 optimas,
1575 2072 1778 2110 veritatem,
1813 2083 1951 2114 pacem,
1986 2083 2131 2104 concor—

1145 2124 1257 2162 diam,
1286 2123 1398 2156 Deum
1417 2123 1545 2166 ipsum,
1574 2122 1666 2154 inter
1680 2121 1787 2153 furias
1804 2133 1983 2165 quaerere.
2039 2122 2131 2154 Lon-

1144 2187 1183 2216 ge
1202 2174 1267 2206 alia
1288 2175 1330 2206 ad
1347 2173 1460 2207 Deum
1480 2173 1534 2206 via
1558 2179 1627 2211 est,
1655 2173 1714 2215 qui
1738 2172 1897 2204 adfirmat
1916 2183 1950 2204 se
1975 2170 2132 2204 habitare

1146 2227 1180 2258 in
1200 2225 1327 2269 spiritu
1344 2225 1515 2263 contrito,
1545 2221 1689 2261 humili,
1717 2229 1746 2254 et
1774 2222 1918 2255 timente
1934 2234 2130 2255 sermonem

1144 2276 1319 2310 divinum.
1378 2274 1454 2307 Oro
1478 2281 1593 2307 autem
1616 2273 1726 2305 filium
1754 2271 1819 2305 Dei
1844 2271 2038 2305 Dominum
2066 2285 2130 2305 no—

1144 2335 1255 2361 strum
1280 2325 1394 2359 Iesum
1417 2323 1619 2362 Christum,
1658 2323 1859 2356 crucifixum
1887 2336 1949 2366 pro
1977 2324 2079 2356 nobis
2099 2331 2129 2356 et

1145 2378 1403 2413 resuscitatum,
1431 2376 1491 2421 qui
1511 2376 1606 2407 sedet
1622 2375 1662 2407 ad
1683 2374 1837 2406 dextram
1854 2375 1984 2406 aeterni
2011 2374 2130 2417 patris,

1144 2437 1180 2463 ut
1207 2431 1299 2462 dona
1323 2429 1381 2461 det
1406 2425 1631 2463 hominibus,
1666 2431 1705 2457 nt
1730 2436 1793 2457 nos
1817 2436 1938 2457 omnes
1961 2425 2128 2467 gubernet

1144 2488 1176 2514 et
1199 2485 1371 2524 protegat,
1397 2486 1426 2510 et
1446 2477 1603 2510 effundat
1631 2476 1667 2508 in
1687 2486 1751 2508 nos
1767 2475 1928 2518 spiritum
1952 2476 2080 2518 gratiae
2098 2481 2126 2506 et

1353 2529 1444 2562 Dixi.

1144 2543 1297 2576 ΡΥΕΕΠΙΠ.
