2324 2955
205 109 276 145 175

664 97 820 134 DECL.
859 94 931 129 DE
969 92 1175 129 CAUSIS
1209 93 1741 139 PUTREFACTIONIS.

2141 98 2213 133 176

206 196 355 230 mixtum
377 192 472 226 velut
499 186 627 222 disiicst
643 195 680 216 ὃς
699 181 845 224 dissipat
865 180 902 212 in
919 190 976 220 ea,
1004 190 1043 212 ex
1058 179 1184 223 quibus
1234 193 1338 221 num,
1364 180 1402 212 in
1418 191 1486 224 quo
1503 192 1581 213 cum
1601 182 1690 215 sicco
1714 188 1827 215 terreo
1853 179 2039 217 humidum
2063 194 2214 228 aqueum

207 247 334 280 coierat
353 240 533 288 principia.
585 233 821 268 Mutationem
840 228 929 263 hanc
949 230 1031 262 cieri
1047 236 1081 262 et
1096 230 1183 262 effici

208 298 309 330 docet
340 306 359 326 a
387 291 500 324 calore
525 292 706 322 extraneo,
741 282 777 314 id
801 288 866 321 est,
896 280 1126 313 immoderato
1153 287 1185 313 et

209 348 330 388 igneo,
357 349 501 374 accenso
520 337 556 368 in
575 332 768 367 substantia
793 331 892 363 mixti
915 331 956 363 de
983 330 1102 362 nativo
1129 342 1186 363 ca-

209 387 282 427 lore
302 394 337 424 in
353 390 504 423 alienum
523 397 584 419 sen
600 384 761 426 igneum,
787 388 858 415 tota
879 392 958 413 suae
975 380 1186 412 substantiae

210 439 485 476 inflammatione
527 445 703 468 converso.
778 430 879 463 Hanc
917 430 1025 463 nativi
1064 429 1187 462 caloris

210 490 418 536 ignescentis
442 486 691 522 mutationem,
715 488 752 515 ut
777 482 1031 513 demonstraret
1051 478 1188 513 Aristo-

209 544 314 582 teles,
350 539 456 583 paulo
487 536 588 569 aliter
618 545 721 578 quam
747 531 903 564 Galenus
929 530 1049 562 definit
1070 537 1185 573 putre-

211 593 417 628 factionem,
445 583 598 632 φθορὰν
622 585 683 627 τῆς
704 582 742 615 ἕν
765 578 905 625 ἑκάστῳ
931 578 1033 627 ὑγρῷ
1059 578 1190 618 οἰκείας

212 641 274 676 καὶ,
297 637 391 674 κατὰ
415 635 528 683 φύσιν
550 630 776 678 θερμότητος
805 629 860 664 ἱκΐ
886 629 1077 674 ἀλλοτρίας
1101 630 1190 675 θερ-

216 689 386 735 μότητος,
415 695 447 720 et
471 691 569 719 vocat
589 681 741 729 ([θοράν
766 684 827 725 τῆς
853 679 985 718 otmlag
1007 677 1191 725 θερμότη-

213 726 293 782 Ιτος,
329 743 447 773 a'e‘reae
469 748 507 769 ac
531 740 741 777 temperatae
762 731 976 764 substantiae
1002 731 1110 764 nativi
1137 743 1192 762 ca-

214 793 320 829 loris,
355 799 441 833 quae
464 792 497 819 et
518 785 625 817 mixto
650 779 857 825 σιχιιμεῑρὸς
880 788 945 819 est,
981 781 1193 824 caeterisque

216 841 380 875 inmixto
406 838 658 869 clementorum
684 832 907 876 portionibus
932 828 1130 876 ἀνάλογος,
1159 837 1193 863 et

215 891 363 925 mixtum
395 887 500 929 regit,
534 884 655 921 afficit,
691 882 836 914 sustinet
867 888 970 924 atque
1002 887 1193 918 conservat,

216 939 448 974 mutationem
474 935 510 966 in
538 929 774 977 &adnitemur
800 938 833 963 et
857 931 1015 973 igneum,
1051 933 1111 974 qui
1135 932 1195 963 de-

218 990 323 1025 struit
341 999 378 1020 ae
398 984 559 1019 dissolvit
582 994 709 1015 nexum
733 989 835 1025 atque
858 981 1022 1013 coalitum
1041 982 1195 1013 elemen-

217 1050 356 1076 torum,
389 1043 421 1069 et
445 1034 597 1067 actiones
621 1043 740 1064 omnes
763 1032 872 1063 mixto
898 1031 1076 1074 proprias,
1112 1043 1196 1074 quas

218 1085 397 1131 οὐσιώὸης
420 1086 479 1117 illa
499 1090 531 1116 et
555 1080 757 1114 harmonica
775 1081 948 1124 copulatio
967 1081 1197 1113 consociatio-

220 1152 299 1186 que,
322 1149 360 1169 ac
376 1133 557 1168 consensio
574 1132 826 1164 elementorum
843 1133 990 1164 durante
1008 1143 1046 1163 ac
1062 1131 1198 1173 vigente

218 1188 319 1224 mixti
336 1184 582 1219 constitutione
599 1182 764 1214 ediderat.

321 1233 567 1278 Corruptionis
582 1231 777 1268 mentione,
804 1230 971 1263 discernit
987 1231 1198 1274 praeceden-

219 1298 271 1324 tes
294 1286 516 1320 alterationes
539 1295 556 1315 a
579 1281 771 1314 mutatione
789 1281 1021 1322 substantiae,
1054 1292 1142 1324 quae
1162 1286 1199 1312 ut

221 1335 400 1379 corruptio
426 1333 540 1366 omnis
563 1329 851 1376 (alterationibus
877 1341 964 1372 quae
990 1330 1200 1361 antecedunt

221 1384 411 1428 absolutis)
435 1381 613 1426 peragitur
639 1380 780 1412 tandem
810 1378 847 1410 in
875 1384 1052 1410 momento
1078 1377 1200 1410 solutis

221 1446 384 1480 compage
413 1440 447 1466 et
476 1430 617 1464 vinculo
648 1436 750 1472 atque
779 1440 841 1460 ceu
874 1425 1135 1459 dehiscentibus
1162 1438 1200 1458 ac

221 1484 482 1521 discedentibus
499 1493 517 1513 a
535 1491 606 1512 sese
630 1479 779 1510 invicem
805 1484 837 1510 et
860 1477 897 1508 in
919 1477 1071 1519 priorem
1096 1482 1201 1508 natu-

221 1549 298 1571 ram
318 1533 487 1578 paulatim
510 1528 738 1562 redeuntibus
768 1526 956 1559 elementis.
1022 1525 1202 1558 Praecedit

224 1587 317 1620 enim
334 1580 592 1624 corruptionem
612 1576 701 1610 hanc
722 1576 833 1608 nativi
855 1575 978 1607 caloris
994 1576 1145 1617 primum
1165 1575 1202 1606 in

224 1637 332 1670 mixto
358 1630 448 1673 ζέσις
466 1637 499 1662 et
522 1628 606 1660 levis
626 1627 769 1670 qnidam
787 1626 920 1664 fervor,
948 1625 1020 1657 sola
1038 1625 1202 1668 qualitate

225 1683 419 1720 accessione
437 1680 606 1723 graduum
625 1677 759 1720 aliquot
781 1687 840 1706 seu
863 1675 1060 1707 intensione
1080 1674 1203 1707 caloris

226 1734 418 1769 secundum
451 1729 578 1772 gradus
603 1732 819 1768 augescente.
885 1724 1018 1757 Fen-or
1049 1735 1203 1757 crescens

228 1781 418 1818 exardescit
440 1780 477 1811 in
500 1774 688 1823 q).‹37wozzs
707 1782 739 1808 et
764 1775 1077 1807 inflammationem
1103 1775 1203 1806 inva-

226 1837 376 1868 lescente
394 1840 480 1874 pene
499 1828 541 1861 ad
559 1837 734 1859 summum
749 1825 881 1864 calore,
909 1836 1072 1868 compage
1087 1832 1203 1858 tamen

227 1883 329 1918 mixti
353 1888 454 1925 atque
477 1876 726 1911 constitutione
747 1876 907 1907 nondum
933 1875 1035 1908 laesa.
1103 1873 1204 1906 Hanc

229 1934 371 1967 tandem
389 1929 457 1962 nisi
476 1934 534 1960 aut
546 1933 690 1960 naturae
714 1925 823 1957 robur
848 1925 1015 1967 impediat
1039 1931 1098 1958 aut
1122 1936 1204 1967 pro-

227 1983 348 2017 hibeat
363 1990 467 2023 opera
485 1978 588 2016 artis,
616 1975 772 2019 sequitur
796 1986 833 2006 ea
858 1975 900 2007 de
916 1987 982 2018 qua
1000 1974 1204 2007 Aristoteles

226 2033 387 2078 loquitur
408 2024 537 2074 φθορὰ
564 2027 631 2059 τοῦ
657 2021 823 2070 ἕμᾳύτου
845 2024 1001 2068 &spicosa
1056 2024 1204 2068 [trique

228 2084 335 2127 igitur
355 2077 536 2113 Aristoteli
554 2082 586 2107 et
603 2074 738 2107 Galeno
765 2075 961 2118 proximum
983 2073 1045 2108 καὶ
1070 2073 1203 2119 ἀχώρι-

230 2144 317 2167 στον
340 2130 456 2164 αἴτιον
480 2124 743 2170 putrefactionis
768 2130 817 2156 est
840 2124 974 2157 alienus
998 2137 1057 2158 seu
1083 2125 1204 2167 igneus

230 2183 343 2220 calor,
369 2178 485 2223 quiin
503 2176 611 2208 mixto
635 2175 812 2214 incensus,
841 2180 872 2206 et
895 2175 1119 2208 confirmatus
1142 2186 1206 2217 op-

229 2231 368 2276 primit,
410 2227 577 2270 eliditque
601 2224 759 2257 nativum
788 2236 826 2256 ac
857 2224 1070 2258 dominatur.
1138 2223 1206 2257 Hic

231 2282 325 2315 calor
346 2289 425 2310 mox
446 2276 616 2314 absumit,
650 2272 809 2307 exhaurit
831 2285 869 2306 ac
894 2274 1038 2317 dissipat
1066 2282 1205 2308 aereum

228 2329 432 2366 humidum,
459 2327 552 2368 quod
569 2325 726 2357 nativum
745 2324 892 2356 calorem
909 2330 940 2356 et
957 2322 1071 2361 vehit,
1098 2331 1131 2357 et
1145 2325 1207 2357 alit

229 2382 402 2421 fovetque.
455 2375 572 2417 Quare
583 2374 786 2406 Aristoteles
801 2371 936 2406 humidi
956 2375 1104 2405 calorem
1123 2386 1207 2406 con-

231 2428 378 2464 tinentis
395 2424 570 2462 meminit,
597 2430 628 2455 et
645 2422 802 2455 Galenus
830 2421 924 2455 hunc
949 2424 1040 2467 epoti
1070 2421 1205 2456 humidi

231 2492 269 2513 ac
284 2476 408 2511 caloris
427 2473 661 2506 evanescentis
679 2474 850 2505 defectum
867 2473 998 2506 indicat
1015 2474 1206 2505 mutatione

230 2529 338 2563 totius
355 2523 566 2558 substantiae
581 2523 623 2554 ad
639 2523 898 2565 corruptionem
910 2548 921 2562 ,
946 2535 1034 2567 quae
1050 2536 1129 2555 mox
1153 2534 1207 2555 se-

231 2579 351 2623 quitur
366 2573 537 2607 dissoluto
555 2584 593 2604 ac
611 2571 787 2604 dilabente
810 2573 930 2607 mixto.
982 2572 1069 2605 *Nam
1095 2581 1126 2606 et
1150 2570 1206 2605 hic

231 2631 352 2671 igneus
375 2624 470 2658 calor
494 2623 633 2656 tandem
657 2621 805 2664 expirat,
836 2629 869 2656 et
893 2623 1107 2667 relinquitur
1129 2634 1208 2656 coe-

1234 239 1360 265 temere
1378 230 1561 262 confusum
1578 232 1751 270 cernitur,
1778 232 1948 275 tantisper
1965 235 2076 266 donec
2098 240 2131 266 et
2147 231 2214 266 hoc

1237 293 1347 326 aqueo
1380 277 1527 312 humido
1559 282 1725 323 paulatim
1760 289 1998 322 exarescente,
2038 283 2215 327 reliquum

1236 340 1385 365 terreum
1419 330 1456 361 in
1487 330 1639 362 cinerem
1659 332 1850 375 [redigitur.
1929 333 2096 366 Alienum
2132 344 2214 365 vero

1237 380 1331 414 hunc
1345 387 1375 412 et
1397 380 1537 422 igneum
1556 380 1705 414 calorem
1727 383 1770 414 ab
1793 383 1911 427 aliquo
1938 389 2080 416 externo
2103 382 2217 414 calore

1239 430 1402 469 accendi,
1444 430 1589 462 minime
1614 431 1668 463 vel
1699 431 1886 465 obscurum
1910 433 1965 464 vel
1987 432 2134 465 dubium
2157 438 2219 465 est.

1240 482 1307 514 Sed
1328 481 1420 512 unde
1436 486 1597 513 externus
1614 480 1672 513 ille
1694 482 1852 521 accedat,
1878 489 1910 515 et
1937 483 2113 526 quomodo
2138 481 2219 526 qui-

1240 533 1347 564 busve
1367 531 1409 562 de
1428 531 1538 562 causis
1556 538 1587 564 et
1603 531 1844 564 occasionibus
1862 532 2001 564 nativus
2016 532 2059 565 ab
2075 539 2217 565 externo

1241 582 1498 614 circumventus
1537 581 1765 625 obsessusque
1800 587 1859 613 aut
1894 588 2082 624 occupatus
2118 581 2220 614 effer-

1242 638 1357 663 vescat
1375 631 1411 662 in
1428 630 1587 672 igneum,
1614 631 1815 674 praesertim
1833 631 1868 662 in
1892 631 2098 674 corporibus
2119 631 2221 669 vivis,

1244 681 1388 714 minime
1408 681 1614 724 explicatum
1631 688 1691 716 est.
1744 681 1811 714 Sed
1832 687 1862 713 et
1880 681 1991 714 nativi
2008 680 2133 713 caloris
2148 691 2222 713 non

1245 743 1355 765 unum
1367 731 1411 771 ‘in
1429 731 1635 774 corporibus
1652 731 1766 763 mixtis
1783 742 1910 773 genus,
1937 742 2051 775 neque
2072 731 2148 763 idea
2166 742 2223 762 re-

1246 782 1378 825 peritur
1402 793 1491 821 una,
1521 781 1722 823 praesertim
1747 781 1922 815 animatis.
1987 780 2076 813 Nam
2105 787 2138 814 et
2165 792 2222 813 ra-

1245 832 1341 864 tione
1366 831 1629 870 convincimur,
1672 839 1704 863 et
1735 842 1823 874 pene
1852 831 2032 863 oculorum
2057 832 2224 863 docemur

1247 893 1360 921 sensu,
1385 881 1534 913 calorem
1550 880 1815 924 temperamenti
1834 879 1888 925 (ut
1902 879 2044 925 vocant)
2064 880 2126 925 qui
2144 891 2224 924 par-

1247 933 1340 964 tibus
1355 932 1549 964 innascitur
1567 942 1584 962 a
1603 931 1716 974 prima
1733 931 1885 973 origine,
1908 930 2033 973 partim
2053 931 2094 962 de
2111 931 2226 963 calore

1250 982 1413 1014 materiae
1431 987 1652 1024 procreatus,
1679 981 1805 1024 partim
1831 980 1865 1012 vi
1883 986 1913 1012 et
1939 980 2088 1012 efficacia
2106 991 2226 1013 causa-

1250 1044 1327 1064 rum
1344 1031 1569 1076 formantium
1588 1031 1776 1074 impressus
1788 1057 1797 1070 ,
1821 1030 1962 1062 differre
1980 1031 2022 1062 ab
2043 1041 2082 1062 eo
2100 1030 2226 1070 calore,

1250 1081 1365 1126 quiin
1382 1082 1485 1113 corde
1499 1081 1596 1113 fonte
1619 1081 1743 1113 caloris
1768 1087 1801 1113 et
1825 1081 1916 1113 vitae
1941 1080 1984 1112 de
2008 1080 2226 1113 nutrimento

1251 1131 1417 1174 peculiari
1449 1131 1674 1174 exprimitur,
1705 1131 1856 1174 indeque
1883 1129 2037 1173 impulsu
2062 1130 2229 1174 fluxuque

1251 1182 1418 1213 continuo
1435 1181 1595 1213 funditur
1612 1192 1650 1212 ac
1674 1187 1886 1223 propagatur
1909 1179 1946 1212 in
1967 1186 2079 1212 totum
2103 1191 2228 1223 corpus

1252 1242 1312 1274 per
1328 1231 1483 1269 arterias,
1504 1242 1543 1262 ac
1560 1230 1823 1272 temperamenti
1839 1230 1987 1262 calorem
2006 1229 2142 1270 excitat,
2167 1241 2228 1262 ve-

1252 1287 1343 1322 getat
1359 1287 1392 1312 et
1409 1280 1571 1313 vivificat.
1625 1279 1744 1311 Alium
1763 1279 1866 1311 etiarn
1892 1291 1929 1311 ac
1956 1279 2133 1312 diversum
2156 1290 2230 1312 esse

1253 1329 1402 1360 calorem
1429 1327 1560 1370 plantis
1581 1327 1826 1370 plantarumve
1854 1328 2049 1366 radicibus,
2083 1329 2229 1361 semini-

1252 1378 1318 1410 bus
1343 1383 1403 1410 aut
1428 1377 1601 1410 fructibus
1621 1377 1835 1418 ingenitum,
1862 1377 1906 1410 ab
1933 1389 1991 1417 eo,
2019 1378 2080 1422 qui
2101 1379 2229 1422 partim

1253 1428 1294 1458 de
1311 1434 1403 1460 terra
1420 1427 1502 1458 solis
1519 1427 1645 1470 fotatac
1661 1433 1819 1469 percocta
1840 1427 1947 1459 radiis
1961 1427 2157 1460 ministerio
2174 1440 2231 1462 ra-

1253 1477 1370 1508 dicum
1391 1476 1567 1518 exugitur,
1605 1473 1862 1519 attrahitnrque
1885 1487 1924 1508 ac
1945 1476 2170 1510 distribuitur
2192 1479 2232 1511 in

1252 1526 1391 1569 plantae
1423 1537 1568 1569 corpus,
1615 1525 1742 1568 partim
1774 1526 1816 1558 de
1845 1532 2006 1559 contactu
2035 1526 2233 1561 circumflui

1254 1575 1342 1608 aeris
1361 1573 1588 1614 inhaerescit,
1616 1582 1647 1607 et
1670 1575 1813 1608 insitum
1839 1576 1937 1619 prius
1962 1587 2000 1609 ac
2027 1588 2088 1609 ceu
2111 1578 2232 1611 abtru-

1254 1637 1330 1658 sum
1353 1625 1587 1668 latentemque
1612 1625 1760 1657 calorem
1785 1632 1970 1668 provocat,
1996 1626 2089 1659 acuit
2114 1634 2145 1660 et
2172 1640 2231 1661 ro-

1255 1676 1366 1707 borat.
1426 1674 1563 1707 Vocant
1587 1681 1701 1706 autem
1725 1672 1819 1708 hunc
1843 1676 1991 1708 calorem
2014 1676 2230 1711 influentem.

1255 1724 1349 1757 Mira
1370 1724 1443 1757 eius
1463 1725 1515 1757 vis
1540 1731 1572 1757 et
1594 1731 1737 1764 natura,
1763 1726 1966 1768 praesertim
1991 1726 2086 1759 illius
2110 1728 2170 1772 qui
2193 1729 2232 1761 in

1255 1775 1486 1807 animantium
1517 1775 1681 1807 cordibus
1703 1776 1922 1816 accenditur,
1958 1783 1991 1809 et
2020 1777 2117 1819 origo
2142 1779 2231 1813 mira

1256 1825 1496 1869 explicantque
1524 1836 1690 1868 perquam
1725 1825 1896 1866 difficilis,
1938 1826 1994 1859 vel
2027 1827 2143 1870 potius
2166 1829 2232 1863 ob-

1256 1886 1354 1907 scura
1379 1886 1521 1918 prorsus
1546 1882 1577 1907 et
1598 1875 1820 1914 abscondita,
1861 1876 1949 1908 mira
1975 1877 2126 1922 denique
2151 1891 2231 1912 cum

1257 1937 1296 1957 eo
1328 1925 1440 1957 calore
1467 1925 1527 1968 qui
1557 1923 1718 1970 ὲζιιᾳυῑος
1742 1926 1882 1969 proprie
1906 1932 1938 1959 et
1962 1923 2155 1972 σύμφυτος
2182 1937 2233 1963 est

1255 1975 1414 2017 cognatio
1430 1982 1532 2019 atque
1549 1975 1804 2010 convenientia.
1854 1974 1995 2009 Etenim
2021 1978 2116 2010 calor
2139 1976 2232 2022 σύμ-

1257 2037 1388 2070 (μτος,
1417 2025 1443 2057 si
1468 2025 1557 2057 absit
1577 2025 1748 2066 influens,
1770 2038 1850 2058 mox
1870 2026 2099 2069 elanguescit,
2124 2030 2233 2072 perit-

1257 2087 1323 2119 que
1342 2082 1373 2107 et
1391 2076 1426 2107 in
1444 2076 1584 2118 igneum
1607 2082 1781 2109 exaestuat
1798 2077 1841 2108 ab
1859 2083 2021 2110 extraneo
2039 2090 2232 2122 oppressus,

1257 2125 1325 2157 nisi
1342 2125 1503 2158 fomentis
1520 2127 1717 2160 roboretur.
1769 2125 1848 2158 Non
1870 2127 1984 2160 obniti
2005 2128 2097 2160 enim
2123 2135 2156 2162 et
2177 2141 2234 2162 re-

1258 2175 1376 2208 sistere
1401 2175 1621 2219 impressioni
1643 2176 1852 2219 potentioris
1875 2177 1999 2209 caloris
2022 2178 2233 2213 imbecillior

1257 2225 1329 2269 ipse
1345 2232 1466 2269 potest.
1511 2225 1667 2259 Inssuens
1682 2227 1711 2258 si
1728 2227 1954 2269 proportione
1971 2234 2002 2260 et
2018 2228 2126 2261 calori
2144 2235 2232 2262 tem-

1257 2276 1449 2319 peramenti
1469 2282 1501 2308 et
1521 2277 1628 2309 totius
1654 2277 1753 2309 mixti
1778 2276 1990 2309 substantiae
2013 2280 2233 2321 respondeat,

1257 2333 1331 2358 tum
1347 2326 1409 2359 alit
1427 2326 1575 2358 calorem
1595 2327 1707 2370 ipsum
1724 2326 1885 2370 acuitque
1900 2326 1971 2359 vim
1990 2327 2063 2360 eius
2077 2335 2109 2362 et
2124 2331 2232 2364 actio-

1258 2387 1337 2415 nes,
1364 2383 1438 2408 tum
1459 2377 1605 2410 mixtum
1629 2382 1808 2409 conservat
1833 2376 2076 2421 defenditque,
2103 2391 2148 2412 ne
2172 2381 2232 2413 de-

1258 2425 1422 2459 trimento
1455 2427 1571 2470 aliquo
1604 2427 1790 2465 afficiatur,
1841 2425 1879 2458 Si
1913 2427 1956 2460 sit
1988 2424 2229 2475 ἇσύιιιιιιετρος,

1258 2487 1358 2507 causa
1375 2482 1423 2508 est
1440 2476 1677 2520 corruptionis
1693 2476 1800 2508 mixto
1813 2502 1822 2515 ‚
1849 2477 1907 2508 sed
1931 2489 2003 2509 non
2026 2490 2097 2511 uno
2116 2482 2231 2514 modo.

1258 2524 1295 2557 Si
1316 2526 1478 2568 langueat
1494 2527 1606 2565 enim,
1633 2537 1710 2558 cum
1728 2537 1850 2568 parurn
1871 2528 2060 2561 admodum
2077 2531 2232 2564 conferat

1257 2576 1310 2619 τῷ
1338 2572 1522 2621 συμφύτῳ
1542 2575 1691 2620 θερμῷ,
1731 2576 1768 2607 fit
1793 2582 1832 2608 ut
1857 2577 2003 2610 mixtum
2026 2578 2231 2613 destitutum

1258 2625 1432 2666 praesidio
1456 2632 1488 2658 et
1519 2625 1720 2659 adiumento
1751 2625 1842 2666 eius,
1884 2627 1984 2659 facile
2009 2634 2112 2672 atque
2132 2641 2232 2663 occa—
