2324 2955
122 103 196 140 569

121 194 239 223 terunt
261 188 299 220 in
322 187 489 228 numina,
521 194 560 221 ut
585 184 756 221 Chaldaei
782 194 814 221 et
839 187 965 222 Persae
988 188 1104 231 ignem

118 239 327 274 adorabant.

219 289 281 324 21.
319 287 366 323 Et
396 294 622 322 conservetur
652 289 689 321 in
718 286 874 322 Ecclesia
904 288 1031 322 veritas
1062 288 1105 321 de

117 340 231 373 tribus
255 338 438 380 Personis,
464 345 605 373 aeterno
630 338 755 378 Patre,
783 338 894 380 Filio,
921 346 954 373 et
969 338 1105 383 Spiritu

118 397 248 425 sancto.

216 440 278 474 22.
320 438 433 473 Filius
465 436 573 487 λόγος
604 438 665 474 καὶ
692 437 801 475 εἰκών
832 438 950 479 ἀΐδιος
979 436 1104 473 ἀϊδίου

115 487 250 535 πατρὸς
267 496 317 523 est
335 490 424 530 viva,
451 497 485 525 et
500 491 700 534 intelligens
715 489 910 536 hypostasis
927 491 1043 534 genita
1062 502 1102 523 ex

113 540 307 574 substantia
328 541 448 584 patris.
500 539 548 575 Et
565 553 644 574 vera
662 548 712 575 est
735 542 947 586 propositio:
986 540 1098 574 Filius

113 598 163 625 est
178 591 325 625 essentia
344 592 473 635 genita.

215 642 275 676 23.
309 640 355 676 Et
372 653 591 686 nequaquam
618 639 702 675 huic
725 643 906 676 doctrinae
930 644 1100 675 miscean-

113 700 170 727 tur
183 692 322 726 fabulae
338 693 381 725 de
396 693 474 725 idea
484 691 678 733 Platonica,
696 700 756 726 aut
771 694 831 726 alii
848 695 995 733 furores,
1012 703 1100 737 quos

111 743 274 777 diabolus
298 743 430 786 spargit
453 743 494 775 ad
519 742 740 776 obruendam
768 755 888 777 vocem
914 741 1099 786 Evangelii

111 796 154 827 de
184 793 256 826 filio
274 791 359 837 Dei.
421 792 520 827 Sicut
545 793 683 837 scripsit
710 794 854 838 quidam
881 790 994 840 λόγον
1016 792 1099 826 addi

107 843 184 878 Deo
197 870 207 884 ,
233 843 324 877 sicut
339 842 540 889 εἲμαρμένη
565 844 609 877 5ἱῑ
627 844 748 877 addita
764 843 851 877 lovi.
902 842 950 877 Et
970 843 1099 876 similia

108 900 274 939 portenta
289 894 428 927 recitari
446 900 605 938 possent,
632 906 721 938 quae
740 895 932 927 execranda
951 899 1045 927 sunt.

211 944 274 980 24.
311 944 426 979 Simul
443 944 480 977 in
503 944 727 977 invocatione
744 944 907 977 voluntas
917 943 983 977 Dei
1002 944 1097 986 cogi-

110 996 217 1029 tanda
241 1002 308 1035 est,
335 1007 381 1027 an
407 1002 438 1028 et
461 1006 524 1027 cur
546 994 718 1029 exaudiat.
776 993 844 1026 Hic
868 1006 1009 1039 quoque
1034 1006 1098 1027 ne-

109 1057 201 1080 cesse
223 1053 273 1079 est
295 1045 407 1078 filium
431 1052 465 1078 et
492 1044 742 1088 promissiones
773 1044 915 1080 intueri.
982 1044 1096 1078 Filius

107 1104 158 1131 est
175 1107 332 1129 summus
349 1095 519 1128 Sacerdos
537 1101 676 1135 noster,
703 1102 848 1139 propter
871 1107 976 1140 quem
1001 1102 1095 1129 certo

107 1146 298 1191 recipimur
314 1152 345 1179 et
363 1146 581 1180 exaudimur.

207 1196 267 1232 25.
310 1195 512 1239 Cogitemus
533 1196 636 1229 etiam
664 1195 701 1228 in
725 1196 963 1237 invocatione,
1006 1194 1097 1230 hanc

106 1249 218 1292 ipsam
242 1248 288 1280 ob
311 1258 448 1280 causam
465 1246 599 1290 Spiritu
622 1253 741 1279 sancto
770 1247 885 1280 iuvari
910 1247 1015 1280 corda
1039 1247 1096 1280 in-

106 1298 320 1332 vocantium.
373 1296 465 1335 Quia
489 1308 562 1326 nnn
585 1294 865 1337 apprehenditur
884 1296 999 1338 Deus,
1025 1298 1094 1331 nisi

105 1353 240 1380 mentes
267 1342 418 1378 attrahat
451 1355 513 1376 suo
540 1343 688 1387 Spiritu.
749 1345 831 1379 Ideo
864 1347 997 1380 dictum
1025 1354 1093 1381 est:

104 1395 297 1430 Effundam
321 1405 425 1438 super
451 1394 596 1427 domum
619 1394 739 1427 David
764 1393 937 1438 Spiritum
962 1398 1093 1438 gratiae

104 1454 136 1479 et
152 1457 308 1490 precum.

204 1496 264 1531 26.
300 1494 426 1529 Differt
440 1494 599 1527 doctrina
618 1492 794 1528 Ecclesiae
810 1495 915 1528 etiam
939 1495 984 1528 ab
1006 1496 1092 1528 alia-

103 1557 180 1580 rum
198 1545 354 1589 gentium
373 1545 544 1578 doctrinis
560 1546 603 1577 de
621 1551 761 1588 peccato
780 1551 812 1577 et
831 1545 980 1578 iusticia.

204 1595 265 1631 27.
303 1594 447 1629 Peccata
475 1601 574 1633 sunt,
610 1606 685 1627 non
710 1601 849 1629 tantum
872 1595 1026 1629 actiones
1052 1596 1089 1628 in

103 1647 303 1686 voluntate,
331 1652 391 1679 aut
406 1652 585 1686 externae,
612 1652 810 1689 pugnantes
826 1657 904 1678 cum
921 1645 994 1689 lege
1011 1644 1089 1688 Dei,

103 1698 191 1731 sicut
207 1694 369 1730 monachi
393 1697 536 1736 docent,
563 1698 623 1730 sed
646 1696 748 1730 etiam
774 1696 884 1739 caligo
911 1696 948 1728 in
971 1704 1088 1731 mente

103 1755 134 1781 et
150 1747 285 1780 aversio
303 1746 494 1779 voluntatis
512 1758 530 1779 a
548 1745 622 1779 Deo
635 1770 643 1784 ,
668 1753 701 1780 et
719 1746 904 1780 dissidium
922 1748 1038 1780 cordis
1055 1755 1088 1782 et

102 1799 186 1840 legis
210 1796 289 1832 Dei.
358 1797 457 1831 Sicut
479 1795 609 1829 Paulus
634 1797 767 1842 inquit:
810 1796 940 1831 Sensus
971 1798 1086 1832 carnis

101 1848 290 1881 inimicicia
315 1854 364 1881 est
388 1847 556 1880 adversus
580 1845 706 1881 Deum.
766 1845 811 1881 Et
835 1846 998 1881 Ieremias
1021 1849 1084 1882 ait.-

98 1898 306 1931 Perversum
324 1905 373 1932 est
390 1910 449 1932 cor
465 1895 620 1930 hominis
635 1905 666 1931 et
683 1910 945 1932 aerumnosum.

199 1949 258 1985 28,
294 1947 340 1982 Et
358 1960 559 1994 quanquam
575 1948 726 1982 discerni
743 1956 905 1982 naturam
923 1961 940 1981 a
959 1949 1083 1983 morbo

98 2005 252 2044 oportet,
293 1996 359 2033 hoc
385 2006 455 2037 est,
490 2011 579 2043 opus
604 1997 670 2032 Dei
694 2001 787 2044 quod
813 1999 994 2033 conditum
1022 2007 1084 2040 est,
1109 2014 1111 2022 ¹

96 2057 270 2096 quatenus
293 2050 469 2095 reliquum
494 2057 544 2083 est
570 2061 587 2082 a
614 2050 859 2094 corruptione,
892 2057 931 2083 nt
954 2050 1082 2094 reliqui

96 2107 178 2135 sunt
194 2100 308 2141 oculi,
341 2107 375 2133 et
398 2101 517 2133 lumen
540 2100 577 2131 in
601 2100 728 2138 oculis,
762 2101 811 2133 sic
833 2112 949 2140 mens,
983 2108 1016 2134 et
1044 2101 1081 2133 in

95 2158 211 2185 mente
243 2151 394 2184 noticiae
424 2161 670 2191 numerorum,
711 2150 814 2194 legis,
855 2157 888 2184 et
911 2150 998 2184 aliae
1018 2157 1081 2187 etc.

95 2210 212 2237 tamen
242 2202 329 2235 salso
359 2207 548 2234 extenuant
572 2198 735 2234 monachi
758 2207 958 2245 peccatum,
1000 2214 1080 2236 cnm

94 2253 332 2287 vociferantur
373 2251 694 2296 concupiscentiam
733 2263 805 2285 non
838 2264 909 2286 esse
946 2253 1079 2286 malum

94 2314 253 2348 pugnans
272 2315 351 2336 cum
374 2302 448 2345 lege
465 2302 543 2336 Dei.

194 2354 255 2389 29.
287 2352 433 2387 Necesse
451 2360 502 2387 est
520 2353 556 2386 in
572 2354 801 2386 conversione
826 2353 980 2399 aliquam
1005 2366 1077 2388 esse

93 2404 363 2445 contritionem,
406 2404 442 2437 id
471 2411 540 2443 est,
582 2404 736 2449 aliquam
763 2404 978 2447 agnitionem
1004 2405 1076 2438 irae

91 2456 157 2491 Dei
177 2462 209 2489 et
225 2454 384 2488 dolorem
400 2466 522 2488 verum
538 2466 576 2488 ac
592 2466 664 2488 non
683 2455 897 2488 simulatum.
951 2455 1018 2489 Sed
1038 2453 1075 2488 bi

92 2517 227 2540 errores
248 2502 501 2539 monachorum
519 2506 704 2540 execrandi
724 2513 823 2546 sunt,
855 2517 934 2539 cum
950 2506 1075 2541 dicunt

93 2556 340 2590 contritionem
384 2556 509 2589 mereri
552 2557 793 2590 remissionem
840 2563 1073 2600 peccatorum.

93 2607 198 2646 Item,
251 2612 413 2650 oportere
444 2607 692 2641 contritionem
727 2607 956 2640 sufficientem
990 2620 1072 2648 esse,

90 2670 169 2694 cum
202 2656 321 2690 nullus
353 2656 455 2690 dolor
484 2658 592 2701 possit
620 2670 692 2693 esse
725 2671 786 2703 par
815 2658 885 2692 irae
910 2657 996 2700 Dei,
1039 2666 1071 2693 et

754 101 1015 138 PHILIPPI
1057 99 1510 138 MELANTHONIS.

2073 103 2146 138 570

1161 184 1267 221 homo
1291 188 1409 222 subito
1435 187 1715 230 extingueretur,
1755 187 1782 221 si
1805 185 1901 221 Deus
1926 193 2033 221 totam
2056 187 2143 220 iram

1159 248 1258 271 suam
1273 239 1485 273 accenderet.
1523 238 1622 273 quta
1640 238 1746 272 illud:
1774 236 1870 271 Deus
1885 244 1935 272 est
1952 237 2043 281 ignis
2060 249 2143 271 con-

1157 298 1308 324 sumens,

1259 348 1318 382 30.
1377 346 1429 381 Ac
1461 348 1707 393 {ministerium
1749 348 1988 391 evangelicum
2029 349 2142 391 arguit

1155 398 1274 431 omnia
1290 405 1449 442 peccata,
1475 406 1509 433 et
1525 412 1607 433 voce
1631 399 1715 442 legiS
1739 400 1926 432 ostendens
1950 397 2144 432 humanam

1155 449 1407 481 naturam'sub
1432 449 1505 493 lege
1525 457 1557 484 et
1572 462 1665 482 ream
1684 461 1774 488 esse,
1802 456 1835 482 et
1859 461 1941 482 voce
1957 447 2143 492 Evangelii

1154 499 1325 532 damnans
1346 506 1457 533 totum
1475 512 1584 544 genus
1606 498 1821 539 humanum,
1849 500 1943 544 quod
1970 511 2042 531 non
2068 511 2142 533 cre-

1155 549 1214 583 dat
1230 549 1267 582 in
1283 549 1411 585 filium.

1256 608 1315 642 31.
1351 607 1516 653 Impietas
1534 615 1584 643 est
1605 609 1713 652 igitur
1731 610 1824 654 quod
1845 609 2053 642 confirmant
2074 610 2141 640 du-

1153 658 1361 692 bitationem
1381 657 1547 693 monachi
1571 667 1603 693 et
1621 660 1787 705 Synodus
1804 658 2035 699 Tridentum,
2062 670 2142 690 cum

1152 709 1275 744 iubent
1293 710 1449 753 singulos
1472 722 1610 755 semper
1624 722 1767 743 manere
1783 710 1821 742 in
1838 706 1903 742 hac
1920 708 2142 742 dubitatione

1151 770 1196 792 an
1214 767 1358 803 propter
1374 760 1603 793 mediatorem
1619 772 1637 793 a
1654 759 1729 794 Deo
1747 760 1877 804 recepti
1892 760 1974 794 sint.

1253 810 1313 845 32.
1347 809 1430 843 Ideo
1454 817 1592 844 accusat
1609 808 1676 844 hoc
1692 817 1872 855 peccatum
1889 809 2043 853 Spiritus
2060 820 2141 842 san-

1151 867 1226 894 ctus
1243 860 1326 905 quia
1342 861 1418 894 vult
1436 871 1500 894 nos
1516 862 1675 901 credere,
1703 872 1768 895 nos
1786 860 1893 905 recipi
1907 867 2050 905 propter
2068 872 2140 892 me-

1150 911 1333 945 diatorem.

1251 970 1311 1003 33.
1345 967 1398 1003 Ac
1419 981 1512 1003 mors
1535 968 1740 1010 hominum,
1767 971 1900 1011 morbi,
1927 972 2062 1004 furores
2079 979 2140 1001 cu-

1150 1021 1358 1064 piditatum,
1383 1027 1417 1054 et
1432 1018 1631 1053 horrendae
1653 1021 1885 1060 calamitates,
1912 1021 2023 1058 bella,
2049 1019 2141 1051 exci—

1148 1071 1206 1104 dia
1221 1070 1384 1111 urbium,
1410 1070 1567 1113 gentium
1584 1071 1794 1104 vastationes
1806 1097 1815 1111 ,
1839 1077 1920 1104 sunt
1940 1069 2140 1104 testimonia

1148 1121 1219 1155 irae
1229 1120 1298 1155 Dei
1315 1122 1481 1154 adversus
1498 1121 1708 1165 multiplicia
1724 1128 1873 1164 peccata,
1902 1128 1935 1154 et
1952 1118 2140 1154 hortantur

1147 1178 1187 1205 ut
1202 1172 1411 1214 cogitemus,
1441 1183 1531 1215 quae
1550 1171 1595 1206 sit
1610 1183 1712 1205 causa
1730 1170 1855 1205 barum
1874 1183 2079 1215 poenarum,
2107 1176 2138 1202 et

1147 1234 1356 1268 quaeramus
1370 1222 1578 1256 remedium.

1249 1271 1311 1306 34.
1345 1271 1467 1317 Itaque
1486 1272 1524 1305 in
1541 1270 1597 1305 his
1612 1271 1825 1315 pavoribus,
1859 1272 1896 1304 in
1920 1272 2049 1316 quibus
2073 1270 2137 1303 ali-

1147 1335 1217 1367 quo
1235 1323 1342 1355 modo
1369 1323 1420 1355 ira
1436 1321 1502 1355 Dei
1530 1321 1750 1365 agnoscitur,
1784 1323 1960 1355 audienda
1984 1329 2034 1355 est
2056 1333 2138 1364 pro·

1148 1373 1269 1406 missio
1286 1371 1472 1415 Evangelii
1490 1371 1655 1415 propria,
1680 1372 1722 1404 de
1748 1372 1954 1404 remissione
1977 1378 2137 1415 peccato-

1146 1433 1237 1464 rum,
1264 1423 1404 1454 iusticia
1420 1429 1453 1454 et
1472 1423 1544 1456 vita
1561 1427 1713 1454 aeterna.
1747 1421 1848 1463 Quae
1864 1429 2007 1466 propter
2025 1421 2136 1454 {ilium

1145 1471 1373 1503 mediatorem
1400 1471 1506 1514 gratis
1529 1472 1682 1504 donatur
1703 1471 1763 1510 iis,
1791 1472 1851 1516 qui
1876 1484 1956 1505 vere
1978 1474 2136 1511 credunt,

1144 1531 1179 1553 se
1194 1520 1290 1554 iuxta
1310 1518 1400 1553 hanc
1418 1521 1687 1564 promissionem
1702 1522 1823 1565 recipi.

1246 1568 1307 1605 35.
1342 1569 1410 1603 Hic
1431 1571 1584 1614 conspici
1610 1577 1748 1614 oportet
1768 1572 1958 1606 discrimen
1984 1574 2069 1616 legis
2103 1580 2135 1605 et

1141 1619 1350 1663 Evangelii,
1375 1621 1536 1664 ignotum
1553 1621 1719 1654 omnibus
1738 1619 1944 1656 bominibus
1961 1630 2055 1656 extra
2066 1620 2135 1656 Ec-

1141 1671 1282 1704 clesiam
1299 1671 1388 1711 Dei,
1413 1672 1509 1716 quod
1534 1678 1567 1705 et
1590 1672 1783 1705 adversarii
1799 1680 2000 1706 nostrarum
2011 1672 2134 1707 Eccle-

1141 1722 1271 1755 siarum
1291 1722 1412 1755 multis
1430 1722 1546 1755 modis
1564 1730 1808 1766 corrumpunt.
1850 1724 1919 1757 Sed
1936 1736 2000 1757 nos
2017 1731 2133 1757 tenea-

1140 1785 1217 1806 mus
1237 1773 1479 1817 incorruptam
1499 1785 1618 1806 vocem
1637 1773 1766 1807 decreti
1785 1774 1920 1814 arcani,
1948 1775 1991 1807 de
2009 1787 2132 1808 recon—

1140 1823 1317 1856 ciliatione
1341 1824 1490 1866 gratuita
1514 1831 1657 1868 propter
1680 1824 1909 1857 mediatorem
1924 1852 1932 1863 ,
1965 1833 1996 1858 et
2022 1826 2132 1858 simus

1138 1874 1304 1917 discipuli
1325 1874 1409 1914 Dei,
1442 1887 1515 1907 non
1542 1875 1747 1917 affingamus
1772 1876 2002 1909 concionibus
2025 1874 2132 1909 Chri-

1138 1925 1198 1966 sti,
1225 1922 1482 1969 Prophetarum
1504 1932 1536 1958 et
1554 1925 1807 1969 Apostolorum
1831 1926 2031 1970 peregrinas
2049 1938 2129 1960 sen-

1137 1975 1275 2010 tentias.

1239 2034 1297 2068 36.
1342 2033 1496 2073 Verum,
1530 2042 1711 2068 aeternum
1736 2042 1769 2069 et
1792 2036 1977 2070 immotum
2002 2040 2127 2072 decre-

1135 2091 1210 2118 tum
1227 2085 1297 2118 Dei
1324 2092 1392 2125 est,
1420 2093 1513 2119 certo
1536 2086 1690 2129 accipere
1708 2087 1949 2120 remissionem
1969 2096 2127 2132 peccato-

1135 2148 1233 2174 rum,
1262 2143 1293 2169 et
1312 2137 1463 2180 reputari
1482 2136 1611 2170 iustum
1631 2148 1747 2169 coram
1764 2135 1859 2177 Deo,
1886 2147 2029 2182 propter
2052 2152 2125 2173 me-

1134 2187 1305 2220 diatorem
1324 2187 1450 2230 gratis,
1477 2195 1509 2221 et
1526 2187 1651 2220 donari
1670 2187 1806 2230 Spiritu
1829 2196 1966 2228 sancto,
1994 2196 2023 2222 et
2049 2190 2123 2223 fieri

1135 2235 1321 2271 haeredem
1351 2238 1442 2270 vitae
1468 2245 1647 2276 aeternae,
1673 2239 1871 2270 credentem
1897 2250 1932 2272 se
1956 2240 2064 2284 recipi
2090 2249 2122 2275 et

1132 2289 1267 2333 plaeere
1283 2288 1356 2323 Deo
1375 2285 1406 2334 2)
1428 2296 1570 2332 propter
1587 2288 1698 2320 {ilium
1717 2287 1778 2320 Dei
1795 2289 1919 2330 gratis,
1946 2302 2017 2323 111111
2037 2303 2121 2336 pro—

1132 2347 1209 2383 pter
1229 2340 1336 2372 ullam
1355 2339 1533 2383 propriam
1557 2337 1765 2380 dignitatem
1790 2346 1849 2372 aut
1872 2340 2008 2374 merita.
2061 2341 2120 2376 Sic

1130 2390 1216 2424 dicit
1234 2389 1383 2423 Paulus:
1414 2388 1591 2422 lustitieati
1613 2389 1679 2421 fide
1696 2400 1815 2431 pacem
1835 2387 2016 2427 habemns.

1232 2440 1292 2476 57.
1328 2441 1396 2473 Sed
1427 2436 1481 2471 hic
1506 2439 1630 2472 dicnnt
1658 2439 1870 2479 adversarii,
1912 2449 2116 2476 controver-

1128 2491 1214 2525 siam
1231 2503 1323 2530 esse,
1350 2502 1394 2523 an
1414 2490 1457 2522 sit
1475 2490 1666 2522 tenendum
1686 2487 1728 2523 u)
1742 2488 1856 2536 ῥητὸν
1875 2499 1931 2525 ant
1958 2489 2114 2528 διάνοια.

1126 2541 1263 2585 Negant
1283 2542 1348 2574 tide
1368 2538 1547 2574 bominem
1566 2540 1757 2575 iustificari.
1811 2539 1855 2576 Et
1870 2543 2042 2587 affingunt
2060 2545 2114 2577 in-

1158 2672 1188 2702 2)
1210 2671 1289 2701 Ρυυε,
1305 2671 1385 2697 edidit
1403 2671 1549 2699 mendose:
1572 2672 1648 2700 Deo.
1666 2678 1692 2698 ct
1703 2678 1829 2704 prnnlrr.
