2324 2955
162 133 235 165 263

266 217 354 250 Sunt
374 216 430 247 illa
448 214 539 245 enim
558 217 593 241 ut
610 209 778 242 orationis
804 208 957 250 integrae
974 208 1094 239 literae
1112 213 1144 239 et

167 269 337 305 svllabae,
365 267 411 297 sic
429 261 652 294 absolutioris
669 258 867 292 Matbeseos
887 259 1076 297 elementa,
1104 270 1144 290 ex

166 309 293 363 quibus
318 321 482 348 texuntur
513 324 551 343 ac
581 311 780 343 contlautur
808 310 945 342 infinita
980 309 1144 341 varietate

167 365 478 401 demonstrationes
504 363 600 394 aliae.
656 360 699 393 Et
727 369 763 392 ut
793 360 902 392 literis
930 371 1000 391 non
1027 371 1145 402 perce-

167 420 250 462 ptis,
284 428 345 448 nec
370 414 508 457 cognita
540 413 674 445 ratione
701 411 978 453 colligendarum
1013 421 1051 441 ac
1083 421 1146 441 ne-

167 469 368 501 ctendarum
387 465 600 510 syllabarum
620 463 672 494 xel
692 463 1002 504 disponendarum,
1020 460 1054 491 in
1074 460 1145 492 for—

166 531 256 551 mam
274 516 443 550 orationis
462 526 597 553 vocum,
616 525 715 545 nemo
733 513 840 544 discet
858 512 969 554 legere
987 517 1045 543 aut
1066 522 1146 553 per-

165 581 282 607 orare,
307 568 356 600 sic
381 567 456 598 sine
482 564 535 597 his
560 564 738 595 elementis
767 574 837 594 uon
862 574 896 594 se
918 568 1032 604 speret
1050 561 1147 605 quis-

166 632 269 664 quam
296 619 331 651 iu
356 618 490 661 reliqua
517 613 689 653 Matliesi,
724 625 811 657 quae
838 625 877 644 ex
899 611 953 644 bis
979 624 1040 643 ceu
1065 609 1145 643 cha·

166 670 358 704 racteribus
376 667 547 701 extruitur
568 665 742 708 progredi,
771 676 807 695 ac
828 664 991 706 proficere
1013 673 1122 705 posse.

250 767 419 803 Mathesis
436 767 596 800 universa
614 762 708 798 κατὰ
730 762 770 797 τὰ
792 760 1013 806 ἱκἾωκείλιιειά
1034 759 1147 806 vogn).

165 820 224 855 καὶ
243 817 404 863 αἰσθητὰ
422 825 511 850 recte
535 817 571 848 in
586 818 735 847 duorum
764 826 929 857 generum
948 813 1148 845 differentes

165 871 395 913 distinguitur
417 868 562 911 species,
590 878 741 910 quorum
771 866 859 896 illud
889 862 1146 896 Aridum—[icen

166 929 198 955 et
231 920 491 957 Geometriam,
533 915 600 950 hoc
634 914 854 960 ¹tttthu'im‘ffl,
901 912 1148 961 &01902071'ar

166 969 338 1016 ὀπτικὴν,
373 966 596 1017 γεωδεσιάν,
638 965 838 1010 καιόικικῂν
869 973 902 999 et
938 963 1148 1012 λογιστικὴν

166 1020 443 1066 comprehendit.
497 1019 630 1051 Prioris
648 1018 784 1061 generis
807 1018 976 1049 elementa
996 1013 1059 1048 lioc
1086 1029 1147 1046 vo-

166 1074 299 1107 lumine
323 1070 488 1105 Euclides
515 1069 668 1112 exponit.

166 1124 356 1167 stinguitur
382 1122 419 1153 in
444 1118 675 1168 γεωμετρίαν
703 1119 749 1151 sic
773 1118 902 1151 dictam
927 1117 1072 1149 nomine
1091 1128 1146 1159 ge-

166 1175 279 1213 neris,
305 1185 410 1218 quam
438 1179 592 1204 recentes
617 1166 921 1212 {ntned‘ostarpz‘ffl‘
944 1174 1086 1205 vocant,
1115 1174 1147 1199 et

167 1220 454 1269 στερεομετριάν.
518 1220 739 1254 Geometriczi
774 1220 943 1251 elementa
970 1218 1147 1260 prioribus

166 1288 222 1308 sex
238 1275 339 1307 libris
357 1273 500 1316 exponit
516 1270 682 1304 Euclides
697 1269 762 1302 hoc
779 1270 913 1301 ordine.

632 124 788 159 DECL.
823 121 897 156 DE
931 121 1168 158 STUDIIS
1204 121 1329 158 VET.
1356 119 1702 157 PIIILOSOPH.

1173 729 1176 738 ι
1203 712 1422 746 mechanicus
1440 719 1509 750 est,
1537 721 1569 746 et
1585 721 1622 746 ut
1641 714 1768 756 opinor
1790 713 1946 746 mutilus,

722 1068 922 1100 Geometria
947 1078 1067 1099 rursus
1093 1067 1148 1097 di-
1174 1076 1176 1109 ζ

2100 121 2174 156 264

1198 221 1275 241 rum
1300 206 1464 240 ostendit.
1517 210 1579 252 τῆς
1601 204 1876 253 στερεομεῖρίας
1891 207 2090 240 rudimenta
2109 218 2174 250 po-

1199 258 1404 291 sterioribus
1420 257 1519 289 libris
1536 259 1694 303 quinque
1707 258 1868 291 absolvit.
1925 256 2117 290 Undecimo
2132 258 2175 290 de

1199 311 1267 341 situ
1292 316 1324 341 et
1348 306 1555 340 habitudine
1577 308 1668 341 inter
1682 322 1716 342 se
1737 309 1942 351 planorum,
1970 308 2098 352 quibus
2113 319 2176 339 an-

1199 360 1330 402 gularia
1356 370 1499 401 corpora
1523 359 1770 397 includuntur,
1801 372 1839 391 ex
1864 359 2035 391 linearum
2064 363 2177 390 recta—

1202 424 1275 442 rum
1294 411 1330 441 in
1350 409 1463 452 planis
1483 409 1551 441 illis
1569 410 1636 442 situ
1655 417 1686 442 et
1705 411 1911 451 angulorum
1924 437 1933 449 ,
1961 420 2048 453 quos
2064 407 2178 440 iuclu—

1201 464 1289 493 duut
1311 461 1447 492 ratione
1470 469 1574 504 atque
1599 472 1615 492 e
1640 471 1827 499 converse,
1853 461 1965 504 deque
1990 470 2176 500 corporum

1202 513 1355 554 ipsorum
1376 511 1584 554 aequalitate
1597 518 1700 555 atque
1718 510 1965 554 inaequalitate
1984 515 2178 552 pertractat.

1201 561 1360 605 Reliquis
1377 561 1490 593 tribus
1505 562 1672 601 rationes,
1698 569 1731 594 et
1748 560 1924 601 analogias
1944 560 2034 592 inter
2051 571 2087 592 se
2102 571 2179 592 cor-

1203 625 1325 656 porum
1353 612 1586 651 demonstrat,
1622 625 1771 656 quarum
1800 608 1901 656 ῥητοὶ
1925 611 2079 654 aliquae,
2113 610 2180 641 ali-

1201 675 1288 708 quae
1313 661 1459 706 ἆρῤῃῖοι
1481 660 1540 695 καὶ
1560 662 1685 709 ἄλογοι
1711 669 1802 695 sunt.
1856 660 2020 694 Decimus
2036 659 2181 704 quintus

2000 708 2181 744 Arithme-

1202 765 1267 796 tica
1292 764 1460 796 elementa
1487 764 1523 795 in
1549 765 1683 796 medios
1706 771 1858 808 quatuor
1875 762 2044 799 contulit,
2072 773 2110 793 ac
2126 761 2182 793 di-

1201 815 1305 857 gessit
1333 814 1455 848 lilros.
1516 814 1673 857 Septimo
1707 815 1903 847 doctrinam
1933 813 1976 845 de
2010 812 2182 850 numeris,

1201 877 1431 898 numerorum
1453 865 1651 898 rationibus
1675 873 1707 898 et
1736 864 1917 907 analogii&
1970 861 2107 896 Octavo
2139 863 2182 895 de

1201 916 1377 949 similibus
1401 916 1576 956 numeris,
1604 917 1647 948 de
1673 915 1977 949 nominationibus
2001 925 2122 946 eorum
2149 920 2183 945 et

1203 967 1384 1008 analogiis.
1437 966 1541 998 Nono
1567 968 1608 999 de
1632 967 1827 1010 praecipuis
1849 975 2080 998 numerorum
2106 974 2182 1006 spe-

1202 1017 1338 1055 ciebus,
1382 1018 1424 1049 de
1453 1017 1550 1060 pari,
1593 1018 1738 1061 impari,
1771 1017 1939 1059 perfectO,
1971 1015 2185 1053 abundante,

1202 1067 1378 1099 diminuto
1402 1068 1602 1110 complexus
1627 1075 1689 1101 est.
1742 1066 1906 1100 Decimus
1937 1065 2027 1097 liber
2057 1064 2185 1096 mixtus

1174 1113 1269 1161 {est‚
1311 1118 1438 1161 partim
1477 1119 1726 1160 geometricus,
1768 1118 1894 1161 partim
1932 1113 2184 1148 arithmeticus-

1173 1166 1176 1190 ἶ
1204 1167 1458 1201 Accormnodat
1493 1169 1585 1200 enim
1623 1167 1789 1202 Euclides
1826 1166 2107 1209 magnitudinem
2141 1164 2186 1196 ad

969 1268 1088 1300 Primo
1107 1269 1148 1299 de
1174 1278 1178 1286 ·

165 1326 285 1369 figuris
304 1330 476 1357 rectarum
504 1322 697 1359 linearum,
724 1327 757 1352 et
780 1319 903 1361 primis
931 1329 1050 1349 earum
1070 1328 1149 1359 spe·
1174 1337 1176 1343 ,

166 1377 284 1409 ciebus
308 1386 347 1406 ac
369 1372 663 1416 simplicioribus,
705 1369 874 1400 nimirum
899 1368 941 1399 de
963 1367 1148 1408 triangulis

166 1435 199 1460 et
222 1422 559 1470 parallelogrammis
583 1427 791 1464 pertractat,
817 1426 850 1451 et
875 1418 986 1461 prima
1005 1417 1147 1461 quidem

165 1477 247 1510 libri
273 1483 370 1519 parte
394 1475 437 1506 de
460 1472 665 1514 triangulis,
701 1471 810 1502 altera
833 1470 876 1500 de
907 1467 1084 1510 parallelis
1117 1474 1149 1499 et

166 1523 520 1572 parallelogrammis,
543 1522 645 1556 tertia
673 1520 847 1562 triangula
865 1530 943 1551 cum
961 1517 1149 1560 parallelo-

167 1577 332 1621 grammis
355 1575 501 1608 consert.
544 1571 708 1606 Secundo
724 1571 816 1602 libro
841 1566 1005 1611 &bragar
1036 1568 1149 1600 lineae

167 1635 279 1661 rectae
296 1626 463 1671 explicat.
516 1621 580 1656 Est
595 1629 710 1655 autem
727 1617 887 1663 δύναμις
903 1619 1016 1652 lineae
1036 1625 1147 1651 rectae

166 1678 532 1723 parallelogrammum
550 1685 628 1706 cum
645 1672 773 1714 angulo
798 1678 914 1710 recto,
941 1670 995 1702 vel
1022 1665 1149 1712 usgif}-

167 1741 307 1776 γωνον,
337 1727 391 1759 vel
415 1723 645 1769 ἕτεράιιηκες,
679 1723 737 1755 sed
762 1718 998 1768 τετράγωνον
1020 1721 1148 1757 verius,

168 1791 272 1824 quam
297 1773 518 1823 ἑτερόμηκες.
585 1773 707 1807 Tertio
732 1775 773 1806 ad
800 1771 1149 1815 circulos-‹pertinen-

167 1831 216 1863 tia
234 1830 403 1862 elementa
422 1825 683 1869 complectitur,
709 1831 741 1857 et
757 1831 855 1867 parte
871 1823 1014 1867 quidem
1031 1822 1148 1866 priore

167 1882 210 1913 de
229 1879 362 1913 mutuis
383 1879 476 1910 inter
499 1889 533 1909 se
558 1874 772 1908 sectionibus
789 1881 821 1906 et
842 1880 1004 1906 contactu
1024 1880 1148 1906 mutuo

168 1931 392 1969 circulorum,
410 1930 521 1972 deque
539 1927 711 1959 linearum
726 1931 899 1958 rectarum
918 1925 971 1957 vel
989 1924 1149 1956 inciden-

168 1982 274 2020 tium,
300 1981 355 2012 vel
374 1978 594 2021 tangentium
610 1983 671 2009 aut
689 1988 761 2008 sese
779 1981 902 2008 mutuo
914 2002 923 2015 ,
949 1981 1008 2008 aut
1026 1974 1149 2007 circuli

169 2032 339 2065 ambitum
363 2030 517 2067 ratione,
537 2028 646 2060 altera
671 2027 714 2059 de
738 2026 893 2069 angulis,
921 2038 1009 2070 quos
1026 2025 1064 2057 in
1081 2025 1150 2058 cir—

169 2082 256 2116 culis
277 2082 331 2114 vel
359 2082 453 2114 inter
476 2091 510 2112 se
537 2085 650 2111 rectae
677 2078 808 2117 lineae,
843 2077 898 2109 vel
922 2089 1001 2109 cum
1026 2076 1149 2109 circuli

169 2133 355 2176 perimetro
387 2130 543 2164 efficiunt
575 2140 614 2161 ac
651 2128 891 2167 conformant,
930 2128 1033 2160 tertia
1067 2124 1150 2171 περὶ

166 2181 361 2226 δυνάμεως
375 2189 433 2215 aut
449 2180 641 2214 secantium
657 2189 742 2218 sese,
766 2185 827 2211 aut
843 2178 1061 2220 tangentium
1081 2178 1149 2210 cir-

169 2233 238 2266 culi
256 2234 424 2265 ambitum
440 2238 613 2265 rectarum
637 2230 812 2262 linearum
834 2228 916 2271 agit.

272 2333 426 2375 Quartus
450 2331 539 2363 liber
560 2328 784 2363 mechanicus
807 2334 902 2361 totus
919 2328 1148 2371 problematis

170 2391 324 2423 constat,
357 2390 388 2416 et
412 2383 512 2414 docet
536 2381 811 2414 demonstrative
837 2378 1010 2421 regularia
1037 2385 1148 2411 recta-

170 2449 247 2469 rum
274 2435 446 2467 linearum
473 2430 666 2468 schemata,
701 2439 760 2465 aut
789 2430 981 2463 inscribere
1004 2429 1148 2467 circulo,

169 2486 304 2520 ambitu
322 2483 442 2517 circuli
464 2482 713 2520 circumducto,
740 2488 799 2515 aut
818 2480 1006 2524 perimetro
1026 2480 1147 2513 circuli

169 2535 463 2571 circumscribere.
535 2532 689 2574 Quintus
720 2533 896 2564 rationum
929 2543 967 2563 ac
997 2542 1146 2574 propor-

168 2589 303 2622 tionum
330 2584 525 2618 doctrinam
555 2580 670 2614 habet.
733 2582 856 2615 Sextus
877 2582 1029 2614 rationes
1057 2581 1147 2614 inter

167 2651 201 2672 se
225 2639 410 2682 planorum
439 2633 650 2676 regularium
677 2631 909 2671 schematum,
951 2633 1147 2675 triangulo-

166 2702 244 2722 rum
270 2687 455 2730 praecipue
487 2684 896 2728 parallelogrammorum
931 2690 964 2716 et
995 2683 1145 2716 circulo-

1205 1219 1487 1258 multitulinem,
1517 1219 1552 1250 in
1577 1232 1644 1264 qua
1669 1220 1856 1253 collatione
1873 1229 1934 1250 seu
1951 1215 2186 1260 applicatione

1204 1269 1428 1301 manifestum
1446 1277 1497 1301 est
1512 1270 1760 1311 proportiones
1775 1270 1879 1311 longe
1899 1267 2052 1310 amplius
2067 1272 2186 1309 patere

1203 1318 1240 1348 in
1260 1316 1484 1356 Geoinetria,
1514 1329 1617 1361 quam
1635 1330 1864 1350 numerorum
1881 1316 2051 1349 doctrina.
2092 1314 2187 1347 Hinc

1202 1373 1320 1399 ortum
1346 1367 1533 1399 discrimen
1561 1369 1854 1411 proportionum,
1889 1374 1929 1399 ut
1951 1366 2019 1398 alia
2041 1371 2187 1398 vocetur

1203 1415 1308 1461 ῥητὴ,
1343 1417 1377 1449 id
1415 1425 1482 1457 est,
1523 1419 1724 1458 nominata,
1759 1426 1798 1452 ut
1833 1417 2018 1459 multiplex
2052 1415 2187 1460 sesqui-

1203 1468 1320 1500 altera.
1374 1466 1454 1500 Alia
1472 1467 1623 1515 ἄλογος,
1651 1469 1687 1501 id
1703 1476 1773 1508 est,
1802 1467 2042 1506 innominata,
2069 1473 2108 1498 ut
2130 1478 2187 1498 ra-

1203 1518 1260 1549 dix
1289 1519 1459 1562 'quadrata
1494 1520 1537 1550 de
1560 1526 1692 1562 septem
1716 1521 1757 1552 ad
1785 1520 1855 1551 duo
1878 1518 1934 1549 vel
1959 1518 2003 1549 ad
2031 1516 2185 1548 radicem

1203 1569 1409 1611 quadratam
1442 1570 1485 1600 de
1516 1570 1685 1614 quinque.
1739 1570 1823 1602 Sine
1850 1567 1915 1601 hac
1938 1579 2017 1600 cum
2042 1567 2080 1598 in
2107 1577 2186 1600 στε-

1203 1618 1395 1663 ρεομετρία
1417 1620 1597 1663 analogiae
1622 1621 1761 1653 ostendi
1779 1627 1811 1653 et
1835 1618 2000 1660 explicari
2019 1628 2091 1650 non
2107 1628 2187 1660 pos-

1202 1669 1291 1709 sint,
1318 1670 1498 1713 praemisit
1513 1669 1680 1704 Euclides
1708 1669 1947 1704 arithmeticos
1971 1669 2081 1701 libros
2103 1667 2187 1701 reli-

1204 1721 1282 1764 quis
1306 1733 1388 1753 mox
1413 1723 1633 1764 geometricis
1659 1722 1842 1755 elementis
1861 1720 2077 1754 subiunctos.
2116 1717 2186 1752 Sed

1203 1771 1246 1802 de
1263 1768 1318 1803 his
1334 1772 1500 1805 omnibus
1525 1772 1617 1806 inter
1642 1773 1912 1816 praelegendum
1931 1770 2107 1814 copiosius
2124 1781 2187 1802 au-

1203 1821 1334 1854 ditores
1355 1823 1527 1857 erudiam.

1304 1930 1440 1963 Horum
1474 1938 1589 1963 autem
1626 1931 1798 1963 librorum
1833 1930 2090 1963 enarrationem
2131 1929 2188 1960 in-

1203 1979 1410 2022 choaturus,
1450 1994 1512 2013 oro
1537 1980 1650 2014 Deum
1676 1990 1857 2014 aeternum
1883 1988 2016 2025 patrem
2040 1977 2186 2012 Domini

1203 2033 1315 2065 nostri
1344 2032 1419 2065 lesu
1443 2030 1595 2071 Christi,
1631 2033 1850 2066 conditorem
1875 2031 2012 2075 generis
2040 2028 2185 2062 humani

1203 2091 1236 2117 et
1253 2082 1431 2116 Ecclesiae
1447 2095 1545 2122 suae,
1572 2090 1610 2116 ut
1628 2084 1730 2116 nobis
1748 2084 1838 2116 adsit
1854 2089 1972 2116 sancto
1991 2093 2053 2114 suo
2071 2080 2186 2123 Spiri-

1203 2141 1239 2166 tu
1252 2162 1261 2171 ,
1288 2141 1320 2167 et
1344 2135 1437 2167 iuvet
1457 2147 1494 2167 ac
1511 2135 1681 2176 gubernet
1697 2135 1812 2168 studia
1829 2142 1863 2168 et
1878 2141 2022 2167 conatus
2038 2137 2186 2169 nostroS,

1202 2192 1242 2218 ut
1258 2185 1324 2229 ipsi
1341 2192 1437 2228 grata
1454 2185 1550 2219 fiant.
1604 2184 1697 2219 Dixi.

1202 2308 1435 2312 -cn-ffl-
1453 2307 1670 2311 —†77„„-7,‚
1720 2307 1724 2310 .
1758 2306 1762 2309 .
1788 2305 1818 2312 --

1202 2405 1267 2440 No.
1288 2404 1370 2439 164.
2019 2417 2067 2451 an.
2085 2405 2176 2436 1557.

1423 2549 1497 2589 De
1524 2547 1720 2588 Erasmo
1754 2546 1972 2588 Roterod.

1272 2662 1298 2687 ln
1314 2662 1359 2687 sal.
1376 2661 1453 2689 Decl.
1469 2662 1502 2687 T.
1520 2661 1566 2688 lV.
1583 2670 1607 2694 Γ.
1622 2661 1672 2686 778
1690 2670 1764 2695 sqq..
1793 2661 1908 2687 serien.
1927 2660 1958 2687 T.
1973 2660 2018 2687 lV.
2040 2670 2066 2694 p.
2082 2661 2139 2686 706.
2161 2667 2185 2686 et

1304 2696 1429 2723 Richard.
1449 2696 1482 2723 T.
1506 2696 1524 2721 l.
1544 2705 1569 2729 p.
1583 2695 1643 2720 659.
