2324 2955
156 94 228 130 905
719 96 747 132 1-

156 179 337 220 lanienae,
363 180 587 214 trucidabant
604 180 810 225 praecipuos
825 183 920 217 viros
936 190 969 218 et
987 181 1134 217 assiduis

156 230 390 264 seditionibus
407 231 626 265 occasionem
651 233 881 275 praebebant.

257 287 348 323 Cum
372 289 480 333 igitur
503 301 568 334 pax
593 297 696 330 esset,
729 289 890 336 Coponio
911 297 1051 335 regente
1073 289 1133 324 Iu-

153 339 294 380 daeam,
335 335 508 373 Christus
539 352 632 373 anno
662 341 871 377 duodecimo
901 353 983 376 suae
1011 340 1132 376 aetatis

154 387 387 434 lerosolymae
404 390 442 422 in
457 391 587 435 templo
605 391 737 426 docuit.

255 447 349 481 Ante
374 460 454 481 eum
481 461 632 490 annum,
660 456 721 484 aut
743 449 899 492 circiter,
927 451 964 484 in
982 449 1131 484 Germa-

152 497 211 530 nia
240 503 310 530 tres
342 498 497 541 legiones
518 497 702 533 Romanae
738 500 940 535 interfectae
975 507 1057 534 sunt
1086 499 1130 532 ab

152 545 340 581 Harminio
352 575 362 590 ,
387 561 491 594 quem
516 550 703 583 nominant
718 551 842 584 ducem
860 549 1129 590 Cheruscorum,

152 608 241 642 quos
256 598 361 631 fuisse
379 599 470 632 inter
480 599 598 633 Salam
615 606 647 633 et
656 599 861 634 Harciniam
878 602 1022 646 sylvam,
1050 611 1128 632 ver-

152 658 210 680 sus
234 645 453 690 Goslariam‚
486 661 559 683 non
581 650 730 683 dubium
758 658 818 685 est.
869 649 916 684 Et
940 663 1005 683 vox
1031 644 1127 682 Che-

153 695 254 729 rusci
285 698 409 731 adfinis
444 705 495 732 est
527 700 756 744 adpellationi
798 698 905 734 huius
939 699 1126 743 temporis,

153 746 330 794 &mastiche
384 747 458 781 Iam
482 750 577 782 enim
594 749 750 784 Romani
774 751 917 784 domitis
933 749 1070 783 Noricis
1093 755 1127 783 et

149 795 293 840 Rhetia,
311 800 546 842 procedebant
560 800 595 833 in
608 800 773 834 Arctoam
785 799 998 834 Germaniae
1015 811 1126 839 oram,

150 859 257 892 quam
282 856 315 882 et
337 850 478 893 proprie
496 849 725 883 Germaniam
748 857 899 885 vetustas
914 849 1125 883 nominavit.

150 897 303 942 Sintque
319 906 422 932 notae
438 901 703 944 adpellationeS.

252 947 391 982 Nomen
411 957 444 983 et
467 951 644 992 regionem
670 949 852 982 Boiemiae
884 947 1000 983 adhuc
1024 948 1126 982 novit

149 996 235 1031 haec
260 1005 369 1032 aetas:
397 1000 479 1043 quia
501 999 604 1040 Boii,
629 1009 713 1041 gens
737 999 888 1043 Alpina,
922 1000 961 1032 in
986 1011 1023 1032 ea
1049 999 1124 1032 loca

148 1048 358 1081 transierant
385 1049 428 1081 ad
448 1049 581 1093 sylvam
600 1048 812 1088 Gabretam,
839 1061 928 1093 quae
942 1061 1037 1082 nunc
1053 1048 1125 1081 Bo-

146 1094 283 1131 hemica
323 1098 532 1142 adpellatur.
589 1098 836 1133 Marcomanni
883 1099 992 1132 vicini
1033 1105 1124 1138 sunt,

146 1159 242 1181 nunc
260 1147 413 1184 Moravi.

250 1199 307 1231 Ab
330 1198 437 1232 altera
462 1204 559 1243 parte
588 1199 733 1232 fuerunt
758 1195 1031 1239 Hermunduri,
1065 1198 1126 1243 qui

146 1259 243 1281 nunc
260 1247 459 1282 Misnenses
474 1249 716 1284 nominantur.
770 1248 865 1291 Quia
893 1260 1050 1292 expresse
1070 1249 1126 1280 in·-

147 1298 225 1342 quit
243 1296 404 1331 Tacitus:
434 1299 555 1332 Albim
580 1300 617 1331 in
643 1298 906 1332 Hermunduris
928 1299 1026 1332 oriri.
1079 1296 1124 1332 Et

147 1346 276 1381 Strabo
293 1348 428 1381 vicinos
446 1360 517 1382 esse
537 1349 623 1381 dicit
638 1347 1124 1391 HermundurosLongobar-

146 1397 221 1437 dis,
247 1409 398 1442 quorum
414 1400 512 1431 sedes
527 1399 626 1432 suita
642 1399 842 1432 confluente
852 1398 953 1432 Albis
968 1398 1123 1436 etSalae‚

145 1447 183 1479 in
201 1447 275 1491 ripa
284 1447 386 1481 Albis
401 1448 623 1487 occidentali,
641 1460 730 1492 quae
746 1460 840 1482 nunc
858 1455 906 1482 est
924 1449 1017 1492 regio
1030 1447 1125 1481 Mei-

146 1497 376 1540 deburgensis
399 1505 431 1532 et
447 1498 778 1534 Halberstadiensis.

246 1546 347 1581 Ultra
362 1547 480 1581 Salam
494 1549 538 1581 ad
555 1547 761 1581 Harciniam
779 1548 921 1581 fuerunt
936 1543 1124 1587 Cherusci,

143 1597 188 1630 ad
205 1595 409 1630 Northusen
433 1604 466 1631 et
483 1596 696 1631 Goslariam.

247 1654 323 1688 Sub
342 1653 528 1689 Cheruscis
553 1663 586 1689 et
601 1655 847 1698 Longobardis
863 1656 1007 1688 suerunt
1022 1652 1124 1687 Bru-

147 1703 250 1745 cteri,
271 1705 308 1737 in
326 1704 468 1747 regione
482 1704 732 1738 Brunsvicensi
745 1732 754 1746 ,
780 1705 841 1738 ubi
859 1703 974 1738 adhuc
987 1705 1123 1749 reliqua

146 1762 197 1788 est
213 1755 403 1799 adpellatio
422 1754 558 1788 Montis
575 1753 749 1787 Bructeri.
785 1754 843 1788 Sic
860 1761 892 1788 et
906 1754 1123 1788 Claudianus

145 1804 280 1851 inquit:
309 1803 417 1837 Venit
439 1805 556 1837 accola
583 1804 699 1848 sylvae
717 1803 906 1836 Bructerus
921 1803 1121 1839 Harciniae.

248 1861 279 1897 E
290 1863 431 1906 regione
440 1862 757 1905 Longobardorum
768 1862 804 1894 in
816 1862 994 1906 ripaAlbis
1004 1862 1123 1895 orien-

145 1914 226 1955 tali,
256 1913 363 1947 suisse
388 1910 555 1945 Senonas
585 1912 767 1945 manifeste
795 1913 956 1945 adfirmat
983 1912 1122 1952 Strabo,

145 1976 236 2010 quae
258 1963 352 2007 regio
380 1974 474 1996 nunc
498 1963 694 2007 adpellatur
710 1969 809 1996 vetus
824 1960 1005 2002 Marchia,
1032 1963 1120 1995 circa

146 2014 364 2049 Stendaliam
388 2020 420 2046 et
446 2013 579 2046 vicinas
602 2013 718 2046 urbes.
773 2012 825 2045 Ac
848 2012 960 2054 gentis
976 2012 1122 2054 integri-

146 2071 252 2099 tatem
270 2064 317 2097 ita
334 2063 529 2107 praedicat,
556 2069 596 2096 ut
619 2063 725 2106 fingat
744 2062 989 2108 etymologiam
1013 2074 1031 2095 a
1048 2064 1119 2095 Σε-

144 2112 255 2160 μνὰς,
281 2114 376 2159 quod
402 2120 453 2147 est
468 2125 486 2146 a
505 2111 651 2158 Σίβαι).

247 2172 322 2207 Sub
346 2171 525 2206 Bructeris
549 2173 691 2205 suerunt
716 2167 835 2205 Cauci
857 2182 916 2204 seu
936 2165 1054 2216 Cayci
1077 2171 1117 2203 ad

146 2223 326 2266 Visurgim
358 2234 469 2266 usque
499 2223 543 2255 ad
562 2221 739 2255 Bremam.
792 2220 855 2255 Est
883 2228 997 2254 autem
1021 2227 1119 2254 vetus

147 2273 348 2318 appellatio.
399 2272 488 2305 Nam
507 2285 586 2305 cum
605 2271 952 2305 nominatllomerus
964 2271 1119 2304 Paeonas

146 2330 182 2358 et
192 2322 332 2369 Mysos,
355 2323 516 2365 adiungit
533 2323 581 2356 eis
597 2321 790 2356 Cauconas.
842 2321 961 2364 Quare
977 2321 1060 2355 inde
1077 2322 1119 2354 ad

146 2380 308 2408 nostrum
325 2373 422 2407 littus
443 2385 522 2407 cum
537 2372 691 2407 Cimbris
715 2379 775 2407 aut
790 2371 936 2406 IIenetis
962 2383 1120 2416 progres-

145 2435 201 2458 sos
221 2435 292 2458 esse
309 2423 481 2458 existimo.

248 2481 374 2517 Caucis
397 2482 548 2526 proximi
572 2488 654 2516 sunt
681 2478 813 2517 Frisii.
865 2480 1002 2515 Deinde
1026 2478 1122 2513 Ten-

150 2539 250 2568 tones
271 2539 304 2566 et
322 2530 532 2572 Dilmarsi,
555 2533 615 2578 qui
642 2539 757 2565 tamen
777 2532 950 2576 progressi
968 2544 985 2564 a
1005 2531 1121 2564 littore

150 2589 340 2618 tenuerunt
372 2594 469 2616 oram
496 2582 698 2617 Westvalia
727 2590 760 2616 et
785 2594 881 2615 oram
905 2581 1121 2616 (Ilevensem.

150 2633 311 2668 Fuerunt
336 2633 372 2665 in
390 2632 591 2666 VVestvalia
613 2640 646 2667 et
664 2631 900 2679 Angrivarii,
929 2633 1023 2665 unde
1040 2632 1122 2665 reli-

196 2683 379 2718 Mamm.
407 2685 511 2717 Ormi.
537 2684 619 2717 Vor..
647 2685 724 2718 ΧΠ.

800 94 1090 134 CHRONICON
1115 92 1360 135 CARIONIS.
1413 100 1539 140 PARS
1566 104 1612 141 ΙΙ,

2095 116 2166 155 906

1191 195 1300 266 ‹³:11ng
1318 196 1448 268 norpen
1465 194 1513 222 est
1529 186 1685 233 Engern,
1703 199 1737 226 et
1753 195 1940 239 appellatio
1950 196 2070 244 Angli
2083 197 2163 236 huie

1189 244 1207 266 a
1263 245 1315 267 nis
1340 246 1374 268 es
1391 261 1400 271 .

1286 290 1475 328 Sicambri
1506 295 1727 334 Geldrenses.
1786 299 1834 336 Et
1865 303 2003 339 videtur
2031 320 2160 344 nomen

1184 340 1330 383 factum,
1372 345 1427 377 vel
1451 357 1470 379 a
1493 346 1637 381 lacubus
1667 356 1699 383 et
1722 352 1829 393 mari,
1866 353 1956 399 &ebe
1978 367 2030 392 am
2053 359 2159 401 micet!

1185 391 1239 424 vet
1259 404 1276 425 a
1295 393 1457 428 victorib.
1475 395 1640 433 Cimbris.

1285 445 1431 485 Cimbri
1451 465 1612 497 magnam
1641 464 1773 500 partem
1795 460 1924 495 littoris
1946 466 1988 497 ad
2005 464 2159 501 Cimbri-

1183 510 1257 532 cam
1281 499 1538 537 Chersonesum
1566 512 1775 549 tenuerunt,
1816 511 1979 547 videlicet
2010 523 2157 551 tractum

1182 548 1523 594 Megalburgensem.
1576 555 1641 589 llis
1666 557 1773 591 vicini
1797 571 1901 605 supra
1922 562 2154 601 Rostochium

1180 599 1322 636 suerunt
1337 599 1552 647 Burgundi.

1283 659 1413 694 Versus
1438 660 1623 696 Orientem
1649 665 1684 697 in
1719 666 1837 701 littore
1869 671 2012 706 fuerunt
2038 673 2120 707 Sue«
2134 676 2156 715 i,

1180 709 1240 753 qui
1258 722 1353 743 nunc
1370 710 1557 745 Pomerani
1575 715 1815 758 nominantur,
1841 727 1873 753 et
1890 733 1967 764 pars
1985 723 2157 758 Prussiae.

1280 767 1418 802 Deinde
1437 766 1570 810 Getae,
1598 784 1685 816 quos
1702 773 1840 808 Plinius
1858 774 2020 813 Gotones
2037 784 2155 826 appel-

1178 815 1238 850 lat.
1292 816 1564 853 Observandum
1583 828 1633 855 est
1657 823 1750 856 enim
1767 827 1911 861 nomina
1933 831 2052 864 eadem
2068 833 2154 867 alios

1179 867 1299 909 magis,
1315 869 1403 902 alios
1420 870 1537 903 minus
1552 873 1676 914 agresti
1689 880 1721 905 et
1736 872 1881 910 horrido
1897 890 1981 912 sono
1994 893 2154 924 pronun-

1178 917 1296 952 ciasse.
1347 917 1465 951 Placet
1490 922 1700 965 etymologia
1720 920 1888 967 Gedmzi,
1916 932 2008 973 quod
2032 933 2153 966 dicunt

1177 978 1195 999 a
1216 965 1316 999 Getis
1340 974 1371 999 et
1389 966 1499 1001 Danis
1517 971 1737 1005 nominatum
1763 986 1856 1017 esse,
1883 990 1944 1011 nec
1970 981 2065 1014 aliud
2089 994 2154 1015 no-

1177 1028 1257 1049 men
1277 1013 1480 1057 Gothinos,
1509 1031 1614 1063 quam
1634 1020 1742 1055 Getas
1764 1035 1834 1057 esse
1852 1026 1979 1064 iudico.

1280 1074 1546 1117 Progressiones
1568 1079 1724 1120 gentium
1749 1082 1851 1115 etiam
1879 1086 2153 1123 considerandae

1179 1131 1272 1159 sunt.
1324 1125 1413 1157 Nam
1438 1124 1521 1158 Iulii
1543 1134 1699 1172 ternpore
1720 1130 1827 1164 Suevi
1853 1133 1889 1166 in
1916 1134 2154 1172 &Vestraliam

1179 1174 1406 1207 transierunt.
1461 1175 1584 1210 Postea
1608 1179 1656 1210 eis
1677 1180 1721 1213 ab
1746 1179 1905 1225 Augusto
1933 1188 2029 1220 sedes
2054 1189 2153 1222 datae

1179 1231 1260 1258 sunt
1286 1225 1322 1257 in
1344 1222 1493 1268 Rhetia,
1534 1227 1595 1261 ubi
1618 1240 1713 1262 nunc
1738 1232 1915 1277 reliquum
1944 1244 1994 1270 est
2023 1250 2150 1272 nomen

1178 1274 1339 1308 Sueviae.

1280 1319 1386 1358 Cani
1399 1333 1479 1360 sunt
1496 1325 1618 1368 Ilessi,
1645 1335 1677 1362 et
1693 1330 1923 1378 aliquousque
1939 1349 1952 1367 x
1964 1336 2059 1376 icini,
2086 1351 2153 1372 un-

1178 1374 1220 1406 de
1254 1382 1302 1408 est
1327 1373 1663 1420 Catthenelnhogen.
1715 1378 1761 1413 Et
1791 1394 1920 1417 nomen
1944 1385 2034 1420 Catti
2060 1389 2152 1422 idem

1178 1430 1227 1457 est
1250 1426 1344 1469 quod
1364 1424 1484 1465 Ilassi,
1506 1427 1765 1471 aliquantulum
1789 1440 1920 1467 mutata
1946 1438 2051 1470 veteri
2070 1450 2153 1481 pro-

1178 1475 1415 1508 nunciatione.
1468 1475 1544 1509 Hos
1559 1477 1679 1511 scribit
1697 1478 1840 1515 Tacitus
1865 1496 1942 1516 cum
1966 1484 2152 1522 Cheruscis

1177 1525 1269 1557 bella
1287 1526 1434 1567 'gessisse
1459 1527 1501 1558 de
1523 1527 1682 1560 sontibus
1707 1530 1798 1564 satis.
1852 1532 2014 1578 Intelligo
2034 1538 2153 1580 igitur,

1177 1573 1305 1607 Hessos
1334 1582 1367 1608 et
1389 1577 1566 1618 proximos
1590 1576 1768 1621 Turingos
1794 1584 1935 1624 gessisse
1959 1586 2050 1619 bella
2074 1600 2152 1621 cum

1177 1623 1354 1657 Ilarciniis
1380 1626 1422 1658 de
1440 1625 1589 1665 Salinis,
1619 1640 1706 1672 quae
1731 1639 1813 1665 sunt
1838 1635 1941 1667 nobis
1959 1636 2094 1671 vicinae
2114 1639 2150 1671 in

1176 1673 1251 1717 ripa
1269 1673 1380 1707 Salac.

1276 1722 1386 1756 Cattis
1401 1736 1518 1757 versus
1534 1723 1702 1760 Rhenum
1721 1729 1827 1763 vicini
1843 1732 1984 1768 fuerunt
2002 1733 2152 1770 Tencte-

1177 1772 1226 1813 ri,
1263 1774 1324 1818 qui
1353 1781 1435 1807 sunt
1461 1786 1478 1807 a
1504 1774 1776 1820 Francosordia,
1807 1793 1894 1825 quae
1925 1792 1974 1818 est
2007 1786 2043 1819 in
2076 1789 2151 1832 ripa

1176 1823 1274 1856 Meni
1295 1836 1412 1857 versus
1430 1824 1651 1867 Moguntiam
1670 1835 1703 1862 et
1723 1829 1834 1872 ripam
1854 1831 2022 1867 Mosellae.
2040 1849 2150 1882 usque

1176 1874 1217 1904 ad
1244 1872 1429 1906 Coloniam
1455 1875 1705 1919 Agrippinam,
1734 1886 1863 1914 tractus
1885 1881 2086 1919 W'ederaw
2116 1896 2145 1921 et

1174 1921 1374 1956 Nassaensis
1389 1930 1422 1956 et
1440 1923 1640 1960 XVidensis.

1286 1971 1381 2005 Idem
1402 1986 1530 2006 nomen
1549 1987 1620 2009 esse
1637 1976 1767 2011 iudicio
1785 1978 1975 2016 Tencteros
1993 1993 2025 2018 ct
2043 1983 2148 2019 flim-

1172 2033 1270 2065 gros.
1312 2022 1548 2058 Nominantur
1565 2033 1679 2060 autem
1698 2027 1836 2072 Tungri
1855 2032 1943 2066 infra
1962 2033 2146 2071 Coloniam

1176 2072 1400 2114 iuliacenseS,
1427 2075 1489 2107 etsi
1509 2083 1626 2118 postea
1644 2077 1780 2121 longius
1799 2085 1968 2125 progressi
1985 2093 2076 2121 sunt.

1274 2122 1365 2157 Sunt
1388 2135 1406 2156 e
1429 2125 1570 2168 regione
1588 2126 1756 2162 Coloniae
1781 2142 1898 2165 versus
1916 2131 2146 2171 Occidentem

1173 2169 1276 2213 Ubii,
1296 2173 1342 2207 bie
1359 2174 1463 2218 OEiffel.
1507 2176 1620 2220 Supra
1638 2177 1747 2212 Ubios
1763 2188 1844 2214 sunt
1860 2179 2016 2225 Treviri,
2038 2184 2056 2218 Ῐ
2069 2185 2144 2220 'an-

1172 2221 1317 2267 giones,
1344 2232 1416 2258 vom
1435 2224 1539 2266 Θαῐυ,
1574 2228 1634 2271 qui
1653 2236 1733 2262 sunt
1748 2229 2045 2272 W'ormatienses.

1273 2273 1388 2317 Supra
1407 2271 1469 2307 hos
1493 2283 1573 2310 sunt
1590 2274 1755 2311 Nemetes
1771 2281 1963 2324 Spirenses.

1275 2328 1469 2365 Charilini
1500 2341 1630 2368 tractus
1659 2335 1975 2384 NYirtebergensis.

1174 2393 1304 2415 nomen
1321 2383 1449 2417 sactum
1466 2391 1514 2417 est
1530 2382 1572 2416 ali
1593 2384 1715 2429 hortis,
1744 2388 1888 2425 &ct-tuctu

1275 2432 1389 2476 Supra
1407 2431 1470 2467 hos
1487 2435 1528 2467 ad
1549 2434 1734 2470 Meridiem
1752 2448 1832 2474 sunt
1847 2438 1985 2479 Rhetii.

1279 2484 1330 2515 Ad
1344 2482 1570 2518 Occidentem
1589 2494 1668 2521 sunt
1680 2486 1830 2526 III-etii,

1274 2533 1330 2565 Ad
1355 2534 1635 2577 Septentrionem
1669 2546 1749 2572 sunt
1773 2539 1915 2586 Usipii‚
1957 2546 2015 2589 qni
2049 2557 2139 2578 nnnc

1174 2582 1300 2615 Franci
1328 2585 1567 2619 nominantur.
1619 2587 1709 2622 Sunt
1732 2597 1847 2624 autem
1872 2596 1981 2627 multa
1999 2595 2139 2628 nomina

1175 2633 1331 2676 gentium
1355 2636 1625 2679 migrationibus
1649 2646 1680 2673 et
1704 2640 1858 2684 imperiis
1884 2645 1983 2677 novis
2000 2651 2143 2687 mutata,

1467 2686 1516 2721 58

2034 2344 2143 2391 quue
