2324 2955
140 113 212 149 825
816 112 846 149 1.
896 110 1187 149 CHRONICON
1215 112 1460 149 CARIONIS.
2075 119 2146 155 826

243 196 346 232 Nunc
371 199 415 233 ad
432 197 590 243 Philippi
610 195 794 231 historiam
818 199 1022 238 redeamus,
1056 198 1116 242 qui
1142 202 1146 257 J
1170 198 1323 240 nollent,
1350 200 1431 244 quia
1448 206 1481 232 et
1499 198 1570 242 agri
1591 199 1640 232 eis
1655 201 1808 245 adempti
1825 209 1944 243 erant,
1971 203 2147 238 Lacedae-

142 250 234 282 inter
261 261 357 293 reges
388 250 592 294 praecipuos
616 255 833 290 recensetur,
867 250 947 294 quia
971 248 1117 282 consilio
1141 261 1144 304 Ι
1169 249 1298 282 moniis
1315 251 1401 283 clam
1420 261 1477 282 eos
1495 251 1743 291 incitantibus,
1773 253 1832 296 qui
1852 260 1883 286 et
1902 254 1968 297 ipsi
1986 267 2146 297 magnam

141 305 175 332 et
196 300 404 334 fortitudine
428 299 607 340 excelluit,
649 307 681 333 et
702 299 818 344 parvis
840 300 951 344 copiis
973 309 1117 342 magnos
1169 299 1333 332 mulctam
1353 300 1536 338 debebant,
1564 298 1984 337 PhilomelusPhocensis
2002 307 2147 339 collecto

139 350 311 384 exercitus
328 350 423 382 vicit.
1168 350 1320 382 exercitu
1337 349 1828 396 columnasAmphictyonum
1847 355 1987 394 evertit,
2015 356 2052 388 in
2069 357 2149 400 qui-

244 400 422 432 Laudatus
443 407 493 434 est
510 400 546 432 in
566 400 728 439 oraculo,
756 400 791 432 in
811 411 879 444 quo
899 399 969 432 duo
987 399 1116 432 deseri·
1169 400 1234 432 bus
1261 401 1397 434 decreta
1421 400 1570 434 mulctae
1596 402 1724 444 scripta
1750 410 1867 441 erant,
1894 411 1927 437 et
1946 417 2045 448 agros
2063 419 2147 439 con-

139 451 273 483 huntur
289 447 466 494 Philippi,
493 462 642 495 quorum
661 451 813 493 priorem
838 449 886 483 ait
907 449 982 482 sore
1005 451 1117 482 victo-
1169 456 1318 483 secratos
1347 451 1488 494 recipit,
1531 462 1654 484 aurum
1685 459 1717 485 et
1745 460 1927 495 argentum
1960 457 2070 489 aufert
2107 470 2147 489 ex

138 511 212 533 rem
227 500 418 534 multarum
436 501 612 544 gentium,
640 507 673 533 et
690 500 851 533 foelicem
869 511 996 542 regem.
1047 499 1117 532 Po·
1169 501 1309 544 templo.
1384 499 1495 534 Addit
1526 508 1559 534 et
1592 502 1734 534 alteram
1759 514 1913 535 causam:
1951 503 2148 540 Phocenses

139 550 319 583 steriorem
339 563 439 592 vero,
466 551 628 583 videlicet
652 550 751 583 illum
770 550 926 595 quicum
944 549 1116 584 Romanis
1169 551 1275 583 veteri
1301 561 1398 583 more
1421 551 1618 584 defensores
1642 562 1713 584 esse
1737 550 1901 595 Delphici
1928 557 2069 598 templi,
2111 558 2148 589 id

139 600 274 634 bellum
302 602 422 644 gessit,
457 601 556 643 regni
579 612 784 634 eversorem.
844 599 974 633 Versus
997 606 1116 634 extant
1169 601 1222 633 ius
1247 601 1335 644 eripi
1358 600 1443 644 ipsis
1471 613 1489 633 a
1514 600 1696 634 Thebanis
1727 603 1897 646 queritur.
1967 604 2010 638 [t
2042 607 2148 647 igitur

141 650 178 682 in
193 648 357 684 Achaicis
372 651 582 685 Pausaniae:
1170 663 1270 694 opem
1299 652 1431 684 ferrent
1460 651 1592 684 iudicio
1622 649 1918 696 Amphictyonico
1950 661 1982 687 et
2017 658 2147 700 templo

188 710 226 741 In
241 710 397 742 macedum
414 714 534 752 populis
553 714 712 742 clarissima
729 722 818 752 regna
835 713 976 742 tenebunt
1169 701 1294 739 ῪῘΕἱΠῖ,
1320 701 1446 744 Locri,
1474 699 1637 734 Thebani
1657 700 1878 743 etTheSSRll,
1904 704 2036 737 bellum
2053 705 2149 739 Pho-

188 763 304 801 Argjva
320 763 355 792 de
372 766 480 803 stirpe,
504 765 618 792 bouum
633 764 853 803 damnumque,
880 761 1026 801 Phssippi.
1169 752 1330 784 censibus
1348 752 1515 784 inserunt.
1570 749 1789 784 Philomelus
1806 754 1917 787 victor
1936 755 2048 789 tribus
2073 769 2147 789 ma-

188 812 308 842 Horum
326 816 377 854 qui
392 817 473 853 prior
491 821 551 851 est,
578 821 678 853 gentes
694 816 839 854 urbesque
858 813 1000 842 domabit.
1169 802 1245 843 gnis
1263 802 1403 845 praeliis
1416 828 1424 842 ‚
1453 807 1578 846 quarto
1595 802 1705 835 victus
1721 814 1792 834 sese
1811 804 1853 836 de
1871 816 1956 847 rupe
1978 807 2149 850 praecipi-

187 862 248 892 Sed
264 867 368 894 veteris
386 867 467 904 regni
482 865 582 904 perdet
598 865 686 894 decus
702 875 790 894 omne
807 864 963 899 secundus,
1170 859 1238 885 tem
1263 852 1398 885 deiecit.
1451 851 1520 884 Hic
1544 852 1648 895 primi
1667 852 1764 885 ducis
1782 851 2014 888 Phocensium
2038 859 2149 890 exitus

188 913 221 943 A
236 917 356 953 populis
372 918 486 952 victus,
513 926 588 954 quos
602 918 719 944 mittent
738 925 840 953 vesper
857 921 886 943 et
901 921 992 942 ortus.
1169 902 1245 936 fust·
1300 901 1482 935 secundus
1507 902 1576 934 dux
1598 901 1665 935 fust
1684 900 1951 945 onomffl'dfflsa
1985 908 2045 950 qui
2071 920 2148 941 CUH]

1169 952 1206 984 in
1239 951 1377 984 somnio
1408 952 1568 990 vidisset,
1608 952 1675 984 sibi
1710 953 1746 985 in
1771 955 1902 997 templo
1928 958 2046 989 datum
2078 969 2149 990 esse

1168 1000 1370 1041 Colossum,
1398 1007 1436 1034 ut
1451 1001 1612 1034 altiorem
1625 1001 1770 1042 faceret,
1798 1006 1950 1047 speravit
1970 1018 2066 1038 suam
2086 1020 2150 1050 po-

1169 1053 1314 1086 tentiam
1341 1051 1509 1084 maiorem
1533 1050 1619 1086 fore.
1679 1051 1747 1085 Sed
1775 1054 1915 1086 tandem
1940 1063 2017 1098 post
2040 1059 2150 1090 multa

1169 1103 1299 1146 praelia
1317 1113 1504 1145 suspensus
1523 1108 1583 1135 est.
1637 1100 1687 1134 Ita
1706 1100 1889 1135 Colossum
1910 1106 2018 1141 auxit.

1270 1152 1550 1196 Suppeditahant
1576 1158 1690 1185 autem
1716 1151 1879 1196 Delphici
1908 1154 2062 1189 thesauri
2091 1169 2151 1199 pe-

1169 1202 1310 1236 cuniam
1345 1204 1389 1235 ad
1432 1203 1680 1235 conducendos
1724 1210 1755 1236 et
1791 1204 1934 1237 alendos
1971 1208 2152 1240 exercitus.

1168 1252 1257 1286 Nam
1276 1252 1470 1287 aestimatio
1488 1252 1564 1286 auri
1583 1259 1615 1285 et
1632 1253 1784 1295 argenti,
1812 1256 1903 1298 quod
1925 1256 2026 1290 initio
2045 1255 2150 1290 huius

1168 1303 1253 1336 belli
1282 1304 1319 1336 in
1344 1300 1521 1347 Delphico
1556 1303 1687 1346 templo
1721 1303 1806 1344 suit,
1848 1306 2014 1340 scribitur
2045 1308 2151 1340 fuisse

1169 1354 1287 1386 decem
1322 1353 1475 1386 millium
1510 1353 1743 1391 talentorum,
1793 1354 1827 1386 id
1864 1362 1933 1394 est,
1974 1358 2151 1397 sexaginta

1169 1409 1359 1436 tonnarum
1383 1402 1471 1435 auri.
1524 1401 1617 1435 Vicit
1643 1402 1749 1445 igitur
1768 1401 2018 1440 Onomarchus
2034 1406 2150 1440 Boeo-

1169 1454 1253 1493 tios,
1287 1460 1319 1486 et
1342 1453 1455 1496 coepit
1477 1452 1600 1485 urbem
1619 1450 1828 1488 Coroneam.
1887 1454 1979 1490 Vicit
2002 1465 2034 1490 et
2059 1458 2151 1491 duo-

1169 1504 1235 1536 bus
1266 1503 1408 1547 praeliis
1433 1500 1639 1542 Thessalos,
1683 1510 1716 1536 et
1746 1516 1824 1537 cum
1858 1501 1912 1537 his
1942 1504 2150 1551 Philippum

1168 1565 1284 1596 regem
1309 1552 1565 1592 Macedonum,
1592 1565 1696 1597 quem
1720 1555 1972 1589 accersiverant
1989 1555 2150 1591 Thessali

1169 1606 1212 1636 ad
1237 1604 1320 1637 belli
1342 1603 1563 1643 societatem,
1600 1610 1633 1636 et
1655 1604 1785 1636 multos
1808 1604 2016 1639 Macedonas
2042 1609 2151 1640 truci-

1140 1656 1143 1709 ἶ
1169 1654 1272 1685 davit.
1326 1653 1394 1685 Sed
1420 1653 1524 1685 tertio
1546 1652 1679 1695 praelio
1704 1652 1739 1685 in
1766 1651 1946 1688 Thessalia
1964 1655 2150 1701 Philippus

1140 1712 1143 1751 Ι
1169 1702 1251 1736 vicit
1276 1699 1568 1739 Onomarchum‚
1612 1703 1794 1737 trucidatis
1818 1716 1875 1737 sex
1901 1707 2059 1741 millibus
2085 1706 2149 1740 ho-

1169 1753 1292 1791 stium,
1319 1759 1352 1785 et
1369 1758 1507 1796 captum
1526 1749 1795 1786 onomarchum
1814 1755 1921 1789 affixit
1940 1758 2045 1792 cruci.

241 974 348 1009 Initio
380 982 496 1009 autem
528 975 626 1018 regni
651 975 735 1008 vicit
759 972 1012 1011 Athenienses,
1054 974 1116 1018 qui

138 1023 274 1067 Argaeo
292 1036 438 1068 regnum
454 1026 592 1059 tradere
606 1026 835 1059 conabantur.
871 1024 1010 1058 Deinde
1026 1025 1114 1058 facta

138 1086 220 1118 pace
244 1086 323 1108 cum
349 1073 645 1115 Atheniensibus,
681 1076 763 1108 vicit
785 1074 941 1108 Paeonas
966 1081 998 1107 et
1022 1073 1115 1107 Bar-

136 1125 249 1169 dyltin
282 1137 399 1168 regem
433 1126 658 1171 lllyriorum,
697 1125 879 1158 trucidatis
911 1124 948 1157 in
980 1125 1113 1168 praelio

138 1182 269 1217 septem
287 1176 445 1209 millibus
464 1175 686 1221 lllyriorum,
713 1187 751 1208 ac
774 1175 885 1208 victor
905 1175 1033 1217 recepit
1051 1187 1115 1219 op-

137 1224 240 1267 pida,
275 1237 364 1270 quae
387 1237 495 1269 regno
514 1225 745 1259 Macedonico
768 1224 880 1270 Illyrii
905 1225 1114 1259 ademerant.

134 1273 273 1308 Deinde
297 1276 408 1320 coepit
433 1274 668 1320 Amphipolin
692 1282 723 1309 et
746 1274 926 1320 Pydnam,
959 1282 991 1308 et
1014 1276 1116 1319 oppi-

137 1325 222 1357 dum
236 1323 425 1362 Crenidas‚
452 1327 515 1356 ubi
534 1338 641 1357 venae
657 1326 733 1357 auri
753 1333 872 1364 erant,
899 1326 993 1369 quod
1009 1327 1116 1366 auxit,

137 1380 169 1406 et
191 1374 389 1407 nominavit
412 1371 609 1418 Philippos,
661 1373 714 1407 Ex·
740 1374 782 1407 iis
807 1374 905 1406 venis
925 1377 1116 1418 quotannis

136 1422 323 1468 Philippus
354 1424 507 1458 reditum
538 1422 661 1458 habuit
688 1424 786 1457 mille
817 1425 965 1465 talenta,
1000 1425 1035 1458 id
1055 1432 1116 1466 est,

138 1482 295 1508 sexcenta
312 1474 426 1507 millia
445 1481 707 1508 coronatorum.

240 1532 280 1565 ln
298 1544 336 1566 ea
354 1533 441 1565 urbe
463 1540 581 1576 postea
598 1531 791 1566 Ecclesiam
806 1531 938 1566 Paulus
963 1534 1116 1577 collegit,

137 1583 181 1616 ad
205 1594 309 1627 quam
332 1589 424 1616 extat
447 1582 605 1627 Epistola
632 1583 759 1626 scripta
790 1584 834 1615 ad
856 1581 1114 1627 Philippenses.
1140 1576 1143 1638 j

135 1632 219 1666 Fuit
233 1639 349 1666 autem
364 1640 464 1666 antea
481 1645 611 1666 nomen
627 1633 726 1666 urbis
742 1630 892 1674 Δάθος,
919 1636 1013 1666 unde
1033 1647 1115 1675 pro-

137 1683 298 1715 verbium
323 1689 374 1715 est
398 1680 518 1720 ὃάθος
543 1681 714 1729 ἀγαθῶν.
782 1681 907 1715 Postea
930 1683 1115 1715 accersitus

136 1730 326 1776 Philippus
350 1731 387 1764 in
412 1730 630 1765 Thessaliam
655 1739 777 1766 contra
803 1739 992 1777 tyrannos,
1028 1733 1115 1766 civi—

134 1782 266 1815 tatibus
284 1782 480 1815 libertatem
497 1782 667 1821 restituit,
694 1789 728 1816 et
748 1793 804 1815 eas
827 1783 894 1815 sibi
915 1783 1115 1816 foederibus
1269 1802 1399 1835 Necato
1425 1800 1655 1836 Onomarcho
1685 1804 1755 1836 dux
1779 1802 2014 1840 Phocensmm
2042 1809 2150 1842 sactus

136 1832 310 1868 adiunxit.
1167 1859 1218 1886 est
1248 1850 1437 1897 Phayllus,
1477 1852 1534 1885 cui
1568 1853 1837 1887 Lacedaemonii
1873 1858 2005 1900 pedites
2042 1860 2151 1896 mille,

237 1889 341 1924 Circa
374 1891 408 1924 id
430 1897 567 1934 temPUS
591 1896 708 1922 ortum
734 1896 782 1922 ⁶⁵¹
813 1890 944 1924 bellum
968 1903 1113 1923 Saffum
1168 1900 1402 1936 Athenienses
1447 1903 1606 1947 quinque
1648 1904 1761 1936 millia
1808 1912 1839 1938 et
1875 1908 2150 1950 quadringentos

137 1942 173 1974 3¹¹
194 1941 362 1982 Gfflffist,
386 1941 486 1975 mlius
511 1952 610 1984 saepe
632 1940 670 1974 fit
691 1940 845 1980 mentio,
872 1941 953 1985 ‘1¹¹5ss
971 1954 1114 1984 magna·
1139 1947 1142 1992 l
1169 1953 1319 1998 equites,
1360 1960 1392 1986 et
1418 1951 1578 1986 Thessali
1603 1951 1718 1986 hostes
1739 1951 1896 1999 Philippi
1926 1959 1997 1990 dun
2028 1959 2150 1991 millia.

138 2004 216 2025 rum
239 1992 478 2025 calamitatum
497 1990 702 2047 eflusa-fust,
730 1998 764 2024 et
782 1993 966 2036 ΡῙἫΘΕῙΡΠΕ
991 1999 1114 2035 pmcn·
1139 1997 1141 2038 Ῑ
1168 2003 1236 2037 Sed
1254 2003 1367 2037 tribus
1383 2003 1523 2045 praeliis
1540 2002 1832 2048 victusPhayllus
1850 2018 1866 2038 a
1880 2006 2047 2048 Boeotiis,
2077 2010 2149 2052 ipse

137 2043 223 2076 tiam
245 2041 512 2076 Macedonicam
540 2047 644 2074 EUNU-
700 2039 906 2075 lnchssflfflm
933 2054 1005 2075 ⁰5⁵8
1024 2042 1114 2075 Pan·
1168 2060 1285 2098 postea
1313 2054 1435 2086 urbem
1454 2053 1604 2098 Arycam
1628 2054 1664 2086 in
1694 2054 1811 2087 Locris
1836 2058 1968 2100 coepit,
1996 2066 2026 2092 et
2055 2060 2150 2092 dire-

137 2092 252 2126 sanias
271 2093 392 2126 scribit
407 2104 500 2126 anno
517 2098 642 2137 quarm
660 2088 885 2137 Olympiadis
907 2094 1114 2127 centeSlfflae
1168 2112 1262 2148 ptam
1281 2104 1442 2137 funditus
1458 2104 1597 2137 delevit.
1651 2104 1718 2138 Sed
1737 2116 1815 2137 cum
1836 2105 1970 2150 phthisi
1990 2117 2149 2143 innrtuus

137 2144 299 2187 (ἶῦἷῦῒὸθ,
327 2143 999 2200 CUlUP³Vit³¹J¹¹⁰⁵⁰0¹¹15¹1110⁵d⁰⁰e¹m
1055 2143 1113 2176 1¹¹·
1138 2143 1141 2220 1
1167 2162 1274 2195 esset,
1326 2156 1395 2187 dux
1433 2151 1668 2187 Phocensium
1709 2155 1819 2188 factus
1861 2164 1907 2190 est
1944 2157 2147 2200 Phalaecus,

137 2194 324 2240 ter-vallum
350 2200 400 2227 cst
425 2200 542 2227 autem
564 2199 811 2236 inter-pugnam
833 2194 876 2227 ad
893 2193 1112 2227 Mantineam
1139 2223 1141 2251 ι
1167 2202 1386 2238 Onomarcffi
1417 2205 1528 2244 filius,
1576 2205 1631 2238 cui
1665 2204 1828 2239 Mnaseas
1857 2216 2000 2250 propter
2029 2211 2150 2243 adole-

137 2251 170 2277 Εῑ
193 2244 278 2278 belli
303 2244 391 2277 sacri
412 2255 471 2277 ⁵011
488 2241 677 2300 Phoceu-{3⁵
699 2239 863 2285 initium,
898 2245 983 2277 ³¹¹¹¹¹i
1010 2246 1113 2290 ‘lUlfl-
1139 2254 1140 2262 ¹
1167 2256 1333 2289 scentiam
1356 2257 1425 2288 dux
1447 2256 1587 2288 additus
1606 2263 1665 2288 est.
1720 2256 1788 2288 Sed
1808 2255 1946 2290 Boeotii
1967 2258 2146 2293 Mnaseam

139 2295 263 2329 deeiffl·
327 2293 443 2328 Tama
467 2300 563 2327 “³¹¹²
589 2294 669 2327 “dm
694 2295 858 2328 ime-“¹5¹¹‘'
884 2294 1112 2339 Graecorum,
1167 2319 1240 2339 non
1256 2307 1368 2339 multo
1397 2312 1474 2350 post
1500 2306 1680 2338 incautum
1709 2315 1955 2349 oppresserunt
1979 2318 2010 2344 et
2036 2311 2147 2344 inter-

139 2351 218 2378 nata
236 2356 275 2377 ex
291 2345 530 2390 superioribus
547 2345 668 2381 bellis,
696 2352 734 2378 ut
751 2345 812 2378 diu
839 2346 1017 2390 quiescere
1042 2358 1113 2379 non
1166 2358 1335 2390 fecerum,

138 2395 335 2439 Ρῡῖῦθΐῖῃῑ,
374 2403 407 2429 et
433 2396 640 2430 ὃῑῑΓὸΧθΓῙΠῑ
667 2402 807 2429 externa
831 2397 960 2430 auxula
987 2404 1019 2430 et
1042 2409 1114 2430 501'-
1270 2407 1391 2441 Postea
1408 2418 1486 2440 cum
1504 2403 1699 2439 Phocenses
1723 2412 1791 2439 tres
1814 2408 1967 2441 munitas
1986 2410 2088 2443 urbes
2111 2411 2144 2442 in

137 2447 297 2480 ‘'instem-
1167 2458 1311 2491 Boeotia
1346 2464 1522 2496 tenerent,
1563 2454 1852 2499 Orchomenum,
1893 2458 2086 2492 (proneam
2114 2468 2144 2492 et

242 2502 391 2538 Occasio
413 2511 526 2538 autem
543 2505 625 2537 belli
644 2505 731 2538 sacri
748 2503 832 2538 hacc
849 2505 930 2539 suit:
961 2504 1002 2538 In
1021 2506 1114 2539 iudi—
1166 2508 1324 2546 Corsias,
1356 2521 1395 2541 ex
1411 2508 1541 2551 quibus
1558 2507 1658 2540 facile
1674 2514 1747 2541 erat
1765 2509 1928 2552 populari
1947 2511 2143 2543 universam

140 2556 194 2588 cio
218 2552 513 2600 Amphictyonico
539 2556 696 2589 damnati
720 2563 818 2589 erant
837 2553 1051 2596 Phocenses,
1082 2565 1115 2591 et
1166 2558 1367 2596 Boeotiam,
1396 2556 1558 2590 Thebani
1582 2569 1645 2590 nec
1670 2558 1816 2601 pecunia
1840 2571 1902 2593 nec
1925 2561 2057 2593 viribus
2081 2560 2144 2592 soli

140 2603 318 2639 Thessalis
351 2612 384 2639 et
413 2602 593 2639 Thebanis
622 2607 836 2650 petentibuS,
883 2613 921 2640 ut
954 2618 1114 2650 magnam
1167 2609 1299 2642 (liutius
1323 2608 1555 2642 bellimolem
1571 2608 1742 2641 sustinere
1759 2616 1960 2653 potuerunt.
2020 2609 2142 2642 Petunt

139 2657 304 2690 mulctam
335 2656 538 2700 penderent.
608 2656 707 2690 Hanc
741 2658 906 2691 mulctam
933 2669 1011 2691 cum
1035 2659 1115 2692 dare
1168 2660 1274 2703 igitur
1291 2660 1335 2693 ab
1353 2657 1454 2694 Ocho
1479 2659 1681 2703 pecuniam,
1707 2660 1767 2704 qui
1791 2660 1897 2694 mittit
1926 2661 1973 2693 eis
1997 2667 2147 2694 trecenta

188 2705 371 2740 Mun-ru.
399 2708 502 2739 oven.
528 2707 611 2740 von.
639 2709 714 2742 ΧΠ.
1461 2709 1509 2744 55
