2324 2955
114 106 189 142 213

113 195 255 234 propter
290 189 490 224 testimonia
531 190 575 222 de
611 189 684 223 Deo
696 216 705 229 ,
748 197 890 235 propter
931 191 1092 224 ordinem

111 239 290 277 omnium,
318 240 513 273 doctrinam
540 237 719 284 physicam
741 248 773 274 et
792 241 1020 274 anatomicam
1037 241 1094 274 di-

109 289 207 331 ligite
224 296 256 323 et
273 289 409 323 discite.
464 287 539 322 Oro
553 297 669 323 autem
686 290 797 323 silium
807 290 883 331 Dei,
899 291 1091 325 Dominum

108 346 269 373 nostrum
291 338 404 372 Iesum
419 336 618 380 Christum,
643 353 745 385 quem
764 341 925 374 mirando
943 342 1090 374 consilio

109 389 222 422 voluit
239 387 334 421 Deus
352 400 499 422 massam
528 387 676 423 humani
702 392 838 433 generis
861 392 1025 433 induere,
1052 398 1090 425 ut

108 450 172 471 nos
189 438 360 481 gubernet
376 445 409 472 et
426 446 601 482 protegat,
627 446 660 473 et
685 438 831 474 honesta
849 442 1088 476 doctrinarum

107 488 222 522 studia
239 488 395 532 extingui
413 501 486 522 non
501 490 602 525 sinat.
654 488 747 523 Dixi.

116 652 183 688 No.
206 654 289 691 159.
915 671 961 689 an.
985 659 1078 690 1557.

909 704 1078 717 Μ

272 769 347 811 De
379 783 486 812 cura
522 777 642 812 recte
680 771 910 825 loquendi.

171 855 203 881 In
218 855 310 883 select.
325 857 449 885 Declam.
465 858 499 885 T.
515 858 560 886 lV.
575 869 600 894 p.
616 859 668 885 690
681 868 753 894 sqq„
778 859 857 888 Serv.
876 860 912 888 Τ.
929 859 976 885 lV.
991 867 1020 893 p.
1035 859 1086 885 627

203 894 230 915 et
244 890 372 918 Richard.
392 892 425 918 T.
440 892 460 918 l.
480 902 506 927 p.
521 894 581 920 287.

104 959 230 992 Oratio
274 958 321 993 de
363 971 456 994 cura
492 965 593 995 recte
628 962 822 1006 loquemh'3
868 964 1028 997 recitata
1061 974 1083 996 α

141 1010 282 1042 Petro
312 1011 562 1045 Vincentio
592 1013 901 1055 Vratislaviensi,
938 1011 1046 1049 1557.

104 1082 224 1136 Saepe
248 1099 281 1126 et
303 1093 454 1127 libenter
481 1094 579 1139 quasi
607 1102 723 1129 mente
748 1095 889 1129 intuens
915 1095 1082 1141 inclytam
1111 1083 1114 1087 ³

102 1142 227 1175 urbem
252 1142 446 1185 Lubecam,
474 1157 562 1189 quae
587 1157 665 1178 cum
691 1158 821 1178 nomen
845 1157 994 1179 coronae
1020 1143 1082 1179 ha-

102 1191 200 1233 beat,
236 1194 383 1227 nomino
409 1206 485 1227 eam
510 1194 683 1228 Saxoniae
709 1208 893 1234 coronam,
926 1196 1081 1230 delector

102 1253 177 1275 non
199 1243 313 1276 solum
341 1244 551 1287 cogitatione
577 1245 793 1288 splendoris,
828 1246 1079 1286 aedificiorum,

102 1298 244 1335 portus,
276 1301 509 1333 mercaturae,
541 1295 742 1336 opulentiae
769 1302 801 1326 et
826 1296 1002 1327 variarum
1025 1307 1082 1327 re-

104 1353 201 1381 rum,
228 1353 316 1385 quae
340 1343 376 1374 in
394 1341 538 1375 Oceano
561 1343 605 1374 ab
629 1348 709 1375 ortu
730 1349 761 1375 et
778 1343 822 1375 ab
838 1355 961 1376 occasu
975 1344 1081 1375 adve-

103 1388 258 1431 huntur,
291 1393 349 1423 sed
383 1392 493 1424 multo
521 1392 629 1434 magis
655 1393 936 1425 consideratione
959 1404 1080 1425 eorum

103 1446 414 1480 ornamentorum,
441 1452 530 1485 quae
547 1447 628 1473 sunt
650 1441 687 1472 in
705 1439 891 1474 hominum
908 1443 1081 1482 societate,

102 1500 249 1523 summa.

204 1537 434 1573 Aristocratia
457 1546 507 1573 est
528 1539 631 1583 plena
658 1540 854 1583 dignitatis,
887 1546 920 1573 et
935 1539 1082 1573 Senatui

103 1589 230 1624 eximia
251 1589 445 1623 reverentia
472 1590 571 1634 plebs
594 1592 824 1634 obtemperat.
867 1589 976 1632 Leges
998 1596 1081 1624 sunt

103 1652 177 1674 non
202 1641 245 1674 ad
266 1640 372 1673 ullius
398 1641 505 1683 partis
529 1647 587 1674 aut
611 1641 773 1674 factionis
796 1640 1080 1674 commoditatem

104 1691 213 1732 latae,
243 1691 303 1723 sed
327 1691 369 1723 ad
393 1688 628 1731 honestatem,
663 1691 819 1724 iusticiae
844 1690 1082 1723 conservatio-

105 1752 205 1782 nem,
242 1748 274 1774 et
301 1741 480 1785 aequalem
512 1740 640 1774 civium
666 1741 961 1774 consociationem
987 1741 1083 1773 dire-

104 1798 196 1830 ctae,
222 1797 254 1824 et
270 1791 419 1825 Senatus
435 1798 484 1824 est
502 1791 650 1832 vigilans
665 1798 698 1825 et
717 1803 796 1825 acer
820 1791 856 1823 in
880 1791 996 1834 legum
1021 1791 1082 1823 de-

103 1842 282 1881 fensione,
310 1842 346 1873 in
366 1841 566 1874 exercendis
582 1841 738 1882 iudiciis,
765 1841 972 1885 disciplinae
995 1852 1082 1874 con-

104 1892 318 1932 servatione,
343 1892 378 1923 in
395 1892 584 1935 puniendIs
601 1892 753 1932 delictis,
778 1900 810 1926 et
828 1893 862 1924 in
876 1892 1006 1924 tuenda
1021 1903 1083 1935 pa-

106 1954 164 1983 ce,
198 1949 281 1975 sunt
309 1948 341 1975 et
363 1949 454 1974 artes
484 1942 574 1975 vitae
596 1942 697 1975 utiles
726 1943 763 1975 in
788 1943 944 1982 civitate,
980 1948 1013 1974 et
1039 1953 1082 1974 ne

106 1992 222 2025 desint
246 2004 299 2025 res
323 1992 535 2024 necessariae
558 1992 601 2024 ad
633 1992 780 2033 victum,
815 2000 848 2026 et
877 1993 917 2024 ad
954 1991 1082 2024 artium

107 2053 247 2087 operas,
281 2042 425 2076 Senatui
449 2054 551 2075 curae
576 2048 637 2075 est.
691 2042 732 2075 ln
765 2042 952 2075 domestica
978 2042 1083 2074 disci-

106 2093 202 2137 plina
221 2104 345 2134 magna
363 2104 445 2125 cura
465 2100 515 2125 est
532 2093 682 2125 tuendae
703 2093 870 2127 castitatis
883 2119 892 2133 ‚
919 2103 1084 2134 congres-

106 2154 165 2178 sus
188 2149 221 2175 et
245 2143 420 2187 colloquia
443 2143 635 2175 amicorum
659 2144 778 2176 crebra
810 2144 852 2176 de
879 2142 1028 2186 publicis
1052 2148 1085 2175 et

108 2193 253 2238 privatis
281 2193 452 2236 negociis,
486 2194 529 2225 de
551 2193 736 2235 religione,
768 2191 944 2234 historiis,
983 2199 1016 2226 et
1043 2193 1086 2225 de

108 2244 241 2278 artibus
260 2250 342 2276 sunt
358 2244 533 2283 modesta,
561 2249 593 2276 et
609 2243 682 2276 sine
706 2244 801 2279 rixis.

210 2292 266 2326 Ad
291 2292 374 2326 haec
399 2300 492 2326 tanta
518 2300 721 2326 ornamenta
746 2294 885 2337 politica
916 2294 1086 2327 accedunt

112 2351 250 2377 aeterna
274 2344 384 2383 bona,
411 2343 487 2378 Vox
504 2341 686 2385 Evangelii
706 2344 927 2388 incorrupta,
953 2356 1020 2388 qua
1037 2343 1087 2375 ibi

109 2394 202 2427 filius
224 2393 287 2427 Dei
312 2400 486 2426 aeternam
511 2393 703 2426 Ecclesiam
735 2394 884 2437 colligit,
916 2405 997 2427 vera
1022 2392 1088 2427 Dei

111 2444 287 2478 invocatio
312 2450 343 2476 et
366 2444 572 2484 celebratio,
598 2456 660 2476 nec
684 2444 826 2477 dissidia
844 2444 893 2477 ibi
912 2451 992 2478 sunt
1011 2442 1090 2487 opi-

110 2495 271 2528 nionum.
296 2491 472 2528 Adiuncta
492 2502 541 2528 est
558 2491 733 2527 Ecclesiae
751 2501 783 2526 et
798 2491 925 2527 Schola
941 2505 1090 2527 consen-

111 2546 219 2585 tiens,
247 2545 284 2576 in
311 2556 378 2588 qua
402 2545 564 2578 iuventus
588 2544 690 2577 discit
707 2545 863 2587 linguam
879 2544 1040 2577 Latinam
1058 2550 1093 2576 et

113 2594 296 2633 Graecam,
323 2605 493 2628 summam
515 2595 694 2628 doctrinae
708 2592 926 2628 Christianae
941 2601 973 2628 et
991 2593 1092 2627 initia

591 104 753 141 DECL.
795 104 867 141 DE
900 104 1054 142 CURA
1097 103 1293 142 RECTE
1326 105 1646 152 LOQUENDI.

2054 119 2127 150 214

1145 191 1278 224 maiora
1300 192 1393 225 bona
1418 193 1454 225 in
1479 191 1542 226 hae
1566 194 1637 227 vita
1661 196 1780 239 quaeri
1805 196 1872 230 alia
1897 203 1955 230 aut
1972 199 2123 232 obtineri

1145 248 1301 285 possunt.
1354 241 1424 274 Nec
1441 243 1548 276 simus
1573 251 1641 277 tam
1667 246 1776 287 fatui,
1803 254 1842 280 ut
1858 246 2015 281 Platonis
2033 250 2123 292 poli-

1143 291 1226 325 tiam
1245 292 1409 325 constitui
1428 304 1526 335 posse
1544 295 1766 334 arbitremur,
1783 298 1877 341 quod
1895 306 2037 331 conatos
2051 311 2122 331 esse

1142 352 1277 374 summa
1300 353 1377 374 cum
1405 342 1624 386 turpitudine
1651 352 1683 378 et
1713 348 1916 380 crudelitate
1950 351 2119 392 quosdam

1142 390 1299 424 Platonis
1316 391 1490 425 auditores
1507 394 1644 436 scripsit
1661 394 1873 429 Athenaeus.
1900 397 1967 430 Sed
1987 400 2118 441 optima

1142 448 1191 475 est
1212 441 1333 485 politia
1358 454 1446 486 quae
1471 444 1628 487 sequitur
1650 446 1804 488 decalogi
1828 459 1985 480 normam
2004 449 2040 480 in
2060 461 2117 481 ex-

1140 498 1238 525 terna
1263 492 1466 535 disciplina,
1500 500 1533 526 et
1557 505 1635 526 cum
1663 495 1732 527 sint
1758 497 1860 530 multi
1885 504 2117 535 contumaces,

1140 542 1264 575 delicta
1289 553 1406 574 severe
1430 543 1542 585 punit.
1596 542 1767 577 Gratulor
1788 557 1868 587 ergo
1891 553 1923 579 et
1941 545 2116 581 Ecclesiae

1138 599 1171 626 et
1190 591 1416 631 Germaniae,
1444 593 1528 626 tales
1542 592 1676 636 aliquas
1691 594 1847 628 civitates
1866 607 1954 635 esse,
1980 604 2018 631 ut
2035 606 2116 632 sunt

1139 642 1349 685 Noriberga‚
1374 641 1533 682 Lubeca,
1560 641 1768 677 vratislavia
1787 645 1986 678 dulcissima
2005 649 2116 689 patria

1138 705 1232 733 mea,
1259 691 1551 735 Argentoratum,
1573 691 1794 736 Hamburga,
1827 693 2056 737 Luneburga‚
2083 705 2116 731 et

1138 743 1322 787 pleraeque
1339 742 1442 782 aliae,
1469 754 1508 775 ac
1523 749 1596 775 toto
1614 749 1752 785 pectore
1767 743 1880 777 Deum
1897 746 2114 779 conditorem

1137 801 1317 827 aeternum
1340 800 1474 836 patrem
1491 792 1636 825 Domini
1662 794 1771 826 nostri
1790 793 1867 827 Iesu
1883 792 2013 828 Christi
2039 808 2114 833 oro,

1137 850 1175 877 ut
1199 850 1231 876 et
1248 843 1425 876 Lubecam
1451 849 1483 875 et
1504 842 1571 875 alia
1597 839 1740 876 honesta
1758 841 1931 877 Ecclesiae
1957 842 2113 888 hospicia

1137 900 1293 938 protegat
1309 900 1340 926 et
1357 892 1537 935 gubernet,
1559 892 1647 926 sicut
1664 894 1832 936 scriptum
1852 901 1919 927 est:
1945 893 2020 927 Nisi
2037 895 2113 928 Do-

1136 944 1253 977 minus
1277 943 1481 976 custodierit
1511 942 1707 985 civitatem,
1739 944 1867 978 frustra
1896 944 2016 987 vigilat
2053 946 2113 989 qui

1135 994 1289 1028 custodit
1306 1005 1394 1026 eam.

1220 1058 1297 1093 Etsi
1315 1065 1429 1092 autem
1447 1064 1563 1091 extant
1581 1065 1612 1092 et
1629 1058 1714 1091 aliae
1732 1059 2002 1101 significationes
2017 1072 2114 1093 meae

1133 1122 1211 1154 erga
1230 1122 1303 1143 eam
1321 1109 1443 1142 urbem
1460 1108 1696 1151 gratitudinis,
1723 1117 1839 1141 tamen
1860 1116 1893 1143 et
1910 1107 1999 1142 hanc
2017 1122 2113 1143 com-

1133 1160 1424 1194 memorationem
1442 1159 1530 1191 sacio
1551 1165 1629 1201 post
1647 1170 1758 1191 meam
1781 1159 2043 1201 migrationem,
2071 1168 2109 1193 ut

1132 1212 1313 1245 ostendam
1335 1209 1469 1242 nullam
1492 1209 1561 1241 mei
1585 1208 1707 1241 iudicii
1731 1215 1764 1242 et
1787 1209 1978 1242 voluntatis
1994 1217 2110 1243 muta-

1131 1262 1265 1295 tionem
1289 1261 1414 1293 factam
1438 1270 1519 1291 esse.
1572 1258 1682 1301 Spero
1704 1270 1816 1291 meam
1834 1260 2053 1292 sedulitatem
2073 1261 2110 1292 in

1133 1312 1292 1343 docendo
1315 1309 1480 1341 omnibus
1505 1308 1738 1351 prudentibus
1762 1308 1846 1340 viris
1862 1309 1911 1341 ibi
1929 1310 2111 1351 probatam

1133 1371 1222 1398 esse,
1254 1364 1287 1391 et
1318 1357 1385 1389 suit
1418 1368 1496 1398 erga
1526 1369 1581 1389 me
1612 1355 1849 1390 honestissimi
1875 1357 2043 1397 Senatus,
2079 1366 2112 1392 et

1132 1409 1324 1442 multorum
1340 1406 1535 1448 sapientum
1552 1407 1725 1445 virorum,
1753 1407 1878 1439 eximia
1896 1408 2111 1440 benevolen-

1132 1458 1198 1497 tia,
1232 1458 1360 1500 quibus
1392 1456 1557 1488 omnibus
1588 1462 1621 1487 et
1644 1456 1752 1487 debeo
1777 1457 2045 1498 gratitudinem,
2080 1466 2112 1492 et

1133 1518 1269 1549 semper
1286 1505 1482 1548 praestabo,
1508 1515 1546 1536 ac
1563 1504 1755 1535 multorum
1774 1506 1914 1548 quidem
1933 1514 2113 1549 praestan-

1133 1556 1221 1589 tium
1256 1555 1414 1587 virorum
1448 1559 1480 1585 et
1515 1553 1825 1594 consuetudinem,
1866 1561 1899 1588 et
1932 1557 2110 1601 colloquia

1133 1617 1234 1650 saepe
1252 1604 1431 1643 desidero,
1459 1609 1492 1636 et
1509 1610 1626 1635 mente
1650 1603 1803 1647 requiro.

1235 1671 1304 1705 Sed
1322 1671 1414 1702 inter
1431 1669 1516 1702 alias
1532 1668 1600 1701 mei
1618 1668 1786 1702 discessus
1802 1669 1876 1713 pias
1901 1678 1934 1704 et
1952 1669 2114 1706 honestas

1135 1733 1276 1762 causas,
1310 1732 1396 1764 quas
1419 1726 1494 1752 tum
1522 1725 1554 1751 et
1575 1718 1721 1751 Senatui
1749 1726 1782 1752 et
1805 1721 1927 1754 amicis
1952 1723 2115 1764 probavi,

1134 1780 1168 1807 et
1190 1771 1247 1806 hic
1270 1779 1545 1804 commemorare
1568 1766 1658 1800 nihil
1682 1780 1820 1804 necesse
1843 1777 1912 1810 est,
1941 1771 2003 1805 ista
2023 1780 2114 1805 certe

1134 1836 1207 1857 non
1232 1820 1406 1855 levissima
1428 1819 1512 1858 fuit,
1548 1819 1642 1863 quod
1666 1818 1774 1852 fracto
1798 1831 1897 1853 crure
1924 1832 1962 1854 ac
1989 1823 2114 1855 morbo

1134 1872 1385 1917 langueffictus,
1410 1868 1656 1902 adsiduitatem
1672 1869 1708 1901 in
1727 1870 1848 1902 labore
1867 1872 2042 1903 docendae
2061 1872 2115 1904 iu—

1135 1923 1289 1957 ventutis
1303 1926 1478 1965 praestare
1494 1919 1627 1951 diutius
1646 1930 1718 1950 non
1735 1920 1845 1962 potui.
1890 1919 1995 1953 Aetas
2013 1922 2114 1954 etiam

1136 1975 1203 2007 iam
1222 1972 1368 2017 requirit
1386 1981 1456 2002 non
1474 1969 1551 2001 dico
1568 1969 1741 2012 quietem,
1769 1981 1857 2012 quae
1875 1970 1931 2002 vix
1949 1971 2013 2002 ulli
2032 1983 2118 2002 con-

1136 2024 1261 2066 tingit,
1296 2021 1354 2053 sed
1387 2027 1503 2053 tamen
1534 2018 1743 2051 laxationem
1776 2019 1930 2062 aliquam
1963 2031 2023 2052 seu
2048 2018 2116 2052 λώ-

1136 2084 1260 2121 φησιν.

1237 2137 1345 2173 Rcdii
1362 2136 1468 2180 igitur
1484 2135 1519 2167 in
1538 2133 1774 2173 Academiam,
1794 2145 1897 2178 quam
1917 2135 2118 2179 diligebam,

1139 2192 1234 2225 velut
1252 2190 1289 2221 in
1308 2198 1496 2226 secessum,
1523 2192 1560 2217 ut
1575 2196 1672 2217 senes
1687 2184 1773 2216 alios
1789 2185 1947 2217 audirem
1966 2187 2010 2218 de
2025 2188 2118 2219 mul-

1137 2242 1182 2275 tis
1206 2240 1309 2273 rebus
1339 2238 1594 2281 colloquentes:
1636 2230 1835 2280 γηράσκων
1867 2232 1972 2281 κάγώ
2003 2235 2117 2269 πολλὰ

1139 2286 1426 2333 ὃιὸ“ασκό,ιιειός,
1466 2293 1502 2319 ut
1536 2285 1572 2316 in
1599 2284 1741 2317 Solonis
1773 2294 1875 2316 versu
1904 2285 2052 2324 dicitur,
2087 2294 2119 2318 et

1140 2354 1212 2375 non
1236 2340 1349 2373 sotum
1373 2335 1600 2379 cogitationes
1622 2344 1716 2366 meas
1740 2345 1818 2366 cum
1840 2333 1889 2365 eis
1913 2336 2119 2373 conferrem,

1141 2391 1322 2426 sedetiam
1347 2388 1594 2426 coniungerem
1613 2390 1692 2417 vota
1718 2389 1751 2415 et
1768 2383 1933 2424 gemitus,
1962 2397 2041 2417 cum
2067 2386 2120 2424 iis,

1142 2442 1203 2487 qui
1228 2440 1407 2473 veritatem
1429 2442 1461 2468 et
1480 2433 1715 2467 Ecclesiarum
1741 2434 1965 2466 concordiam
1990 2441 2121 2472 amant,

1142 2491 1212 2526 huc
1230 2498 1414 2535 postquam
1431 2485 1509 2518 veni
1522 2511 1530 2524 ‚
1559 2484 1621 2517 etsi
1640 2484 1755 2516 ocium
1776 2483 1978 2526 sperabam,
2005 2492 2120 2517 tamen

1145 2554 1222 2576 cum
1248 2541 1383 2573 videam
1411 2536 1560 2569 aliorum
1584 2546 1709 2570 onera,
1736 2540 1869 2576 partem
1899 2534 2121 2577 publicorum

1145 2593 1305 2626 laborum
1340 2585 1427 2620 mihi
1461 2584 1595 2628 imponi
1630 2594 1750 2627 passus
1778 2595 1865 2616 sum.
1919 2584 1997 2626 Qua
2024 2584 2058 2615 in
2087 2594 2122 2615 re

112 2645 262 2679 aliarum
280 2644 429 2686 artium,
457 2656 545 2690 quae
560 2644 738 2680 Ecclesiae
756 2644 859 2679 utiles
875 2650 970 2679 sunt.
1022 2643 1093 2678 Nec
1148 2647 1413 2688 praeceptorum
1429 2643 1461 2669 et
1477 2635 1669 2668 amicorum
1692 2634 1764 2666 sive
1788 2633 1937 2671 iudicio,
1963 2644 2034 2665 Slvc
2060 2633 2120 2665 be·

1442 2684 1523 2719 14*
