2324 2955
163 115 237 151 535

271 202 303 234 8.
342 197 434 240 Quia
451 193 534 228 haec
552 203 625 225 non
644 191 776 225 tollunt
791 196 952 225 naturam
969 196 1003 225 et
1019 201 1150 225 concu-

167 250 387 298 piscentiam.

269 299 304 332 9.
337 295 384 331 Et
404 293 566 329 Christus
590 293 681 326 clare
707 292 793 326 dicit
819 289 949 328 Matth.
969 291 1042 328 19.:
1067 290 1150 326 Non

168 360 289 385 omnes
314 346 457 391 capiunt
480 342 547 378 hoe
570 345 735 384 verbum,
775 343 835 376 sed
870 343 1000 388 quibus
1029 343 1149 378 datum

168 408 237 440 est,
264 396 330 431 hoc
346 404 413 435 est,
441 407 514 429 non
535 406 656 428 omnes
679 392 842 428 homines
869 395 913 427 ad
939 393 1152 428 coelibatum

166 448 286 483 idonei
304 455 397 483 sunt.

272 499 329 534 10.
373 500 403 533 1.
419 494 578 532 Thessal.
602 496 651 532 4,;
693 494 788 528 Ilaec
813 501 864 529 est
886 495 1050 529 voluntas
1072 492 1152 536 Dei,

169 549 397 584 sanctificatio
423 554 552 587 vestra,
579 554 619 581 ut
644 545 847 580 abstineatis
864 557 884 578 a
905 545 1152 586 fornicatione,

168 608 207 634 ut
231 599 432 633 meminerit
455 598 699 643 unusquisque
724 603 879 630 vestrum
896 596 1075 640 possidere
1092 607 1152 629 vas

170 662 290 691 suum,
317 650 354 682 in
381 649 653 682 sanctificatione
679 654 712 681 et
733 645 885 687 honore,
918 659 991 680 non
1015 647 1153 680 obtem·

168 707 266 745 peret
282 700 476 735 affectibus.
528 698 595 732 Hic
611 699 708 732 locus
723 704 841 742 aperte
857 703 1021 738 testatur,
1048 708 1151 731 usum

169 751 391 794 coniugalem
409 762 480 783 esse
497 756 652 783 sanctum
665 773 674 788 ,
700 749 736 781 id
756 755 818 789 est,
841 760 929 792 opus
947 748 1152 782 ordinatum

168 814 188 836 a
205 801 297 841 Deo,
326 808 358 834 et
377 801 608 844 approbatum
627 800 734 832 verbo
751 797 816 832 Dei
836 806 868 832 et
884 798 959 833 Deo
977 799 1127 843 placens-

274 852 331 885 11.
360 850 441 884 Ideo
457 851 586 884 dicitur
605 851 634 884 1.
650 847 811 885 Corinth.
829 849 880 884 7.:
908 849 1152 884 Sanctificatur

169 903 223 935 vir
239 901 391 935 infidelis
406 912 468 945 per
486 901 667 934 mulierem
686 900 825 933 fidelem
840 907 901 934 etc.
913 927 922 941 ‚
938 901 972 934 id
992 907 1052 939 est,
1069 911 1152 933 usus

170 952 363 995 coniugalis
379 958 429 985 est
445 958 602 991 sanctuS,
630 951 746 984 licitus
771 956 803 983 et
822 949 896 984 Deo
922 951 1075 994 placenS.

273 1005 328 1036 12.
372 999 490 1035 Ornat
516 1009 548 1035 et
573 1001 707 1043 egregia
734 1001 838 1034 laude
854 1002 1008 1034 officium
1027 1000 1152 1034 coniu-

169 1053 245 1095 gale
267 1055 296 1085 1.
316 1051 409 1087 Tim.
423 1053 457 1087 2.
473 1063 551 1085 cum
568 1052 630 1084 ait:
659 1050 822 1084 Salvatur
837 1051 966 1083 mulier
980 1063 1041 1093 per
1059 1051 1151 1082 filio-

169 1115 247 1136 rum
272 1103 553 1145 generationem,
575 1102 603 1133 si
628 1099 821 1133 manserint
846 1100 884 1132 in
906 1100 995 1140 fide,
1022 1100 1152 1133 sancti—

169 1153 330 1186 ficatione
347 1159 411 1186 etc.

274 1203 331 1236 13.
366 1202 454 1236 Nam
479 1213 557 1234 cum
575 1199 705 1234 Paulus
722 1200 939 1243 coniugalem
958 1200 1149 1234 castitatem

169 1253 276 1298 (quae
307 1260 356 1286 est
388 1253 567 1285 moderate
601 1251 651 1284 uti
683 1251 938 1284 cousuetudine
964 1251 1152 1293 coniugali,

168 1305 280 1337 vitare
294 1330 303 1344 ‚
329 1303 501 1337 adulteria
527 1307 561 1334 et
587 1312 689 1343 vagas
708 1300 891 1347 libidines)
906 1301 1151 1334 sanctificatio-

169 1365 251 1386 nem
275 1360 394 1393 vocat,
421 1352 591 1395 significat
614 1358 726 1391 certe,
751 1351 941 1394 coniugum
960 1362 1062 1384 usum
1080 1362 1152 1384 esse

169 1410 327 1438 sanctum
346 1411 379 1438 et
396 1403 543 1437 licitum.

274 1453 332 1489 14.
367 1453 453 1487 Item
468 1450 628 1486 Christus
652 1458 753 1485 vocat
777 1451 980 1494 coniugium
1003 1452 1154 1486 coniun-

171 1505 323 1538 ctionem
348 1504 527 1541 divinam‚
562 1514 640 1535 cum
666 1502 730 1536 ait:
766 1501 866 1544 Quos
882 1502 978 1535 Deus
1001 1503 1154 1536 coniun-

171 1555 220 1588 xit
237 1561 300 1590 etc.
327 1551 456 1587 Matth.
480 1552 534 1586 19.

275 1602 331 1639 15.
374 1602 421 1637 Et
438 1603 568 1636 Paulus
592 1603 634 1635 de
657 1602 840 1645 coniugio,
866 1602 954 1636 cibis
977 1609 1010 1637 et
1026 1603 1153 1636 simili-

172 1656 238 1688 bus
261 1655 365 1688 rebus
390 1654 520 1699 inquit:
557 1652 828 1687 Sanctificantur
856 1665 918 1696 per
946 1654 1093 1687 verbum
1121 1662 1154 1689 et

174 1705 380 1745 orationem,
406 1706 436 1737 1.
454 1700 611 1737 Timotb.
629 1701 662 1735 4.

277 1756 335 1790 16.
379 1752 506 1789 Ebrae.
534 1753 606 1788 13.:
642 1751 862 1785 Honorabile
887 1752 1090 1795 coniugium
1115 1753 1153 1786 in

175 1805 339 1840 omnibus
362 1811 426 1840 etc.
479 1803 604 1837 Itidem
629 1808 679 1835 est
701 1800 936 1836 honorificum
960 1810 993 1837 et
1018 1803 1153 1847 insigne

175 1856 416 1889 testimonium
434 1853 653 1887 matrimonii
667 1853 839 1887 divinitus
857 1853 1029 1891 instituti,
1058 1855 1152 1899 quod

175 1905 363 1940 Pontifices
393 1912 425 1938 et
456 1901 648 1943 Monachi‚
687 1902 890 1937 Sodomitae
920 1903 1082 1947 pessimi,
1121 1912 1155 1940 et

175 1955 319 1990 Diaboli
337 1955 528 1998 mancipia,
554 1952 775 1987 horribiliter
798 1954 1052 1988 deformarunt.

280 2005 338 2041 17.
385 2007 418 2040 1.
444 2002 603 2039 Timotb.
625 2003 679 2038 4.:
715 2003 846 2038 Paulus
875 2002 1152 2048 prohibitIOnem

179 2056 335 2100 coniugii
368 2056 459 2090 clare
494 2061 595 2088 vocat
634 2054 831 2088 doctrinam
862 2053 1156 2099 Doemoniorum,

180 2119 257 2141 cum
274 2108 339 2140 ait:
368 2106 521 2150 Spiritus
538 2112 651 2140 autem
669 2105 798 2139 diserte
812 2105 898 2139 dicit
912 2112 975 2139 etc.

282 2157 338 2193 18.
355 2156 445 2191 Cum
457 2163 572 2190 autem
583 2162 675 2190 certo
684 2163 828 2198 constet,
836 2155 1021 2190 Pontifices
1033 2163 1063 2190 et
1074 2156 1158 2190 Mo-

181 2204 311 2240 naclios
336 2205 557 2250 prohibuisse
579 2207 801 2250 coniugium,
835 2207 1156 2241 manifestissimum

183 2263 252 2297 est,
276 2265 308 2291 et
328 2258 400 2290 sine
416 2258 488 2291 ulla
503 2257 724 2291 dubitatione
746 2269 886 2297 verum,
913 2258 1004 2302 quod
1023 2256 1158 2292 Roma-

184 2318 250 2340 nus
267 2306 445 2349 Pontifex,
472 2320 549 2341 cum
575 2308 738 2341 universo
763 2308 888 2341 ordine
909 2319 971 2341 suo
995 2314 1028 2341 et
1051 2320 1157 2351 regno

182 2356 227 2390 sit
244 2357 435 2401 ipsissimus
452 2356 708 2399 Antichristus,
734 2371 837 2404 quem
855 2357 985 2391 Paulus
1003 2358 1039 2390 in
1055 2359 1158 2393 citato

182 2408 259 2441 loco
275 2409 318 2441 ad
332 2407 488 2442 Timoth.
504 2410 605 2442 valde
621 2410 801 2453 perspicue
817 2416 849 2442 et
865 2409 1081 2453 apertissime
1099 2411 1159 2443 de-

183 2458 314 2502 pingit,
342 2470 379 2491 ac
395 2460 578 2500 figuratum
595 2461 778 2504 proponit,
806 2460 912 2494 veluti
936 2460 1045 2503 digito
1064 2473 1159 2493 com-

182 2515 382 2543 monstrans
406 2507 592 2543 Ecclesiae.

288 2559 345 2594 19.
390 2558 494 2598 Item,
528 2562 560 2594 52.
579 2556 735 2592 Thessal·
752 2563 805 2595 2.:
843 2561 973 2595 Paulus
991 2561 1081 2594 clare
1098 2561 1159 2602 ait,

182 2608 220 2642 in
243 2607 398 2645 Ecclesia
424 2610 685 2644 dominaturum
709 2621 781 2643 esse
811 2608 990 2647 hominem
1018 2612 1159 2656 peccati,

182 2662 404 2697 extollentem
425 2673 460 2695 se
483 2672 586 2705 supra
609 2660 739 2694 cultum
758 2660 823 2694 Dei
842 2669 903 2697 etc.

932 99 1413 141 DlSPUTATIONES

2103 104 2179 142 536

1299 189 1360 223 20.
1403 170 1549 223 Constat
1567 195 1682 224 autem
1705 189 1743 222 in
1758 187 1916 224 Ecclesia
1939 197 1972 225 et
1989 191 2091 226 titulo
2106 190 2178 226 Ec·

1199 241 1322 276 clesiae
1338 239 1517 273 dominari
1534 239 1739 282 Pontifices,
1766 241 1992 275 defendentes
2010 242 2117 278 idola.

1297 300 1357 334 21.
1391 298 1510 342 Quare
1525 298 1678 341 affirmo,
1702 300 1836 334 nullam
1855 312 2011 346 unquam
2028 302 2180 336 extitisse

1199 349 1380 391 haeresin,
1405 361 1519 396 neque
1541 350 1628 383 adeo
1651 350 1805 384 futuram
1825 363 1915 391 esse,
1944 351 2000 384 cui
2013 351 2129 385 verius
2146 359 2180 386 et

1201 401 1327 435 certius
1344 398 1409 434 hae
1426 399 1529 435 Pauli
1545 400 1808 444 descriptiones,
1825 402 2013 436 convenire
2027 413 2064 435 ac
2085 414 2181 435 com-

1200 459 1317 497 petere
1334 459 1465 497 queant
1480 459 1584 497 atque
1603 449 1685 485 huic
1705 451 1886 496 pontificio
1907 464 2027 496 regno.

1302 512 1363 546 22.
1397 508 1486 544 Nam
1515 510 1591 552 cui,
1617 521 1679 554 per
1697 507 1813 543 Deum
1838 510 2089 551 immortalem,
2115 511 2180 545 ob-

1201 573 1341 595 scurum
1366 572 1438 594 esse
1460 567 1593 605 potest,
1620 561 1658 594 in
1683 568 1752 595 tam
1777 561 1868 594 clara
1887 560 2074 604 Evangelii
2091 561 2182 602 luce,

1200 612 1330 657 Papam
1354 612 1448 645 iuxta
1465 611 1568 645 Pauli
1591 612 1698 645 verba
1724 612 1906 652 defecisse,
1934 618 1966 645 et
1987 612 2181 645 discessisse

1201 675 1304 708 quam
1329 662 1532 706 longissime
1560 674 1579 696 a
1607 661 1676 695 fide
1700 669 1733 696 et
1755 660 1887 696 Christi
1904 661 2071 697 Ecclesia.
2124 661 2181 695 Si-

1202 714 1346 758 quidem
1366 714 1394 746 is
1412 713 1587 756 neglecta,
1623 713 1804 746 obscurata
1833 721 1865 747 et
1891 713 2002 746 deleta
2020 711 2182 755 Evange-

1201 764 1240 797 lii
1260 765 1419 798 doctrina
1438 776 1475 797 ac
1493 764 1583 797 veris
1599 763 1773 804 cultibus,
1801 764 1928 808 quibus
1951 775 1986 796 se
2001 762 2095 796 Deus
2113 763 2181 796 coli

1201 821 1347 849 testatur
1366 822 1398 849 et
1413 815 1599 859 praec-ipit,
1627 814 1780 847 instituit
1806 814 1938 847 alienos
1956 821 1988 847 et
2009 812 2181 858 pharisai-

1201 877 1258 898 cos
1284 866 1399 899 cultus
1426 878 1443 898 a
1463 864 1538 899 Deo
1564 862 1783 909 prohibitos,
1811 871 1843 898 et
1860 865 1984 909 recipit
2001 877 2038 897 ac
2057 865 2181 898 condi-

1200 917 1250 950 dit
1267 917 1526 960 superstitiosas
1547 916 1771 956 traditiones,
1798 922 1838 949 ut
1857 922 1948 956 sunt,
1977 922 2074 955 vota,
2103 927 2182 948 coe-

1200 967 1349 1007 libatus,
1376 967 1580 1000 discrimina
1599 966 1758 999 ciborum
1775 977 1813 998 ac
1829 967 1976 999 vestium
1990 993 1997 1005 ,
2025 978 2062 998 ac
2083 965 2182 998 simi—

1199 1017 1266 1056 les,
1294 1017 1337 1049 de
1366 1017 1495 1061 quibus
1512 1014 1674 1050 Christus
1697 1018 1924 1060 pronunciat:
1954 1016 2097 1049 Frustra
2125 1028 2184 1048 ‹ro-

1199 1066 1279 1100 lunt
1297 1078 1353 1099 me
1370 1067 1545 1100 mandatis
1560 1064 1759 1102 hominum.

1299 1125 1360 1159 23.
1401 1123 1475 1157 lmo
1500 1124 1612 1156 ausim
1628 1125 1822 1164 affirmare,
1845 1123 2032 1157 Pontifices
2051 1131 2083 1158 et
2101 1124 2182 1157 Mo-

1200 1171 1330 1207 nachos
1355 1175 1458 1207 etiam
1482 1174 1690 1208 absurdiora
1724 1174 1902 1213 docuisse,
1945 1187 2047 1219 quam
2081 1175 2183 1207 multi

1174 1247 1176 1251 ·
1199 1231 1331 1258 veteres
1347 1223 1534 1258 Haeretici.

1302 1282 1362 1318 24.
1402 1281 1632 1326 Impudenter
1658 1282 1751 1314 enim
1777 1279 1842 1314 hos
1870 1283 2024 1325 insignes
2049 1295 2183 1316 errores

1201 1334 1413 1377 defendunt,
1440 1333 1535 1377 quod
1551 1332 1758 1366 traditiones
1782 1339 1983 1366 mereantur
2007 1334 2184 1367 remissio—

1200 1396 1280 1417 nem
1300 1391 1538 1429 peccatorum,
1566 1383 1660 1428 quod
1679 1383 1749 1417 sint
1763 1395 1863 1427 pares
1876 1384 2062 1428 baptismo,
2089 1385 2184 1429 quod

1200 1435 1271 1469 sint
1287 1435 1401 1468 cultus
1419 1433 1504 1475 Dei,
1525 1434 1621 1479 quod
1638 1433 1709 1467 sint
1724 1434 1973 1477 perfectiones,
2001 1436 2094 1479 quod
2113 1435 2184 1468 sint

1202 1485 1453 1518 satisfactiones
1479 1496 1542 1528 pro
1566 1484 1733 1527 peccatis,
1778 1485 1872 1528 quod
1907 1485 2028 1518 merita
2059 1496 2182 1518 eorum

1200 1535 1278 1568 aliis
1296 1535 1468 1578 impertiri
1486 1534 1632 1577 possint.
1686 1531 1836 1567 Addunt
1853 1534 1977 1575 etiam,
2001 1537 2094 1579 quod
2112 1543 2183 1569 tra—

1200 1585 1353 1619 ditiones
1375 1585 1446 1619 sint
1473 1583 1656 1618 necessarii
1677 1584 1813 1625 cultus,
1847 1585 1921 1618 sine
1944 1586 2072 1629 quibus
2097 1585 2182 1619 fides

1200 1636 1245 1670 sit
1262 1635 1409 1669 inutilis.
1461 1633 1778 1668 Excommunicant
1798 1646 1866 1676 eos,
1895 1636 2042 1680 quinon
2063 1637 2182 1669 obser-

1201 1691 1285 1717 vant
1302 1686 1459 1728 ipsorum
1476 1685 1682 1718 traditiones
1695 1711 1704 1725 ,
1733 1691 1765 1718 et
1781 1686 1955 1718 eiusmodi
1972 1686 2084 1719 multo
2103 1687 2182 1730 plu-

1201 1745 1255 1768 res
1269 1734 1501 1768 absurditates
1522 1741 1556 1766 et
1580 1733 1846 1777 εἶδωλομανίας
1871 1736 2079 1769 docuerunt.

1302 1791 1362 1829 25.
1389 1790 1567 1837 Propheta
1584 1790 1711 1825 Daniel
1729 1793 1835 1825 etiam
1860 1790 1943 1826 haec
1964 1795 2034 1828 duo
2059 1795 2184 1829 tribuit

1201 1842 1439 1885 Antichristo,
1471 1843 1654 1883 videlicet,
1690 1844 1783 1888 quod
1816 1843 1951 1877 idolum
1983 1845 2019 1878 in
2051 1847 2182 1890 templo

1203 1895 1366 1934 collocet,
1395 1901 1429 1928 et
1453 1906 1538 1927 auro
1562 1900 1666 1938 atque
1691 1901 1835 1937 argento
1856 1895 1954 1928 colat.
2006 1894 2053 1930 Et
2087 1898 2180 1942 quod

1202 1958 1277 1979 non
1295 1945 1422 1978 afficiat
1435 1942 1571 1978 honore
1594 1945 1772 1978 mulieres.

1305 2005 1366 2039 26.
1396 2003 1493 2038 Haec
1516 2004 1587 2037 duo
1610 2004 1752 2048 propria
1774 2015 1846 2038 esse
1862 2004 2088 2039 pontificatus
2105 2005 2181 2041 Ro-

1203 2055 1311 2096 mani,
1329 2054 1406 2100 quis
1419 2067 1490 2088 non
1507 2061 1624 2099 aperte
1639 2055 1759 2088 videt?
1787 2054 1886 2089 Idola
1905 2057 2086 2091 manifesta
2102 2064 2184 2091 sunt

1206 2106 1333 2150 impiae
1350 2105 1490 2144 Missae,
1519 2106 1632 2139 cultus
1649 2108 1860 2146 sanct‘orum,
1888 2114 1920 2141 et
1935 2113 2076 2146 statuae,
2093 2119 2181 2153 quae

1206 2156 1244 2190 in
1267 2169 1352 2191 auro
1375 2163 1408 2190 et
1431 2163 1574 2200 argento
1597 2157 1851 2198 ostenduntur,
1876 2165 1915 2192 ut
1942 2158 1991 2192 ibi
2007 2159 2177 2193 colantur.

1206 2206 1247 2241 Id
1265 2219 1436 2252 nusquam
1454 2207 1509 2246 fit,
1536 2207 1603 2240 nisi
1625 2207 1660 2240 in
1683 2208 1864 2251 pontificio
1891 2220 2007 2251 regno.

1307 2258 1368 2292 27.
1403 2257 1539 2292 Deinde
1554 2258 1589 2290 in
1606 2259 1705 2292 nullo
1724 2270 1852 2302 regno,
1875 2270 2030 2303 unquam
2056 2259 2180 2304 prohi-

1207 2309 1320 2343 bitum
1337 2309 1403 2343 fuit
1420 2308 1615 2351 legitimum
1632 2309 1854 2353 coniugium,
1881 2309 1949 2342 nisi
1978 2309 2014 2342 in
2035 2312 2179 2354 pontifi-

1207 2360 1261 2393 cio
1288 2371 1407 2403 regno.
1459 2357 1553 2402 Ergo
1587 2360 1751 2393 convenit
1781 2360 1824 2392 ad
1849 2359 1902 2399 id,
1928 2362 2021 2405 quod
2041 2362 2089 2396 ait
2106 2361 2178 2396 Da-

1207 2411 1296 2452 niel,
1322 2409 1403 2443 Non
1419 2409 1554 2444 futuras
1576 2411 1612 2443 in
1637 2408 1771 2443 honore
1788 2409 1963 2446 mulieres.
2019 2450 2021 2452 ,

1307 2460 1366 2496 28.
1416 2458 1492 2495 Etsi
1529 2461 1622 2494 enim
1656 2461 1785 2493 multae
1817 2467 1934 2502 gentes
1968 2462 2177 2498 lihidinibus

1206 2509 1425 2545 horribiliter
1440 2519 1521 2546 sunt
1537 2519 1569 2545 et
1586 2511 1727 2544 fuerunt
1749 2511 1920 2554 pollutae,
1947 2520 2063 2547 tamen
2091 2526 2177 2548 nus-

1206 2574 1310 2606 quam
1337 2563 1423 2596 alibi
1452 2562 1590 2606 publica
1613 2561 1686 2603 lege
1704 2568 1870 2605 perpetuo
1889 2561 2106 2606 prohibitum
2126 2573 2177 2599 est

1205 2624 1325 2646 verum
1349 2613 1553 2656 coniugium
1574 2622 1701 2655 magno
1726 2612 1843 2646 ordini
1876 2611 2077 2657 hominum,
2111 2616 2178 2649 nisi

1204 2662 1241 2695 in
1265 2660 1330 2697 hoc
1351 2675 1458 2706 regno
1471 2662 1648 2707 papistico.
