2324 2955
70 141 146 179 557

177 223 234 258 16.
260 219 311 257 Ut
328 221 468 256 diversa
486 220 600 265 spacia
618 219 755 254 dierum
781 221 819 253 in
837 215 1057 262 diversisfre-

71 275 250 321 gionibu5‚
277 285 341 307 nec
357 272 570 317 impediunt,
597 283 662 305 nec
679 278 820 306 mutant
835 270 927 304 hanc
945 270 1059 303 lucem

73 327 109 360 in
127 326 244 364 corde,
262 324 309 359 ita
328 336 390 358 nec
405 323 566 357 diversae
583 322 726 367 politiae
745 335 820 357 eam
838 322 893 356 vel
909 325 1060 360 mutant,

72 377 127 411 vel
143 375 351 421 impediunt,
367 373 396 407 si
409 374 516 407 modo
534 373 671 419 politici
686 385 800 408 mores
813 385 887 407 non
900 375 1060 418 pugnant

72 440 151 463 cum
166 427 241 470 lege
263 432 420 460 naturae.

175 483 233 519 17.
278 481 354 517 Imo
382 483 446 518 etsi
469 491 552 518 sunt
574 483 763 518 dissimiles
785 483 943 528 politiae,
966 488 1000 516 et
1023 480 1060 513 in

72 536 149 570 aliis
171 535 401 580 tranquillior
426 542 459 569 et
481 535 619 576 mitior,
654 534 691 567 in
718 534 798 568 aliis
821 533 1003 568 confusior
1028 538 1060 565 et

70 586 228 631 asperior
253 586 462 629 gubernatio
485 592 552 627 est,
579 592 696 619 tamen
722 586 875 619 affirmat
897 583 1061 627 Evange-

70 637 180 679 lium,
215 643 354 670 sanctos
379 637 473 671 bona
499 636 715 671 conscientia
739 636 876 680 legibus
898 635 1061 669 civilibus

72 699 155 722 suae
172 687 391 732 reipublicae
405 687 477 728 uti,
504 694 537 721 et
553 687 631 722 vult
646 699 712 721 nos
732 687 769 720 in
789 687 920 721 talibus
935 683 1060 719 officiis

72 745 106 773 et
132 738 311 773 aerumnis
335 737 595 772 invocationem
625 745 659 772 et
690 738 896 783 patientiam
920 743 952 771 et
975 735 1061 769 alias

73 789 222 824 virtutes
237 799 407 825 exercere,
459 788 517 823 Sic
533 789 662 824 Daniel
677 789 897 834 provinciam
912 786 1062 821 Persicis

72 840 208 884 legibus
229 839 389 883 regebat,
419 837 545 884 Ioseph
564 838 747 886 Aegyptiis
770 840 916 884 legibus.
968 836 1062 872 Cen-

72 890 167 925 turio
185 888 375 925 Cornelius
401 902 462 925 sua
478 891 609 926 iudicia
623 890 797 927 Romanis
812 891 948 935 legibus
964 900 1062 922 exer-

72 941 184 976 cebat.

178 990 238 1027 18.
263 988 345 1025 Alia
360 988 560 1036 κακοζηλία
570 989 720 1025 Iubilaei
737 1002 756 1024 a
774 990 949 1024 Romanis
965 989 1063 1023 Pon-

73 1042 226 1078 tificibus
254 1042 444 1085 excogitata
475 1048 538 1078 est.
588 1040 787 1076 Finxerunt
815 1040 1066 1083 indulgentias,

73 1100 114 1128 ut
137 1099 283 1134 vocant,
307 1104 396 1138 quae
419 1099 503 1126 sunt
526 1092 761 1127 relaxationes
784 1091 1062 1126 satisfactionum

75 1144 338 1180 canonicarum.
391 1142 465 1177 Has
495 1143 620 1177 dicunt
649 1155 685 1176 se
716 1143 913 1177 uberrimas
941 1139 1063 1183 largiri

76 1195 113 1227 in
139 1192 314 1229 Iubilaeo.
366 1192 409 1227 In
430 1190 498 1227 hoc
520 1200 721 1228 commento
743 1194 854 1228 multa
877 1198 959 1227 sunt
975 1190 1064 1225 tetra

75 1245 261 1278 mendacia
276 1251 310 1279 et
324 1245 455 1279 multae
475 1245 703 1289 imposturae.

182 1302 240 1337 19.
278 1301 523 1336 Certissimum
548 1308 600 1336 est
623 1302 764 1336 unicam
788 1313 860 1335 esse
884 1300 1065 1335 remissio-

79 1365 159 1388 nem
176 1360 419 1398 peccatorum,
447 1364 536 1398 quae
553 1352 724 1397 accipitur
744 1353 942 1387 ministerio
968 1352 1065 1385 vocis

78 1403 267 1448 Evangelii
292 1410 326 1438 et
349 1404 435 1445 fide,
459 1415 672 1449 quocunque
695 1410 865 1448 tempore.
918 1402 987 1436 Hic
1006 1401 1065 1437 Iu-

78 1456 234 1493 bilaeus,
278 1454 493 1497 significatus
517 1461 600 1499 typo
621 1453 798 1495 Mosaico‚
840 1461 891 1488 est
916 1453 1065 1488 latronis

78 1503 273 1540 consolatio
299 1505 337 1537 in
361 1516 481 1543 cruce,
509 1511 560 1538 est
576 1504 724 1538 Davidis
747 1503 961 1545 consolatio,
985 1515 1064 1536 cum

78 1553 220 1590 Nathan
238 1554 371 1600 inquit:
399 1553 578 1588 Dominus
593 1554 738 1588 abstulit
756 1561 856 1588 tuum
874 1560 1066 1598 peccatum.

79 1607 139 1642 Sic
153 1605 312 1651 quotidie
336 1604 514 1639 Iubilaeus
531 1612 581 1639 est
598 1605 808 1640 luctantium
826 1617 904 1639 cum
923 1604 1067 1650 pavori-

79 1659 164 1698 bus,
190 1656 252 1702 qui
275 1656 403 1690 fiducia
427 1656 491 1689 filii
506 1656 571 1690 Dei
594 1656 742 1690 vincunt
766 1668 913 1700 pavores
934 1663 967 1690 et
983 1656 1066 1690 laeti

80 1709 249 1741 invocant
263 1706 396 1748 Deum,
423 1713 565 1751 sperant
586 1713 620 1742 et
639 1714 822 1753 expectant
845 1708 1017 1738 auxilium
1033 1710 1068 1738 et

82 1759 256 1801 integram
272 1756 530 1790 liberationem.

182 1814 244 1851 20.
285 1813 413 1848 Noster
438 1814 532 1847 enim
554 1811 734 1847 Iubilaeus
764 1813 801 1847 in
827 1811 892 1847 hac
915 1814 986 1848 vita
1012 1814 1069 1846 in-

82 1865 248 1906 choatur,
275 1865 334 1898 sed
353 1865 419 1899 erit
436 1865 571 1908 integer
590 1864 627 1898 in
651 1871 792 1899 aeterna
812 1865 1069 1899 consuetudine

83 1929 164 1951 cum
183 1916 256 1950 silio
273 1914 361 1958 Dei,
387 1916 449 1949 ubi
476 1927 619 1960 prorsus
643 1916 747 1950 liberi
765 1915 897 1950 erimus
912 1928 931 1950 a
948 1927 1070 1961 pecca-

82 1975 117 2002 to
131 1995 141 2010 ‚
167 1979 187 2001 a
202 1973 335 2008 morte,
362 1973 396 2000 et
414 1967 459 2001 ab
480 1967 647 2001 omnibus
668 1967 830 2001 miseriis.

184 2027 247 2062 21.
274 2025 414 2060 Poenae
438 2025 628 2060 canonicae
652 2038 716 2060 nec
732 2027 977 2060 remissionem
995 2026 1071 2060 cul-

84 2089 148 2122 pae
179 2083 379 2118 merentur,
413 2089 477 2111 nec
510 2089 704 2121 poenarum
728 2084 973 2118 aeternarum,
1006 2089 1071 2111 nec

83 2140 279 2174 poenarum
311 2128 526 2173 purgatorii,
560 2140 624 2161 nec
646 2128 795 2162 aliarum
819 2129 1071 2170 calamitatum,

82 2180 212 2226 quibus
229 2177 324 2213 Deus
340 2179 377 2212 in
397 2176 462 2213 hac
478 2179 550 2213 vita
568 2176 730 2213 homines
746 2180 859 2224 punit.

156 2252 160 2257 ’
183 2238 244 2273 22.
275 2236 382 2271 lnitio
398 2238 540 2271 fuerunt
555 2238 728 2283 quaedam
743 2238 938 2282 spectacula
953 2237 989 2271 in
1001 2235 1070 2272 Ec-

84 2288 200 2329 clesia,
218 2287 348 2334 quibus
365 2288 626 2333 recipiebantur
645 2289 771 2332 polluti
789 2289 983 2323 manifestis
997 2301 1071 2323 sce-

83 2339 229 2375 leribus.
281 2338 378 2373 Haec
397 2340 592 2384 spectacula
607 2338 699 2373 nihil
715 2340 938 2384 pertinebant
954 2341 996 2374 ad
1016 2352 1071 2373 re-

83 2390 288 2426 missionem
310 2402 426 2424 coram
452 2389 548 2432 Deo,
575 2393 635 2425 sed
661 2398 760 2426 erant
786 2403 900 2426 mores
920 2391 1070 2436 exempli

84 2453 185 2476 causa
201 2440 366 2478 instituti.

188 2499 249 2535 25.
276 2495 324 2532 Et
343 2505 617 2533 consentaneum
638 2506 687 2533 est
705 2497 770 2533 hos
787 2510 902 2532 mores
925 2510 942 2532 a
961 2498 1071 2543 patri-

85 2551 152 2583 bus
189 2556 350 2594 acceptos
383 2560 455 2583 esse
467 2576 476 2591 ,
510 2551 570 2595 qui
593 2552 748 2596 pollutos
782 2550 953 2593 cogebant
978 2556 1071 2583 certa

86 2601 184 2643 signa
201 2611 329 2643 gerere,
345 2600 457 2633 donec
474 2613 594 2635 rursus
610 2603 653 2636 ad
672 2602 964 2636 consuetudinem
981 2600 1070 2633 alio-

87 2662 165 2685 rum
183 2648 369 2683 hominum
387 2651 681 2696 admittebantur,
707 2660 747 2688 ut
764 2650 926 2694 Orestes,
954 2649 1070 2685 Adra-

89 2708 160 2736 stus
176 2708 306 2746 gerunt
323 2701 421 2746 signa
438 2713 591 2739 reorum.

706 131 969 169 PHILIPPI
990 127 1453 179 MELANTHOMS.

2028 129 2102 165 558

1214 214 1275 250 24.
1312 214 1408 248 Haec
1433 214 1627 258 spectacula
1653 213 1902 258 superstitione
1916 221 2103 247 creverunt

1112 265 1230 300 statim
1256 266 1294 299 in
1318 265 1427 300 veteri
1444 263 1622 306 Ecclesia,
1650 272 1770 308 postea
1795 277 1876 299 cum
1898 276 1988 298 onus
2003 264 2102 298 fieret

1112 317 1341 351 immodicum
1354 341 1363 356 ,
1389 317 1497 349 factae
1514 323 1594 350 sunt
1609 316 1857 356 relaxationes,
1886 327 1972 361 quas
1988 326 2101 362 ‚voca-

1112 374 1196 402 runt
1213 367 1460 410 indulgentias.

1214 418 1276 454 25.
1311 417 1401 452 Cum
1427 424 1542 451 autem
1566 424 1599 451 et
1618 417 1870 451 satisfactiones
1888 417 2021 451 fuerint
2041 428 2101 450 su-

1113 469 1333 514 perstitiosae
1355 475 1388 503 et
1406 468 1681 512 improbandae,
1709 475 1740 501 et
1756 467 1925 511 paulatim
1948 479 2011 512 per
2027 478 2100 500 sese

1112 527 1273 565 tempore
1288 519 1551 559 consenuerint,
1570 525 1603 552 et
1619 518 1861 561 indulgentiae
1878 518 1948 551 sint
1964 518 2101 551 relaxa-

1112 571 1228 606 tiones
1251 571 1385 604 rituum
1410 570 1547 615 alioqui
1578 569 1835 609 extinctorum,
1872 568 2101 603 manifestum

1114 628 1164 658 eSt
1178 620 1241 656 has
1260 621 1499 665 indulgentias
1515 626 1652 654 tantum
1672 619 1885 664 imposturas
1900 630 1985 654 esse.

1217 672 1279 709 26.
1321 670 1462 707 Omitto
1486 671 1574 705 alios
1598 670 1729 704 multos
1746 680 1903 708 errores,
1931 679 2020 714 quos
2037 669 2103 701 ad-

1114 724 1293 758 finxerunt
1310 724 1352 757 de
1368 723 1575 757 meritorum
1589 720 1838 765 applicatione,
1865 731 1926 754 seu
1943 730 2104 753 commu-

1115 775 1314 813 nicatione,
1343 787 1448 820 quam
1467 773 1591 807 dicunt
1607 772 1683 805 fieri
1705 771 1894 806 autoritate
1908 769 2102 804 Pontificis.

1217 826 1279 860 27.
1315 824 1410 859 Haec
1432 823 1610 865 recensui,
1649 830 1689 858 ut
1715 822 1881 857 iuventus
1905 821 2105 855 consideret

1115 876 1205 910 ritus
1228 875 1388 909 omnium
1412 882 1633 920 temporum,
1665 880 1697 908 et
1720 880 1813 908 recte
1839 872 2011 906 diiudicet
2036 881 2107 911 eos,

1115 939 1155 961 ac
1179 927 1217 960 in
1243 933 1340 961 tanta
1368 926 1502 960 rituum
1527 925 1695 959 varietate
1718 923 1910 958 discrimen
1940 923 2047 957 falsae
2070 928 2105 955 et

1116 990 1218 1012 verae
1243 977 1425 1012 doctrinae
1447 977 1626 1016 observet,
1650 982 1683 1009 et
1707 975 1950 1018 incorruptam
1974 973 2106 1006 verita-

1118 1036 1187 1062 tem
1215 1029 1385 1068 retineat,
1415 1034 1456 1062 ut
1478 1039 1559 1060 vcra
1577 1027 1644 1059 fide
1659 1024 1774 1059 Deum
1792 1026 1949 1063 invocet,
1977 1031 2010 1057 et
2032 1035 2105 1056 non

1117 1078 1208 1111 sinat
1231 1077 1299 1111 sibi
1322 1076 1435 1110 excuti
1457 1087 1575 1109 veram
1599 1076 1878 1109 consolationem
1907 1073 2106 1119 praestigiis

1115 1129 1283 1163 falsarum
1297 1127 1523 1172 opinionum.

1219 1179 1280 1212 28.
1314 1178 1404 1212 Cum
1423 1177 1556 1211 Moises
1577 1183 1711 1221 petram
1735 1176 1906 1221 percussit
1930 1174 2104 1219 singulari

1117 1236 1151 1264 et
1179 1229 1355 1263 ineffabili
1388 1228 1674 1262 consternatione
1705 1227 1837 1268 animi,
1872 1227 2107 1271 significatum

1117 1287 1187 1322 est,
1209 1280 1285 1323 lege
1300 1280 1435 1325 percuti
1453 1278 1637 1317 Messiam‚
1666 1278 1700 1311 id
1721 1284 1788 1319 est,
1816 1278 1853 1311 in
1871 1277 2004 1322 populo
2022 1276 2109 1318 legis

1118 1337 1151 1365 et
1174 1337 1321 1375 propter
1344 1332 1477 1374 legem,
1515 1329 1649 1373 percuti
1680 1328 1792 1362 filium
1817 1328 1905 1368 Dei,
1940 1327 2107 1361 mirando

1118 1388 1395 1426 temperamento
1433 1379 1593 1414 iusticiae
1625 1386 1658 1413 et
1693 1379 1969 1412 misericordiae.
2028 1374 2107 1410 Etsi

1119 1432 1214 1465 enim
1240 1433 1371 1476 recepit
1396 1432 1496 1465 Deus
1519 1442 1628 1473 genus
1654 1428 1851 1463 humanum
1878 1441 1941 1474 per
1967 1427 2108 1461 miseri—

1118 1481 1295 1522 cordiam,
1322 1490 1441 1516 tamen
1459 1488 1594 1515 tantum
1613 1481 1745 1513 malum
1768 1487 1819 1514 est
1841 1487 2042 1524 peccatum,
2070 1484 2109 1511 ut

1118 1531 1256 1566 iusticia
1275 1531 1341 1566 Dei
1356 1531 1542 1577 postularit
1560 1542 1709 1574 poenam
1727 1537 1760 1564 et
1783 1529 2109 1574 compensationem

1118 1582 1400 1628 aequivalentem
1417 1595 1478 1617 seu
1497 1580 1646 1628 λύτρον,
1670 1588 1709 1615 ut
1728 1581 1764 1614 in
1779 1579 1974 1625 Evangelio
1993 1579 2109 1613 nomi-

1119 1640 1261 1668 nautur.

1220 1683 1282 1716 29.
1325 1681 1554 1724 Deploranda
1578 1689 1628 1714 est
1652 1682 1761 1724 igitur
1786 1681 1908 1715 levitas
1929 1687 1960 1714 et
1977 1681 2110 1714 securi-

1121 1739 1172 1766 tas
1190 1732 1228 1765 in
1245 1731 1349 1765 corde
1367 1728 1541 1773 humano,
1568 1732 1662 1776 quod
1679 1743 1752 1765 non
1767 1732 1964 1776 expavescit
1980 1731 2112 1774 cogita—

1122 1783 1219 1818 tione
1242 1781 1500 1826 magnitudinis
1529 1782 1683 1826 peccati,
1719 1790 1751 1817 et
1776 1782 1947 1817 intuenda
1974 1782 2112 1816 iusticia

1121 1833 1187 1868 Dei
1206 1833 1396 1877 flagitantis
1419 1840 1553 1867 tantam
1577 1834 1918 1878 compensationem,
1955 1839 1987 1867 et
2004 1832 2111 1865 simul

1123 1885 1281 1918 orandus
1298 1891 1349 1918 est
1367 1883 1482 1926 Deus,
1505 1891 1545 1918 ut
1562 1885 1700 1918 erudiat
1720 1896 1784 1918 nos
1801 1892 1833 1919 et
1850 1885 1965 1919 flectat
1981 1884 2025 1917 ad
2044 1883 2111 1916 ali-

1123 1947 1227 1981 quam
1246 1935 1461 1979 agnitionem
1478 1942 1655 1969 tantarum
1674 1947 1805 1975 rerum,
1834 1942 1867 1969 et
1882 1936 1919 1968 in
1938 1934 2030 1968 veris
2047 1944 2110 1977 pa-

1123 1986 1269 2020 voribus
1292 1986 1359 2019 fide
1383 1983 1468 2019 haec
1494 1986 1663 2019 immensa
1689 1985 1884 2019 consolatio
1909 1982 2110 2029 apprehen·

1124 2038 1260 2078 (lenda,
1304 2037 1400 2081 quod
1440 2042 1584 2081 propter
1618 2033 1708 2069 hanc
1742 2043 1876 2070 tantam
1912 2035 2112 2074 victimam,

1124 2089 1236 2122 filium
1262 2086 1345 2128 Dei,
1381 2094 1475 2120 certo
1502 2087 1733 2121 remittuntur
1756 2087 1860 2120 nobis
1883 2093 2042 2131 peccata,
2077 2091 2111 2118 et

1125 2146 1218 2173 certo
1234 2138 1364 2184 recepti
1380 2139 1490 2172 simus
1506 2136 1622 2177 aDeo,
1650 2150 1722 2171 non
1740 2144 1884 2182 propter
1900 2136 2110 2180 dignitatem

1124 2197 1301 2230 nostram,
1333 2195 1395 2223 aut
1421 2189 1552 2232 legem,
1585 2195 1647 2222 aut
1679 2194 1800 2222 nostra
1829 2199 1946 2232 opera.
2006 2186 2109 2220 Hanc

1124 2241 1322 2276 doctrinam
1346 2241 1388 2274 de
1413 2239 1563 2283 gratuita
1588 2239 1795 2273 remissione
1820 2245 1964 2283 propter
1981 2237 2110 2280 filiurn,

1124 2304 1196 2325 non
1213 2291 1369 2325 sinamus
1389 2290 1570 2324 obscurari
1588 2289 1852 2331 deliramentis,
1879 2300 1968 2334 quac
1996 2289 2040 2321 de
2056 2298 2111 2320 sa-

1124 2343 1382 2377 tissactionibus
1399 2341 1597 2381 canonicis,
1624 2347 1662 2374 ut
1689 2347 1835 2382 vocant,
1861 2340 1898 2372 in
1914 2337 2110 2374 Ecclesiam

1123 2406 1239 2439 sparsa
1259 2399 1353 2428 sunt.

1226 2445 1287 2481 30.
1314 2442 1361 2478 Et
1378 2450 1495 2478 tamen
1512 2442 1755 2475 discernamus
1773 2440 2016 2474 remissionem
2035 2437 2111 2471 cul-

1124 2507 1188 2541 pae
1206 2508 1223 2530 a
1242 2495 1449 2529 remissione
1468 2505 1662 2538 poenarum
1674 2491 1700 2539 ¹)
1717 2490 1822 2526 liuius
1835 2492 1927 2525 vitae
1939 2488 2113 2524 mortalis.

1123 2547 1240 2582 David
1257 2553 1426 2580 oneratur
1444 2542 1632 2578 horrendis
1650 2544 1784 2589 poenis,
1801 2543 1906 2577 etiam
1924 2547 2111 2586 postquam

1161 2678 1189 2707 1)
1209 2675 1262 2701 Hic
1282 2683 1337 2699 non
1355 2677 1556 2706 peccatorum,
1577 2675 1605 2696 ut
1624 2671 1705 2697 etiam
1725 2671 1808 2698 l‘eue.
1827 2669 1926 2701 edidit,
1946 2668 1990 2693 scd
2008 2674 2112 2697 pne-na-

1194 2719 1258 2736 rum
1277 2708 1428 2743 legendum
1446 2716 1514 2741 esse,
1532 2706 1560 2732 in
1581 2706 1633 2733 tine
1652 2706 1756 2740 primae
1776 2703 1904 2731 editionis
1923 2707 2061 2728 mouetur.
