<?xml version="1.0" encoding="UTF-8"?>
<!DOCTYPE html PUBLIC "-//W3C//DTD XHTML 1.0 Transitional//EN"
    "http://www.w3.org/TR/xhtml1/DTD/xhtml1-transitional.dtd">
<html xmlns="http://www.w3.org/1999/xhtml" xml:lang="en" lang="en">
 <head>
  <title>
</title>
<meta http-equiv="Content-Type" content="text/html;charset=utf-8" />
  <meta name='ocr-system' content='tesseract 3.04.00' />
  <meta name='ocr-capabilities' content='ocr_page ocr_carea ocr_par ocr_line ocrx_word'/>
</head>
<body>
  <div class='ocr_page' id='page_1' title='image "./operaquaesupersu12melauoft/operaquaesupersu12melauoft_0401.png"; bbox 0 0 2324 2955; ppageno 0'>
   <div class='ocr_carea' id='block_1_1' title="bbox 121 118 834 156">
    <p class='ocr_par' dir='ltr' id='par_1_1' title="bbox 121 118 834 156">
     <span class='ocr_line' id='line_1_1' title="bbox 121 118 834 156; baseline 0 0"><span class='ocrx_word' id='word_1_1' title='bbox 121 120 194 156; x_wconf 86' lang='lat'>777</span> <span class='ocrx_word' id='word_1_2' title='bbox 807 118 834 156; x_wconf 89' lang='lat'>1.</span> 
     </span>
    </p>
   </div>
   <div class='ocr_carea' id='block_1_2' title="bbox 120 199 1113 1060">
    <p class='ocr_par' dir='ltr' id='par_1_2' title="bbox 120 199 1112 453">
     <span class='ocr_line' id='line_1_2' title="bbox 120 199 1112 249; baseline -0.007 -7"><span class='ocrx_word' id='word_1_3' title='bbox 120 216 241 243; x_wconf 82' lang='lat' dir='ltr'>tamen</span> <span class='ocrx_word' id='word_1_4' title='bbox 258 206 295 239; x_wconf 92' lang='lat' dir='ltr'>in</span> <span class='ocrx_word' id='word_1_5' title='bbox 313 211 409 240; x_wconf 86' lang='lat' dir='ltr'>tanta</span> <span class='ocrx_word' id='word_1_6' title='bbox 428 204 634 240; x_wconf 88' lang='lat' dir='ltr'>infirmitate</span> <span class='ocrx_word' id='word_1_7' title='bbox 657 201 813 239; x_wconf 82' lang='lat' dir='ltr'>humana</span> <span class='ocrx_word' id='word_1_8' title='bbox 831 203 1060 249; x_wconf 84' lang='lat' dir='ltr'>experiuntur</span> <span class='ocrx_word' id='word_1_9' title='bbox 1075 199 1112 236; x_wconf 91' lang='lat' dir='ltr'>hi</span> 
     </span>
     <span class='ocr_line' id='line_1_3' title="bbox 122 253 1112 303; baseline -0.004 -12"><span class='ocrx_word' id='word_1_10' title='bbox 122 257 210 303; x_wconf 75' lang='lat' dir='ltr'>ipsi,</span> <span class='ocrx_word' id='word_1_11' title='bbox 237 254 392 292; x_wconf 87' lang='lat' dir='ltr'>humana</span> <span class='ocrx_word' id='word_1_12' title='bbox 409 256 554 290; x_wconf 92' lang='lat' dir='ltr'>consilia</span> <span class='ocrx_word' id='word_1_13' title='bbox 573 262 606 290; x_wconf 91' lang='lat' dir='ltr'>et</span> <span class='ocrx_word' id='word_1_14' title='bbox 626 256 717 290; x_wconf 89' lang='lat' dir='ltr'>vires</span> <span class='ocrx_word' id='word_1_15' title='bbox 735 253 907 289; x_wconf 87' lang='lat' dir='ltr'>humanas</span> <span class='ocrx_word' id='word_1_16' title='bbox 924 266 996 288; x_wconf 92' lang='lat' dir='ltr'>non</span> <span class='ocrx_word' id='word_1_17' title='bbox 1015 254 1112 288; x_wconf 77' lang='lat' dir='ltr'>suffi-</span> 
     </span>
     <span class='ocr_line' id='line_1_4' title="bbox 122 303 1110 351; baseline -0.006 -8"><span class='ocrx_word' id='word_1_18' title='bbox 122 320 201 343; x_wconf 85' lang='lat' dir='ltr'><strong>cere</strong></span> <span class='ocrx_word' id='word_1_19' title='bbox 225 309 270 343; x_wconf 90' lang='lat' dir='ltr'>ad</span> <span class='ocrx_word' id='word_1_20' title='bbox 298 307 542 342; x_wconf 90' lang='lat' dir='ltr'>constituenda</span> <span class='ocrx_word' id='word_1_21' title='bbox 566 313 599 340; x_wconf 88' lang='lat' dir='ltr'>et</span> <span class='ocrx_word' id='word_1_22' title='bbox 623 307 808 341; x_wconf 89' lang='lat' dir='ltr'>retinenda</span> <span class='ocrx_word' id='word_1_23' title='bbox 831 305 988 351; x_wconf 89' lang='lat' dir='ltr'>imperia.</span> <span class='ocrx_word' id='word_1_24' title='bbox 1041 303 1110 339; x_wconf 90' lang='lat' dir='ltr'>Sed</span> 
     </span>
     <span class='ocr_line' id='line_1_5' title="bbox 122 358 1111 398; baseline -0.005 -4"><span class='ocrx_word' id='word_1_25' title='bbox 122 360 279 394; x_wconf 78' lang='lat' dir='ltr'>fatentur</span> <span class='ocrx_word' id='word_1_26' title='bbox 308 368 431 392; x_wconf 93' lang='lat' dir='ltr'>omnes</span> <span class='ocrx_word' id='word_1_27' title='bbox 460 370 534 391; x_wconf 90' lang='lat' dir='ltr'>non</span> <span class='ocrx_word' id='word_1_28' title='bbox 567 358 711 398; x_wconf 81' lang='lat' dir='ltr'>furiosi,</span> <span class='ocrx_word' id='word_1_29' title='bbox 747 370 864 391; x_wconf 87' lang='lat' dir='ltr'>veram</span> <span class='ocrx_word' id='word_1_30' title='bbox 895 368 967 390; x_wconf 87' lang='lat' dir='ltr'>esse</span> <span class='ocrx_word' id='word_1_31' title='bbox 991 367 1111 389; x_wconf 90' lang='lat' dir='ltr'>vocem</span> 
     </span>
     <span class='ocr_line' id='line_1_6' title="bbox 121 407 986 453; baseline -0.003 -9"><span class='ocrx_word' id='word_1_32' title='bbox 121 410 303 444; x_wconf 83' lang='lat' dir='ltr'>Danielis:</span> <span class='ocrx_word' id='word_1_33' title='bbox 331 407 426 442; x_wconf 91' lang='lat' dir='ltr'>Deus</span> <span class='ocrx_word' id='word_1_34' title='bbox 444 409 610 443; x_wconf 82' lang='lat' dir='ltr'>transfert</span> <span class='ocrx_word' id='word_1_35' title='bbox 626 416 661 443; x_wconf 90' lang='lat' dir='ltr'>ct</span> <span class='ocrx_word' id='word_1_36' title='bbox 678 409 812 443; x_wconf 75' lang='lat' dir='ltr'>stabilit</span> <span class='ocrx_word' id='word_1_37' title='bbox 828 408 986 453; x_wconf 88' lang='lat' dir='ltr'>imperia.</span> 
     </span>
    </p>

    <p class='ocr_par' dir='ltr' id='par_1_3' title="bbox 121 456 1112 808">
     <span class='ocr_line' id='line_1_7' title="bbox 224 456 1111 504; baseline -0.006 -10"><span class='ocrx_word' id='word_1_38' title='bbox 224 459 364 494; x_wconf 86' lang='lat' dir='ltr'>Persica</span> <span class='ocrx_word' id='word_1_39' title='bbox 393 460 552 504; x_wconf 85' lang='lat' dir='ltr'>potentia</span> <span class='ocrx_word' id='word_1_40' title='bbox 581 460 762 504; x_wconf 89' lang='lat' dir='ltr'>complexa</span> <span class='ocrx_word' id='word_1_41' title='bbox 797 466 872 494; x_wconf 89' lang='lat' dir='ltr'>erat</span> <span class='ocrx_word' id='word_1_42' title='bbox 902 456 1111 492; x_wconf 85' lang='lat' dir='ltr'>florentissi-</span> 
     </span>
     <span class='ocr_line' id='line_1_8' title="bbox 122 509 1111 556; baseline -0.004 -11"><span class='ocrx_word' id='word_1_43' title='bbox 122 523 216 545; x_wconf 88' lang='lat' dir='ltr'>mam</span> <span class='ocrx_word' id='word_1_44' title='bbox 233 518 368 556; x_wconf 89' lang='lat' dir='ltr'>partem</span> <span class='ocrx_word' id='word_1_45' title='bbox 389 511 487 545; x_wconf 90' lang='lat' dir='ltr'>orbis</span> <span class='ocrx_word' id='word_1_46' title='bbox 504 517 696 552; x_wconf 89' lang='lat' dir='ltr'>terrarum,</span> <span class='ocrx_word' id='word_1_47' title='bbox 722 516 756 544; x_wconf 92' lang='lat' dir='ltr'>et</span> <span class='ocrx_word' id='word_1_48' title='bbox 778 517 850 545; x_wconf 89' lang='lat' dir='ltr'>erat</span> <span class='ocrx_word' id='word_1_49' title='bbox 868 510 1038 544; x_wconf 88' lang='lat' dir='ltr'>instructa</span> <span class='ocrx_word' id='word_1_50' title='bbox 1055 509 1111 541; x_wconf 92' lang='lat' dir='ltr'>in-</span> 
     </span>
     <span class='ocr_line' id='line_1_9' title="bbox 121 559 1112 606; baseline -0.003 -11"><span class='ocrx_word' id='word_1_51' title='bbox 121 561 219 606; x_wconf 82' lang='lat' dir='ltr'>genti</span> <span class='ocrx_word' id='word_1_52' title='bbox 236 561 466 596; x_wconf 88' lang='lat' dir='ltr'>multitudine</span> <span class='ocrx_word' id='word_1_53' title='bbox 490 567 523 595; x_wconf 90' lang='lat' dir='ltr'>et</span> <span class='ocrx_word' id='word_1_54' title='bbox 548 562 676 595; x_wconf 88' lang='lat' dir='ltr'>robore</span> <span class='ocrx_word' id='word_1_55' title='bbox 697 559 902 603; x_wconf 87' lang='lat' dir='ltr'>hominum,</span> <span class='ocrx_word' id='word_1_56' title='bbox 928 568 961 594; x_wconf 87' lang='lat' dir='ltr'>et</span> <span class='ocrx_word' id='word_1_57' title='bbox 978 559 1112 593; x_wconf 90' lang='lat' dir='ltr'>divitiis</span> 
     </span>
     <span class='ocr_line' id='line_1_10' title="bbox 122 611 1112 657; baseline -0.003 -11"><span class='ocrx_word' id='word_1_58' title='bbox 122 612 339 657; x_wconf 80' lang='lat' dir='ltr'>ingentibus,</span> <span class='ocrx_word' id='word_1_59' title='bbox 392 611 493 646; x_wconf 89' lang='lat' dir='ltr'>Hanc</span> <span class='ocrx_word' id='word_1_60' title='bbox 516 618 650 646; x_wconf 87' lang='lat' dir='ltr'>tantam</span> <span class='ocrx_word' id='word_1_61' title='bbox 674 613 867 657; x_wconf 88' lang='lat' dir='ltr'>potentiam</span> <span class='ocrx_word' id='word_1_62' title='bbox 886 611 1011 645; x_wconf 89' lang='lat' dir='ltr'>evertit</span> <span class='ocrx_word' id='word_1_63' title='bbox 1026 611 1112 644; x_wconf 89' lang='lat' dir='ltr'>ado-</span> 
     </span>
     <span class='ocr_line' id='line_1_11' title="bbox 121 660 1112 704; baseline -0.004 -7"><span class='ocrx_word' id='word_1_64' title='bbox 121 664 275 704; x_wconf 87' lang='lat' dir='ltr'>lescens,</span> <span class='ocrx_word' id='word_1_65' title='bbox 302 669 405 697; x_wconf 88' lang='lat' dir='ltr'>natus</span> <span class='ocrx_word' id='word_1_66' title='bbox 429 663 468 696; x_wconf 91' lang='lat' dir='ltr'>in</span> <span class='ocrx_word' id='word_1_67' title='bbox 487 660 643 696; x_wconf 80' lang='lat' dir='ltr'>horridis</span> <span class='ocrx_word' id='word_1_68' title='bbox 668 664 850 698; x_wconf 88' lang='lat' dir='ltr'>montibus</span> <span class='ocrx_word' id='word_1_69' title='bbox 868 660 1112 702; x_wconf 79' lang='lat' dir='ltr'>Macedoniae,</span> 
     </span>
     <span class='ocr_line' id='line_1_12' title="bbox 121 712 1111 760; baseline -0.003 -12"><span class='ocrx_word' id='word_1_70' title='bbox 121 714 218 760; x_wconf 91' lang='lat' dir='ltr'>quod</span> <span class='ocrx_word' id='word_1_71' title='bbox 246 714 322 748; x_wconf 86' lang='lat' dir='ltr'>fieri</span> <span class='ocrx_word' id='word_1_72' title='bbox 343 725 417 747; x_wconf 91' lang='lat' dir='ltr'>non</span> <span class='ocrx_word' id='word_1_73' title='bbox 441 713 575 758; x_wconf 89' lang='lat' dir='ltr'>potuit,</span> <span class='ocrx_word' id='word_1_74' title='bbox 610 714 680 748; x_wconf 92' lang='lat' dir='ltr'>nisi</span> <span class='ocrx_word' id='word_1_75' title='bbox 698 713 775 749; x_wconf 92' lang='lat' dir='ltr'>Deo</span> <span class='ocrx_word' id='word_1_76' title='bbox 800 721 834 749; x_wconf 86' lang='lat' dir='ltr'>et</span> <span class='ocrx_word' id='word_1_77' title='bbox 856 718 1015 748; x_wconf 82' lang='lat' dir='ltr'><strong>armante</strong></span> <span class='ocrx_word' id='word_1_78' title='bbox 1042 712 1111 745; x_wconf 91' lang='lat' dir='ltr'>du—</span> 
     </span>
     <span class='ocr_line' id='line_1_13' title="bbox 124 764 685 808; baseline 0.002 -10"><span class='ocrx_word' id='word_1_79' title='bbox 124 776 218 806; x_wconf 87' lang='lat' dir='ltr'>cem,</span> <span class='ocrx_word' id='word_1_80' title='bbox 245 771 278 798; x_wconf 86' lang='lat' dir='ltr'>et</span> <span class='ocrx_word' id='word_1_81' title='bbox 293 764 512 808; x_wconf 77' lang='lat' dir='ltr'>gubernante</span> <span class='ocrx_word' id='word_1_82' title='bbox 528 771 685 799; x_wconf 88' lang='lat' dir='ltr'>eventus.</span> 
     </span>
    </p>

    <p class='ocr_par' dir='ltr' id='par_1_4' title="bbox 121 813 1113 1060">
     <span class='ocr_line' id='line_1_14' title="bbox 225 813 1111 861; baseline -0.003 -13"><span class='ocrx_word' id='word_1_83' title='bbox 225 814 322 858; x_wconf 84' lang='lat' dir='ltr'>Quid</span> <span class='ocrx_word' id='word_1_84' title='bbox 337 814 539 849; x_wconf 84' lang='lat' dir='ltr'>mirabilius</span> <span class='ocrx_word' id='word_1_85' title='bbox 550 822 611 855; x_wconf 84' lang='lat' dir='ltr'>est,</span> <span class='ocrx_word' id='word_1_86' title='bbox 635 827 741 861; x_wconf 89' lang='lat' dir='ltr'>quam</span> <span class='ocrx_word' id='word_1_87' title='bbox 757 815 883 849; x_wconf 85' lang='lat' dir='ltr'>urbem</span> <span class='ocrx_word' id='word_1_88' title='bbox 896 813 1111 851; x_wconf 77' lang='lat' dir='ltr'>Romanam,</span> 
     </span>
     <span class='ocr_line' id='line_1_15' title="bbox 121 864 1111 912; baseline -0.004 -12"><span class='ocrx_word' id='word_1_89' title='bbox 121 877 202 900; x_wconf 90' lang='lat' dir='ltr'>cum</span> <span class='ocrx_word' id='word_1_90' title='bbox 220 872 310 900; x_wconf 87' lang='lat' dir='ltr'>esset</span> <span class='ocrx_word' id='word_1_91' title='bbox 326 873 395 900; x_wconf 89' lang='lat' dir='ltr'>tam</span> <span class='ocrx_word' id='word_1_92' title='bbox 411 866 616 900; x_wconf 88' lang='lat' dir='ltr'>turbulenta</span> <span class='ocrx_word' id='word_1_93' title='bbox 627 891 637 906; x_wconf 88' lang='lat'>,</span> <span class='ocrx_word' id='word_1_94' title='bbox 664 874 697 901; x_wconf 90' lang='lat' dir='ltr'>et</span> <span class='ocrx_word' id='word_1_95' title='bbox 720 871 945 912; x_wconf 81' lang='lat' dir='ltr'>quassaretur</span> <span class='ocrx_word' id='word_1_96' title='bbox 960 864 1111 898; x_wconf 86' lang='lat' dir='ltr'>subinde</span> 
     </span>
     <span class='ocr_line' id='line_1_16' title="bbox 122 912 1111 960; baseline -0.004 -10"><span class='ocrx_word' id='word_1_97' title='bbox 122 916 327 950; x_wconf 82' lang='lat' dir='ltr'>domesticis</span> <span class='ocrx_word' id='word_1_98' title='bbox 350 916 556 956; x_wconf 89' lang='lat' dir='ltr'>discordiis,</span> <span class='ocrx_word' id='word_1_99' title='bbox 585 924 619 951; x_wconf 91' lang='lat' dir='ltr'>et</span> <span class='ocrx_word' id='word_1_100' title='bbox 640 928 742 960; x_wconf 90' lang='lat' dir='ltr'>saepe</span> <span class='ocrx_word' id='word_1_101' title='bbox 767 917 810 950; x_wconf 90' lang='lat' dir='ltr'>ab</span> <span class='ocrx_word' id='word_1_102' title='bbox 828 915 980 949; x_wconf 89' lang='lat' dir='ltr'>externis</span> <span class='ocrx_word' id='word_1_103' title='bbox 998 912 1111 948; x_wconf 89' lang='lat' dir='ltr'>hosti-</span> 
     </span>
     <span class='ocr_line' id='line_1_17' title="bbox 122 963 1113 1008; baseline -0.003 -8"><span class='ocrx_word' id='word_1_104' title='bbox 122 967 191 1001; x_wconf 87' lang='lat' dir='ltr'>bus</span> <span class='ocrx_word' id='word_1_105' title='bbox 215 967 434 1008; x_wconf 86' lang='lat' dir='ltr'>vinceretur,</span> <span class='ocrx_word' id='word_1_106' title='bbox 468 973 585 1001; x_wconf 89' lang='lat' dir='ltr'>tamen</span> <span class='ocrx_word' id='word_1_107' title='bbox 607 965 814 1000; x_wconf 88' lang='lat' dir='ltr'>monarchia</span> <span class='ocrx_word' id='word_1_108' title='bbox 845 965 992 1008; x_wconf 88' lang='lat' dir='ltr'>potitam</span> <span class='ocrx_word' id='word_1_109' title='bbox 1015 963 1113 998; x_wconf 81' lang='lat' dir='ltr'>esse‘?</span> 
     </span>
     <span class='ocr_line' id='line_1_18' title="bbox 123 1014 1112 1060; baseline -0.005 -8"><span class='ocrx_word' id='word_1_110' title='bbox 123 1016 194 1052; x_wconf 86' lang='lat' dir='ltr'>Sed</span> <span class='ocrx_word' id='word_1_111' title='bbox 222 1015 318 1051; x_wconf 88' lang='lat' dir='ltr'>Deus</span> <span class='ocrx_word' id='word_1_112' title='bbox 350 1017 501 1051; x_wconf 86' lang='lat' dir='ltr'>subinde</span> <span class='ocrx_word' id='word_1_113' title='bbox 531 1017 669 1060; x_wconf 90' lang='lat' dir='ltr'>aliquos</span> <span class='ocrx_word' id='word_1_114' title='bbox 703 1016 809 1048; x_wconf 92' lang='lat' dir='ltr'>duces</span> <span class='ocrx_word' id='word_1_115' title='bbox 833 1014 949 1055; x_wconf 83' lang='lat' dir='ltr'>dedit,</span> <span class='ocrx_word' id='word_1_116' title='bbox 982 1014 1112 1047; x_wconf 89' lang='lat' dir='ltr'>virtute</span> 
     </span>
    </p>
   </div>
   <div class='ocr_carea' id='block_1_3' title="bbox 886 114 1457 154">
    <p class='ocr_par' dir='ltr' id='par_1_5' title="bbox 886 114 1457 154">
     <span class='ocr_line' id='line_1_19' title="bbox 886 114 1457 154; baseline -0.002 -1"><span class='ocrx_word' id='word_1_117' title='bbox 886 114 1180 154; x_wconf 69' lang='lat' dir='ltr'>CHRONICON</span> <span class='ocrx_word' id='word_1_118' title='bbox 1210 115 1457 153; x_wconf 78' lang='lat' dir='ltr'>CARlONlS.</span> 
     </span>
    </p>
   </div>
   <div class='ocr_carea' id='block_1_4' title="bbox 1138 210 1142 230">
    <p class='ocr_par' dir='ltr' id='par_1_6' title="bbox 1138 210 1142 230">
     <span class='ocr_line' id='line_1_20' title="bbox 1138 210 1142 230; baseline 0 0"><span class='ocrx_word' id='word_1_119' title='bbox 1138 210 1142 230; x_wconf 84' lang='grc' dir='ltr'>Ι</span> 
     </span>
    </p>
   </div>
   <div class='ocr_carea' id='block_1_5' title="bbox 1138 231 1142 270">
    <p class='ocr_par' dir='ltr' id='par_1_7' title="bbox 1138 231 1142 270">
     <span class='ocr_line' id='line_1_21' title="bbox 1138 231 1142 270; baseline 0 0"><span class='ocrx_word' id='word_1_120' title='bbox 1138 231 1142 270; x_wconf 74' lang='lat' dir='ltr'>l</span> 
     </span>
    </p>
   </div>
   <div class='ocr_carea' id='block_1_6' title="bbox 122 1063 1140 1111">
    <p class='ocr_par' dir='ltr' id='par_1_8' title="bbox 122 1063 1140 1111">
     <span class='ocr_line' id='line_1_22' title="bbox 122 1063 1140 1111; baseline -0.001 -11"><span class='ocrx_word' id='word_1_121' title='bbox 122 1072 359 1111; x_wconf 82' lang='lat' dir='ltr'>praestantes,</span> <span class='ocrx_word' id='word_1_122' title='bbox 394 1072 429 1100; x_wconf 88' lang='lat' dir='ltr'>et</span> <span class='ocrx_word' id='word_1_123' title='bbox 459 1072 605 1100; x_wconf 88' lang='lat' dir='ltr'>eventus</span> <span class='ocrx_word' id='word_1_124' title='bbox 640 1065 872 1108; x_wconf 83' lang='lat' dir='ltr'>gubernavit,</span> <span class='ocrx_word' id='word_1_125' title='bbox 907 1063 1140 1105; x_wconf 66' lang='lat' dir='ltr'>Camillum,·</span> 
     </span>
    </p>
   </div>
   <div class='ocr_carea' id='block_1_7' title="bbox 122 1115 581 1160">
    <p class='ocr_par' dir='ltr' id='par_1_9' title="bbox 122 1115 581 1160">
     <span class='ocr_line' id='line_1_23' title="bbox 122 1115 581 1160; baseline 0 -10"><span class='ocrx_word' id='word_1_126' title='bbox 122 1115 256 1151; x_wconf 85' lang='lat' dir='ltr'>Fabios</span> <span class='ocrx_word' id='word_1_127' title='bbox 266 1143 276 1158; x_wconf 87' lang='lat'><em>‚</em></span> <span class='ocrx_word' id='word_1_128' title='bbox 310 1116 495 1160; x_wconf 88' lang='lat' dir='ltr'>Scipiones</span> <span class='ocrx_word' id='word_1_129' title='bbox 516 1123 581 1150; x_wconf 89' lang='lat' dir='ltr'>etc.</span> 
     </span>
    </p>
   </div>
   <div class='ocr_carea' id='block_1_8' title="bbox 2072 120 2147 157">
    <p class='ocr_par' dir='ltr' id='par_1_10' title="bbox 2072 120 2147 157">
     <span class='ocr_line' id='line_1_24' title="bbox 2072 120 2147 157; baseline 0.027 -2"><span class='ocrx_word' id='word_1_130' title='bbox 2072 120 2147 157; x_wconf 88' lang='lat'>778</span> 
     </span>
    </p>
   </div>
   <div class='ocr_carea' id='block_1_9' title="bbox 1165 200 2162 959">
    <p class='ocr_par' dir='ltr' id='par_1_11' title="bbox 1166 200 2158 401">
     <span class='ocr_line' id='line_1_25' title="bbox 1166 200 2156 253; baseline 0.006 -17"><span class='ocrx_word' id='word_1_131' title='bbox 1166 200 1223 236; x_wconf 85' lang='lat' dir='ltr'>his</span> <span class='ocrx_word' id='word_1_132' title='bbox 1238 202 1305 237; x_wconf 83' lang='lat' dir='ltr'>fuit</span> <span class='ocrx_word' id='word_1_133' title='bbox 1322 210 1355 238; x_wconf 84' lang='lat' dir='ltr'>et</span> <span class='ocrx_word' id='word_1_134' title='bbox 1369 203 1502 238; x_wconf 82' lang='lat' dir='ltr'>familia</span> <span class='ocrx_word' id='word_1_135' title='bbox 1514 200 1633 250; x_wconf 47' lang='lat' dir='ltr'>Iulia,</span> <span class='ocrx_word' id='word_1_136' title='bbox 1650 205 1694 239; x_wconf 86' lang='lat' dir='ltr'>ab</span> <span class='ocrx_word' id='word_1_137' title='bbox 1705 203 1784 239; x_wconf 90' lang='lat' dir='ltr'>Iulo</span> <span class='ocrx_word' id='word_1_138' title='bbox 1801 212 1888 248; x_wconf 88' lang='lat' dir='ltr'>orta,</span> <span class='ocrx_word' id='word_1_139' title='bbox 1905 216 1994 253; x_wconf 88' lang='lat' dir='ltr'>quae</span> <span class='ocrx_word' id='word_1_140' title='bbox 2010 217 2156 252; x_wconf 77' lang='lat' dir='ltr'>regnum</span> 
     </span>
     <span class='ocr_line' id='line_1_26' title="bbox 1166 252 2157 304; baseline 0.007 -18"><span class='ocrx_word' id='word_1_141' title='bbox 1166 252 1280 287; x_wconf 86' lang='lat' dir='ltr'>Albae</span> <span class='ocrx_word' id='word_1_142' title='bbox 1296 261 1466 290; x_wconf 91' lang='lat' dir='ltr'>tenuerat.</span> <span class='ocrx_word' id='word_1_143' title='bbox 1509 254 1593 289; x_wconf 89' lang='lat' dir='ltr'>Ideo</span> <span class='ocrx_word' id='word_1_144' title='bbox 1611 256 1701 291; x_wconf 84' lang='lat' dir='ltr'>dixit</span> <span class='ocrx_word' id='word_1_145' title='bbox 1716 255 1907 297; x_wconf 86' lang='lat' dir='ltr'>Homerus,</span> <span class='ocrx_word' id='word_1_146' title='bbox 1934 255 2075 292; x_wconf 90' lang='lat' dir='ltr'>Aeneae</span> <span class='ocrx_word' id='word_1_147' title='bbox 2092 272 2157 304; x_wconf 90' lang='lat' dir='ltr'>po-</span> 
     </span>
     <span class='ocr_line' id='line_1_27' title="bbox 1166 305 2158 351; baseline 0.006 -13"><span class='ocrx_word' id='word_1_148' title='bbox 1166 305 1358 339; x_wconf 88' lang='lat' dir='ltr'>steritatem</span> <span class='ocrx_word' id='word_1_149' title='bbox 1377 313 1601 349; x_wconf 87' lang='lat' dir='ltr'>regnaturam</span> <span class='ocrx_word' id='word_1_150' title='bbox 1619 319 1701 342; x_wconf 87' lang='lat' dir='ltr'>esse.</span> <span class='ocrx_word' id='word_1_151' title='bbox 1751 307 1798 342; x_wconf 85' lang='lat' dir='ltr'>Et</span> <span class='ocrx_word' id='word_1_152' title='bbox 1821 309 1897 343; x_wconf 86' lang='lat' dir='ltr'>nati</span> <span class='ocrx_word' id='word_1_153' title='bbox 1918 317 2100 351; x_wconf 89' lang='lat' dir='ltr'>natorum,</span> <span class='ocrx_word' id='word_1_154' title='bbox 2126 318 2158 344; x_wconf 88' lang='lat' dir='ltr'>et</span> 
     </span>
     <span class='ocr_line' id='line_1_28' title="bbox 1166 356 1595 401; baseline 0.007 -12"><span class='ocrx_word' id='word_1_155' title='bbox 1166 356 1227 401; x_wconf 91' lang='lat' dir='ltr'>qui</span> <span class='ocrx_word' id='word_1_156' title='bbox 1245 363 1437 391; x_wconf 87' lang='lat' dir='ltr'>nascentur</span> <span class='ocrx_word' id='word_1_157' title='bbox 1451 357 1495 390; x_wconf 88' lang='lat' dir='ltr'>ab</span> <span class='ocrx_word' id='word_1_158' title='bbox 1513 358 1595 392; x_wconf 80' lang='lat' dir='ltr'>iltis.</span> 
     </span>
    </p>

    <p class='ocr_par' dir='ltr' id='par_1_12' title="bbox 1268 405 2136 456">
     <span class='ocr_line' id='line_1_29' title="bbox 1268 405 2136 456; baseline 0.006 -16"><span class='ocrx_word' id='word_1_159' title='bbox 1268 405 1303 439; x_wconf 90' lang='lat' dir='ltr'><em>A</em></span> <span class='ocrx_word' id='word_1_160' title='bbox 1313 419 1334 440; x_wconf 86' lang='lat' dir='ltr'>n</span> <span class='ocrx_word' id='word_1_161' title='bbox 1346 419 1362 441; x_wconf 84' lang='lat' dir='ltr'>c</span> <span class='ocrx_word' id='word_1_162' title='bbox 1373 420 1395 441; x_wconf 89' lang='lat' dir='ltr'>u</span> <span class='ocrx_word' id='word_1_163' title='bbox 1406 419 1424 441; x_wconf 89' lang='lat' dir='ltr'>s</span> <span class='ocrx_word' id='word_1_164' title='bbox 1447 405 1533 441; x_wconf 79' lang='lat' dir='ltr'>,Ma</span> <span class='ocrx_word' id='word_1_165' title='bbox 1545 408 1637 442; x_wconf 83' lang='lat' dir='ltr'>rtiu</span> <span class='ocrx_word' id='word_1_166' title='bbox 1647 419 1664 442; x_wconf 91' lang='lat' dir='ltr'>s</span> <span class='ocrx_word' id='word_1_167' title='bbox 1691 420 1803 442; x_wconf 91' lang='lat' dir='ltr'>annos</span> <span class='ocrx_word' id='word_1_168' title='bbox 1822 409 1948 453; x_wconf 87' lang='lat' dir='ltr'>viginti</span> <span class='ocrx_word' id='word_1_169' title='bbox 1971 418 2136 456; x_wconf 85' lang='lat' dir='ltr'>quatuor.</span> 
     </span>
    </p>

    <p class='ocr_par' dir='ltr' id='par_1_13' title="bbox 1166 454 2159 552">
     <span class='ocr_line' id='line_1_30' title="bbox 1267 454 2159 507; baseline 0.006 -16"><span class='ocrx_word' id='word_1_170' title='bbox 1267 454 1335 490; x_wconf 83' lang='lat' dir='ltr'>Ta</span> <span class='ocrx_word' id='word_1_171' title='bbox 1348 470 1397 506; x_wconf 76' lang='lat' dir='ltr'>rq</span> <span class='ocrx_word' id='word_1_172' title='bbox 1410 471 1431 492; x_wconf 93' lang='lat' dir='ltr'>u</span> <span class='ocrx_word' id='word_1_173' title='bbox 1445 457 1573 493; x_wconf 84' lang='lat' dir='ltr'>inius</span> <span class='ocrx_word' id='word_1_174' title='bbox 1615 455 1809 493; x_wconf 79' lang='lat' dir='ltr'>Priscus</span> <span class='ocrx_word' id='word_1_175' title='bbox 1859 472 1970 494; x_wconf 90' lang='lat' dir='ltr'>annos</span> <span class='ocrx_word' id='word_1_176' title='bbox 2015 462 2159 507; x_wconf 86' lang='lat' dir='ltr'>triginta</span> 
     </span>
     <span class='ocr_line' id='line_1_31' title="bbox 1166 514 1308 552; baseline 0.021 -11"><span class='ocrx_word' id='word_1_177' title='bbox 1166 514 1308 552; x_wconf 82' lang='lat' dir='ltr'>septem.</span> 
     </span>
    </p>

    <p class='ocr_par' dir='ltr' id='par_1_14' title="bbox 1165 557 2162 756">
     <span class='ocr_line' id='line_1_32' title="bbox 1269 557 2161 607; baseline 0.007 -15"><span class='ocrx_word' id='word_1_178' title='bbox 1269 557 1375 592; x_wconf 62' lang='lat' dir='ltr'>Serv</span> <span class='ocrx_word' id='word_1_179' title='bbox 1387 558 1402 592; x_wconf 87' lang='grc' dir='ltr'>ι’</span> <span class='ocrx_word' id='word_1_180' title='bbox 1411 571 1460 593; x_wconf 83' lang='lat' dir='ltr'>us</span> <span class='ocrx_word' id='word_1_181' title='bbox 1496 557 1687 594; x_wconf 84' lang='lat' dir='ltr'>Tullius</span> <span class='ocrx_word' id='word_1_182' title='bbox 1725 561 1959 606; x_wconf 83' lang='lat' dir='ltr'>quadraginta</span> <span class='ocrx_word' id='word_1_183' title='bbox 1996 569 2161 607; x_wconf 89' lang='lat' dir='ltr'>quatuor.</span> 
     </span>
     <span class='ocr_line' id='line_1_33' title="bbox 1166 607 2161 646; baseline 0.003 -3"><span class='ocrx_word' id='word_1_184' title='bbox 1166 608 1207 643; x_wconf 87' lang='lat' dir='ltr'>ln</span> <span class='ocrx_word' id='word_1_185' title='bbox 1220 607 1327 644; x_wconf 90' lang='lat' dir='ltr'>huius</span> <span class='ocrx_word' id='word_1_186' title='bbox 1345 617 1519 645; x_wconf 85' lang='lat' dir='ltr'>senectam</span> <span class='ocrx_word' id='word_1_187' title='bbox 1540 611 1665 645; x_wconf 85' lang='lat' dir='ltr'>incidit</span> <span class='ocrx_word' id='word_1_188' title='bbox 1681 611 1823 645; x_wconf 89' lang='lat' dir='ltr'>initium</span> <span class='ocrx_word' id='word_1_189' title='bbox 1837 611 1997 645; x_wconf 88' lang='lat' dir='ltr'>Persicae</span> <span class='ocrx_word' id='word_1_190' title='bbox 2014 625 2161 646; x_wconf 89' lang='lat' dir='ltr'>monar-</span> 
     </span>
     <span class='ocr_line' id='line_1_34' title="bbox 1165 658 2162 703; baseline 0.003 -9"><span class='ocrx_word' id='word_1_191' title='bbox 1165 658 1285 703; x_wconf 82' lang='lat' dir='ltr'>chiae,</span> <span class='ocrx_word' id='word_1_192' title='bbox 1312 668 1351 696; x_wconf 89' lang='lat' dir='ltr'>ut</span> <span class='ocrx_word' id='word_1_193' title='bbox 1365 674 1447 694; x_wconf 81' lang='lat' dir='ltr'>mox</span> <span class='ocrx_word' id='word_1_194' title='bbox 1466 662 1634 695; x_wconf 88' lang='lat' dir='ltr'>dicemus.</span> <span class='ocrx_word' id='word_1_195' title='bbox 1685 660 1755 696; x_wconf 91' lang='lat' dir='ltr'>Sed</span> <span class='ocrx_word' id='word_1_196' title='bbox 1778 662 1962 696; x_wconf 86' lang='lat' dir='ltr'>brevitatis</span> <span class='ocrx_word' id='word_1_197' title='bbox 1979 674 2080 696; x_wconf 90' lang='lat' dir='ltr'>causa</span> <span class='ocrx_word' id='word_1_198' title='bbox 2103 661 2162 697; x_wconf 83' lang='lat' dir='ltr'>hic</span> 
     </span>
     <span class='ocr_line' id='line_1_35' title="bbox 1165 711 2109 756; baseline 0.004 -12"><span class='ocrx_word' id='word_1_199' title='bbox 1165 712 1328 745; x_wconf 89' lang='lat' dir='ltr'>omnium</span> <span class='ocrx_word' id='word_1_200' title='bbox 1343 723 1464 756; x_wconf 83' lang='lat' dir='ltr'>regum</span> <span class='ocrx_word' id='word_1_201' title='bbox 1483 711 1731 747; x_wconf 86' lang='lat' dir='ltr'>Romanorum</span> <span class='ocrx_word' id='word_1_202' title='bbox 1748 712 1893 746; x_wconf 89' lang='lat' dir='ltr'>nomina</span> <span class='ocrx_word' id='word_1_203' title='bbox 1910 713 2109 749; x_wconf 74' lang='lat' dir='ltr'>recitamus,</span> 
     </span>
    </p>

    <p class='ocr_par' dir='ltr' id='par_1_15' title="bbox 1166 760 2161 959">
     <span class='ocr_line' id='line_1_36' title="bbox 1268 760 2161 810; baseline 0.002 -15"><span class='ocrx_word' id='word_1_204' title='bbox 1268 760 1568 810; x_wconf 78' lang='lat' dir='ltr'>Tarquinius</span> <span class='ocrx_word' id='word_1_205' title='bbox 1587 761 1765 809; x_wconf 78' lang='lat' dir='ltr'>Superb</span> <span class='ocrx_word' id='word_1_206' title='bbox 1779 775 1828 796; x_wconf 87' lang='lat' dir='ltr'>us</span> <span class='ocrx_word' id='word_1_207' title='bbox 1844 764 1971 807; x_wconf 70' lang='lat' dir='ltr'>viginti</span> <span class='ocrx_word' id='word_1_208' title='bbox 1992 764 2161 810; x_wconf 88' lang='lat' dir='ltr'>quinque.</span> 
     </span>
     <span class='ocr_line' id='line_1_37' title="bbox 1166 811 2160 860; baseline 0.004 -16"><span class='ocrx_word' id='word_1_209' title='bbox 1166 811 1234 846; x_wconf 88' lang='lat' dir='ltr'>llic</span> <span class='ocrx_word' id='word_1_210' title='bbox 1250 814 1414 858; x_wconf 81' lang='lat' dir='ltr'>expulsus</span> <span class='ocrx_word' id='word_1_211' title='bbox 1434 821 1484 847; x_wconf 89' lang='lat' dir='ltr'>est</span> <span class='ocrx_word' id='word_1_212' title='bbox 1499 825 1606 857; x_wconf 86' lang='lat' dir='ltr'>regno</span> <span class='ocrx_word' id='word_1_213' title='bbox 1625 821 1768 858; x_wconf 83' lang='lat' dir='ltr'>propter</span> <span class='ocrx_word' id='word_1_214' title='bbox 1784 814 1848 847; x_wconf 84' lang='lat' dir='ltr'>filii</span> <span class='ocrx_word' id='word_1_215' title='bbox 1865 815 1988 855; x_wconf 89' lang='lat' dir='ltr'>scelus,</span> <span class='ocrx_word' id='word_1_216' title='bbox 2010 815 2070 860; x_wconf 91' lang='lat' dir='ltr'>qui</span> <span class='ocrx_word' id='word_1_217' title='bbox 2088 814 2160 848; x_wconf 85' lang='lat' dir='ltr'>Lu-</span> 
     </span>
     <span class='ocr_line' id='line_1_38' title="bbox 1166 864 2161 910; baseline 0.003 -14"><span class='ocrx_word' id='word_1_218' title='bbox 1166 864 1310 897; x_wconf 89' lang='lat' dir='ltr'>cretiam</span> <span class='ocrx_word' id='word_1_219' title='bbox 1328 876 1390 908; x_wconf 91' lang='lat' dir='ltr'>per</span> <span class='ocrx_word' id='word_1_220' title='bbox 1405 864 1478 897; x_wconf 86' lang='lat' dir='ltr'>vim</span> <span class='ocrx_word' id='word_1_221' title='bbox 1499 871 1762 909; x_wconf 81' lang='lat' dir='ltr'>compresserat.</span> <span class='ocrx_word' id='word_1_222' title='bbox 1818 864 1858 898; x_wconf 90' lang='lat' dir='ltr'>Id</span> <span class='ocrx_word' id='word_1_223' title='bbox 1878 866 2076 910; x_wconf 86' lang='lat' dir='ltr'>exemplum</span> <span class='ocrx_word' id='word_1_224' title='bbox 2096 878 2161 899; x_wconf 90' lang='lat' dir='ltr'>no-</span> 
     </span>
     <span class='ocr_line' id='line_1_39' title="bbox 1166 914 1789 959; baseline 0.002 -11"><span class='ocrx_word' id='word_1_225' title='bbox 1166 920 1242 948; x_wconf 90' lang='lat' dir='ltr'>tum</span> <span class='ocrx_word' id='word_1_226' title='bbox 1263 914 1307 947; x_wconf 90' lang='lat' dir='ltr'>sit</span> <span class='ocrx_word' id='word_1_227' title='bbox 1324 914 1418 948; x_wconf 88' lang='lat' dir='ltr'>inter</span> <span class='ocrx_word' id='word_1_228' title='bbox 1435 915 1626 948; x_wconf 89' lang='lat' dir='ltr'>libidinum</span> <span class='ocrx_word' id='word_1_229' title='bbox 1647 927 1789 959; x_wconf 88' lang='lat' dir='ltr'>poenas.</span> 
     </span>
    </p>
   </div>
   <div class='ocr_carea' id='block_1_10' title="bbox 1341 999 1981 1036">
    <p class='ocr_par' dir='ltr' id='par_1_16' title="bbox 1341 999 1981 1036">
     <span class='ocr_line' id='line_1_40' title="bbox 1341 999 1981 1036; baseline 0.005 -4"><span class='ocrx_word' id='word_1_230' title='bbox 1341 999 1408 1033; x_wconf 86' lang='lat' dir='ltr'>De</span> <span class='ocrx_word' id='word_1_231' title='bbox 1445 999 1653 1034; x_wconf 77' lang='lat' dir='ltr'>secunda</span> <span class='ocrx_word' id='word_1_232' title='bbox 1691 1000 1981 1036; x_wconf 76' lang='lat' dir='ltr'>monarchia.</span> 
     </span>
    </p>
   </div>
   <div class='ocr_carea' id='block_1_11' title="bbox 1232 1062 2162 1111">
    <p class='ocr_par' dir='ltr' id='par_1_17' title="bbox 1232 1062 2162 1111">
     <span class='ocr_line' id='line_1_41' title="bbox 1232 1062 2162 1111; baseline 0.005 -15"><span class='ocrx_word' id='word_1_233' title='bbox 1232 1062 1273 1096; x_wconf 92' lang='lat' dir='ltr'>ln</span> <span class='ocrx_word' id='word_1_234' title='bbox 1290 1064 1359 1097; x_wconf 87' lang='lat' dir='ltr'>fine</span> <span class='ocrx_word' id='word_1_235' title='bbox 1376 1064 1509 1108; x_wconf 90' lang='lat' dir='ltr'>primae</span> <span class='ocrx_word' id='word_1_236' title='bbox 1524 1064 1750 1100; x_wconf 86' lang='lat' dir='ltr'>monarchiae</span> <span class='ocrx_word' id='word_1_237' title='bbox 1763 1066 1859 1100; x_wconf 90' lang='lat' dir='ltr'>Deus</span> <span class='ocrx_word' id='word_1_238' title='bbox 1876 1068 1980 1100; x_wconf 90' lang='lat' dir='ltr'>etiam</span> <span class='ocrx_word' id='word_1_239' title='bbox 1998 1068 2034 1100; x_wconf 91' lang='lat' dir='ltr'>in</span> <span class='ocrx_word' id='word_1_240' title='bbox 2054 1079 2162 1111; x_wconf 86' lang='lat' dir='ltr'>regno</span> 
     </span>
    </p>
   </div>
   <div class='ocr_carea' id='block_1_12' title="bbox 643 1103 2165 1160">
    <p class='ocr_par' dir='ltr' id='par_1_18' title="bbox 643 1103 2165 1160">
     <span class='ocr_line' id='line_1_42' title="bbox 643 1103 2165 1160; baseline 0.003 -12"><span class='ocrx_word' id='word_1_241' title='bbox 643 1115 766 1150; x_wconf 91' lang='lat' dir='ltr'>Voluit</span> <span class='ocrx_word' id='word_1_242' title='bbox 790 1115 883 1149; x_wconf 92' lang='lat' dir='ltr'>enim</span> <span class='ocrx_word' id='word_1_243' title='bbox 909 1127 1031 1159; x_wconf 84' lang='lat' dir='ltr'>regum</span> <span class='ocrx_word' id='word_1_244' title='bbox 1052 1121 1113 1160; x_wconf 77' lang='lat' dir='ltr'>ty-</span> <span class='ocrx_word' id='word_1_245' title='bbox 1137 1103 1140 1146; x_wconf 72' lang='lat' dir='ltr'>l</span> <span class='ocrx_word' id='word_1_246' title='bbox 1165 1112 1388 1160; x_wconf 87' lang='lat' dir='ltr'>Babylonico</span> <span class='ocrx_word' id='word_1_247' title='bbox 1419 1126 1574 1149; x_wconf 90' lang='lat' dir='ltr'>summos</span> <span class='ocrx_word' id='word_1_248' title='bbox 1604 1127 1701 1159; x_wconf 84' lang='lat' dir='ltr'>reges</span> <span class='ocrx_word' id='word_1_249' title='bbox 1724 1115 1998 1150; x_wconf 85' lang='lat' dir='ltr'>Nebucadnezar</span> <span class='ocrx_word' id='word_1_250' title='bbox 2032 1125 2065 1152; x_wconf 87' lang='lat' dir='ltr'>et</span> <span class='ocrx_word' id='word_1_251' title='bbox 2089 1119 2165 1152; x_wconf 92' lang='lat' dir='ltr'>eius</span> 
     </span>
    </p>
   </div>
   <div class='ocr_carea' id='block_1_13' title="bbox 122 1153 2163 1211">
    <p class='ocr_par' dir='ltr' id='par_1_19' title="bbox 122 1153 2163 1211">
     <span class='ocr_line' id='line_1_43' title="bbox 122 1153 2163 1211; baseline 0.001 -10"><span class='ocrx_word' id='word_1_252' title='bbox 122 1167 292 1201; x_wconf 84' lang='lat' dir='ltr'>rannides</span> <span class='ocrx_word' id='word_1_253' title='bbox 323 1167 471 1211; x_wconf 91' lang='lat' dir='ltr'>punire,</span> <span class='ocrx_word' id='word_1_254' title='bbox 504 1173 539 1200; x_wconf 89' lang='lat' dir='ltr'>et</span> <span class='ocrx_word' id='word_1_255' title='bbox 563 1166 601 1199; x_wconf 89' lang='lat' dir='ltr'>in</span> <span class='ocrx_word' id='word_1_256' title='bbox 632 1178 671 1200; x_wconf 84' lang='lat' dir='ltr'>ca</span> <span class='ocrx_word' id='word_1_257' title='bbox 694 1167 782 1200; x_wconf 92' lang='lat' dir='ltr'>urbe</span> <span class='ocrx_word' id='word_1_258' title='bbox 805 1166 977 1199; x_wconf 89' lang='lat' dir='ltr'>collocare</span> <span class='ocrx_word' id='word_1_259' title='bbox 999 1165 1113 1208; x_wconf 88' lang='lat' dir='ltr'>impe·</span> <span class='ocrx_word' id='word_1_260' title='bbox 1137 1153 1140 1204; x_wconf 45' lang='lat' dir='ltr'>l</span> <span class='ocrx_word' id='word_1_261' title='bbox 1166 1164 1278 1198; x_wconf 83' lang='lat' dir='ltr'>filium</span> <span class='ocrx_word' id='word_1_262' title='bbox 1305 1167 1348 1199; x_wconf 90' lang='lat' dir='ltr'>ad</span> <span class='ocrx_word' id='word_1_263' title='bbox 1372 1165 1548 1199; x_wconf 85' lang='lat' dir='ltr'>Ecclesiae</span> <span class='ocrx_word' id='word_1_264' title='bbox 1576 1167 1776 1201; x_wconf 89' lang='lat' dir='ltr'>societatem</span> <span class='ocrx_word' id='word_1_265' title='bbox 1792 1168 1995 1211; x_wconf 83' lang='lat' dir='ltr'>ingentibus</span> <span class='ocrx_word' id='word_1_266' title='bbox 2011 1169 2163 1203; x_wconf 86' lang='lat' dir='ltr'>miracu-</span> 
     </span>
    </p>
   </div>
   <div class='ocr_carea' id='block_1_14' title="bbox 123 1210 1377 1261">
    <p class='ocr_par' dir='ltr' id='par_1_20' title="bbox 123 1210 1377 1261">
     <span class='ocr_line' id='line_1_44' title="bbox 123 1210 1377 1261; baseline -0.001 -10"><span class='ocrx_word' id='word_1_267' title='bbox 123 1218 169 1251; x_wconf 89' lang='lat' dir='ltr'>rii</span> <span class='ocrx_word' id='word_1_268' title='bbox 197 1229 330 1258; x_wconf 87' lang='lat' dir='ltr'>arcem,</span> <span class='ocrx_word' id='word_1_269' title='bbox 366 1217 456 1251; x_wconf 89' lang='lat' dir='ltr'>sicut</span> <span class='ocrx_word' id='word_1_270' title='bbox 479 1216 650 1261; x_wconf 90' lang='lat' dir='ltr'>scriptum</span> <span class='ocrx_word' id='word_1_271' title='bbox 673 1223 740 1251; x_wconf 88' lang='lat' dir='ltr'>est:</span> <span class='ocrx_word' id='word_1_272' title='bbox 772 1215 922 1261; x_wconf 87' lang='lat' dir='ltr'>Propter</span> <span class='ocrx_word' id='word_1_273' title='bbox 944 1216 1113 1249; x_wconf 88' lang='lat' dir='ltr'>iniuriam</span> <span class='ocrx_word' id='word_1_274' title='bbox 1137 1210 1140 1230; x_wconf 67' lang='lat'>¹</span> <span class='ocrx_word' id='word_1_275' title='bbox 1166 1214 1210 1248; x_wconf 92' lang='lat' dir='ltr'>lis</span> <span class='ocrx_word' id='word_1_276' title='bbox 1228 1216 1377 1251; x_wconf 88' lang='lat' dir='ltr'>vocavit.</span> 
     </span>
    </p>
   </div>
   <div class='ocr_carea' id='block_1_15' title="bbox 122 1264 1114 1414">
    <p class='ocr_par' dir='ltr' id='par_1_21' title="bbox 122 1264 1114 1414">
     <span class='ocr_line' id='line_1_45' title="bbox 122 1264 1114 1312; baseline -0.002 -10"><span class='ocrx_word' id='word_1_277' title='bbox 122 1279 271 1312; x_wconf 87' lang='lat' dir='ltr'>regnum</span> <span class='ocrx_word' id='word_1_278' title='bbox 308 1280 328 1302; x_wconf 87' lang='lat' dir='ltr'>a</span> <span class='ocrx_word' id='word_1_279' title='bbox 364 1274 467 1311; x_wconf 87' lang='lat' dir='ltr'>gente</span> <span class='ocrx_word' id='word_1_280' title='bbox 502 1267 540 1300; x_wconf 92' lang='lat' dir='ltr'>in</span> <span class='ocrx_word' id='word_1_281' title='bbox 583 1274 722 1311; x_wconf 87' lang='lat' dir='ltr'>gentem</span> <span class='ocrx_word' id='word_1_282' title='bbox 766 1268 988 1302; x_wconf 80' lang='lat' dir='ltr'>transfertur.</span> <span class='ocrx_word' id='word_1_283' title='bbox 1066 1264 1114 1300; x_wconf 90' lang='lat' dir='ltr'>Et</span> 
     </span>
     <span class='ocr_line' id='line_1_46' title="bbox 123 1318 1113 1363; baseline -0.001 -12"><span class='ocrx_word' id='word_1_284' title='bbox 123 1330 286 1362; x_wconf 83' lang='lat' dir='ltr'>magnam</span> <span class='ocrx_word' id='word_1_285' title='bbox 313 1318 530 1363; x_wconf 86' lang='lat' dir='ltr'>opulentiam</span> <span class='ocrx_word' id='word_1_286' title='bbox 554 1330 592 1351; x_wconf 91' lang='lat' dir='ltr'>ac</span> <span class='ocrx_word' id='word_1_287' title='bbox 609 1318 802 1362; x_wconf 89' lang='lat' dir='ltr'>potentiam</span> <span class='ocrx_word' id='word_1_288' title='bbox 819 1318 1035 1352; x_wconf 86' lang='lat' dir='ltr'>comitantur</span> <span class='ocrx_word' id='word_1_289' title='bbox 1057 1318 1113 1350; x_wconf 89' lang='lat' dir='ltr'>lu-</span> 
     </span>
     <span class='ocr_line' id='line_1_47' title="bbox 123 1369 1114 1414; baseline -0.002 -11"><span class='ocrx_word' id='word_1_290' title='bbox 123 1381 209 1411; x_wconf 85' lang='lat' dir='ltr'>xus,</span> <span class='ocrx_word' id='word_1_291' title='bbox 235 1369 420 1414; x_wconf 89' lang='lat' dir='ltr'>superbia,</span> <span class='ocrx_word' id='word_1_292' title='bbox 448 1369 666 1408; x_wconf 85' lang='lat' dir='ltr'>discordiae,</span> <span class='ocrx_word' id='word_1_293' title='bbox 694 1376 728 1403; x_wconf 93' lang='lat' dir='ltr'>et</span> <span class='ocrx_word' id='word_1_294' title='bbox 750 1369 819 1403; x_wconf 90' lang='lat' dir='ltr'>alia</span> <span class='ocrx_word' id='word_1_295' title='bbox 846 1369 994 1410; x_wconf 88' lang='lat' dir='ltr'>scelera,</span> <span class='ocrx_word' id='word_1_296' title='bbox 1024 1380 1114 1414; x_wconf 88' lang='lat' dir='ltr'>quae</span> 
     </span>
    </p>
   </div>
   <div class='ocr_carea' id='block_1_16' title="bbox 1166 1215 2161 1413">
    <p class='ocr_par' dir='ltr' id='par_1_22' title="bbox 1166 1215 2161 1413">
     <span class='ocr_line' id='line_1_48' title="bbox 1432 1215 2161 1259; baseline 0.003 -9"><span class='ocrx_word' id='word_1_297' title='bbox 1432 1215 1528 1259; x_wconf 86' lang='lat' dir='ltr'>Quia</span> <span class='ocrx_word' id='word_1_298' title='bbox 1559 1217 1700 1252; x_wconf 82' lang='lat' dir='ltr'>volebat</span> <span class='ocrx_word' id='word_1_299' title='bbox 1728 1216 1782 1251; x_wconf 90' lang='lat' dir='ltr'>his</span> <span class='ocrx_word' id='word_1_300' title='bbox 1808 1219 2019 1252; x_wconf 83' lang='lat' dir='ltr'>testimoniis</span> <span class='ocrx_word' id='word_1_301' title='bbox 2045 1226 2161 1254; x_wconf 90' lang='lat' dir='ltr'>osten-</span> 
     </span>
     <span class='ocr_line' id='line_1_49' title="bbox 1167 1266 2161 1312; baseline 0.004 -13"><span class='ocrx_word' id='word_1_302' title='bbox 1167 1266 1267 1305; x_wconf 88' lang='lat' dir='ltr'>dere,</span> <span class='ocrx_word' id='word_1_303' title='bbox 1294 1279 1384 1312; x_wconf 91' lang='lat' dir='ltr'>quae</span> <span class='ocrx_word' id='word_1_304' title='bbox 1401 1274 1432 1301; x_wconf 91' lang='lat' dir='ltr'>et</span> <span class='ocrx_word' id='word_1_305' title='bbox 1451 1267 1513 1301; x_wconf 92' lang='lat' dir='ltr'>ubi</span> <span class='ocrx_word' id='word_1_306' title='bbox 1537 1274 1622 1302; x_wconf 90' lang='lat' dir='ltr'>tunc</span> <span class='ocrx_word' id='word_1_307' title='bbox 1647 1275 1721 1302; x_wconf 92' lang='lat' dir='ltr'>erat</span> <span class='ocrx_word' id='word_1_308' title='bbox 1741 1281 1820 1301; x_wconf 87' lang='lat' dir='ltr'>vera</span> <span class='ocrx_word' id='word_1_309' title='bbox 1844 1270 1887 1302; x_wconf 88' lang='lat' dir='ltr'>de</span> <span class='ocrx_word' id='word_1_310' title='bbox 1909 1268 1983 1302; x_wconf 92' lang='lat' dir='ltr'>Deo</span> <span class='ocrx_word' id='word_1_311' title='bbox 2002 1271 2161 1304; x_wconf 89' lang='lat' dir='ltr'>doctrina</span> 
     </span>
     <span class='ocr_line' id='line_1_50' title="bbox 1167 1317 2161 1363; baseline 0.005 -14"><span class='ocrx_word' id='word_1_312' title='bbox 1167 1323 1200 1350; x_wconf 86' lang='lat' dir='ltr'>et</span> <span class='ocrx_word' id='word_1_313' title='bbox 1217 1329 1299 1350; x_wconf 90' lang='lat' dir='ltr'>vera</span> <span class='ocrx_word' id='word_1_314' title='bbox 1316 1317 1483 1352; x_wconf 75' lang='lat' dir='ltr'>Ecclesia.</span> <span class='ocrx_word' id='word_1_315' title='bbox 1536 1317 1627 1352; x_wconf 93' lang='lat' dir='ltr'>Cum</span> <span class='ocrx_word' id='word_1_316' title='bbox 1652 1326 1768 1352; x_wconf 88' lang='lat' dir='ltr'>autem</span> <span class='ocrx_word' id='word_1_317' title='bbox 1790 1320 1912 1353; x_wconf 90' lang='lat' dir='ltr'>tertius</span> <span class='ocrx_word' id='word_1_318' title='bbox 1935 1332 1954 1353; x_wconf 91' lang='lat' dir='ltr'>a</span> <span class='ocrx_word' id='word_1_319' title='bbox 1970 1320 2161 1363; x_wconf 66' lang='lat' dir='ltr'>Uabogdo-</span> 
     </span>
     <span class='ocr_line' id='line_1_51' title="bbox 1166 1367 2161 1413; baseline 0.004 -13"><span class='ocrx_word' id='word_1_320' title='bbox 1166 1379 1275 1401; x_wconf 92' lang='lat' dir='ltr'>nosor</span> <span class='ocrx_word' id='word_1_321' title='bbox 1288 1368 1486 1402; x_wconf 88' lang='lat' dir='ltr'>restitueret</span> <span class='ocrx_word' id='word_1_322' title='bbox 1500 1368 1606 1411; x_wconf 85' lang='lat' dir='ltr'>idola,</span> <span class='ocrx_word' id='word_1_323' title='bbox 1621 1376 1655 1403; x_wconf 88' lang='lat' dir='ltr'>et</span> <span class='ocrx_word' id='word_1_324' title='bbox 1669 1367 1904 1413; x_wconf 87' lang='lat' dir='ltr'>blasphemias</span> <span class='ocrx_word' id='word_1_325' title='bbox 1920 1378 2060 1405; x_wconf 85' lang='lat' dir='ltr'>caneret</span> <span class='ocrx_word' id='word_1_326' title='bbox 2075 1383 2161 1404; x_wconf 92' lang='lat' dir='ltr'>con-</span> 
     </span>
    </p>
   </div>
   <div class='ocr_carea' id='block_1_17' title="bbox 123 1416 2160 1472">
    <p class='ocr_par' dir='ltr' id='par_1_23' title="bbox 123 1416 2160 1472">
     <span class='ocr_line' id='line_1_52' title="bbox 123 1416 2160 1472; baseline 0 -18"><span class='ocrx_word' id='word_1_327' title='bbox 123 1431 256 1465; x_wconf 87' lang='lat' dir='ltr'>poenas</span> <span class='ocrx_word' id='word_1_328' title='bbox 272 1427 306 1454; x_wconf 88' lang='lat' dir='ltr'>et</span> <span class='ocrx_word' id='word_1_329' title='bbox 321 1420 532 1454; x_wconf 89' lang='lat' dir='ltr'>mutationes</span> <span class='ocrx_word' id='word_1_330' title='bbox 548 1420 778 1464; x_wconf 88' lang='lat' dir='ltr'>imperiorum</span> <span class='ocrx_word' id='word_1_331' title='bbox 795 1416 998 1461; x_wconf 88' lang='lat' dir='ltr'>attrahunt,</span> <span class='ocrx_word' id='word_1_332' title='bbox 1025 1420 1115 1452; x_wconf 91' lang='lat' dir='ltr'>sicut</span> <span class='ocrx_word' id='word_1_333' title='bbox 1139 1424 1142 1472; x_wconf 55' lang='lat' dir='ltr'>J</span> <span class='ocrx_word' id='word_1_334' title='bbox 1167 1424 1222 1452; x_wconf 89' lang='lat' dir='ltr'>tra</span> <span class='ocrx_word' id='word_1_335' title='bbox 1245 1430 1369 1453; x_wconf 91' lang='lat' dir='ltr'>verum</span> <span class='ocrx_word' id='word_1_336' title='bbox 1387 1418 1524 1461; x_wconf 87' lang='lat' dir='ltr'>Deum,</span> <span class='ocrx_word' id='word_1_337' title='bbox 1551 1431 1713 1453; x_wconf 90' lang='lat' dir='ltr'>excussus</span> <span class='ocrx_word' id='word_1_338' title='bbox 1731 1428 1780 1454; x_wconf 88' lang='lat' dir='ltr'>est</span> <span class='ocrx_word' id='word_1_339' title='bbox 1806 1432 1845 1453; x_wconf 82' lang='lat' dir='ltr'>ex</span> <span class='ocrx_word' id='word_1_340' title='bbox 1871 1432 2000 1464; x_wconf 86' lang='lat' dir='ltr'>regno,</span> <span class='ocrx_word' id='word_1_341' title='bbox 2025 1428 2058 1455; x_wconf 89' lang='lat' dir='ltr'>et</span> <span class='ocrx_word' id='word_1_342' title='bbox 2079 1433 2160 1455; x_wconf 91' lang='lat' dir='ltr'>mo-</span> 
     </span>
    </p>
   </div>
   <div class='ocr_carea' id='block_1_18' title="bbox 123 1469 1116 1667">
    <p class='ocr_par' dir='ltr' id='par_1_24' title="bbox 123 1469 1116 1667">
     <span class='ocr_line' id='line_1_53' title="bbox 124 1469 1115 1513; baseline -0.003 -9"><span class='ocrx_word' id='word_1_343' title='bbox 124 1470 258 1505; x_wconf 86' lang='lat' dir='ltr'>dictum</span> <span class='ocrx_word' id='word_1_344' title='bbox 292 1477 360 1504; x_wconf 85' lang='lat' dir='ltr'>est:</span> <span class='ocrx_word' id='word_1_345' title='bbox 395 1470 485 1504; x_wconf 89' lang='lat' dir='ltr'>Nam</span> <span class='ocrx_word' id='word_1_346' title='bbox 517 1477 650 1504; x_wconf 86' lang='lat' dir='ltr'>caetera</span> <span class='ocrx_word' id='word_1_347' title='bbox 672 1481 798 1513; x_wconf 86' lang='lat' dir='ltr'>regna,</span> <span class='ocrx_word' id='word_1_348' title='bbox 834 1470 990 1503; x_wconf 87' lang='lat' dir='ltr'>luxuries</span> <span class='ocrx_word' id='word_1_349' title='bbox 1015 1469 1115 1503; x_wconf 89' lang='lat' dir='ltr'>viciis</span> 
     </span>
     <span class='ocr_line' id='line_1_54' title="bbox 123 1519 1115 1566; baseline -0.003 -11"><span class='ocrx_word' id='word_1_350' title='bbox 123 1520 286 1566; x_wconf 89' lang='lat' dir='ltr'>odiisque</span> <span class='ocrx_word' id='word_1_351' title='bbox 301 1521 465 1566; x_wconf 86' lang='lat' dir='ltr'>superbia</span> <span class='ocrx_word' id='word_1_352' title='bbox 482 1519 596 1555; x_wconf 85' lang='lat' dir='ltr'>vertit.</span> <span class='ocrx_word' id='word_1_353' title='bbox 650 1519 829 1554; x_wconf 87' lang='lat' dir='ltr'>Intuentes</span> <span class='ocrx_word' id='word_1_354' title='bbox 844 1520 954 1563; x_wconf 84' lang='lat' dir='ltr'>igitur</span> <span class='ocrx_word' id='word_1_355' title='bbox 967 1519 1115 1564; x_wconf 84' lang='lat' dir='ltr'>imperia</span> 
     </span>
     <span class='ocr_line' id='line_1_55' title="bbox 123 1569 1116 1615; baseline -0.003 -9"><span class='ocrx_word' id='word_1_356' title='bbox 123 1571 316 1615; x_wconf 85' lang='lat' dir='ltr'>cogitemus</span> <span class='ocrx_word' id='word_1_357' title='bbox 339 1573 382 1605; x_wconf 94' lang='lat' dir='ltr'>de</span> <span class='ocrx_word' id='word_1_358' title='bbox 410 1571 547 1605; x_wconf 88' lang='lat' dir='ltr'>iusticia</span> <span class='ocrx_word' id='word_1_359' title='bbox 571 1569 659 1612; x_wconf 91' lang='lat' dir='ltr'>Dei,</span> <span class='ocrx_word' id='word_1_360' title='bbox 692 1571 875 1615; x_wconf 90' lang='lat' dir='ltr'>punientis</span> <span class='ocrx_word' id='word_1_361' title='bbox 900 1570 1048 1609; x_wconf 90' lang='lat' dir='ltr'>scelera,</span> <span class='ocrx_word' id='word_1_362' title='bbox 1082 1576 1116 1604; x_wconf 90' lang='lat' dir='ltr'>et</span> 
     </span>
     <span class='ocr_line' id='line_1_56' title="bbox 124 1621 1114 1667; baseline -0.003 -11"><span class='ocrx_word' id='word_1_363' title='bbox 124 1622 169 1656; x_wconf 85' lang='lat' dir='ltr'>de</span> <span class='ocrx_word' id='word_1_364' title='bbox 186 1621 344 1656; x_wconf 86' lang='lat' dir='ltr'>bonitate</span> <span class='ocrx_word' id='word_1_365' title='bbox 360 1623 451 1661; x_wconf 89' lang='lat' dir='ltr'>eius,</span> <span class='ocrx_word' id='word_1_366' title='bbox 479 1622 721 1656; x_wconf 89' lang='lat' dir='ltr'>conservantis</span> <span class='ocrx_word' id='word_1_367' title='bbox 739 1621 894 1667; x_wconf 87' lang='lat' dir='ltr'>aliquam</span> <span class='ocrx_word' id='word_1_368' title='bbox 913 1621 1114 1655; x_wconf 78' lang='lat' dir='ltr'>societatem</span> 
     </span>
    </p>
   </div>
   <div class='ocr_carea' id='block_1_19' title="bbox 1139 1473 1143 1618">
    <p class='ocr_par' dir='ltr' id='par_1_25' title="bbox 1139 1473 1143 1618">
     <span class='ocr_line' id='line_1_57' title="bbox 1139 1473 1143 1618; baseline 0 1337"><span class='ocrx_word' id='word_1_369' title='bbox 1139 1473 1143 1618; x_wconf 95' lang='lat' dir='ltr'> </span> 
     </span>
    </p>
   </div>
   <div class='ocr_carea' id='block_1_20' title="bbox 125 1665 1142 1716">
    <p class='ocr_par' dir='ltr' id='par_1_26' title="bbox 125 1665 1142 1716">
     <span class='ocr_line' id='line_1_58' title="bbox 125 1665 1142 1716; baseline -0.005 -10"><span class='ocrx_word' id='word_1_370' title='bbox 125 1671 262 1716; x_wconf 89' lang='lat' dir='ltr'>generis</span> <span class='ocrx_word' id='word_1_371' title='bbox 295 1670 442 1706; x_wconf 90' lang='lat' dir='ltr'>humani</span> <span class='ocrx_word' id='word_1_372' title='bbox 473 1679 507 1706; x_wconf 92' lang='lat' dir='ltr'>et</span> <span class='ocrx_word' id='word_1_373' title='bbox 536 1672 718 1714; x_wconf 86' lang='lat' dir='ltr'>ordinem,</span> <span class='ocrx_word' id='word_1_374' title='bbox 752 1679 792 1706; x_wconf 87' lang='lat' dir='ltr'>ut</span> <span class='ocrx_word' id='word_1_375' title='bbox 815 1671 934 1713; x_wconf 88' lang='lat' dir='ltr'>colligi</span> <span class='ocrx_word' id='word_1_376' title='bbox 958 1669 1115 1703; x_wconf 79' lang='lat' dir='ltr'>Ecclesia</span> <span class='ocrx_word' id='word_1_377' title='bbox 1140 1665 1142 1700; x_wconf 97' lang='grc' dir='ltr'>Ι</span> 
     </span>
    </p>
   </div>
   <div class='ocr_carea' id='block_1_21' title="bbox 124 1720 1118 2730">
    <p class='ocr_par' dir='ltr' id='par_1_27' title="bbox 124 1720 1116 1859">
     <span class='ocr_line' id='line_1_59' title="bbox 125 1720 1115 1767; baseline -0.004 -11"><span class='ocrx_word' id='word_1_378' title='bbox 125 1722 255 1767; x_wconf 85' lang='lat' dir='ltr'>possit,</span> <span class='ocrx_word' id='word_1_379' title='bbox 282 1729 316 1756; x_wconf 89' lang='lat' dir='ltr'>et</span> <span class='ocrx_word' id='word_1_380' title='bbox 337 1722 429 1756; x_wconf 91' lang='lat' dir='ltr'>veris</span> <span class='ocrx_word' id='word_1_381' title='bbox 450 1722 640 1764; x_wconf 83' lang='lat' dir='ltr'>gemitibus</span> <span class='ocrx_word' id='word_1_382' title='bbox 662 1728 844 1765; x_wconf 90' lang='lat' dir='ltr'>petamus,</span> <span class='ocrx_word' id='word_1_383' title='bbox 869 1727 908 1754; x_wconf 86' lang='lat' dir='ltr'>ut</span> <span class='ocrx_word' id='word_1_384' title='bbox 934 1720 994 1754; x_wconf 88' lang='lat' dir='ltr'>det</span> <span class='ocrx_word' id='word_1_385' title='bbox 1011 1720 1115 1753; x_wconf 91' lang='lat' dir='ltr'>nobis</span> 
     </span>
     <span class='ocr_line' id='line_1_60' title="bbox 125 1770 1116 1816; baseline -0.004 -9"><span class='ocrx_word' id='word_1_386' title='bbox 125 1772 293 1807; x_wconf 89' lang='lat' dir='ltr'>salutaria</span> <span class='ocrx_word' id='word_1_387' title='bbox 317 1771 486 1816; x_wconf 87' lang='lat' dir='ltr'>imperia,</span> <span class='ocrx_word' id='word_1_388' title='bbox 517 1777 551 1805; x_wconf 90' lang='lat' dir='ltr'>et</span> <span class='ocrx_word' id='word_1_389' title='bbox 574 1782 778 1812; x_wconf 81' lang='lat' dir='ltr'>caveamuS,</span> <span class='ocrx_word' id='word_1_390' title='bbox 803 1783 848 1804; x_wconf 92' lang='lat' dir='ltr'>ne</span> <span class='ocrx_word' id='word_1_391' title='bbox 871 1770 1002 1804; x_wconf 91' lang='lat' dir='ltr'>nostris</span> <span class='ocrx_word' id='word_1_392' title='bbox 1017 1770 1116 1804; x_wconf 86' lang='lat' dir='ltr'>suro-</span> 
     </span>
     <span class='ocr_line' id='line_1_61' title="bbox 124 1822 443 1859; baseline -0.006 -2"><span class='ocrx_word' id='word_1_393' title='bbox 124 1823 226 1858; x_wconf 87' lang='lat' dir='ltr'>ribus</span> <span class='ocrx_word' id='word_1_394' title='bbox 243 1822 443 1859; x_wconf 88' lang='lat' dir='ltr'>turbentur.</span> 
     </span>
    </p>

    <p class='ocr_par' dir='ltr' id='par_1_28' title="bbox 127 1871 1117 2518">
     <span class='ocr_line' id='line_1_62' title="bbox 229 1871 1116 1915; baseline -0.003 -8"><span class='ocrx_word' id='word_1_395' title='bbox 229 1873 340 1907; x_wconf 90' lang='lat' dir='ltr'>Initio</span> <span class='ocrx_word' id='word_1_396' title='bbox 367 1872 483 1908; x_wconf 88' lang='lat' dir='ltr'>Roma</span> <span class='ocrx_word' id='word_1_397' title='bbox 511 1872 704 1915; x_wconf 87' lang='lat' dir='ltr'>gubernata</span> <span class='ocrx_word' id='word_1_398' title='bbox 732 1877 783 1905; x_wconf 90' lang='lat' dir='ltr'>est</span> <span class='ocrx_word' id='word_1_399' title='bbox 808 1883 827 1905; x_wconf 92' lang='lat' dir='ltr'>a</span> <span class='ocrx_word' id='word_1_400' title='bbox 857 1871 1017 1915; x_wconf 84' lang='lat' dir='ltr'>regibus,</span> <span class='ocrx_word' id='word_1_401' title='bbox 1052 1883 1116 1904; x_wconf 91' lang='lat' dir='ltr'>an-</span> 
     </span>
     <span class='ocr_line' id='line_1_63' title="bbox 127 1920 1115 1969; baseline -0.005 -10"><span class='ocrx_word' id='word_1_402' title='bbox 127 1936 194 1959; x_wconf 89' lang='lat' dir='ltr'>nos</span> <span class='ocrx_word' id='word_1_403' title='bbox 215 1923 301 1966; x_wconf 74' lang='lat'>244,</span> <span class='ocrx_word' id='word_1_404' title='bbox 322 1930 409 1958; x_wconf 87' lang='lat' dir='ltr'>teste</span> <span class='ocrx_word' id='word_1_405' title='bbox 433 1922 555 1964; x_wconf 87' lang='lat' dir='ltr'>Livio,</span> <span class='ocrx_word' id='word_1_406' title='bbox 582 1935 686 1969; x_wconf 89' lang='lat' dir='ltr'>quem</span> <span class='ocrx_word' id='word_1_407' title='bbox 714 1922 752 1955; x_wconf 92' lang='lat' dir='ltr'>in</span> <span class='ocrx_word' id='word_1_408' title='bbox 776 1921 939 1957; x_wconf 88' lang='lat' dir='ltr'>Romana</span> <span class='ocrx_word' id='word_1_409' title='bbox 968 1920 1115 1957; x_wconf 86' lang='lat' dir='ltr'>historia</span> 
     </span>
     <span class='ocr_line' id='line_1_64' title="bbox 128 1973 1115 2022; baseline -0.004 -13"><span class='ocrx_word' id='word_1_410' title='bbox 128 1975 228 2022; x_wconf 88' lang='lat' dir='ltr'>sequi</span> <span class='ocrx_word' id='word_1_411' title='bbox 242 1975 473 2009; x_wconf 89' lang='lat' dir='ltr'>rectissimum</span> <span class='ocrx_word' id='word_1_412' title='bbox 494 1981 556 2008; x_wconf 85' lang='lat' dir='ltr'>est.</span> <span class='ocrx_word' id='word_1_413' title='bbox 610 1973 716 2018; x_wconf 87' lang='lat' dir='ltr'>Apud</span> <span class='ocrx_word' id='word_1_414' title='bbox 740 1973 855 2018; x_wconf 90' lang='lat' dir='ltr'>ipsum</span> <span class='ocrx_word' id='word_1_415' title='bbox 879 1973 982 2006; x_wconf 86' lang='lat' dir='ltr'>etiam</span> <span class='ocrx_word' id='word_1_416' title='bbox 997 1984 1115 2006; x_wconf 90' lang='lat' dir='ltr'>rerum</span> 
     </span>
     <span class='ocr_line' id='line_1_65' title="bbox 130 2024 1117 2070; baseline -0.004 -10"><span class='ocrx_word' id='word_1_417' title='bbox 130 2032 304 2070; x_wconf 83' lang='lat' dir='ltr'>gestarum</span> <span class='ocrx_word' id='word_1_418' title='bbox 330 2026 435 2059; x_wconf 90' lang='lat' dir='ltr'>series</span> <span class='ocrx_word' id='word_1_419' title='bbox 464 2025 609 2068; x_wconf 81' lang='lat' dir='ltr'>legenda</span> <span class='ocrx_word' id='word_1_420' title='bbox 642 2031 710 2066; x_wconf 88' lang='lat' dir='ltr'>est,</span> <span class='ocrx_word' id='word_1_421' title='bbox 744 2031 777 2058; x_wconf 89' lang='lat' dir='ltr'>et</span> <span class='ocrx_word' id='word_1_422' title='bbox 807 2024 1117 2065; x_wconf 90' lang='lat' dir='ltr'>considerandum,</span> 
     </span>
     <span class='ocr_line' id='line_1_66' title="bbox 129 2074 1115 2120; baseline -0.004 -9"><span class='ocrx_word' id='word_1_423' title='bbox 129 2077 279 2112; x_wconf 86' lang='lat' dir='ltr'>crevisse</span> <span class='ocrx_word' id='word_1_424' title='bbox 296 2077 487 2120; x_wconf 88' lang='lat' dir='ltr'>potentiam</span> <span class='ocrx_word' id='word_1_425' title='bbox 505 2076 591 2109; x_wconf 86' lang='lat' dir='ltr'>soris</span> <span class='ocrx_word' id='word_1_426' title='bbox 607 2075 752 2109; x_wconf 87' lang='lat' dir='ltr'>militari</span> <span class='ocrx_word' id='word_1_427' title='bbox 769 2075 889 2109; x_wconf 88' lang='lat' dir='ltr'>labore</span> <span class='ocrx_word' id='word_1_428' title='bbox 908 2081 941 2108; x_wconf 88' lang='lat' dir='ltr'>et</span> <span class='ocrx_word' id='word_1_429' title='bbox 957 2074 1115 2119; x_wconf 87' lang='lat' dir='ltr'>discipli-</span> 
     </span>
     <span class='ocr_line' id='line_1_67' title="bbox 129 2126 1117 2170; baseline -0.003 -9"><span class='ocrx_word' id='word_1_430' title='bbox 129 2140 192 2161; x_wconf 85' lang='lat' dir='ltr'>na:</span> <span class='ocrx_word' id='word_1_431' title='bbox 223 2128 321 2161; x_wconf 90' lang='lat' dir='ltr'>domi</span> <span class='ocrx_word' id='word_1_432' title='bbox 341 2140 423 2161; x_wconf 88' lang='lat' dir='ltr'>vero</span> <span class='ocrx_word' id='word_1_433' title='bbox 443 2127 613 2161; x_wconf 86' lang='lat' dir='ltr'>modestia</span> <span class='ocrx_word' id='word_1_434' title='bbox 633 2132 665 2160; x_wconf 87' lang='lat' dir='ltr'>et</span> <span class='ocrx_word' id='word_1_435' title='bbox 683 2126 818 2160; x_wconf 89' lang='lat' dir='ltr'>iusticia</span> <span class='ocrx_word' id='word_1_436' title='bbox 838 2126 1117 2170; x_wconf 78' lang='lat' dir='ltr'>gubernationis,</span> 
     </span>
     <span class='ocr_line' id='line_1_68' title="bbox 130 2177 1116 2221; baseline -0.003 -9"><span class='ocrx_word' id='word_1_437' title='bbox 130 2186 164 2213; x_wconf 87' lang='lat' dir='ltr'>et</span> <span class='ocrx_word' id='word_1_438' title='bbox 181 2179 347 2212; x_wconf 86' lang='lat' dir='ltr'>ordinum</span> <span class='ocrx_word' id='word_1_439' title='bbox 373 2191 412 2211; x_wconf 89' lang='lat' dir='ltr'>ac</span> <span class='ocrx_word' id='word_1_440' title='bbox 433 2190 582 2212; x_wconf 90' lang='lat' dir='ltr'>onerum</span> <span class='ocrx_word' id='word_1_441' title='bbox 599 2177 838 2214; x_wconf 81' lang='lat' dir='ltr'>distinctione.</span> <span class='ocrx_word' id='word_1_442' title='bbox 891 2177 1014 2211; x_wconf 85' lang='lat' dir='ltr'>Postea</span> <span class='ocrx_word' id='word_1_443' title='bbox 1034 2188 1116 2221; x_wconf 87' lang='lat' dir='ltr'>pro-</span> 
     </span>
     <span class='ocr_line' id='line_1_69' title="bbox 130 2227 1115 2275; baseline -0.003 -12"><span class='ocrx_word' id='word_1_444' title='bbox 130 2237 208 2274; x_wconf 89' lang='lat' dir='ltr'>pter</span> <span class='ocrx_word' id='word_1_445' title='bbox 240 2229 462 2275; x_wconf 86' lang='lat' dir='ltr'>tyrannidem</span> <span class='ocrx_word' id='word_1_446' title='bbox 493 2235 526 2263; x_wconf 87' lang='lat' dir='ltr'>et</span> <span class='ocrx_word' id='word_1_447' title='bbox 556 2229 723 2262; x_wconf 85' lang='lat' dir='ltr'>libidines</span> <span class='ocrx_word' id='word_1_448' title='bbox 752 2229 888 2273; x_wconf 89' lang='lat' dir='ltr'>pulsam</span> <span class='ocrx_word' id='word_1_449' title='bbox 915 2239 987 2261; x_wconf 89' lang='lat' dir='ltr'>esse</span> <span class='ocrx_word' id='word_1_450' title='bbox 1014 2227 1115 2260; x_wconf 85' lang='lat' dir='ltr'>sami-</span> 
     </span>
     <span class='ocr_line' id='line_1_70' title="bbox 131 2279 1115 2323; baseline -0.003 -9"><span class='ocrx_word' id='word_1_451' title='bbox 131 2280 217 2314; x_wconf 87' lang='lat' dir='ltr'>liam</span> <span class='ocrx_word' id='word_1_452' title='bbox 239 2280 390 2323; x_wconf 84' lang='lat' dir='ltr'>regiam,</span> <span class='ocrx_word' id='word_1_453' title='bbox 420 2280 510 2314; x_wconf 86' lang='lat' dir='ltr'>sicut</span> <span class='ocrx_word' id='word_1_454' title='bbox 524 2279 723 2323; x_wconf 86' lang='lat' dir='ltr'>saepissime</span> <span class='ocrx_word' id='word_1_455' title='bbox 740 2291 861 2313; x_wconf 89' lang='lat' dir='ltr'>causae</span> <span class='ocrx_word' id='word_1_456' title='bbox 879 2279 1115 2313; x_wconf 84' lang='lat' dir='ltr'>mutationum</span> 
     </span>
     <span class='ocr_line' id='line_1_71' title="bbox 133 2329 1116 2374; baseline -0.001 -11"><span class='ocrx_word' id='word_1_457' title='bbox 133 2332 172 2364; x_wconf 89' lang='lat' dir='ltr'>in</span> <span class='ocrx_word' id='word_1_458' title='bbox 199 2331 354 2374; x_wconf 90' lang='lat' dir='ltr'>imperiis</span> <span class='ocrx_word' id='word_1_459' title='bbox 377 2330 545 2364; x_wconf 85' lang='lat' dir='ltr'>libidines</span> <span class='ocrx_word' id='word_1_460' title='bbox 571 2331 731 2371; x_wconf 89' lang='lat' dir='ltr'>suerunt,</span> <span class='ocrx_word' id='word_1_461' title='bbox 764 2330 858 2364; x_wconf 83' lang='lat' dir='ltr'>iuxta</span> <span class='ocrx_word' id='word_1_462' title='bbox 879 2331 1012 2364; x_wconf 77' lang='lat' dir='ltr'>(lictum</span> <span class='ocrx_word' id='word_1_463' title='bbox 1034 2329 1116 2363; x_wconf 91' lang='lat' dir='ltr'>uni-</span> 
     </span>
     <span class='ocr_line' id='line_1_72' title="bbox 133 2379 1116 2427; baseline -0.001 -13"><span class='ocrx_word' id='word_1_464' title='bbox 133 2381 283 2415; x_wconf 82' lang='lat' dir='ltr'>versale:</span> <span class='ocrx_word' id='word_1_465' title='bbox 313 2379 442 2415; x_wconf 90' lang='lat' dir='ltr'>Omnis</span> <span class='ocrx_word' id='word_1_466' title='bbox 459 2382 575 2415; x_wconf 88' lang='lat' dir='ltr'>anima</span> <span class='ocrx_word' id='word_1_467' title='bbox 595 2394 682 2427; x_wconf 88' lang='lat' dir='ltr'>quae</span> <span class='ocrx_word' id='word_1_468' title='bbox 699 2381 819 2415; x_wconf 84' lang='lat' dir='ltr'>fecerit</span> <span class='ocrx_word' id='word_1_469' title='bbox 836 2380 1116 2415; x_wconf 75' lang='lat' dir='ltr'>abominationes</span> 
     </span>
     <span class='ocr_line' id='line_1_73' title="bbox 135 2431 1113 2474; baseline -0.003 -8"><span class='ocrx_word' id='word_1_470' title='bbox 135 2431 217 2473; x_wconf 89' lang='lat' dir='ltr'>has,</span> <span class='ocrx_word' id='word_1_471' title='bbox 245 2432 492 2470; x_wconf 79' lang='lat' dir='ltr'>eradicabitur.</span> <span class='ocrx_word' id='word_1_472' title='bbox 546 2432 617 2467; x_wconf 84' lang='lat' dir='ltr'>llic</span> <span class='ocrx_word' id='word_1_473' title='bbox 641 2432 797 2466; x_wconf 76' lang='lat' dir='ltr'>breviter</span> <span class='ocrx_word' id='word_1_474' title='bbox 822 2432 967 2466; x_wconf 85' lang='lat' dir='ltr'>nomina</span> <span class='ocrx_word' id='word_1_475' title='bbox 992 2443 1113 2474; x_wconf 77' lang='lat' dir='ltr'>regum</span> 
     </span>
     <span class='ocr_line' id='line_1_74' title="bbox 135 2483 386 2518; baseline 0 -1"><span class='ocrx_word' id='word_1_476' title='bbox 135 2483 386 2518; x_wconf 82' lang='lat' dir='ltr'>adscribemus.</span> 
     </span>
    </p>

    <p class='ocr_par' dir='ltr' id='par_1_29' title="bbox 238 2530 1040 2576">
     <span class='ocr_line' id='line_1_75' title="bbox 238 2530 1040 2576; baseline -0.001 -9"><span class='ocrx_word' id='word_1_477' title='bbox 238 2530 350 2567; x_wconf 85' lang='lat' dir='ltr'>Rom</span> <span class='ocrx_word' id='word_1_478' title='bbox 363 2530 467 2566; x_wconf 87' lang='lat' dir='ltr'>ulus</span> <span class='ocrx_word' id='word_1_479' title='bbox 491 2533 647 2576; x_wconf 83' lang='lat' dir='ltr'>regnavit</span> <span class='ocrx_word' id='word_1_480' title='bbox 664 2545 775 2567; x_wconf 90' lang='lat' dir='ltr'>annos</span> <span class='ocrx_word' id='word_1_481' title='bbox 793 2533 936 2576; x_wconf 82' lang='lat' dir='ltr'>triginta</span> <span class='ocrx_word' id='word_1_482' title='bbox 951 2540 1040 2568; x_wconf 82' lang='lat' dir='ltr'>octo.</span> 
     </span>
    </p>

    <p class='ocr_par' dir='ltr' id='par_1_30' title="bbox 238 2581 862 2629">
     <span class='ocr_line' id='line_1_76' title="bbox 238 2581 862 2629; baseline -0.002 -10"><span class='ocrx_word' id='word_1_483' title='bbox 238 2581 309 2619; x_wconf 87' lang='lat' dir='ltr'>Nu</span> <span class='ocrx_word' id='word_1_484' title='bbox 321 2596 387 2617; x_wconf 81' lang='lat' dir='ltr'>ma</span> <span class='ocrx_word' id='word_1_485' title='bbox 406 2595 516 2617; x_wconf 89' lang='lat' dir='ltr'>anuos</span> <span class='ocrx_word' id='word_1_486' title='bbox 533 2585 764 2629; x_wconf 79' lang='lat' dir='ltr'>quadraginta</span> <span class='ocrx_word' id='word_1_487' title='bbox 782 2591 862 2619; x_wconf 74' lang='lat' dir='ltr'>tros.</span> 
     </span>
    </p>

    <p class='ocr_par' dir='ltr' id='par_1_31' title="bbox 137 2632 1118 2730">
     <span class='ocr_line' id='line_1_77' title="bbox 240 2632 1118 2678; baseline -0.002 -9"><span class='ocrx_word' id='word_1_488' title='bbox 240 2632 434 2669; x_wconf 84' lang='lat' dir='ltr'>Tullius</span> <span class='ocrx_word' id='word_1_489' title='bbox 460 2632 707 2670; x_wconf 62' lang='lat' dir='ltr'>llos-lilius</span> <span class='ocrx_word' id='word_1_490' title='bbox 733 2635 876 2678; x_wconf 69' lang='lat' dir='ltr'>triginta</span> <span class='ocrx_word' id='word_1_491' title='bbox 897 2636 997 2668; x_wconf 86' lang='lat' dir='ltr'>duos.</span> <span class='ocrx_word' id='word_1_492' title='bbox 1051 2633 1118 2667; x_wconf 87' lang='lat' dir='ltr'>llic</span> 
     </span>
     <span class='ocr_line' id='line_1_78' title="bbox 137 2684 1116 2730; baseline -0.002 -10"><span class='ocrx_word' id='word_1_493' title='bbox 137 2685 267 2720; x_wconf 83' lang='lat' dir='ltr'>delevit</span> <span class='ocrx_word' id='word_1_494' title='bbox 279 2684 418 2726; x_wconf 87' lang='lat' dir='ltr'>Albam,</span> <span class='ocrx_word' id='word_1_495' title='bbox 442 2692 474 2718; x_wconf 92' lang='lat' dir='ltr'>et</span> <span class='ocrx_word' id='word_1_496' title='bbox 485 2685 576 2719; x_wconf 88' lang='lat' dir='ltr'>cives</span> <span class='ocrx_word' id='word_1_497' title='bbox 585 2685 735 2720; x_wconf 84' lang='lat' dir='ltr'>Romam</span> <span class='ocrx_word' id='word_1_498' title='bbox 747 2687 897 2729; x_wconf 76' lang='lat' dir='ltr'>migrare.</span> <span class='ocrx_word' id='word_1_499' title='bbox 913 2686 1034 2730; x_wconf 63' lang='lat' dir='ltr'>coegit.</span> <span class='ocrx_word' id='word_1_500' title='bbox 1077 2687 1116 2719; x_wconf 89' lang='lat' dir='ltr'>ln</span> 
     </span>
    </p>
   </div>
   <div class='ocr_carea' id='block_1_22' title="bbox 191 2736 721 2771">
    <p class='ocr_par' dir='ltr' id='par_1_32' title="bbox 191 2736 721 2771">
     <span class='ocr_line' id='line_1_79' title="bbox 191 2736 721 2771; baseline 0.002 -1"><span class='ocrx_word' id='word_1_501' title='bbox 191 2736 373 2770; x_wconf 63' lang='lat' dir='ltr'>Mumw.</span> <span class='ocrx_word' id='word_1_502' title='bbox 403 2739 506 2770; x_wconf 69' lang='lat' dir='ltr'>Orza.</span> <span class='ocrx_word' id='word_1_503' title='bbox 534 2738 617 2770; x_wconf 71' lang='lat' dir='ltr'>vor..</span> <span class='ocrx_word' id='word_1_504' title='bbox 645 2738 721 2771; x_wconf 86' lang='lat' dir='ltr'>Xll.</span> 
     </span>
    </p>
   </div>
   <div class='ocr_carea' id='block_1_23' title="bbox 1168 1467 2162 2731">
    <p class='ocr_par' dir='ltr' id='par_1_33' title="bbox 1168 1467 2020 1507">
     <span class='ocr_line' id='line_1_80' title="bbox 1168 1467 2020 1507; baseline 0.004 -5"><span class='ocrx_word' id='word_1_505' title='bbox 1168 1467 1313 1502; x_wconf 88' lang='lat' dir='ltr'>narchia</span> <span class='ocrx_word' id='word_1_506' title='bbox 1331 1481 1350 1503; x_wconf 85' lang='lat' dir='ltr'>a</span> <span class='ocrx_word' id='word_1_507' title='bbox 1369 1467 1559 1503; x_wconf 86' lang='lat' dir='ltr'>Chaldaeis</span> <span class='ocrx_word' id='word_1_508' title='bbox 1575 1471 1616 1504; x_wconf 89' lang='lat' dir='ltr'>ad</span> <span class='ocrx_word' id='word_1_509' title='bbox 1633 1470 1756 1504; x_wconf 85' lang='lat' dir='ltr'>Persas</span> <span class='ocrx_word' id='word_1_510' title='bbox 1773 1472 1941 1505; x_wconf 88' lang='lat' dir='ltr'>translata</span> <span class='ocrx_word' id='word_1_511' title='bbox 1960 1478 2020 1507; x_wconf 85' lang='lat' dir='ltr'>est.</span> 
     </span>
    </p>

    <p class='ocr_par' dir='ltr' id='par_1_34' title="bbox 1169 1519 2162 1868">
     <span class='ocr_line' id='line_1_81' title="bbox 1270 1519 2160 1566; baseline 0.004 -14"><span class='ocrx_word' id='word_1_512' title='bbox 1270 1519 1346 1553; x_wconf 85' lang='lat' dir='ltr'>Hac</span> <span class='ocrx_word' id='word_1_513' title='bbox 1362 1521 1593 1554; x_wconf 88' lang='lat' dir='ltr'>translatione</span> <span class='ocrx_word' id='word_1_514' title='bbox 1610 1519 1706 1554; x_wconf 91' lang='lat' dir='ltr'>Deus</span> <span class='ocrx_word' id='word_1_515' title='bbox 1728 1521 1832 1554; x_wconf 87' lang='lat' dir='ltr'>simul</span> <span class='ocrx_word' id='word_1_516' title='bbox 1852 1529 1885 1556; x_wconf 90' lang='lat' dir='ltr'>et</span> <span class='ocrx_word' id='word_1_517' title='bbox 1909 1522 2051 1566; x_wconf 89' lang='lat' dir='ltr'>punivit</span> <span class='ocrx_word' id='word_1_518' title='bbox 2068 1523 2160 1556; x_wconf 88' lang='lat' dir='ltr'>blas-</span> 
     </span>
     <span class='ocr_line' id='line_1_82' title="bbox 1169 1567 2161 1614; baseline 0.004 -12"><span class='ocrx_word' id='word_1_519' title='bbox 1169 1567 1336 1614; x_wconf 90' lang='lat' dir='ltr'>phemum</span> <span class='ocrx_word' id='word_1_520' title='bbox 1355 1582 1491 1614; x_wconf 87' lang='lat' dir='ltr'>regem,</span> <span class='ocrx_word' id='word_1_521' title='bbox 1519 1578 1551 1605; x_wconf 89' lang='lat' dir='ltr'>et</span> <span class='ocrx_word' id='word_1_522' title='bbox 1576 1571 1767 1605; x_wconf 82' lang='lat' dir='ltr'>Ecclesiam</span> <span class='ocrx_word' id='word_1_523' title='bbox 1798 1573 1996 1606; x_wconf 90' lang='lat' dir='ltr'>exulantem</span> <span class='ocrx_word' id='word_1_524' title='bbox 2022 1574 2161 1606; x_wconf 83' lang='lat' dir='ltr'>reduxit</span> 
     </span>
     <span class='ocr_line' id='line_1_83' title="bbox 1169 1621 2161 1667; baseline 0.003 -14"><span class='ocrx_word' id='word_1_525' title='bbox 1169 1621 1206 1653; x_wconf 94' lang='lat' dir='ltr'>in</span> <span class='ocrx_word' id='word_1_526' title='bbox 1238 1621 1387 1665; x_wconf 84' lang='lat' dir='ltr'>patriam</span> <span class='ocrx_word' id='word_1_527' title='bbox 1400 1648 1410 1662; x_wconf 91' lang='lat'>,</span> <span class='ocrx_word' id='word_1_528' title='bbox 1441 1634 1486 1655; x_wconf 90' lang='lat' dir='ltr'>ne</span> <span class='ocrx_word' id='word_1_529' title='bbox 1517 1623 1544 1655; x_wconf 90' lang='lat' dir='ltr'>si</span> <span class='ocrx_word' id='word_1_530' title='bbox 1575 1622 1656 1656; x_wconf 80' lang='lat' dir='ltr'>finis</span> <span class='ocrx_word' id='word_1_531' title='bbox 1686 1634 1759 1655; x_wconf 89' lang='lat' dir='ltr'>nou</span> <span class='ocrx_word' id='word_1_532' title='bbox 1790 1630 1879 1657; x_wconf 85' lang='lat' dir='ltr'>esset</span> <span class='ocrx_word' id='word_1_533' title='bbox 1909 1624 2161 1667; x_wconf 87' lang='lat' dir='ltr'>dissipationis,</span> 
     </span>
     <span class='ocr_line' id='line_1_84' title="bbox 1169 1671 2162 1717; baseline 0.005 -15"><span class='ocrx_word' id='word_1_534' title='bbox 1169 1682 1253 1711; x_wconf 86' lang='lat' dir='ltr'>gens</span> <span class='ocrx_word' id='word_1_535' title='bbox 1281 1671 1410 1704; x_wconf 86' lang='lat' dir='ltr'>Iudaea</span> <span class='ocrx_word' id='word_1_536' title='bbox 1434 1673 1595 1706; x_wconf 87' lang='lat' dir='ltr'>funditus</span> <span class='ocrx_word' id='word_1_537' title='bbox 1621 1672 1769 1716; x_wconf 84' lang='lat' dir='ltr'>periret,</span> <span class='ocrx_word' id='word_1_538' title='bbox 1803 1686 1907 1717; x_wconf 88' lang='lat' dir='ltr'>quam</span> <span class='ocrx_word' id='word_1_539' title='bbox 1933 1674 2045 1708; x_wconf 85' lang='lat' dir='ltr'>voluit</span> <span class='ocrx_word' id='word_1_540' title='bbox 2066 1673 2162 1708; x_wconf 90' lang='lat' dir='ltr'>Deus</span> 
     </span>
     <span class='ocr_line' id='line_1_85' title="bbox 1170 1717 2161 1769; baseline 0.004 -17"><span class='ocrx_word' id='word_1_541' title='bbox 1170 1717 1300 1753; x_wconf 90' lang='lat' dir='ltr'>habere</span> <span class='ocrx_word' id='word_1_542' title='bbox 1321 1727 1450 1754; x_wconf 90' lang='lat' dir='ltr'>certam</span> <span class='ocrx_word' id='word_1_543' title='bbox 1465 1723 1582 1755; x_wconf 88' lang='lat' dir='ltr'>sedem</span> <span class='ocrx_word' id='word_1_544' title='bbox 1600 1729 1634 1756; x_wconf 88' lang='lat' dir='ltr'>et</span> <span class='ocrx_word' id='word_1_545' title='bbox 1650 1723 1821 1765; x_wconf 85' lang='lat' dir='ltr'>politiam,</span> <span class='ocrx_word' id='word_1_546' title='bbox 1845 1731 1882 1756; x_wconf 91' lang='lat' dir='ltr'>ut</span> <span class='ocrx_word' id='word_1_547' title='bbox 1898 1724 2056 1764; x_wconf 82' lang='lat' dir='ltr'>sciretur,</span> <span class='ocrx_word' id='word_1_548' title='bbox 2072 1737 2161 1769; x_wconf 83' lang='lat' dir='ltr'>quae</span> 
     </span>
     <span class='ocr_line' id='line_1_86' title="bbox 1169 1770 2161 1813; baseline 0.005 -10"><span class='ocrx_word' id='word_1_549' title='bbox 1169 1777 1202 1803; x_wconf 92' lang='lat' dir='ltr'>et</span> <span class='ocrx_word' id='word_1_550' title='bbox 1222 1770 1285 1804; x_wconf 92' lang='lat' dir='ltr'>ubi</span> <span class='ocrx_word' id='word_1_551' title='bbox 1311 1777 1399 1804; x_wconf 91' lang='lat' dir='ltr'>esset</span> <span class='ocrx_word' id='word_1_552' title='bbox 1421 1784 1503 1805; x_wconf 89' lang='lat' dir='ltr'>vera</span> <span class='ocrx_word' id='word_1_553' title='bbox 1524 1773 1568 1805; x_wconf 89' lang='lat' dir='ltr'>de</span> <span class='ocrx_word' id='word_1_554' title='bbox 1586 1771 1661 1806; x_wconf 92' lang='lat' dir='ltr'>Deo</span> <span class='ocrx_word' id='word_1_555' title='bbox 1689 1773 1848 1807; x_wconf 90' lang='lat' dir='ltr'>doctrina</span> <span class='ocrx_word' id='word_1_556' title='bbox 1872 1781 1905 1808; x_wconf 89' lang='lat' dir='ltr'>et</span> <span class='ocrx_word' id='word_1_557' title='bbox 1927 1774 2100 1813; x_wconf 86' lang='lat' dir='ltr'>Ecclesia,</span> <span class='ocrx_word' id='word_1_558' title='bbox 2129 1782 2161 1808; x_wconf 90' lang='lat' dir='ltr'>et</span> 
     </span>
     <span class='ocr_line' id='line_1_87' title="bbox 1169 1821 2076 1868; baseline 0.006 -14"><span class='ocrx_word' id='word_1_559' title='bbox 1169 1822 1231 1854; x_wconf 87' lang='lat' dir='ltr'>ubi</span> <span class='ocrx_word' id='word_1_560' title='bbox 1248 1821 1354 1855; x_wconf 88' lang='lat' dir='ltr'>vellet</span> <span class='ocrx_word' id='word_1_561' title='bbox 1377 1823 1494 1864; x_wconf 88' lang='lat' dir='ltr'>nasci,</span> <span class='ocrx_word' id='word_1_562' title='bbox 1519 1823 1675 1868; x_wconf 89' lang='lat' dir='ltr'>conspici</span> <span class='ocrx_word' id='word_1_563' title='bbox 1703 1830 1737 1857; x_wconf 91' lang='lat' dir='ltr'>et</span> <span class='ocrx_word' id='word_1_564' title='bbox 1764 1824 1879 1857; x_wconf 89' lang='lat' dir='ltr'>audiri</span> <span class='ocrx_word' id='word_1_565' title='bbox 1897 1823 2076 1860; x_wconf 85' lang='lat' dir='ltr'>Messiam.</span> 
     </span>
    </p>

    <p class='ocr_par' dir='ltr' id='par_1_35' title="bbox 1169 1871 2161 2314">
     <span class='ocr_line' id='line_1_88' title="bbox 1272 1871 2160 1918; baseline 0.006 -14"><span class='ocrx_word' id='word_1_566' title='bbox 1272 1871 1425 1915; x_wconf 87' lang='lat' dir='ltr'>Legatur</span> <span class='ocrx_word' id='word_1_567' title='bbox 1457 1880 1573 1907; x_wconf 90' lang='lat' dir='ltr'>autem</span> <span class='ocrx_word' id='word_1_568' title='bbox 1604 1875 1697 1918; x_wconf 87' lang='lat' dir='ltr'>apud</span> <span class='ocrx_word' id='word_1_569' title='bbox 1724 1874 1908 1908; x_wconf 88' lang='lat' dir='ltr'>Danielem</span> <span class='ocrx_word' id='word_1_570' title='bbox 1944 1874 2089 1910; x_wconf 86' lang='lat' dir='ltr'>historia</span> <span class='ocrx_word' id='word_1_571' title='bbox 2118 1878 2160 1909; x_wconf 88' lang='lat' dir='ltr'>de</span> 
     </span>
     <span class='ocr_line' id='line_1_89' title="bbox 1170 1922 2161 1968; baseline 0.004 -13"><span class='ocrx_word' id='word_1_572' title='bbox 1170 1932 1272 1955; x_wconf 89' lang='lat' dir='ltr'>causa</span> <span class='ocrx_word' id='word_1_573' title='bbox 1294 1923 1483 1957; x_wconf 87' lang='lat' dir='ltr'>translatae</span> <span class='ocrx_word' id='word_1_574' title='bbox 1504 1922 1747 1964; x_wconf 84' lang='lat' dir='ltr'>monarchiae,</span> <span class='ocrx_word' id='word_1_575' title='bbox 1774 1926 1817 1957; x_wconf 89' lang='lat' dir='ltr'>de</span> <span class='ocrx_word' id='word_1_576' title='bbox 1834 1923 2061 1968; x_wconf 85' lang='lat' dir='ltr'>blasphemiis</span> <span class='ocrx_word' id='word_1_577' title='bbox 2077 1926 2161 1959; x_wconf 88' lang='lat' dir='ltr'>Bal-</span> 
     </span>
     <span class='ocr_line' id='line_1_90' title="bbox 1170 1972 2159 2019; baseline 0.004 -13"><span class='ocrx_word' id='word_1_578' title='bbox 1170 1972 1323 2014; x_wconf 89' lang='lat' dir='ltr'>dassari‚</span> <span class='ocrx_word' id='word_1_579' title='bbox 1350 1980 1384 2007; x_wconf 89' lang='lat' dir='ltr'>et</span> <span class='ocrx_word' id='word_1_580' title='bbox 1400 1975 1442 2007; x_wconf 92' lang='lat' dir='ltr'>de</span> <span class='ocrx_word' id='word_1_581' title='bbox 1458 1986 1567 2007; x_wconf 89' lang='lat' dir='ltr'>manu</span> <span class='ocrx_word' id='word_1_582' title='bbox 1585 1975 1771 2008; x_wconf 87' lang='lat' dir='ltr'>scribentis</span> <span class='ocrx_word' id='word_1_583' title='bbox 1794 1975 1830 2008; x_wconf 91' lang='lat' dir='ltr'>in</span> <span class='ocrx_word' id='word_1_584' title='bbox 1848 1976 1978 2019; x_wconf 86' lang='lat' dir='ltr'>pariete</span> <span class='ocrx_word' id='word_1_585' title='bbox 1997 1977 2062 2010; x_wconf 83' lang='lat' dir='ltr'>tria</span> <span class='ocrx_word' id='word_1_586' title='bbox 2081 1989 2159 2010; x_wconf 91' lang='lat' dir='ltr'>ver-</span> 
     </span>
     <span class='ocr_line' id='line_1_91' title="bbox 1170 2024 2160 2070; baseline 0.005 -14"><span class='ocrx_word' id='word_1_587' title='bbox 1170 2024 1232 2062; x_wconf 86' lang='lat' dir='ltr'>ba,</span> <span class='ocrx_word' id='word_1_588' title='bbox 1260 2035 1350 2067; x_wconf 87' lang='lat' dir='ltr'>quae</span> <span class='ocrx_word' id='word_1_589' title='bbox 1373 2024 1591 2068; x_wconf 80' lang='lat' dir='ltr'>significant,</span> <span class='ocrx_word' id='word_1_590' title='bbox 1618 2025 1837 2059; x_wconf 89' lang='lat' dir='ltr'>circumactis</span> <span class='ocrx_word' id='word_1_591' title='bbox 1859 2026 2013 2070; x_wconf 91' lang='lat' dir='ltr'>periodis</span> <span class='ocrx_word' id='word_1_592' title='bbox 2034 2038 2160 2070; x_wconf 86' lang='lat' dir='ltr'>regno-</span> 
     </span>
     <span class='ocr_line' id='line_1_92' title="bbox 1169 2075 2160 2122; baseline 0.004 -15"><span class='ocrx_word' id='word_1_593' title='bbox 1169 2087 1247 2107; x_wconf 86' lang='lat' dir='ltr'>rum</span> <span class='ocrx_word' id='word_1_594' title='bbox 1263 2075 1407 2108; x_wconf 76' lang='lat' dir='ltr'>deficere</span> <span class='ocrx_word' id='word_1_595' title='bbox 1424 2076 1664 2117; x_wconf 88' lang='lat' dir='ltr'>autoritatem,</span> <span class='ocrx_word' id='word_1_596' title='bbox 1692 2083 1724 2109; x_wconf 89' lang='lat' dir='ltr'>et</span> <span class='ocrx_word' id='word_1_597' title='bbox 1742 2088 1822 2110; x_wconf 85' lang='lat' dir='ltr'>mox</span> <span class='ocrx_word' id='word_1_598' title='bbox 1841 2077 1938 2122; x_wconf 88' lang='lat' dir='ltr'>sequi</span> <span class='ocrx_word' id='word_1_599' title='bbox 1956 2077 2160 2119; x_wconf 79' lang='lat' dir='ltr'>discordias,</span> 
     </span>
     <span class='ocr_line' id='line_1_93' title="bbox 1170 2126 2158 2172; baseline 0.003 -14"><span class='ocrx_word' id='word_1_600' title='bbox 1170 2137 1258 2171; x_wconf 90' lang='lat' dir='ltr'>quae</span> <span class='ocrx_word' id='word_1_601' title='bbox 1288 2132 1370 2159; x_wconf 91' lang='lat' dir='ltr'>sunt</span> <span class='ocrx_word' id='word_1_602' title='bbox 1401 2127 1566 2160; x_wconf 84' lang='lat' dir='ltr'>exitiosae</span> <span class='ocrx_word' id='word_1_603' title='bbox 1590 2127 1761 2172; x_wconf 61' lang='lat' dir='ltr'>imperii&amp;</span> <span class='ocrx_word' id='word_1_604' title='bbox 1821 2126 2011 2170; x_wconf 86' lang='lat' dir='ltr'>Quomodo</span> <span class='ocrx_word' id='word_1_605' title='bbox 2042 2135 2158 2162; x_wconf 85' lang='lat' dir='ltr'>autem</span> 
     </span>
     <span class='ocr_line' id='line_1_94' title="bbox 1170 2177 2159 2222; baseline 0.002 -13"><span class='ocrx_word' id='word_1_606' title='bbox 1170 2183 1367 2220; x_wconf 85' lang='lat' dir='ltr'>congruant</span> <span class='ocrx_word' id='word_1_607' title='bbox 1381 2178 1633 2222; x_wconf 87' lang='lat' dir='ltr'>appellationes</span> <span class='ocrx_word' id='word_1_608' title='bbox 1649 2189 1768 2222; x_wconf 83' lang='lat' dir='ltr'>regum</span> <span class='ocrx_word' id='word_1_609' title='bbox 1779 2177 2001 2211; x_wconf 87' lang='lat' dir='ltr'>Persicorum</span> <span class='ocrx_word' id='word_1_610' title='bbox 2017 2190 2034 2212; x_wconf 91' lang='lat' dir='ltr'>a</span> <span class='ocrx_word' id='word_1_611' title='bbox 2046 2178 2159 2213; x_wconf 84' lang='lat' dir='ltr'>Grae-</span> 
     </span>
     <span class='ocr_line' id='line_1_95' title="bbox 1170 2227 2158 2269; baseline 0.003 -9"><span class='ocrx_word' id='word_1_612' title='bbox 1170 2227 1219 2260; x_wconf 89' lang='lat' dir='ltr'>cis</span> <span class='ocrx_word' id='word_1_613' title='bbox 1237 2228 1418 2267; x_wconf 87' lang='lat' dir='ltr'>recitatae,</span> <span class='ocrx_word' id='word_1_614' title='bbox 1444 2229 1486 2262; x_wconf 83' lang='lat' dir='ltr'>ad</span> <span class='ocrx_word' id='word_1_615' title='bbox 1504 2228 1688 2263; x_wconf 80' lang='lat' dir='ltr'>Danielem</span> <span class='ocrx_word' id='word_1_616' title='bbox 1712 2235 1746 2263; x_wconf 87' lang='lat' dir='ltr'>et</span> <span class='ocrx_word' id='word_1_617' title='bbox 1761 2228 1923 2269; x_wconf 85' lang='lat' dir='ltr'>Esdram,</span> <span class='ocrx_word' id='word_1_618' title='bbox 1949 2229 2051 2263; x_wconf 91' lang='lat' dir='ltr'>initio</span> <span class='ocrx_word' id='word_1_619' title='bbox 2079 2230 2158 2263; x_wconf 84' lang='lat' dir='ltr'>brc-</span> 
     </span>
     <span class='ocr_line' id='line_1_96' title="bbox 1170 2278 1401 2314; baseline 0.017 -4"><span class='ocrx_word' id='word_1_620' title='bbox 1170 2280 1259 2312; x_wconf 81' lang='lat' dir='ltr'>viler</span> <span class='ocrx_word' id='word_1_621' title='bbox 1275 2278 1401 2314; x_wconf 81' lang='lat' dir='ltr'>dicam.</span> 
     </span>
    </p>

    <p class='ocr_par' dir='ltr' id='par_1_36' title="bbox 1220 2329 2155 2575">
     <span class='ocr_line' id='line_1_97' title="bbox 1272 2329 1994 2373; baseline 0.003 -11"><span class='ocrx_word' id='word_1_622' title='bbox 1272 2329 1400 2362; x_wconf 80' lang='lat' dir='ltr'>Graeci</span> <span class='ocrx_word' id='word_1_623' title='bbox 1416 2329 1574 2363; x_wconf 84' lang='lat' dir='ltr'>Persicos</span> <span class='ocrx_word' id='word_1_624' title='bbox 1591 2329 1705 2373; x_wconf 78' lang='lat' dir='ltr'>Reges</span> <span class='ocrx_word' id='word_1_625' title='bbox 1723 2330 1771 2363; x_wconf 92' lang='lat' dir='ltr'>sic</span> <span class='ocrx_word' id='word_1_626' title='bbox 1790 2338 1994 2364; x_wconf 87' lang='lat' dir='ltr'>numerant:</span> 
     </span>
     <span class='ocr_line' id='line_1_98' title="bbox 1221 2376 1990 2426; baseline 0.004 -13"><span class='ocrx_word' id='word_1_627' title='bbox 1221 2376 1375 2426; x_wconf 80' lang='lat' dir='ltr'>Cyrus</span> <span class='ocrx_word' id='word_1_628' title='bbox 1396 2381 1556 2423; x_wconf 84' lang='lat' dir='ltr'>regnavit</span> <span class='ocrx_word' id='word_1_629' title='bbox 1573 2392 1686 2414; x_wconf 89' lang='lat' dir='ltr'>anuos</span> <span class='ocrx_word' id='word_1_630' title='bbox 1706 2381 1830 2424; x_wconf 83' lang='lat' dir='ltr'>viginti</span> <span class='ocrx_word' id='word_1_631' title='bbox 1850 2393 1990 2416; x_wconf 79' lang='lat' dir='ltr'>novem.</span> 
     </span>
     <span class='ocr_line' id='line_1_99' title="bbox 1221 2427 2130 2478; baseline 0.001 -15"><span class='ocrx_word' id='word_1_632' title='bbox 1221 2427 1473 2476; x_wconf 80' lang='lat' dir='ltr'>Cambyses</span> <span class='ocrx_word' id='word_1_633' title='bbox 1501 2443 1612 2464; x_wconf 89' lang='lat' dir='ltr'>anuos</span> <span class='ocrx_word' id='word_1_634' title='bbox 1635 2438 1784 2476; x_wconf 88' lang='lat' dir='ltr'>septem,</span> <span class='ocrx_word' id='word_1_635' title='bbox 1811 2444 1947 2466; x_wconf 86' lang='lat' dir='ltr'>menses</span> <span class='ocrx_word' id='word_1_636' title='bbox 1962 2432 2130 2478; x_wconf 74' lang='lat' dir='ltr'>quinque.</span> 
     </span>
     <span class='ocr_line' id='line_1_100' title="bbox 1220 2480 2155 2527; baseline 0.002 -13"><span class='ocrx_word' id='word_1_637' title='bbox 1220 2480 1422 2521; x_wconf 82' lang='lat' dir='ltr'>Darius,</span> <span class='ocrx_word' id='word_1_638' title='bbox 1452 2482 1544 2515; x_wconf 81' lang='lat' dir='ltr'>filius</span> <span class='ocrx_word' id='word_1_639' title='bbox 1560 2482 1755 2527; x_wconf 87' lang='lat' dir='ltr'>llistaspis‚</span> <span class='ocrx_word' id='word_1_640' title='bbox 1789 2494 1901 2517; x_wconf 90' lang='lat' dir='ltr'>annos</span> <span class='ocrx_word' id='word_1_641' title='bbox 1924 2484 2066 2527; x_wconf 78' lang='lat' dir='ltr'>triginta</span> <span class='ocrx_word' id='word_1_642' title='bbox 2089 2495 2155 2517; x_wconf 81' lang='lat' dir='ltr'>sex.</span> 
     </span>
     <span class='ocr_line' id='line_1_101' title="bbox 1221 2530 1699 2575; baseline -0.002 -9"><span class='ocrx_word' id='word_1_643' title='bbox 1221 2530 1398 2566; x_wconf 63' lang='lat' dir='ltr'>Xera-es</span> <span class='ocrx_word' id='word_1_644' title='bbox 1427 2544 1537 2566; x_wconf 86' lang='lat' dir='ltr'>annos</span> <span class='ocrx_word' id='word_1_645' title='bbox 1563 2533 1699 2575; x_wconf 69' lang='lat' dir='ltr'>viginti.</span> 
     </span>
    </p>

    <p class='ocr_par' dir='ltr' id='par_1_37' title="bbox 1223 2581 2046 2731">
     <span class='ocr_line' id='line_1_102' title="bbox 1224 2581 2046 2629; baseline 0.001 -14"><span class='ocrx_word' id='word_1_646' title='bbox 1224 2581 1338 2616; x_wconf 79' lang='lat' dir='ltr'>Arta</span> <span class='ocrx_word' id='word_1_647' title='bbox 1349 2595 1377 2617; x_wconf 70' lang='grc' dir='ltr'>,τ</span> <span class='ocrx_word' id='word_1_648' title='bbox 1387 2596 1401 2616; x_wconf 71' lang='grc' dir='ltr'>ι·</span> <span class='ocrx_word' id='word_1_649' title='bbox 1412 2594 1464 2616; x_wconf 63' lang='lat' dir='ltr'>ra·</span> <span class='ocrx_word' id='word_1_650' title='bbox 1477 2594 1517 2615; x_wconf 77' lang='lat' dir='ltr'>es</span> <span class='ocrx_word' id='word_1_651' title='bbox 1541 2584 1783 2627; x_wconf 82' lang='lat' dir='ltr'>Lougimanus</span> <span class='ocrx_word' id='word_1_652' title='bbox 1804 2585 2046 2629; x_wconf 84' lang='lat' dir='ltr'>quadraginta.</span> 
     </span>
     <span class='ocr_line' id='line_1_103' title="bbox 1223 2631 1895 2669; baseline 0.001 -1"><span class='ocrx_word' id='word_1_653' title='bbox 1223 2633 1265 2668; x_wconf 91' lang='lat' dir='ltr'>J)</span> <span class='ocrx_word' id='word_1_654' title='bbox 1276 2634 1381 2667; x_wconf 80' lang='lat' dir='ltr'>ariu</span> <span class='ocrx_word' id='word_1_655' title='bbox 1394 2647 1410 2667; x_wconf 84' lang='lat' dir='ltr'>s</span> <span class='ocrx_word' id='word_1_656' title='bbox 1438 2631 1562 2669; x_wconf 75' lang='lat' dir='ltr'>Noth</span> <span class='ocrx_word' id='word_1_657' title='bbox 1577 2647 1625 2669; x_wconf 85' lang='lat' dir='ltr'>us</span> <span class='ocrx_word' id='word_1_658' title='bbox 1650 2636 1895 2669; x_wconf 74' lang='lat' dir='ltr'>novendecim.</span> 
     </span>
     <span class='ocr_line' id='line_1_104' title="bbox 1226 2683 1981 2731; baseline 0.003 -13"><span class='ocrx_word' id='word_1_659' title='bbox 1226 2683 1306 2719; x_wconf 83' lang='lat' dir='ltr'>Ar!</span> <span class='ocrx_word' id='word_1_660' title='bbox 1318 2697 1378 2719; x_wconf 51' lang='lat' dir='ltr'>aa·</span> <span class='ocrx_word' id='word_1_661' title='bbox 1388 2697 1403 2719; x_wconf 74' lang='lat' dir='ltr'>e</span> <span class='ocrx_word' id='word_1_662' title='bbox 1416 2697 1468 2719; x_wconf 65' lang='lat' dir='ltr'>ra·</span> <span class='ocrx_word' id='word_1_663' title='bbox 1478 2697 1493 2718; x_wconf 73' lang='lat' dir='ltr'>e</span> <span class='ocrx_word' id='word_1_664' title='bbox 1503 2698 1520 2718; x_wconf 87' lang='lat' dir='ltr'>s</span> <span class='ocrx_word' id='word_1_665' title='bbox 1549 2686 1721 2720; x_wconf 86' lang='lat' dir='ltr'>Mnemon</span> <span class='ocrx_word' id='word_1_666' title='bbox 1737 2687 1981 2731; x_wconf 73' lang='lat' dir='ltr'>quadraginta·</span> 
     </span>
    </p>
   </div>
   <div class='ocr_carea' id='block_1_24' title="bbox 1472 2736 1521 2771">
    <p class='ocr_par' dir='ltr' id='par_1_38' title="bbox 1472 2736 1521 2771">
     <span class='ocr_line' id='line_1_105' title="bbox 1472 2736 1521 2771; baseline -0.02 0"><span class='ocrx_word' id='word_1_667' title='bbox 1472 2736 1521 2771; x_wconf 88' lang='grc'>50</span> 
     </span>
    </p>
   </div>
  </div>
 </body>
</html>
