2324 2955
185 110 260 147 679

187 197 223 228 id
247 203 312 236 est,
340 205 443 240 quam
465 193 557 225 filius
575 191 639 224 Dei
663 191 813 235 colligit,
838 197 972 234 servat,
998 192 1164 234 defendit,

188 247 331 282 liberat,
354 243 534 277 resuscitat
552 254 591 275 ex
608 248 732 277 morte.

288 294 350 328 lx.
383 292 504 336 Itaque
531 304 609 325 cum
635 293 798 335 angimur
818 292 946 325 animis
970 299 1003 326 et
1026 294 1165 337 quaeri-

187 356 264 377 mus
285 344 347 376 ubi
363 342 518 376 Ecclesia
539 341 605 375 Dei
631 354 794 375 mansura
815 344 876 384 sit,
903 355 982 376 cum
1006 343 1165 377 videmus

187 394 417 437 imperiorum
442 393 581 433 ruinas,
615 392 823 436 Principum
841 393 1105 434 distractiones,
1132 400 1167 427 et

187 445 301 476 varias
322 443 545 477 confusiones
568 454 687 476 rerum
711 440 966 484 humanarum,
1000 443 1165 487 respicia-

187 506 264 527 mus
291 495 335 527 ad
368 491 454 526 haec
483 494 592 526 dicta:
635 492 676 525 In
706 493 786 526 alvo
809 492 874 526 Dei
909 494 975 527 erit
999 491 1167 529 Ecclesia.

187 542 291 578 Certo
309 555 472 576 mansura
491 549 559 583 est,
593 550 626 576 et
642 543 719 576 Deo
738 555 840 576 curae
857 543 940 584 erit,
964 543 1167 588 ubicunque

187 595 264 628 erit.
315 594 373 628 Sic
387 606 459 626 non
477 594 589 626 solum
607 594 649 626 de
666 593 831 626 universo
848 605 994 637 corpore
1011 594 1168 636 cogitan-

191 645 273 677 dum
292 651 359 685 est,
384 645 444 677 sed
460 644 589 686 singuli
616 644 718 676 nobis
742 643 778 675 in
803 645 970 677 omnibus
993 644 1169 687 periculis,

189 701 223 727 et
239 695 274 727 in
293 694 366 737 ipsa
383 701 493 727 morte
512 692 603 727 lianc
619 694 893 727 consolationem
909 695 1169 738 Jproponamus.

187 743 385 788 Expelleris
403 757 442 777 ex
459 744 591 788 patria,
621 744 770 777 discedis
792 756 831 777 ex
846 744 940 777 vita?
979 743 1170 786 Quonam?

189 793 312 837 Cogita
329 801 361 828 te
380 795 503 836 gestari
528 794 564 826 in
589 794 666 826 alvo
686 793 774 834 Dei,
807 794 918 837 cogita
945 792 1013 827 hoc
1036 795 1169 827 dictum

191 843 338 877 Iesaiae:
377 844 502 877 Muros
525 842 700 877 Ecclesiae
722 844 869 877 salutem
893 855 977 880 esse.
1044 843 1170 879 Aderit

189 895 283 926 filius
300 893 383 935 Dei,
415 895 474 939 qui
493 901 542 927 est
562 901 664 937 caput
677 893 873 935 Ecclesiae,
899 901 931 928 et
948 895 1169 928 invocantem

190 945 360 983 servabit,
394 945 484 978 sicut
507 944 675 988 scriptum
698 952 764 977 est:
808 943 903 977 Oves
925 957 1022 977 meae
1049 957 1169 977 vocem

189 1006 300 1027 meam
330 995 500 1035 audiunt,
541 1001 575 1027 et
606 1006 667 1037 ego
698 995 806 1027 vitam
835 1001 1012 1028 aeternam
1038 995 1084 1028 do
1109 995 1169 1029 eis.

188 1044 299 1077 Nemo
315 1045 426 1089 rapiet
444 1056 500 1077 eas
516 1045 558 1077 de
577 1056 683 1077 manu
701 1057 788 1079 mea.

290 1094 335 1129 X.
386 1093 560 1128 Additum
595 1101 645 1127 est
674 1095 710 1126 in
745 1095 949 1127 definitione
983 1092 1170 1134 Ecclesiae,

191 1152 328 1178 coetum
345 1157 429 1183 esse,
451 1144 511 1189 qui
527 1144 723 1187 ingreditur
738 1145 866 1188 apertis
884 1144 1004 1188 portis,
1027 1144 1170 1184 iustum,

189 1196 443 1229 custodientem
469 1195 581 1227 fidem.
634 1193 728 1227 Haec
753 1195 951 1227 differentia
971 1194 1075 1238 plane
1098 1194 1169 1226 dis-

191 1246 302 1279 cernit
319 1243 412 1278 hunc
429 1251 565 1278 coetum
591 1244 634 1276 ab
658 1245 823 1277 omnibus
847 1245 1003 1288 imperiis
1024 1251 1057 1277 et
1079 1244 1169 1287 poli-

190 1296 247 1328 tiis
271 1296 407 1330 mundi.
465 1294 581 1328 Attica
605 1294 727 1327 civitas
749 1306 809 1327 seu
835 1293 1017 1334 Romana,
1051 1301 1170 1327 coetus

190 1353 238 1377 est
257 1346 439 1378 devinctus
464 1344 598 1387 legibus
620 1345 662 1376 ad
689 1351 780 1377 certa
804 1344 917 1377 officia
940 1344 1076 1384 civilia,
1109 1345 1168 1376 sed

190 1407 261 1427 non
286 1402 335 1428 est
358 1396 469 1428 iustus
493 1401 628 1433 cocum,
669 1394 705 1427 id
729 1401 799 1435 est,
839 1395 979 1437 placens
1002 1392 1097 1435 Deo,
1131 1401 1170 1440 „et

190 1446 388 1479 custodiens
408 1446 529 1485 fidem,
557 1444 687 1477 scilicet
705 1456 783 1487 erga
800 1443 929 1478 Deum.

291 1495 355 1529 Xl.
390 1494 512 1527 Brevis
536 1501 585 1527 est
609 1495 815 1538 descripti0‚
842 1502 881 1528 ut
905 1501 988 1528 sunt
1012 1495 1168 1528 membra

193 1548 227 1577 in
260 1543 465 1588 Prophetis,
507 1545 566 1577 sed
598 1545 698 1587 plura
728 1545 803 1576 loca
835 1546 1046 1577 conserenda
1076 1551 1168 1578 sunt.

191 1595 302 1629 Vocat
317 1597 442 1628 iustam
460 1601 596 1637 gentem
617 1606 705 1638 quae
723 1595 874 1627 custodit
891 1595 1012 1634 fidem,
1039 1594 1170 1627 scilicet

192 1658 269 1688 erga
284 1645 410 1681 Deum.
462 1644 542 1678 Non
563 1644 721 1688 loquitur
735 1642 910 1688 Propheta
933 1646 975 1677 de
999 1645 1084 1684 fide,
1111 1650 1170 1676 aut

190 1697 334 1729 veritate
358 1702 495 1729 tantum
519 1701 558 1727 ut
580 1692 740 1726 homines
764 1692 937 1737 prophani
962 1695 1169 1738 loquuntur,

191 1747 425 1789 intelligentes
450 1746 552 1777 fidem
577 1755 636 1776 seu
661 1745 860 1784 veritatem,
902 1744 1067 1777 virtutem
1097 1755 1170 1776 ser-

191 1804 329 1830 vantem
348 1803 446 1839 pacta
465 1796 556 1828 inter
574 1791 751 1828 homines:
780 1795 838 1826 sed
855 1795 896 1827 de
906 1793 971 1827 Dei
991 1794 1170 1836 agnitione

191 1853 222 1880 et
248 1847 470 1879 invocatione
488 1843 545 1878 hic
562 1845 709 1884 dicitur,
736 1845 824 1877 sicut
850 1851 965 1887 postea
991 1844 1082 1877 clare
1106 1845 1170 1876 ad-

191 1897 256 1929 dit:
293 1896 332 1928 ln
357 1903 389 1929 te
413 1903 574 1939 sper-itur
596 1906 656 1927 seu
679 1894 877 1927 confiditur.
938 1894 1084 1938 Sperate
1108 1905 1168 1927 seu

186 1947 349 1980 confidite
366 1947 402 1978 in
420 1945 587 1979 Domino.

289 1996 370 2031 XII.
404 1995 466 2029 Est
482 2008 562 2038 ergo
582 1993 738 2034 iusticia,
773 1995 949 2027 custodire
967 1995 1069 2028 fidem
1089 2006 1167 2038 erga

187 2046 313 2088 Deum,
342 2047 376 2079 id
395 2054 454 2085 est,
480 2057 664 2089 agnoscere
681 2051 712 2076 et
730 2051 878 2077 statuere
896 2046 988 2089 quod
1005 2046 1049 2078 sit
1064 2044 1168 2085 Deus,

190 2099 330 2141 qnodse
347 2097 565 2140 patefecerit,
593 2095 728 2127 dederit
751 2096 998 2137 promissiones
1018 2097 1061 2128 de
1083 2096 1168 2135 filio,

189 2149 283 2191 quod
301 2149 393 2181 iuxta
412 2145 472 2180 has
487 2145 735 2190 promissiones
756 2145 841 2178 velit
857 2146 1021 2178 exaudire
1042 2152 1076 2178 et
1099 2146 1167 2178 sal-

189 2209 281 2230 vare.
324 2197 417 2230 Ilaec
437 2198 520 2230 fides
538 2204 587 2230 est
604 2195 728 2228 fiducia
748 2195 1008 2228 misericordiae
1025 2202 1168 2239 propter

189 2245 366 2280 Clu-istum
392 2249 597 2291 promissae,
623 2247 666 2278 de
692 2257 758 2289 qua
776 2244 905 2278 Paulus
928 2246 1167 2286 concionatur,

190 2309 268 2330 cum
286 2298 386 2331 toties
402 2299 449 2331 ait
468 2296 645 2331 iustificari
663 2307 726 2328 nos
742 2296 818 2329 fide.

290 2347 389 2382 xlll.
441 2347 612 2390 Congruit
644 2358 725 2389 ergo
760 2345 886 2378 Iesaiae
921 2346 1052 2379 dictum
1088 2359 1165 2380 cum

189 2397 289 2431 Pauli
306 2398 462 2430 doctrina
475 2425 483 2436 ,
509 2396 697 2430 Ecclesiam
717 2407 787 2428 csse.
804 2396 927 2428 iustam
940 2423 948 2432 ,
973 2396 1005 2428 id
1024 2404 1085 2436 est,
1111 2409 1167 2429 ac-

190 2455 321 2492 ceptam
339 2447 411 2480 Deo
431 2449 471 2479 ad
494 2448 598 2480 vitam
617 2454 791 2479 aeternam
813 2446 899 2485 fide,
928 2446 962 2478 id
983 2454 1049 2486 est,
1076 2448 1166 2479 fidn-

190 2499 242 2532 cia
277 2497 534 2530 misericordiae.
569 2504 711 2539 propter
746 2494 925 2529 Christum
963 2498 1164 2539 promissae.

186 2546 320 2592 Estque
345 2560 423 2580 vera
443 2548 651 2590 propositio:
688 2545 917 2579 [ustificamur
939 2547 1024 2588 fide,
1052 2547 1087 2580 id
1106 2554 1166 2588 est,

186 2599 312 2632 fiducia
334 2597 535 2630 mediatoris
550 2594 702 2635 Christi,
729 2609 798 2628 non
819 2603 962 2640 propter
979 2610 1083 2642 opera
1101 2611 1165 2631 no-

187 2648 253 2682 sti-a
273 2655 332 2682 aut
351 2649 553 2691 dIgnitatcm
574 2652 740 2679 nostram.

952 103 1431 143 DISPUTATIONES

2121 109 2198 145 680

1314 190 1412 225 XIV.
1446 189 1547 225 Hanc
1568 191 1672 225 fidem
1693 196 1807 226 textus
1830 190 1903 235 ipse
1924 192 2061 227 definit:
2094 192 2199 227 Fides

1213 248 1263 275 est
1287 241 1452 284 cogitatio
1477 241 1598 282 firma,
1638 248 1794 275 statuens
1818 242 1861 274 de
1884 240 1979 283 Deo,
2012 243 2094 276 dare
2117 256 2198 277 eum

1213 303 1352 335 pacem,
1385 291 1422 324 id
1448 298 1518 332 est,
1553 292 1894 332 reconciliationem,
1928 304 1992 325 nec
2016 293 2198 327 effundere

1214 343 1390 384 ingentem
1415 341 1505 374 iram
1529 342 1694 374 adversus
1719 354 1802 383 nos,
1841 342 1903 375 sed
1925 354 2068 386 parcere
2094 344 2198 378 nobis

1214 398 1361 436 propter
1376 391 1487 424 filium
1505 397 1538 424 et
1554 392 1637 424 dare
1653 392 1813 425 salutem.

1319 440 1401 475 XV.
1444 441 1540 474 Haec
1570 442 1654 474 fides
1677 453 1751 474 non
1772 448 1909 476 tantum
1932 443 2063 477 noticia
2088 450 2139 477 est
2160 443 2199 476 in

1215 491 1411 532 intellectu,
1444 498 1482 525 ut
1497 499 1643 533 vocant,
1670 493 1731 524 sed
1751 492 1854 524 etiam
1872 499 1921 526 est
1936 494 2062 527 fiducia
2079 494 2117 526 in
2135 505 2199 527 vo—

1216 543 1368 582 luntate,
1409 541 1526 575 nitens
1552 542 1732 586 proposito
1757 542 1968 583 medhtore,
2009 555 2072 587 per
2094 556 2199 588 quem

1215 604 1281 636 pax
1296 592 1454 625 restituta
1471 598 1532 627 est.
1583 591 1631 626 Et
1647 598 1697 625 est
1714 592 1835 625 firmus
1851 603 2027 634 assensus,
2054 593 2199 626 vincens

1216 641 1406 686 Epicureas
1421 641 1643 683 tentationes,
1670 649 1703 676 et
1719 642 1806 684 legis
1826 643 2011 682 iudicium,
2035 654 2200 676 accusans

1217 704 1281 725 nos
1312 699 1455 736 propter
1477 699 1633 725 nostram
1658 691 1918 735 indignitatem.
1978 691 2056 726 Etsi
2080 693 2201 726 vident

1217 753 1301 775 suos
1318 742 1434 786 lapsus
1451 742 1628 786 ingentes,
1655 740 1781 782 Adam,
1807 742 1941 783 Aaron,
1966 741 2095 781 David,
2120 742 2201 775 Ma-

1218 804 1335 832 nasse,
1366 792 1490 826 Petrus
1515 799 1548 825 et
1569 791 1721 833 similes,
1755 798 1871 825 tamen
1899 793 2038 835 erigunt
2061 804 2096 826 se
2118 804 2202 837 pro-

1217 842 1384 876 missione
1402 844 1552 876 donatae
1570 841 1785 876 remissionis
1806 850 2044 886 peccatorum,
2078 850 2114 877 et
2130 849 2202 877 sta-

1218 899 1322 926 tuunt
1345 904 1380 926 se
1403 894 1539 936 placere
1552 892 1628 926 Deo
1651 898 1795 936 propter
1816 893 2062 934 mediatorem,
2089 905 2203 938 quan-

1218 954 1322 986 quam
1347 940 1568 976 horribiliter
1595 943 1684 985 lapsi
1707 943 1799 985 sint,
1840 949 1873 976 et
1902 949 2022 977 tenent
2045 944 2204 986 regulam

1217 998 1394 1025 aeternam
1427 999 1461 1026 et
1489 993 1684 1027 immotam.
1750 991 1876 1026 Gratia
1907 994 2073 1026 exuberat
2097 1004 2203 1036 supra

1218 1042 1398 1074 delictum.
1451 1041 1492 1074 In
1512 1040 1575 1075 hac
1592 1041 1833 1074 consolatione
1849 1055 1928 1075 cum
1954 1043 2038 1076 fides
2061 1055 2100 1076 ex
2124 1055 2200 1075 ma-

1217 1090 1293 1133 gnis
1310 1090 1594 1124 dubitationibus
1610 1092 1793 1131 eluctatur,
1815 1092 1898 1124 satis
1916 1092 2064 1135 intelligi
2080 1099 2201 1136 potest,

1217 1151 1280 1173 cur
1294 1137 1470 1183 Propheta
1487 1140 1615 1173 dixerit
1631 1140 1879 1181 cogitationem
1894 1142 2028 1173 firmam
2046 1153 2129 1177 esse.

1318 1188 1417 1224 XVI.
1450 1189 1546 1223 Haec
1562 1191 1647 1222 fides
1667 1190 1782 1222 luceat
1804 1189 1843 1222 in
1865 1190 2106 1229 invocatione,
2133 1203 2204 1235 spe,

1217 1239 1404 1272 dilectione
1423 1245 1456 1272 et
1478 1239 1556 1273 aliis
1581 1240 1654 1273 suis
1675 1239 1857 1272 exercitiis.
1908 1240 1961 1273 Ac
1988 1253 2032 1273 ne
2053 1241 2203 1283 intelligi

1217 1289 1361 1334 quidem
1381 1295 1493 1333 potest
1509 1289 1595 1335 quid
1614 1289 1771 1330 dicatur,
1797 1289 1866 1322 nisi
1883 1291 2050 1324 accedant
2071 1292 2203 1324 exerci-

1217 1340 1264 1372 tia
1282 1339 1528 1373 invocationis.

1319 1387 1436 1422 XHI.
1471 1389 1561 1423 Cum
1579 1395 1696 1423 autem
1714 1388 1787 1422 sola
1802 1386 1959 1424 Ecclesia
1983 1390 2029 1425 sit
2051 1392 2202 1435 populus

1218 1436 1387 1471 invocans
1416 1439 1552 1480 Deum,
1605 1440 1732 1473 caeteri
1763 1439 1858 1472 enim
1888 1438 2050 1473 homines
2080 1453 2202 1474 omnes

1216 1487 1381 1521 aberrant
1400 1501 1418 1522 a
1434 1489 1527 1530 Deo,
1554 1489 1712 1522 docenda
1731 1496 1780 1522 est
1795 1487 1951 1523 Ecclesia
1975 1491 2018 1523 de
2041 1488 2103 1523 hac
2121 1492 2202 1532 fide,

1222 1548 1302 1567 nam
1329 1537 1405 1570 sine
1431 1551 1469 1573 ea
1493 1539 1590 1573 nulla
1612 1539 1650 1572 fit
1675 1551 1755 1572 vera
1780 1545 1839 1572 aut
1866 1540 2028 1574 salutaris
2058 1541 2202 1575 invoca-

1217 1586 1266 1618 tio
1282 1585 1360 1621 Dei.

1317 1634 1453 1670 XVIII.
1488 1635 1693 1672 Horrendas
1711 1638 1820 1682 igitur
1837 1639 1998 1672 tenebras
2015 1640 2201 1674 stabiliunt

1216 1684 1336 1726 multi,
1363 1687 1424 1730 qui
1448 1683 1538 1720 hanc
1560 1689 1758 1722 doctrinam
1774 1688 1817 1720 de
1832 1687 1903 1721 fide
1918 1697 2140 1732 oppugnant,
2169 1697 2203 1723 et

1216 1735 1343 1768 docent
1358 1747 1494 1779 semper
1510 1738 1748 1772 dubitandum
1765 1748 1854 1778 esse,
1881 1750 1926 1771 an
1943 1740 2052 1773 simus
2066 1740 2103 1772 in
2122 1752 2201 1783 gra-

1217 1785 1275 1818 tia.
1328 1784 1423 1819 llaec
1441 1786 1614 1820 dubitatio
1633 1795 1683 1821 est
1706 1789 1825 1830 sugere
1842 1787 1976 1830 Deum,
2004 1801 2077 1823 non
2096 1791 2201 1823 invo-

1217 1846 1305 1870 care.
1371 1836 1430 1870 Sic
1465 1836 1649 1871 invocabat
1677 1838 1780 1878 Saul,
1819 1839 1879 1871 sed
1911 1840 2014 1872 corde
2043 1841 2200 1883 fugiente

1216 1884 1343 1918 Deum.
1395 1885 1454 1919 Sic
1470 1886 1636 1922 invocant
1650 1886 1815 1929 Ethnici,
1842 1901 1930 1933 quos
1953 1890 1981 1922 si
2005 1891 2199 1934 interroges

1217 1935 1303 1978 quid
1319 1943 1433 1978 agant,
1459 1948 1504 1968 an
1521 1937 1719 1973 existiment
1734 1950 1769 1971 se
1787 1939 1956 1981 exaudiri,
1981 1940 2098 1973 dicent
2115 1953 2198 1985 pro-

1216 1987 1306 2018 lecto
1331 1998 1412 2019 suos
1436 1987 1574 2020 animos
1607 1989 1710 2032 plane
1741 2001 1922 2032 oppressos
1957 2001 2029 2023 esse
2057 1992 2199 2024 dubita-

1216 2035 1322 2069 tione.
1375 2036 1474 2070 Sicut
1490 2049 1591 2082 saepe
1607 2039 1645 2071 in
1659 2039 1847 2083 tragoediis
1864 2040 1950 2073 tales
1967 2053 2067 2074 voces
2081 2053 2197 2074 erum·

1216 2092 1305 2130 punt
1319 2086 1540 2123 calamitosis.

1320 2135 1417 2169 xlx.
1453 2136 1546 2171 Hinc
1568 2147 1650 2174 sunt
1668 2147 1700 2174 et
1727 2140 1888 2173 tenebrae
1913 2140 1951 2173 in
1977 2142 2196 2175 enarratione

1217 2184 1493 2230 Prophetarum,
1528 2191 1622 2233 quod
1649 2191 1740 2224 dicta
1766 2192 1808 2223 de
1828 2191 1896 2224 fide
1919 2199 1951 2224 et
1974 2192 2194 2225 invocatione

1217 2249 1298 2269 vera
1315 2249 1386 2269 non
1403 2238 1648 2282 intelligantur
1670 2242 1714 2273 ab
1739 2241 1810 2273 illis
1835 2241 2105 2284 interpretibus,
2132 2243 2195 2287 qui

1216 2288 1342 2320 obruta
1362 2285 1425 2321 hac
1442 2298 1539 2332 parte
1556 2291 1735 2324 doctrinae
1753 2293 1795 2324 de
1810 2291 2041 2334 promissione
2059 2299 2091 2325 et
2114 2293 2192 2333 fide,

1218 2344 1351 2370 tantum
1369 2346 1492 2382 putant
1508 2342 1710 2374 concionari
1727 2339 1918 2385 Prophetas
1934 2342 1977 2374 de
1995 2342 2193 2386 disciplina,

1217 2396 1253 2421 ut
1270 2388 1465 2423 Hesiodum
1489 2399 1548 2424 aut
1566 2390 1827 2434 'l‘lieognideim
1855 2399 1887 2424 et
1909 2393 2105 2426 doctrinam
2122 2393 2190 2426 fit-

1217 2439 1340 2471 clesiae
1357 2446 1492 2472 tanturn
1513 2450 1635 2484 putant
1651 2443 1758 2484 legem
1779 2452 1860 2475 esse.

1316 2489 1394 2525 hx.
1430 2490 1475 2523 lli
1497 2504 1631 2524 errores
1648 2491 1787 2524 taxandi
1812 2499 1915 2532 sunt,
1949 2501 1986 2526 ut
2012 2493 2189 2527 illustren-

1216 2548 1271 2573 tur
1288 2540 1441 2583 ingentia
1459 2543 1622 2574 beneficia
1638 2544 1765 2573 don-*ita
1783 2543 1884 2574 nobis
1900 2555 1960 2586 per
1981 2544 2090 2576 tilium
2108 2543 2189 2585 Dei,

1215 2598 1247 2624 ct
1267 2604 1343 2624 vere
1362 2593 1555 2625 celebretur
1574 2592 1664 2623 lilius
1675 2591 1756 2629 Dei,
1783 2600 1815 2625 et
1831 2594 1889 2626 fiat
1907 2606 1985 2626 vcra
2003 2594 2190 2635 invocatio,

1215 2649 1247 2674 et
1272 2643 1489 2677 discernatur
1517 2643 1561 2675 ab
1591 2641 1729 2675 ethnica
1753 2642 1997 2685 invocatione,
2037 2644 2188 2690 denique
