2324 2955
199 119 267 153 851
441 111 644 150 SCRIPTA
673 109 746 143 ΡΗ.
774 105 888 141 MEL.
918 103 983 138 AD
1010 104 1135 140 HIST.
1162 103 1304 141 PROF.
1329 102 1394 138 ET
1422 101 1608 140 PHILOS.
1636 101 1952 141 SPECTANTIA.
2122 104 2194 140 852

199 201 324 239 tiochi,
352 212 419 244 quo
448 207 539 229 anuo
561 193 769 227 Macahaeus
796 190 966 233 templum
988 191 1200 232 recupera-¹
1325 187 1408 221 Post
1437 187 1551 231 ipsum
1581 195 1722 231 vagatae
1754 195 1836 222 sunt
1866 201 1996 233 poenae
2026 190 2193 223 scelerum

200 254 261 286 vit.
315 247 466 283 Historia
485 242 843 289 perspicue‘recitatur
860 241 897 272 in
922 240 1023 272 libris
1042 238 1171 272 Maca·
1193 215 1201 292 l
1227 239 1333 283 ipsius
1348 245 1379 271 et
1394 249 1455 281 per
1473 238 1546 270 eius
1569 245 1741 282 posteros,
1774 246 1808 272 et
1830 250 1892 282 per
1914 246 2024 273 totum
2047 251 2194 283 regnum

204 304 387 336 baeorum,
415 303 446 329 et
463 306 634 328 annorum
652 302 818 325 numerus
838 290 999 332 congruit
1015 290 1056 322 ad
1074 301 1175 333 prae·
1197 297 1201 329 1,
1226 290 1417 335 Syriacum.
1483 286 1595 320 Filius
1625 286 1815 334 Ευραίον,
1859 301 1936 323 cum
1968 289 2055 322 duos
2085 300 2195 322 annos

205 352 390 384 dictionem
407 345 575 379 Danielis.
630 343 713 376 Ideo
730 353 823 374 nunc
842 347 977 385 praeter
994 337 1176 372 historiam
1199 340 1204 406 l
1227 339 1392 372 tenuisset
1408 348 1573 380 regnum,
1602 338 1801 372 interfectus
1823 346 1872 372 est
1895 351 1913 372 a
1932 337 2110 372 Demetrio
2134 350 2196 382 pa-

206 399 294 432 ni'uil
311 398 414 430 addo,
1200 407 1203 440 ἱ
1228 397 1304 422 truo
1317 415 1325 429 ,
1353 388 1413 432 qui
1430 399 1586 420 reversus
1602 399 1642 420 ex
1658 389 1744 420 urbe
1759 387 1872 422 Roma
1889 389 2027 434 Syriam
2048 399 2198 432 occupa-

305 446 588 480 Cousentaneum
606 450 655 476 est
673 449 800 481 autem,
822 441 918 485 quod
937 446 1086 473 vetustas
1100 451 1178 472 sen-
1200 445 1204 466 ἰ
1229 440 1287 472 vit.
1341 437 1445 470 Hunc
1463 436 1680 470 Demetrium
1705 438 1879 471 interfecit
1895 438 2112 477 Alexander,
2138 437 2199 483 qui

207 500 261 539 sit,
289 493 504 531 Antiochum
523 505 592 526 esse
611 489 961 538 typumAntichristh
987 490 1178 534 etquidem
1201 482 1204 537 Ξ
1229 501 1262 522 58
1289 488 1401 522 filium
1419 485 1588 520 Antiochi
1610 485 1807 532 Epiphanis
1830 489 2044 528 nominavit,
2080 495 2112 521 et
2135 486 2199 520 ha-

205 549 306 592 regni
337 545 516 591 pontificii.
581 542 652 576 Alii
679 542 941 574 accommodant
964 542 1008 572 ad
1035 551 1178 582 regnum
1201 548 1206 617 i
1230 539 1304 573 buit
1324 538 1517 570 vicinorum
1538 549 1657 580 regum
1678 538 1817 571 auxilia.
1879 537 2098 572 Ptolemaeus
2112 536 2199 571 Phi-

206 596 502 633 mahumeticum,
527 594 569 625 de
586 593 739 636 quoiam
757 604 828 623 uon
855 591 1014 633 disputo,
1042 591 1098 622 sed
1125 602 1178 622 re·
1230 591 1378 622 lometor
1397 588 1498 620 etiam
1520 588 1624 620 filiam
1642 588 1841 621 Alexandro
1863 588 1981 628 dedit,
2007 589 2067 621 sed
2085 594 2200 630 postea

208 650 331 693 linquo
349 648 429 679 istas
445 643 780 677 accommodationes
797 641 935 674 iudiciis
951 640 1180 674 eruditorum.
1232 647 1264 672 et
1282 640 1386 671 filiam
1404 645 1436 672 et
1452 648 1597 680 regnum
1623 638 1655 670 ei
1678 639 1822 681 eripuit,
1858 645 1891 672 et
1915 638 2059 672 tradidit
2075 637 2203 671 Deme-

208 698 257 733 Et
280 698 374 740 signa
401 707 479 728 cum
507 693 688 737 pontificio
715 704 819 734 regno
842 697 1056 733 congruunt:
1100 689 1182 722 ldo-
1231 690 1297 723 trio
1325 688 1501 721 Nicanori.
1573 687 1772 721 Alexander
1803 689 1875 721 acie
1906 688 2018 721 victus
2047 688 2135 731 fugit
2166 687 2203 719 in

211 750 284 782 lum
312 747 483 784 Maiozim,
519 741 709 787 prohibitio
738 741 909 783 coniugii,
943 752 1044 773 aurea
1072 747 1103 772 et
1125 752 1182 772 ar-
1233 739 1418 778 Arabiam,
1446 738 1506 771 ubi
1523 738 1725 771 interfectus
1743 745 1809 777 est,
1845 746 1878 772 et
1901 745 2004 783 caput
2029 739 2102 771 eius
2118 737 2203 770 Pto-

211 806 332 842 gentea
350 797 441 829 idola
467 801 499 826 et
524 799 746 830 ornamenta,
777 792 904 835 quibus
932 790 1099 833 pontificii
1125 802 1183 822 co·
1205 785 1208 838 ξ
1233 791 1363 822 lemaeo
1383 789 1527 821 missum
1546 796 1606 824 est.

211 851 290 882 lunt
321 854 352 880 et
384 845 569 878 includunt
591 841 723 881 Deum,
765 842 855 873 sicut
886 841 951 884 ipsi
977 841 1182 885 loquuntur.
1206 851 1209 890 ἱ
1334 837 1542 871 Demetrias
1573 839 1678 871 frater
1701 836 1868 872 Antiochi
1891 835 2089 883 Epiphanis
2118 838 2206 869 duos

211 900 263 933 Ac
285 909 414 930 nomen
440 893 592 928 Maozim
620 898 719 924 sonat
753 898 793 924 ut
822 890 923 923 Maza
948 897 980 922 et
1008 897 1046 923 ut
1065 889 1184 928 Missa,
1207 909 1211 957 ς
1235 888 1359 923 habuit
1383 890 1490 928 filios,
1524 887 1742 922 Demetrium
1764 888 1990 926 Nicanorem,
2027 895 2059 921 et
2077 887 2205 920 Antio-

210 956 250 982 υἱ
267 949 303 980 in
320 947 426 980 Missa
441 943 616 988 pontificia
635 949 668 974 et
682 941 1002 982 circumgestatione
1020 941 1186 973 adoratur
1208 959 1211 982 ¹,
1235 938 1339 973 chum
1357 938 1517 972 Sedeten.
1571 937 1715 982 Expulit
1740 950 1846 981 regno
1865 937 2084 971 Demetrium
2100 937 2206 969 frater

213 999 322 1043 panis.
366 995 412 1029 Et
430 993 486 1027 hic
506 993 618 1026 cultus
635 989 796 1023 horribili
817 990 962 1022 saevicia
978 990 1185 1023 defenditur⁴
1209 1028 1212 1038 ,
1237 987 1431 1022 Antiochus
1461 988 1620 1027 Sedetes‚
1668 988 1806 1021 adiutus
1837 1001 1855 1021 a
1888 989 1974 1021 duce
2005 984 2210 1032 Tryphone,

216 1049 254 1082 Si
283 1047 358 1091 quis
391 1046 497 1088 igitur
520 1050 639 1087 typum
665 1041 924 1073 accommodare
948 1040 1060 1078 volet,
1103 1052 1186 1083 pru-
1210 1043 1213 1064 !
1237 1040 1298 1082 qui
1325 1045 1441 1081 postea
1465 1039 1648 1070 dominum
1673 1038 1863 1076 interfecit,
1899 1038 2061 1070 videlicet
2080 1036 2208 1070 Antio-

216 1100 338 1132 denter
356 1094 549 1128 consideret
568 1092 671 1123 verba
689 1090 859 1123 Danielis.
1210 1077 1214 1143 ἶ
1237 1086 1340 1120 chum
1359 1087 1518 1120 Sedeten.
1572 1086 1638 1119 Hic
1649 1085 1822 1131 Tryphon
1840 1094 1933 1130 post,
1959 1099 2038 1120 cum
2054 1086 2208 1120 triennio

319 1149 424 1179 Anno
465 1149 542 1187 post
584 1148 731 1173 mortem
768 1139 960 1172 Alexandri
1000 1138 1186 1171 centesimo
1212 1145 1215 1179 ζ
1239 1144 1430 1180 regnasset,
1457 1147 1577 1170 rursus
1594 1137 1774 1180 expulsus,
1801 1148 1819 1168 a
1839 1137 1910 1169 suis
1927 1137 2128 1169 interfectus
2148 1142 2209 1169 est.

219 1195 482 1243 quadragesimo
504 1199 625 1224 octavo
650 1189 866 1233 recuperavit
891 1189 1058 1231 templum
1086 1187 1188 1221 ludas
1212 1216 1216 1240 ἱ
1241 1187 1290 1220 Ita
1309 1187 1475 1220 continua
1496 1187 1640 1219 fuerunt
1661 1187 1752 1219 bella
1776 1186 1942 1221 intestina
1967 1193 2000 1220 et
2023 1185 2210 1230 parricidia

216 1248 444 1283 Blacalweus,
476 1254 593 1275 mense
614 1240 752 1279 Kisleu,
787 1239 846 1283 qui
873 1240 913 1271 ad
938 1250 1091 1271 mensem
1115 1238 1189 1270 ¹30-
1214 1250 1215 1255 ¹
1240 1238 1277 1270 in
1294 1238 1427 1270 familia
1446 1247 1566 1279 regum
1586 1236 1717 1281 Syriae.

216 1298 394 1330 vemhrem
413 1293 589 1335 congruit,
621 1291 714 1334 quod
734 1296 765 1322 et
785 1301 913 1321 nomen
933 1289 1074 1322 indicat.
1128 1286 1190 1320 Est
1213 1275 1216 1330 l
1341 1287 1568 1320 Narrationes
1598 1287 1636 1318 in
1665 1284 1729 1319 hac
1755 1284 1901 1320 historia
1929 1292 2070 1328 propter
2093 1295 2210 1316 rerum

218 1348 311 1380 enim
326 1345 447 1378 Kisleu
465 1347 685 1383 nuncupatus
702 1340 744 1372 ab
762 1337 916 1376 Orione,
944 1351 1045 1383 quem
1061 1336 1190 1370 Ebraei
1214 1345 1216 1384 j
1241 1338 1462 1370 confusiones
1497 1343 1578 1369 sunt
1608 1336 1841 1376 obscuriores,
1899 1336 1978 1368 ideo
2012 1334 2214 1367 brevissime

217 1396 403 1430 nominant
429 1392 534 1425 Kesil.
607 1389 689 1422 Fuit
722 1389 749 1421 is
784 1399 896 1421 annus
931 1388 1190 1421 trecentesimus
1242 1387 1455 1430 excerpimus
1481 1386 1683 1429 praecipua,
1710 1394 1748 1419 ut
1771 1386 1808 1418 in
1830 1386 1942 1419 ruinis
1969 1395 2156 1427 regnorum
2180 1390 2213 1416 et

219 1444 502 1492 quadragesimus
520 1447 661 1474 octavus
678 1446 755 1482 post
773 1439 924 1471 reditum
942 1450 981 1471 ex
998 1437 1190 1483 Babylone.

218 1496 303 1530 Fuit
324 1502 356 1528 et
375 1492 580 1526 centesimus
598 1489 906 1534 quinquagesimus
921 1489 1093 1521 secundus
1112 1496 1191 1521 ante

219 1553 341 1579 natum
362 1541 540 1577 Christum
565 1552 604 1573 ex
628 1540 771 1581 virgine.
834 1538 951 1580 Quare
976 1549 1094 1570 recens
1117 1550 1191 1570 me—

222 1653 330 1679 retur.
404 1642 562 1685 Cumque
593 1639 807 1682 recuperatio
838 1638 1008 1670 libertatis
1037 1646 1192 1680 tempore

223 1696 495 1730 Macahaeorum
513 1690 616 1722 foelix
633 1689 770 1727 fuisset,
798 1688 899 1720 multi
918 1687 1066 1731 inquieti
1079 1685 1194 1718 horni-

225 1757 286 1778 nes
318 1742 474 1785 exemplo
497 1739 768 1773 Macabaeorum
802 1749 839 1770 ex
866 1736 991 1769 Iudaea
1014 1735 1194 1770 Romanos
1218 1736 1220 1738 ’

225 1795 414 1828 eiiciendos
440 1802 509 1823 esse
533 1790 810 1832 disputaverunt.
864 1786 930 1820 Sed
957 1787 1066 1819 sancti
1091 1787 1195 1819 intel-

224 1847 400 1881 lexerunt,
423 1848 455 1874 et
473 1850 590 1873 causas
607 1838 710 1871 fuisse
727 1837 922 1873 dissimiles,
950 1843 982 1869 et
999 1843 1194 1880 temporum

226 1896 329 1928 aliam
353 1893 458 1925 fuisse
484 1890 667 1922 rationem.
735 1887 823 1919 'Nam
848 1885 1001 1919 Romani
1029 1888 1196 1919 concede-

224 1946 312 1978 bant
328 1941 464 1976 Iudaeis
481 1935 708 1981 αἰῑονομίαν
726 1937 762 1969 in
779 1937 947 1973 cultibus,
974 1943 1006 1968 et
1024 1949 1102 1968 mox
1117 1937 1196 1968 finis

227 2002 300 2028 erat
317 1994 454 2026 futurus
472 1989 612 2033 politiae
628 1987 813 2020 Mosaicae.
867 1983 1064 2019 Antiochus
1083 1993 1196 2019 autem

227 2056 300 2078 non
325 2046 538 2076 concesserat
564 2036 792 2080 αι’-τοιόμίαν
815 2036 851 2068 in
876 2037 1045 2073 cultibus,
1080 2043 1113 2069 et
1136 2038 1197 2069 ad-

227 2093 297 2128 huc
314 2092 463 2125 multum
481 2088 648 2132 temporis
667 2089 709 2120 ad
732 2087 835 2119 finem
859 2086 1002 2129 politiae
1022 2085 1197 2119 Mosaicae

228 2152 310 2178 tunc
337 2141 496 2175 restabat.

322 2191 368 2226 [t
392 2197 506 2223 autem
526 2195 596 2222 tota
615 2188 769 2221 defensio
786 2184 961 2219 Ecclesiae
986 2192 1069 2218 tunc
1094 2186 1197 2229 plena

230 2243 297 2275 suit
319 2240 533 2274 mirabilium
557 2250 702 2282 operum
729 2236 811 2276 Dei,
855 2243 887 2269 et
914 2236 1196 2268 testimoniorum

230 2291 442 2335 praesentiae
459 2289 524 2323 Dei
548 2289 584 2321 in
608 2286 662 2321 his
684 2288 743 2331 qui
765 2299 837 2319 non
858 2286 1053 2319 defecerant
1080 2298 1097 2318 a
1125 2286 1198 2328 lege

230 2341 350 2375 Bloisi.
417 2339 468 2373 Ita
495 2341 633 2373 tandem
667 2338 828 2370 interitus
859 2336 1001 2381 tyranni
1034 2337 1198 2376 ostendit,

231 2402 310 2424 eum
328 2390 496 2422 divinitus
511 2400 703 2432 repressum
720 2399 801 2422 esse.

232 2438 389 2478 tiochus,
418 2439 614 2482 profligatos
640 2449 710 2470 esse
730 2437 898 2470 exercitus
915 2447 994 2469 suos
1012 2448 1029 2469 a
1050 2435 1198 2476 Iudaeis,

233 2499 266 2524 et
290 2490 424 2523 idolum
454 2501 493 2520 ex
513 2488 640 2530 templo
664 2488 809 2520 eiectum
828 2498 918 2527 esse,
945 2487 1054 2520 iratus
1071 2497 1197 2518 novam

232 2539 487 2584 expeditionem
506 2538 662 2580 suscepit.
716 2537 755 2569 ln
773 2535 838 2570 hoc
853 2543 1021 2581 apparatu
1038 2548 1198 2569 excussus

1222 2142 1223 2178 ἶ
1248 2143 1406 2188 tyrannis
1422 2143 1459 2174 in
1477 2142 1558 2175 Asia
1574 2150 1751 2188 utcunque
1768 2155 1888 2187 pacem
1905 2143 2067 2178 restituit.

852 2385 942 2419 Cum
965 2387 1104 2419 audiret
1122 2385 1197 2418 An·
1221 2383 1223 2420 ἶ

1222 2578 1224 2581 ¹
1250 2537 1354 2569 duces
1383 2537 1519 2570 iusticia
1550 2544 1583 2569 et
1611 2535 1818 2569 liberalitate
1851 2537 2028 2577 excelluit,

1216 1463 1217 1480 1
1241 1448 1360 1470 causas
1378 1444 1409 1469 et
1427 1436 1595 1469 iudicium
1609 1435 1674 1468 Dei
1690 1436 1958 1476 consideremus,
1984 1442 2016 1468 et
2035 1444 2214 1478 precemur

1214 1482 1217 1513 ἶ
1241 1486 1376 1527 Deum,
1403 1494 1442 1520 ut
1459 1498 1553 1519 nunc
1575 1498 1712 1530 quoque
1737 1487 1920 1519 ruentibus
1946 1485 2060 1529 regnis
2084 1494 2212 1528 poenas

1216 1560 1218 1576 R
1245 1537 1372 1576 leniat,
1401 1544 1432 1570 et
1449 1543 1560 1569 servet
1577 1535 1751 1569 Ecclesiae
1767 1537 1942 1580 reliquias.

221 1596 333 1629 moria
350 1594 416 1627 fuit
433 1590 537 1625 huius
556 1590 776 1625 calamitatis,
805 1601 883 1621 cum
896 1586 1056 1621 Christus
1073 1599 1193 1621 nasce·
1216 1581 1218 1598 ²

1343 1594 1515 1628 Demetrii
1528 1593 1711 1627 Nicanoris
1730 1595 1820 1627 filius
1839 1591 2109 1628 fuitAntiochus
2121 1591 2215 1637 Gry-

1243 1643 1344 1688 phus.
1396 1642 1564 1676 Antiochi
1590 1651 1705 1676 autem
1728 1644 1861 1677 Sedetis
1887 1645 1979 1677 filius
2001 1644 2069 1676 suit
2084 1641 2214 1675 Antio-

1245 1693 1329 1727 chus
1350 1693 1549 1738 Cyzicenus.
1610 1692 1657 1725 Hi
1683 1695 1751 1725 duo
1777 1694 1868 1726 inter
1893 1705 1928 1726 se
1951 1693 2082 1726 bellurn
2103 1703 2215 1735 gesse-

1245 1752 1328 1777 runt
1352 1745 1394 1776 de
1418 1754 1523 1785 regno
1542 1743 1680 1787 Syriae,
1707 1750 1740 1775 et
1763 1749 1909 1787 uterque
1932 1743 2133 1776 interfectus
2154 1749 2215 1777 est.

1247 1791 1413 1838 Gryphus
1445 1794 1488 1825 ab
1521 1792 1743 1832 Herodiano,
1795 1791 1986 1838 Cyzicenus
2016 1803 2035 1825 a
2071 1791 2215 1825 Seleuco

1248 1840 1386 1888 Gryphi
1403 1843 1485 1876 filio.
1537 1841 1673 1874 Horum
1691 1843 1792 1875 etiam
1814 1843 1876 1875 filii
1900 1844 1992 1876 inter
2015 1853 2086 1875 sese
2111 1842 2216 1875 dimi-

1247 1900 1389 1932 carunt,
1418 1904 1566 1936 quorum
1584 1900 1738 1936 tempore
1763 1893 1948 1926 accersitus
1967 1892 2136 1935 Tigranes
2159 1903 2218 1925 rex

1247 1943 1453 1982 Armeniae,
1481 1943 1582 1987 Syria
1606 1943 1736 1986 potitus
1762 1951 1822 1976 est.
1883 1942 1976 1976 Huic
1998 1949 2116 1986 postea
2143 1954 2217 1975 eam

1248 1993 1417 2026 Lucullus
1450 1993 1596 2031 ademit,
1637 2005 1674 2025 ac
1705 1993 1832 2025 deinde
1863 1992 2051 2036 Pompeius
2081 1991 2218 2038 Syriam

1247 2044 1327 2076 fecit
1343 2042 1539 2077 Romanam
1556 2043 1782 2086 provinciam.
1833 2041 1901 2076 Hic
1926 2043 2004 2076 finis
2027 2042 2094 2076 fuit
2121 2042 2220 2086 regni

1249 2093 1401 2138 Syriaci,
1452 2100 1634 2136 postquam
1664 2092 1826 2127 Romana
1863 2090 2065 2126 monarchia
2097 2092 2217 2125 deletis

2115 2141 2217 2175 Tunc

1249 2205 1388 2238 quoque
1418 2192 1606 2236 Pompeius
1643 2205 1681 2225 ex
1712 2193 1827 2226 vicina
1861 2193 1961 2238 Syria
1990 2193 2034 2226 ab
2052 2191 2216 2225 'Hircano

1248 2243 1448 2283 accersitus,
1490 2243 1642 2277 restituit
1674 2255 1792 2287 pacem
1827 2242 1992 2283 Iudaeae,
2031 2248 2070 2275 ut
2101 2249 2217 2286 postea

1221 2327 1223 2330 ,
1248 2294 1393 2328 dicetur.

1289 2404 1433 2449 Rege-5
1461 2404 1685 2448 Aeyyptii
1709 2407 1811 2446 post
1836 2401 2177 2436 Alexandrum.

1349 2483 1578 2519 Ptolemaeus
1602 2487 1691 2519 filius
1706 2485 1808 2528 Lagi,
1836 2486 1895 2530 qui
1921 2486 2012 2520 inter
2029 2485 2220 2520 Alexandri

2076 2535 2221 2569 retinuit

232 2603 270 2624 ex
295 2601 419 2630 curru,
451 2587 584 2629 magnis
607 2587 816 2620 cruciatibus
839 2594 998 2621 mortuus
1019 2593 1086 2628 est,
1120 2598 1198 2620 cum
1221 2586 1226 2620 ἰ
1251 2585 1469 2631 Aegyptum,
1496 2598 1572 2619 cum
1591 2586 1622 2618 ei
1645 2585 1777 2619 bellum
1795 2586 1938 2620 inferret
1955 2585 2156 2627 Perdiccas,
2182 2591 2222 2618 ut

230 2646 406 2684 regnasset
429 2649 537 2672 annos
556 2636 752 2671 duodecim.

1251 2648 1354 2680 supra
1375 2637 1507 2669 dictum
1525 2642 1585 2670 est.
