2324 2955
115 99 191 136 657

761 95 1022 133 PHILIPPI
1058 94 1505 135 MELANTHONIS.

2072 106 2145 141 658

117 191 200 219 sunt
234 184 391 217 actiones
426 189 520 217 certo
556 182 663 215 modo
697 182 869 216 divinitus
905 182 1103 223 institutae,
1125 186 1128 216 l
1152 183 1321 223 nionum,
1358 192 1390 218 et
1417 186 1611 229 praestigiis
1637 186 1922 230 cavillationum,
1961 201 2025 223 nec
2051 191 2140 224 velle

114 246 219 280 quam
236 235 446 268 sententiam
466 245 544 266 cum
562 231 688 267 Eccius
704 234 855 267 refutare
874 233 909 266 in
924 233 1100 277 colloquio
1125 227 1127 272 J

1842 237 1896 272 De
1920 236 1975 272 his
2000 240 2140 275 iudiciis

1152 235 1308 277 exempla
1325 236 1416 268 vitae
1434 236 1508 268 sine
1534 249 1678 270 censura
1705 250 1788 271 esse.

115 284 426 328 Iiegensburgensi
445 296 517 316 non
537 291 669 327 posset,
696 284 861 317 incensus
884 284 954 324 ira,
982 290 1099 327 postea
1123 291 1127 339 J
1151 284 1310 328 loquitur
1334 284 1527 326 Dominus,
1562 287 1741 332 inquiens:
1776 288 1842 322 Dic
1868 287 2063 332 Ecclesiae,
2107 300 2139 325 et

114 342 254 370 tantum
277 336 351 369 vini
373 333 508 375 hausit,
534 341 574 368 ut
599 347 679 368 mox
702 342 819 370 secuta
836 334 882 368 sit
898 334 1098 368 saevissima

115 386 233 421 febris.

215 444 275 478 67.
319 442 453 477 Totum
477 441 582 478 chaos
605 444 738 477 rituum
774 443 1101 482 ecclesiasticorum,

114 496 173 540 qni
198 491 387 526 hominnm
411 495 600 528 autoritate
622 494 776 528 instituti
793 501 875 528 sunt
892 494 985 538 apud
1001 492 1097 526 Pon-

114 545 258 582 tificius,
291 545 435 588 plenum
461 551 512 578 est
536 557 714 583 errorum,
746 551 779 578 et
805 545 873 578 fuit
898 544 1098 578 carnificina

67 637 69 639 ι
112 595 408 629 conscientiarum
435 595 630 639 impediens
643 595 746 627 sidem
770 601 803 628 et
827 594 1097 633 invocationem,

112 647 290 680 finxerunt
306 644 534 679 necessariam
551 656 622 678 esse
637 645 936 679 enumerationem
951 644 1098 678 delicto-

114 708 212 737 rum,
243 696 497 730 satisfactiones
527 696 732 736 canonicas,
767 695 971 729 discrimina
999 694 1098 728 cibo-

113 759 192 780 rum
209 753 243 780 et
259 746 388 780 similes
405 747 493 780 ritus
510 758 581 779 esse
598 747 713 780 cultus
729 745 795 780 Dei
813 753 846 779 et
862 745 996 785 merita,
1011 756 1096 777 con-

112 798 304 830 tenderunt
338 803 475 840 peccata
509 808 581 830 esse
615 797 822 830 violationes
850 796 1094 835 traditionum,

113 859 202 892 qnae
244 845 398 880 humana
439 848 627 881 autoritate
670 848 708 880 in
742 845 898 880 Ecclesia
934 846 1096 879 conditae

112 904 205 932 sunt,
258 896 353 930 I‘Iacc
370 898 600 931 deliramenta
625 898 806 930 manifeste
830 903 989 940 pugnant
1014 908 1093 929 cum

111 946 167 981 his
183 947 303 981 dictis:
332 947 476 982 Frustra
493 949 614 981 colunt
630 960 685 981 mc
702 947 877 981 mandatis
893 945 1092 980 hominum.

110 996 159 1032 Et
174 1010 277 1031 nemo
294 1009 355 1031 vos
373 1005 494 1041 arguat
510 999 547 1030 in
564 998 642 1031 cibo
661 1005 724 1032 etc.
778 996 823 1031 Et
840 1004 957 1030 tamen
976 997 1094 1041 impu-

110 1049 229 1081 dentia
245 1055 338 1082 tanta
357 1055 407 1081 est
423 1046 667 1087 Esauharum,
694 1055 733 1082 ut
754 1049 842 1082 tales
865 1047 1014 1091 ineptias
1033 1048 1095 1080 de-

109 1099 257 1133 sendant
272 1098 374 1132 editis
393 1096 651 1144 sycophanticis
664 1099 815 1142 scriptis,

213 1156 275 1192 68.
302 1155 492 1190 Manifeste
509 1155 783 1201 inquitPaulus:
808 1153 1093 1188 Prohibitionem

112 1207 268 1250 coniugii
287 1218 358 1240 esse
384 1207 580 1240 doctrinam
598 1206 886 1239 Daemoniorum.
940 1204 988 1239 Et
1003 1203 1094 1238 hanc

112 1255 392 1300 prohibitionem
409 1256 587 1291 Pontificii
604 1263 748 1290 tuentur
773 1256 955 1289 barbarica
982 1256 1094 1288 saevi-

112 1309 180 1347 tia,
215 1308 351 1351 pellunt
382 1308 419 1339 in
443 1308 546 1340 exilia
570 1307 643 1351 pias
678 1307 831 1339 familias
861 1308 1094 1347 sacerdotum,

113 1357 175 1402 qui
200 1357 237 1390 in
260 1357 425 1400 coniugio
442 1357 559 1390 vivere
583 1357 740 1397 malunt,
766 1357 896 1390 alicubi
915 1358 1019 1390 etiam
1038 1357 1095 1389 in-

113 1408 289 1441 terficiunt
313 1419 382 1441 eOS.
436 1407 577 1440 Talium
602 1408 770 1440 scelerum
796 1408 996 1440 defensores
1020 1419 1092 1440 non

112 1469 185 1490 esse
210 1456 402 1491 Ecclesiam
427 1456 512 1497 Dei,
557 1458 781 1490 manifestum
806 1465 873 1497 est,
907 1458 987 1502 quia
1012 1464 1093 1490 sunt

112 1518 242 1550 organa
266 1507 523 1547 Diabolorum,
560 1507 622 1551 qui
646 1507 837 1540 libidinum
870 1508 1094 1540 confusiones

112 1558 193 1591 odio
210 1556 277 1591 Dei
295 1557 496 1591 confirmari
516 1557 660 1596 volunt,
688 1563 721 1590 et
735 1563 816 1590 sunt
833 1555 1041 1590 homicidae.

212 1616 273 1652 69.
302 1616 446 1649 Talium
465 1616 634 1649 scelerum
651 1622 684 1649 et
709 1615 904 1649 factionum
928 1627 993 1648 nos
1020 1628 1092 1648 non

114 1678 186 1700 esse
201 1666 314 1700 socios
331 1667 512 1707 laetemur,
526 1666 608 1710 quia
627 1666 795 1709 scriptum
813 1674 878 1700 est:
897 1665 977 1699 Non
997 1678 1093 1699 com-

113 1717 271 1750 munices
288 1716 412 1750 alienis
430 1716 587 1760 peccatis.
628 1714 676 1749 Et
689 1728 910 1760 opponamus
927 1718 1091 1750 mandata

114 1768 179 1802 Dei
203 1767 412 1801 adversariis
437 1766 729 1806 vociferantibus,
755 1778 820 1799 nos
836 1779 908 1800 esse
925 1765 1093 1800 schisma-

113 1825 189 1851 tum
218 1824 252 1851 et
278 1817 524 1851 scandalorum
550 1823 702 1852 autores.
763 1815 915 1850 Difficile
943 1825 992 1851 est
1020 1830 1092 1850 nou

115 1868 318 1912 languefieri
345 1868 473 1901 talibus
496 1867 825 1908 criminationibus,
851 1874 882 1901 et
897 1868 1019 1911 ingens
1036 1880 1092 1901 ra-

113 1920 188 1953 bies
213 1925 263 1952 est
284 1917 446 1959 Diaboli,
485 1918 546 1962 qui
578 1918 741 1952 circumit
775 1924 814 1952 ut
851 1919 905 1951 leo
940 1919 1093 1962 rugiens,

115 1981 298 2015 quaerens,
322 1981 426 2015 quem
447 1969 603 2010 devoret,
629 1968 690 2013 qui
709 1975 742 2002 et
761 1975 930 2014 tyrannos
949 1976 980 2002 et
996 1970 1095 2002 sana-

115 2022 201 2055 ticos
225 2020 371 2065 spiritus
388 2026 518 2057 armat,
547 2026 586 2052 ut
602 2019 751 2052 maiores
771 2020 1019 2063 dissipationes
1043 2021 1094 2052 fa-

115 2072 221 2106 ciant.
273 2070 343 2104 Sed
361 2071 537 2104 credimus
552 2067 616 2103 hos
633 2076 769 2103 nostros
792 2077 909 2104 coetus
933 2078 1096 2104 sonantes

116 2133 235 2155 vocem
252 2119 447 2164 Evangelii,
474 2132 546 2153 csse
561 2118 754 2153 Ecclesiam
770 2119 846 2161 Dei,
873 2128 906 2154 et
921 2133 999 2154 eum
1019 2134 1096 2166 pre-

115 2184 254 2212 camur,
280 2178 320 2206 ut
339 2183 403 2205 nos
420 2172 591 2215 gubernet
615 2179 649 2205 et
672 2178 836 2215 protegat.
870 2171 996 2205 Amen.

117 2303 271 2349 (LXX.)
317 2306 595 2349 Proposittones
628 2303 674 2338 cle
714 2303 868 2339 iudiciis
898 2307 1100 2346 Ecclesiae,

118 2355 167 2391 de
189 2354 321 2402 quibus
341 2354 551 2400 disputabit
577 2356 759 2401 Mayister
786 2356 942 2390 David
971 2358 1072 2391 Veii
1092 2383 1103 2400 ‚

185 2409 316 2441 Lector
343 2407 570 2441 Academiae
593 2408 934 2452 Reyiornontanae,
975 2408 1035 2442 die

355 2457 413 2492 15.
435 2459 591 2501 Martii,
622 2459 727 2492 Anno
756 2457 865 2493 1560.

121 2543 372 2586 Certi-ssimum
390 2555 439 2582 est
454 2550 565 2584 filium
584 2549 650 2585 Dei
669 2551 757 2583 velle
778 2551 813 2583 in
831 2548 986 2584 Ecclesia
1013 2551 1105 2584 iudi-

121 2602 174 2636 cia
193 2612 265 2635 esse
281 2600 325 2633 de
342 2600 502 2634 doctrina
520 2607 552 2634 et
569 2602 612 2634 de
631 2602 810 2642 moribus,
837 2608 868 2635 ct
887 2613 1107 2647 nequaquam

123 2653 214 2687 velle
234 2651 412 2684 infinitam
430 2650 605 2685 licentiam
623 2663 695 2686 esse
713 2653 860 2687 ludendi
878 2652 1013 2686 deliciis
1031 2653 1109 2698 opi-

171 2702 355 2737 erunrn.
384 2703 488 2737 Orsa.
514 2703 597 2737 Vox..
624 2703 701 2737 XII.

1150 333 1282 367 Paulus
1315 336 1352 368 in
1390 338 1542 369 secunda
1588 339 1734 381 epistola
1777 341 1819 372 ad
1857 339 2063 374 CorIntliios
2103 351 2135 375 et

1154 386 1186 418 1.
1211 383 1367 419 Timoth.
1390 385 1425 422 5.
1492 385 1537 421 Et
1566 389 1764 432 exemplum
1796 389 1934 435 Synodi
1966 392 2002 424 iu
2035 391 2133 426 Actis

1151 441 1252 468 extat.

1250 501 1285 534 2.
1321 500 1431 536 Recte
1448 504 1576 537 dicitur
1599 516 1758 537 normam
1785 504 1996 539 iudiciorum
2014 510 2050 541 in
2066 507 2135 543 Ec—

1149 551 1251 584 clesia
1286 564 1359 585 esse
1389 554 1514 597 scripta
1542 553 1748 599 prophetica
1785 561 1817 588 et
1847 558 2054 598 apostolica,
2099 568 2131 593 et

1148 603 1325 646 symbola,
1366 616 1454 648 quae
1487 606 1629 649 quidem
1660 612 1742 638 sunt
1768 605 1888 637 breves
1912 608 2133 642 recitationes

1148 652 1376 686 articulorum
1395 654 1494 693 fidei,
1530 667 1568 688 ex
1593 656 1730 699 scriptis
1753 653 1966 698 propheticis
1992 666 2024 690 et
2048 672 2130 700 apo-

1147 703 1280 736 stolicis
1295 705 1477 743 collectae,
1506 712 1543 738 ut
1561 705 1666 739 simul
1683 706 1719 738 in
1738 714 1923 749 conspectu
1939 708 1983 740 sit
2001 710 2131 741 doctri-

1148 765 1212 786 nae
1238 765 1383 789 surmna.
1454 754 1600 788 Necesse
1634 763 1683 789 est
1708 756 1802 788 enim
1829 757 1971 790 retineri
1997 759 2128 792 dictum

1147 803 1265 836 Pauli:
1295 804 1334 838 Si
1352 805 1430 849 quis
1447 805 1788 849 aliudEvangelium
1807 807 1922 848 docet,
1945 807 2129 843 anathema

1145 854 1202 888 sit.
1273 853 1319 888 Et
1345 857 1477 889 dictum
1506 854 1692 889 Iohannis:
1737 856 1811 899 Qui
1840 869 1911 890 non
1945 867 2061 893 manet
2094 862 2126 893 in

1147 905 1305 938 doctrina
1325 904 1476 945 Christi,
1504 907 1621 940 Deum
1641 919 1713 940 non
1733 905 1847 942 habet.
1904 907 2009 942 Item:
2039 909 2128 943 fru-

1146 961 1215 988 stra
1235 956 1356 989 colnnt
1373 968 1428 988 me
1444 958 1619 989 mandatis
1636 955 1832 990 hominum.

1246 1023 1281 1056 3.
1344 1022 1556 1055 Viennensis
1590 1021 1734 1056 Esauita
1770 1024 1994 1066 impudenter
2037 1027 2132 1067 dicit,

1146 1074 1304 1115 ineptum
1326 1080 1357 1106 et
1376 1073 1565 1106 ridiculum
1585 1085 1669 1111 esse,
1697 1073 1907 1117 aScriptura
1924 1084 2039 1118 petere
2056 1090 2129 1110 cer-

1146 1131 1216 1156 tam
1248 1124 1458 1157 sententiam
1484 1124 1526 1156 de
1553 1124 1756 1156 difficilibus
1782 1125 1962 1167 religionis·
1988 1135 2129 1160 contro-

1145 1175 1279 1208 versiis.
1348 1173 1451 1207 Tales
1484 1186 1585 1207 voces
1610 1175 1880 1208 contumeliosas
1906 1174 1999 1210 haud
2023 1178 2129 1210 dubie

1146 1225 1267 1268 puniet
1284 1224 1378 1258 Deus
1390 1252 1398 1265 ,
1425 1231 1456 1257 et
1474 1225 1658 1258 ostendere
1676 1236 1740 1258 nos
1757 1226 1970 1260 contrariam
1995 1228 2129 1262 conses-

1145 1275 1280 1308 sionem
1299 1287 1438 1308 necesse
1457 1282 1518 1310 est.

1249 1340 1282 1374 4.
1317 1339 1389 1373 Nos
1415 1341 1566 1373 dicimus
1593 1352 1708 1373 veram
1725 1339 1917 1374 Ecclesiam
1942 1344 2132 1377 doctricem

1146 1391 1357 1423 audiendam
1377 1403 1468 1430 esse,
1497 1393 1555 1422 sed
1576 1398 1691 1424 tamen
1720 1392 1822 1424 tidem
1848 1393 1913 1426 niti
1941 1395 2046 1426 verbo
2064 1394 2130 1428 Dei

1146 1453 1305 1484 expresso
1343 1441 1377 1473 in
1417 1441 1555 1484 scriptis
1587 1439 1800 1484 propheticis
1843 1450 1875 1476 ct
1919 1446 2131 1487 apostolicis.

1146 1490 1235 1524 Vult
1250 1492 1343 1523 enim
1364 1490 1458 1524 Deus
1483 1491 1519 1522 in
1538 1489 1693 1524 Ecclesia
1717 1492 1952 1525 ministerium
1981 1496 2131 1528 docendi

1147 1552 1240 1580 esse,
1267 1541 1341 1573 vult
1360 1541 1426 1583 legi
1452 1541 1510 1573 illa
1529 1541 1674 1584 scripta,
1703 1548 1736 1574 et
1753 1544 1887 1575 moneri
1908 1545 2068 1577 rudiores
2089 1547 2130 1578 de

1147 1603 1271 1634 genere
1297 1591 1485 1630 sermonis,
1517 1598 1550 1624 et
1577 1592 1713 1624 ostendi
1739 1594 1895 1625 membra
1920 1602 1951 1628 et
1970 1596 2129 1628 ordinem

1146 1643 1183 1674 in
1215 1642 1378 1674 universa
1405 1641 1582 1681 doctrina,
1627 1654 1699 1674 non
1724 1643 1798 1675 vult
1828 1644 2034 1688 interpretes
2064 1647 2130 1679 alia

1145 1693 1309 1735 dogmata
1343 1698 1438 1726 extra
1471 1692 1598 1736 scripta
1633 1690 1836 1736 prophetica
1872 1702 1905 1728 et
1940 1697 2130 1738 apostolica

1145 1743 1300 1786 gignere.

1247 1808 1280 1843 5.
1314 1807 1361 1843 Et
1383 1810 1610 1844 manifestum
1635 1818 1701 1851 est,
1743 1811 1929 1845 collatione
1964 1813 2132 1855 locorum,

1146 1860 1344 1894 intentione
1368 1867 1401 1893 et
1423 1861 1540 1894 studio
1564 1873 1651 1904 opus
1679 1873 1769 1902 esse,
1805 1864 1893 1896 sicut
1919 1863 2050 1897 Paulus
2078 1867 2130 1897 in-

1146 1911 1240 1956 quit:
1271 1909 1327 1943 Sis
1342 1911 1503 1944 assiduus
1516 1918 1547 1944 et
1560 1911 1715 1944 intentus
1731 1912 1767 1944 in
1784 1912 1945 1949 lectione,
1973 1916 2131 1948 doctrina

1147 1968 1180 1994 et
1202 1961 1455 1994 consolatione.
1511 1960 1615 1994 Item:
1650 1962 1773 1995 Sermo
1790 1961 1921 1996 Christi
1945 1961 2074 1998 habitet
2098 1967 2131 1998 in

1148 2012 1248 2045 vobis
1264 2011 1405 2044 abunde
1422 2012 1458 2044 in
1475 2012 1572 2044 omni
1593 2013 1776 2055 sapientia,
1803 2020 1834 2046 et
1853 2015 1973 2047 docete
1991 2022 2022 2048 et
2039 2028 2133 2048 coni-

1150 2062 1358 2095 monesacite
1373 2073 1434 2095 vos
1451 2069 1586 2097 mutuo.

1253 2130 1288 2166 6.
1323 2129 1438 2163 Huius
1456 2131 1560 2163 studii
1580 2130 1705 2162 rectrix
1730 2137 1778 2164 est
1804 2143 1867 2163 vox
1895 2143 1995 2164 verae
2012 2130 2132 2166 Eccle-

1151 2183 1220 2216 siac
1237 2182 1271 2214 in
1289 2182 1469 2223 docendo,
1503 2181 1592 2214 sient
1616 2181 1748 2213 dictum
1773 2189 1835 2215 est:
1877 2182 1953 2215 Nisi
1975 2185 2132 2217 arassetis

1152 2233 1262 2267 vitula
1278 2244 1374 2270 inea,
1404 2243 1475 2264 non
1492 2231 1723 2266 invenissetis.

1255 2300 1291 2333 7.
1335 2297 1386 2332 Ac
1403 2298 1586 2343 loquimur
1602 2298 1645 2329 de
1661 2309 1761 2330 verae
1778 2295 1953 2332 Ecclesiae
1971 2313 2071 2341 voce,
2098 2311 2132 2336 ut

1155 2362 1233 2386 cum
1252 2350 1288 2382 in
1309 2348 1435 2382 Iudaea
1451 2355 1561 2381 essent
1582 2345 1760 2380 Pharisaei
1784 2356 1815 2382 ct
1831 2348 2049 2390 Zadducaei,
2076 2356 2135 2397 qni

1157 2401 1358 2447 peregrinas
1374 2398 1679 2442 interpretationes
1696 2400 2070 2437 comminiscebantur,
2107 2413 2135 2437 et

1157 2453 1299 2499 quidem
1333 2450 1542 2483 vocabulum
1566 2447 1743 2481 Pharisaei
1769 2450 1939 2491 significat
1968 2453 2137 2497 interpre-

1157 2512 1248 2541 tem,
1275 2502 1360 2535 adro
1383 2501 1572 2541 gloriosum
1598 2499 1739 2532 titulum
1764 2500 1814 2532 illi
1841 2501 1906 2534 sibi
1929 2513 2139 2540 sumserunt,

1160 2562 1276 2587 tamen
1313 2558 1449 2595 practer
1482 2548 1545 2583 hos
1577 2557 1673 2582 erant
1699 2562 1778 2583 vera
1801 2549 1954 2584 Ecclesia
1980 2554 2138 2591 visibilis.

1160 2602 1366 2642 Zacharias,
1400 2598 1603 2642 Elisabeth,
1639 2600 1801 2641 Simeon,
1836 2601 1961 2641 Anna,
2006 2602 2138 2646 loseph„

1162 2654 1295 2695 Maria,
1323 2664 1423 2686 soror
1439 2651 1591 2690 Mariae,
1621 2658 1654 2685 et
1677 2649 1803 2685 horum
1828 2653 2003 2686 auditores
2027 2654 2136 2690 inulti,

1452 2701 1499 2738 42
