2324 2955
198 102 292 137 1003

199 248 278 269 rum
297 236 333 268 in
348 234 495 266 maxima
519 238 615 275 parte
639 229 773 274 generis
797 228 953 265 humani.
1006 228 1081 263 Etsi
1105 243 1167 264 au-

200 293 269 319 tem
292 295 372 316 vera
394 281 550 315 Ecclesia
571 281 692 322 exigua
715 280 801 320 fuit,
830 286 863 313 et
885 290 1049 323 oppressa
1071 279 1166 314 Con-

201 333 341 373 stantii,
392 331 520 365 Iuliani
550 337 583 364 et
616 330 774 363 Valentis
803 330 1005 375 tyrannide:
1052 336 1166 363 tamen

199 382 294 416 Deus
314 382 465 415 servavit
490 380 663 425 reliquias,
716 379 850 413 Romae
873 380 944 412 duo
968 387 1065 413 erant
1081 379 1168 424 Epi-

199 432 311 476 scopi:
356 432 443 464 alter
460 437 615 474 praeerat
633 429 715 473 piis:
749 429 836 462 alter
852 427 1005 464 Arianis.
1056 427 1169 464 Erant

200 488 235 515 et
249 483 319 515 duo
336 480 661 524 Constantinopoli:
690 479 929 513 Nazianzenus
953 485 1044 512 recte
1066 481 1169 512 doce-

199 532 280 572 bat,
319 532 378 567 sed
407 531 541 572 regium
572 529 740 573 templum
769 530 909 562 tenebat
938 527 1170 573 Demophilus

200 580 366 615 Arianos.
438 579 590 614 Basilius
621 578 807 612 Caesareae
839 587 1078 623 propugnator
1105 580 1170 613 suit

200 643 302 664 verae
318 630 514 670 doctrinae,
545 629 753 662 Ambrosius
770 628 987 669 Mediolani,
1012 628 1170 662 Hilarius

200 679 238 712 in
255 680 390 720 Gallia,
417 688 450 715 et
472 680 611 725 quidem
635 680 670 711 in
694 677 887 712 Occidente
909 679 1026 712 minus
1051 686 1171 712 conta-

200 730 336 774 giorum
351 730 418 763 suit
435 742 538 774 quam
558 729 594 761 in
612 727 769 762 Oriente.

302 779 384 813 Non
411 780 518 821 igitur
536 779 743 821 cogitemus,
777 778 910 810 nullam
932 789 1003 811 esse
1019 777 1085 811 Dei
1103 776 1171 812 Ec-

201 828 365 869 clesiam,
398 841 476 862 cum
502 826 689 861 horribiles
713 828 848 871 generis
876 825 1023 861 humani
1047 829 1171 862 confu-

200 879 315 912 siones
334 879 522 912 intuemur.
573 877 642 912 Sed
660 878 757 912 firma
778 878 976 911 assensione
994 885 1172 912 teneamus

201 929 402 962 articulum:
435 927 548 962 Credo
574 940 644 961 esse
661 926 851 961 Ecclesiam
878 926 1101 969 catholicam,
1138 935 1172 962 et

201 979 305 1011 simul
323 979 470 1012 sciamus
487 976 581 1011 hunc
600 989 672 1011 esse
695 984 849 1017 coetum,
883 978 943 1021 qui
963 979 1172 1010 fundamen-

200 1034 274 1062 tum
292 1028 436 1068 retinet,
462 1034 494 1061 et
517 1040 579 1060 nos
606 1028 643 1059 in
666 1025 760 1059 hunc
783 1033 916 1059 coetum
941 1027 1172 1067 includamus,

201 1085 235 1111 et
263 1078 456 1111 testimonia
487 1077 606 1109 divina
641 1076 867 1119 aspiciamu5,
915 1076 1043 1120 quibus
1074 1088 1170 1108 suam

202 1127 397 1160 doctrinam
413 1126 508 1160 Deus
523 1126 753 1159 confirmavit.
813 1125 1043 1168 Deploremus
1068 1126 1170 1158 etiam

200 1177 376 1211 miseriam
402 1176 536 1219 generis
555 1173 717 1215 humani,
744 1176 835 1219 quod
863 1186 999 1218 semper
1023 1173 1171 1208 horren-

202 1228 265 1260 dae
281 1226 501 1259 confusiones
523 1233 622 1266 sunt,
649 1226 789 1258 suerunt
814 1231 845 1257 et
868 1232 987 1265 erunt,
1023 1237 1170 1269 quarum

202 1287 322 1309 causae
338 1282 440 1308 notae
458 1282 539 1308 sunt
564 1287 601 1307 ex
628 1275 785 1308 doctrina
805 1272 999 1316 Ecclesiae,
1026 1282 1059 1308 et
1082 1275 1172 1308 veris

200 1326 386 1369 gemitibus
404 1331 560 1369 petamus
575 1336 639 1357 nos
657 1325 727 1366 regi
746 1331 778 1357 et
796 1325 940 1367 protegi.

301 1374 395 1408 Haec
411 1374 605 1408 admonitio
622 1375 659 1407 in
682 1372 838 1407 historiis
861 1385 960 1418 saepe
985 1375 1170 1417 repetenda

200 1431 268 1463 est,
304 1431 336 1458 et
362 1431 482 1458 contra
504 1425 585 1458 talia
609 1424 804 1469 spectacula
828 1435 891 1457 nos
916 1425 1171 1459 confirmemus.

198 1474 335 1509 Deinde
355 1475 439 1508 tales
463 1472 627 1508 historiae
651 1475 759 1507 multa
783 1474 826 1506 de
841 1473 994 1519 Synodis
1016 1482 1171 1510 monent.

199 1525 287 1558 Vult
309 1523 401 1558 Deus
425 1535 496 1557 esse
522 1525 647 1558 iudicia
669 1523 860 1565 Ecclesiae,
887 1525 961 1557 vult
984 1525 1171 1557 convenire

197 1575 285 1618 pios,
314 1581 352 1608 ut
369 1575 621 1608 consessionem
641 1575 838 1612 ostendant,
863 1581 895 1607 et
911 1575 996 1607 falsa
1011 1575 1169 1617 dogmata

199 1624 376 1663 reficiant,
421 1624 509 1658 sicut
537 1624 707 1658 Actorum
738 1622 795 1661 15,
825 1625 1039 1657 conveniunt
1072 1622 1171 1669 Apo-

199 1675 290 1708 stoli.

299 1723 434 1756 Multae
450 1724 589 1756 suerunt
609 1722 684 1765 piae
694 1721 848 1767 Synodi,
873 1727 912 1754 ut
927 1732 1020 1754 anno
1037 1719 1169 1754 Christi

199 1774 436 1806 ducentesimo
461 1772 711 1815 septuagesimo
735 1772 837 1805 tertio
855 1767 1101 1808 Antiocheno,
1132 1771 1167 1803 in

200 1835 265 1867 qua
283 1835 379 1855 senes
396 1823 496 1854 multi
517 1828 775 1861 convenerunt,
804 1821 861 1865 qui
888 1822 1051 1854 dixerunt
1074 1821 1167 1854 testi-

197 1873 315 1906 monia
334 1879 451 1905 contra
463 1871 738 1905 Samosatenum.
783 1869 920 1903 Deinde
936 1882 1028 1903 anno
1038 1868 1168 1903 Christi

196 1923 437 1956 trecentesimo
452 1921 612 1954 vicesimo
630 1928 749 1954 octavo
759 1918 901 1955 Nt'cena
913 1927 1031 1953 contra
1042 1920 1167 1953 Arium

197 1979 229 2005 et
253 1972 478 2006 Novatianos.
537 1970 644 2004 Anno
678 1972 919 2005 trecentesimo
952 1970 1168 2015 quinquage-

198 2023 285 2056 simo
314 2019 563 2059 Sardicensis,
614 2033 702 2066 quae
734 2020 901 2054 Nicenam
938 2021 1168 2055 confirmavit.

197 2073 303 2105 Anno
323 2072 561 2105 trecentesimo
589 2071 819 2113 octuagesimo
842 2071 966 2116 quinto
983 2065 1168 2104 Constan-

196 2120 444 2168 iz'nopolilana
463 2121 564 2154 initio
583 2119 775 2155 Theodosii
792 2121 913 2165 primi,
946 2121 982 2153 in
1003 2133 1068 2166 qua
1088 2133 1167 2154 vera

196 2173 352 2206 doctrina
373 2173 414 2205 de
430 2171 502 2204 filio
518 2178 550 2204 et
570 2171 704 2215 Spiritu
722 2179 839 2205 sancto
857 2172 1028 2205 illustrata
1048 2177 1108 2204 est.

298 2222 434 2256 Interea
466 2234 547 2254 vero
573 2222 704 2254 multae
729 2222 1010 2255 concursationes
1040 2221 1168 2265 impiae

194 2273 355 2312 suerunt,
382 2273 417 2304 in
435 2272 561 2316 quibus
578 2283 699 2313 magna
720 2272 915 2316 frequentia
940 2272 1006 2305 suit
1020 2270 1167 2314 Episco—

193 2333 334 2366 porum:
366 2322 412 2356 Ut
431 2322 533 2366 paulo
551 2328 630 2354 ante
647 2329 792 2355 mortem
811 2321 1033 2356 Constantini
1050 2321 1166 2366 Syno-

193 2374 259 2405 dus
276 2368 395 2415 Tyria
417 2373 501 2412 suit,
541 2384 634 2405 anno
653 2370 783 2405 Christi
810 2373 1052 2406 trecentesimo
1080 2384 1165 2416 qua-

192 2422 386 2463 dragesimo
418 2423 560 2466 quinto,
601 2423 773 2455 contraria
797 2422 958 2457 Nicenae.
1026 2421 1164 2455 Deinde

192 2470 390 2505 Constantii
428 2478 581 2514 tempore
617 2484 709 2504 anno
745 2471 874 2506 Christi
920 2472 1162 2506 trecentesimo

189 2522 479 2566 quinquagesimo
509 2529 601 2554 sexto
628 2520 870 2566 Syrmiensis,
912 2523 965 2555 cui
1003 2522 1161 2555 interfuit

189 2573 393 2616 imperator,
419 2572 589 2604 contraria
602 2571 760 2608 Nicenae.
796 2573 1159 2606 Annotrecentesimo

188 2622 396 2664 sexagesimo
421 2622 572 2654 secundo
593 2619 848 2657 Arineinemis.
899 2624 1005 2656 Anno
1025 2631 1159 2657 trecen—

434 96 639 136 SCRIPTA
665 97 740 132 1³11.
767 95 882 133 MEL.
907 94 972 130 AD
999 96 1123 133 lllST.
1152 94 1295 131 PROF.
1322 93 1386 129 ΕΤ
1413 93 1602 131 PHlLOS.
1627 94 1944 134 SPECTANTlA.

197 184 372 226 Ecclesia,
397 195 474 218 cum
497 188 632 216 tantum
658 186 744 213 esset
764 179 989 213 dissidiorum
1016 186 1049 214 et
1070 180 1167 214 furo-
1189 190 1192 200 ¹

2091 98 2187 133 1004

1216 181 1338 214 tesimo
1365 179 1574 224 sexagesimo
1600 181 1754 214 secundo
1781 178 2027 218 Seleuciensis.
2079 180 2188 216 Anno

1216 230 1456 264 trecentesimo
1484 231 1692 273 sexagesimo
1715 231 1839 275 quinto
1854 229 2099 271 Antiocheno,
2132 232 2189 265 cui

1217 280 1444 314 Constantius
1468 280 1658 323 imperator
1681 281 1840 315 interfuit
1863 282 1966 325 paulo
1991 289 2070 315 ante
2093 293 2190 315 mor-

1219 337 1301 364 tem.
1352 328 1427 363 Hae
1445 337 1514 363 tres
1531 329 1634 362 etiam
1652 338 1885 374 corruperunt
1910 332 2106 376 symbolum
2125 331 2189 364 Ni-

1220 391 1357 415 cenum.
1424 379 1504 413 Sint
1529 379 1636 422 igitur
1661 380 1698 412 in
1724 388 1911 424 conspectu
1935 382 2038 415 etiam
2063 380 2191 424 impiae

1220 429 1374 475 Synodi,
1401 436 1439 462 ut
1456 429 1599 462 refutari
1624 430 1756 473 possint
1778 428 1835 472 hi,
1861 432 1921 477 qui
1945 432 2193 474 vociferantur,

1221 479 1383 525 Synodos
1400 492 1472 513 non
1492 490 1588 523 posse
1605 492 1731 516 errare.

1320 545 1409 580 Cum
1428 552 1541 579 autem
1562 546 1597 578 in
1614 544 1765 579 Ecclesia
1784 553 1942 591 oporteat
1960 558 2032 580 esse
2050 546 2192 588 iudicia,

1223 596 1369 629 sciamus
1382 608 1540 629 normam
1562 607 1633 628 esse
1656 596 1866 630 iudiciorum
1890 598 2015 640 scripta
2040 594 2194 640 prophe-

1223 648 1287 680 tica
1308 654 1339 680 et
1358 646 1545 690 apostolica
1564 653 1596 679 et
1613 647 1782 691 symbola.
1839 646 2044 680 Curandum
2063 653 2111 679 est
2128 646 2194 688 igi-

1224 704 1299 736 tur,
1334 703 1373 729 ut
1390 696 1523 741 Synodi
1552 703 1643 729 recte
1666 705 1852 738 regantur,
1886 709 1949 730 nec
1975 696 2154 729 discedant
2174 707 2193 729 a

1223 758 1365 784 norma,
1390 753 1427 778 ut
1457 753 1516 779 aut
1540 746 1778 786 multitudini,
1811 754 1870 780 aut
1897 747 2056 792 tyrannis
2078 757 2195 779 assen-

1223 803 1358 836 tentur,
1397 796 1486 829 sicut
1517 803 1600 829 tunc
1630 797 1821 830 sententiae
1848 803 1964 839 gratae
1987 795 2194 830 Constantio

1223 847 1447 886 dicebantur,
1479 853 1511 879 et
1534 846 1651 887 regula
1676 848 1826 880 tenenda
1849 853 1917 881 est:
1957 844 2015 881 δεῖ
2033 842 2195 887 δικάζειν

1224 895 1267 931 οὐ
1282 893 1411 941 πλήθει
1423 921 1433 936 ,
1462 893 1552 929 ἀλλὰ
1569 893 1757 941 ἐπιστήμῃ.

1323 954 1404 988 Fuit
1421 953 1643 987 Constantini
1660 961 1815 998 tempore
1831 961 1864 988 et
1881 951 2113 999 Gangrensis
2129 953 2196 999 Sy-

1223 1004 1356 1043 nodus,
1389 1015 1477 1047 quae
1504 1004 1560 1047 pia
1585 1004 1659 1038 fuit.
1725 1004 1789 1038 Est
1812 1012 1926 1038 autem
1946 1004 2087 1046 Gangra
2113 1006 2197 1038 urbs

1224 1053 1340 1085 vicina
1367 1052 1522 1091 Galatis,
1557 1053 1594 1085 in
1618 1064 1655 1085 ea
1679 1060 1775 1095 parte
1800 1067 1903 1098 quam
1922 1054 2048 1087 Heneti
2075 1061 2196 1087 tenue-

1224 1109 1317 1135 runt.
1370 1099 1414 1134 Et
1441 1102 1598 1134 scribunt
1625 1108 1754 1134 veteres
1778 1104 1897 1145 lingua
1921 1104 2080 1136 Henetae
2097 1103 2196 1136 Gan-

1224 1163 1318 1193 gram
1338 1151 1531 1193 significare
1541 1150 1708 1195 Capream
1721 1177 1730 1194 ,
1758 1159 1794 1185 ut
1813 1165 1905 1186 nunc
1921 1165 2059 1197 quoque
2069 1152 2197 1186 Heneti

1223 1200 1392 1244 Capream
1420 1202 1616 1234 nominant.
1691 1200 1743 1234 Ibi
1774 1204 1939 1235 adversus
1972 1201 2195 1236 Eustathium

1224 1252 1398 1295 quendam
1417 1258 1448 1284 et
1467 1251 1538 1284 eius
1554 1251 1744 1284 imitatores
1763 1253 1897 1285 decreta
1916 1253 2002 1286 sacta
2019 1259 2109 1291 sunt,
2137 1253 2198 1297 qui

1224 1308 1334 1334 certos
1352 1302 1449 1334 cibos
1466 1308 1500 1334 et
1515 1301 1675 1343 coniugia
1697 1300 1953 1344 prohibebant,
1980 1310 2012 1336 et
2030 1304 2198 1335 nolebant

1224 1352 1385 1384 accedere
1409 1352 1450 1383 ad
1475 1363 1530 1383 eas
1555 1348 1744 1389 Ecclesias,
1785 1352 1845 1385 nbi
1879 1353 2072 1386 sacerdotes
2099 1358 2198 1385 erant

1224 1401 1351 1434 mariti.
1406 1400 1666 1445 IluiusSynodi
1683 1402 1851 1435 memoria
1869 1402 2049 1436 retinenda
2067 1409 2134 1442 est,
2160 1408 2199 1435 ut

1224 1457 1255 1484 et
1276 1449 1342 1484 hoc
1358 1457 1457 1484 vetus
1475 1451 1714 1484 testimonium
1734 1459 1853 1485 contra
1869 1453 2131 1496 superstitiones
2155 1453 2197 1485 de

1224 1501 1310 1534 cibis
1328 1508 1358 1534 et
1378 1499 1616 1545 prohibitione
1632 1501 1787 1545 coniugii
1803 1509 1926 1535 notum
1941 1503 1995 1536 sit.

1323 1566 1461 1600 Deinde
1487 1574 1563 1611 post
1589 1567 1772 1600 Valentem
1805 1575 1971 1609 regnante
1995 1567 2198 1600 Theodosio

1223 1629 1262 1650 ex
1287 1617 1464 1659 prioribus
1486 1617 1651 1650 fluctibus
1673 1617 1931 1661 aliquantulum
1962 1618 2102 1650 emersit
2128 1615 2197 1649 Ec-

1222 1667 1334 1699 clesia.
1387 1665 1454 1698 Hic
1471 1667 1563 1699 enim
1580 1667 1764 1711 Synodum
1781 1667 1970 1699 convenire
1986 1667 2086 1700 iussit
2102 1665 2198 1699 Con-

1222 1714 1470 1756 stantinopoli,
1510 1715 1546 1746 in
1580 1727 1648 1759 qua
1681 1722 1801 1749 contra
1832 1716 1984 1749 Arianos
2015 1723 2046 1749 et
2075 1723 2196 1750 contra

1222 1763 1471 1796 Macedonium
1491 1770 1523 1796 et
1541 1761 1759 1796 Eunomium
1776 1772 1809 1798 et
1824 1765 1972 1806 similes,
2007 1766 2066 1811 qui
2092 1778 2197 1809 nega-

1222 1812 1488 1856 bantSpiritum
1506 1820 1753 1856 sanctumesse
1767 1811 2033 1860 ὑφιστάμενον,
2060 1817 2197 1850 decreta

1222 1864 1307 1896 facta
1325 1870 1417 1898 sunt.

1321 1919 1456 1954 Eodem
1482 1927 1637 1966 tempore
1659 1928 1692 1956 et
1708 1920 1903 1956 Damasus
1917 1919 2060 1957 Romae
2081 1923 2197 1970 Syno-

1221 1973 1304 2005 dum
1322 1972 1550 2012 convocavit,
1583 1979 1616 2005 et
1640 1974 1775 2007 decreta
1804 1975 1890 2006 facta
1915 1981 1996 2008 sunt
2018 1974 2197 2008 communi

1221 2022 1473 2055 deliberatione
1491 2022 1628 2065 piorum
1641 2049 1651 2063 ,
1676 2023 1737 2067 qui
1754 2022 2062 2069 Constantinopoli
2080 2032 2111 2058 et
2121 2023 2196 2059 Ro-

1222 2084 1298 2105 mae
1315 2079 1432 2112 erant,
1460 2084 1547 2116 quae
1566 2073 1758 2106 recitantur
1771 2086 1788 2106 a
1809 2072 2036 2108 Theodoreto
2052 2075 2143 2108 libro
2158 2074 2193 2108 5.

1220 2121 1311 2156 Sunt
1346 2133 1487 2167 quoque
1517 2123 1668 2156 revocati
1701 2124 1816 2157 exules
1845 2125 1937 2168 pulsi
1966 2137 2005 2157 ex
2029 2123 2193 2158 Ecclesiis

1221 2178 1395 2215 tempore,
1429 2171 1597 2207 Valentis.
1657 2171 1854 2207 Consilium
1880 2175 1981 2207 etiam
2000 2172 2192 2208 Theodosii

1220 2223 1390 2255 memoria
1413 2222 1558 2264 dignum
1581 2230 1649 2262 est,
1677 2224 1756 2267 qui,
1783 2236 1861 2257 cum
1884 2223 2048 2257 haeretici
2073 2224 2193 2257 elude-

1219 2279 1296 2305 rent
1328 2272 1523 2306 testimonia
1552 2271 1753 2316 prophetica
1781 2280 1813 2306 et
1844 2274 2049 2318 apostolica,
2092 2274 2192 2308 iussit

1219 2323 1367 2365 proferri
1386 2322 1585 2356 testimonia
1604 2335 1642 2356 ex
1660 2323 1726 2366 piis
1749 2324 1974 2367 scriptoribus
1987 2350 1996 2363 ,
2030 2324 2090 2368 qni
2112 2331 2191 2357 ante

1218 2372 1361 2406 dissidia
1384 2373 1444 2406 illa
1465 2374 1621 2413 fuerant,
1653 2381 1686 2408 et
1706 2371 1850 2406 Codices
1873 2385 1912 2406 ex
1936 2374 2112 2407 veteribus
2137 2375 2192 2407 bi-

1217 2420 1402 2456 bliothecis
1419 2434 1482 2456 suo
1505 2430 1644 2466 sumptu
1668 2423 1833 2467 protulit,
1869 2429 1906 2456 ut
1931 2435 2101 2465 consensu
2125 2436 2191 2467 pu-

1216 2473 1318 2505 rioris
1361 2473 1579 2517 antiquitatis
1617 2473 1767 2505 convicti
1812 2470 1973 2506 haeretici
2012 2475 2188 2510 cederent.

1217 2521 1330 2562 Idem,
1364 2524 1392 2555 si
1416 2535 1510 2555 nunc
1536 2523 1649 2562 fieret,
1685 2522 1813 2555 multae
1839 2523 2071 2556 dissensiones
2097 2532 2190 2558 recte

1215 2573 1289 2604 tolli
1314 2579 1463 2616 possent.
1524 2571 1599 2605 Etsi
1624 2572 1717 2604 enim
1740 2572 1975 2606 vociferantur
1996 2575 2187 2608 adversarii

1213 2623 1346 2663 nostri,
1373 2634 1408 2656 se
1431 2623 1616 2656 defendere
1640 2628 1789 2655 veterem
1810 2635 2035 2656 consensum:
2069 2631 2186 2658 tamen
