2324 2955
126 114 218 150 1001
670 111 697 147 1.

224 196 314 232 Cum
338 203 454 231 autem
480 196 624 230 instaret
654 195 762 230 festus
794 196 868 229 dies
891 206 1009 228 mense
1031 192 1101 227 De-

122 248 274 287 cembri,
302 260 371 292 quo
393 247 533 292 publice
549 246 746 280 celebratur
760 246 954 279 recordatio
971 245 1101 278 nativi-

122 300 203 334 tatis
227 292 374 331 Christi
396 309 435 330 ex
460 296 611 338 virgine,
650 297 790 330 accessit
812 294 1035 330 Theodosius
1058 296 1101 328 ad

123 350 314 393 templum,
366 354 400 380 et
441 353 641 380 reverenter
679 347 800 390 petivit
834 347 1102 385 ahsolutionem,

122 411 229 445 quam
257 404 291 431 et
323 397 571 440 pronunciavit
597 397 629 430 ei
658 395 888 432 Ambrosius.
953 395 1101 429 Addidit

121 456 237 484 autem
269 447 661 485 commonefactionem,
703 454 742 481 ut
767 447 871 480 ferret
894 447 1022 488 legem,
1062 451 1101 478 ut

122 505 200 543 post
233 497 399 541 rescripta
430 497 650 540 imperatoris
685 497 896 530 differantur
931 495 1127 539 supplicia*

122 547 284 593 capitalia
307 548 378 580 dies
402 547 565 590 triginta,
606 559 650 580 ne
677 548 727 580 rei
769 547 897 580 iniusta
923 546 973 578 ira
998 546 1101 578 rebus

122 611 196 633 non
213 598 295 632 satis
316 597 492 642 inquisitis
511 598 800 632 interficerentur.

122 656 238 683 autem
255 648 449 691 exemplum
467 660 506 680 ex
523 648 632 681 veteri
648 646 763 681 Attica
780 646 1046 680 consuetudine.

224 697 272 732 Ut
292 704 407 731 autem
426 698 574 730 maxime
602 699 742 742 prodest
765 698 963 730 discernere
989 696 1101 728 bonos

122 748 298 794 principes
329 759 349 781 a
376 748 492 785 malis,
540 754 578 781 ut
610 747 676 781 Dei
702 760 826 791 opera,
867 753 900 780 et
931 746 1100 779 virtutum

122 799 279 842 exempla
303 798 585 831 considerentur:
625 800 672 831 ita
696 810 767 830 non
792 804 841 830 est
869 796 993 829 inutile
1017 806 1102 828 con-

122 850 213 882 serre
229 849 350 881 bonos.
403 846 657 882 Constantinus
675 848 763 880 bella
784 847 914 879 maiora
932 845 1045 888 gessit,
1068 851 1101 878 et

123 898 318 933 terribilior
340 898 417 931 fuit.
481 898 551 932 Sed
575 897 798 931 Theodosius
831 897 935 929 etiam
966 895 1102 938 magnis

124 950 228 982 rebus
245 949 365 992 gestis,
392 948 428 980 in
447 955 520 981 toto
538 948 686 991 imperio
713 959 830 991 pacem
855 947 953 985 fecit,
979 943 1102 978 Eccle-

125 999 192 1032 sias
222 999 390 1042 protexit,
431 1004 463 1030 et
494 998 636 1030 dissidia
666 997 806 1029 sustulit
832 1001 1021 1028 convocata
1047 995 1102 1038 pia

124 1048 287 1094 Synodo,
313 1048 449 1092 fuitque
474 1047 511 1079 in
535 1046 708 1089 coniugiis
729 1046 898 1081 soelicior.
948 1044 1103 1089 Uterque

123 1098 279 1132 veritatis
303 1110 342 1130 eo
368 1097 435 1130 suit
458 1097 668 1135 studiosior,
713 1096 795 1140 quia
821 1096 938 1129 literas
959 1100 1103 1134 norunt,

125 1155 159 1182 et
183 1149 296 1182 fontes
321 1147 501 1180 doctrinae
528 1146 655 1179 melius
680 1157 886 1188 cognoscere
912 1150 1103 1188 potuerunt

125 1210 230 1243 quam
261 1197 405 1232 indocti.
472 1195 659 1240 Utrunque
683 1193 787 1228 Deus
816 1195 984 1239 protexit,
1017 1206 1060 1227 ne
1085 1206 1103 1226 a

124 1248 284 1294 tyrannis
301 1247 544 1286 vincerentur,
571 1246 652 1291 quia
670 1246 772 1280 ambo
791 1244 905 1279 Deum
930 1250 1021 1277 recte
1046 1257 1104 1277 co—

125 1298 288 1336 luerunt'‚
339 1304 373 1331 et
407 1295 574 1330 Ecclesiis
608 1296 866 1329 benefecerunt.
932 1294 1105 1337 Congruit

125 1349 237 1382 exitus
254 1348 296 1381 ad
313 1347 462 1380 dictum:
490 1346 643 1380 Plantati
662 1347 698 1378 in
717 1347 822 1379 domo
837 1344 983 1379 Domini
1000 1345 1104 1379 etiam

125 1398 163 1431 in
181 1404 315 1432 senecta
330 1397 521 1430 florebunt.

228 1447 395 1482 Mortuus
427 1454 476 1480 est
504 1453 620 1480 autem
646 1443 876 1479 Theodosius
907 1444 1104 1478 Mediolani

126 1510 221 1532 anno
246 1498 366 1532 aetatis
391 1497 602 1540 sexagesimo
626 1497 769 1541 quinto,
810 1496 867 1529 die
889 1495 1106 1540 Septembris

126 1549 262 1582 decimo
287 1547 454 1594 septimo,
507 1559 600 1580 anno
627 1546 765 1590 imperii
789 1546 924 1579 decimo
948 1545 1107 1589 septimo.

125 1597 263 1643 Corpus
279 1597 588 1641 Constantinopoli
603 1597 779 1640 sepultum
798 1602 860 1631 est.
912 1594 1016 1628 Extat
1032 1596 1107 1627 lau-

127 1650 223 1682 datio
249 1646 442 1681 Theodosii
470 1648 563 1690 apud
591 1645 840 1686 Ambrosium,
880 1646 940 1690 qui
976 1645 1106 1689 inquit:

128 1697 246 1732 Dilexi
263 1697 397 1736 virum,
423 1696 484 1740 qui
502 1709 580 1729 cum
597 1708 742 1740 corpore
759 1696 971 1731 solveretur,
999 1694 1109 1734 magis

129 1749 172 1782 de
189 1747 422 1781 licclesiarum
439 1752 550 1786 statu,
576 1758 682 1790 quam
700 1746 742 1778 de
765 1745 835 1778 suis
861 1743 1024 1787 periculis
1045 1754 1109 1775 an-

129 1800 285 1843 gebatur.

233 1848 317 1881 Post
340 1858 418 1879 eum
445 1844 629 1888 imperium
654 1843 689 1875 in
713 1842 915 1883 Pannonia,
951 1841 1053 1875 Italia
1078 1848 1111 1875 et

131 1898 303 1943 Hispania
318 1910 337 1930 a
349 1896 467 1930 Gottis
486 1902 517 1928 et
529 1894 707 1926 Vandalis.
763 1892 899 1926 Deinde
916 1893 959 1925 ab
968 1891 1110 1925 Hunnis

131 1950 360 1984 dilaceratum
391 1954 452 1980 est.
522 1943 676 1977 Galliam
707 1955 791 1976 vero
826 1943 953 1987 partim
983 1941 1109 1975 Franci

132 1999 259 2045 partim
279 1997 463 2039 Burgundi
481 2000 706 2038 occuparunt.
757 1993 860 2026 Prius
876 1999 990 2026 autem
1006 2004 1109 2037 quam

133 2052 177 2084 de
210 2048 466 2083 successoribus
502 2046 634 2085 dicam,
683 2043 889 2087 aspiciamus
919 2041 1109 2076 Ecclesiam

135 2101 249 2146 qualis
279 2098 384 2132 suerit
408 2104 486 2142 post
509 2102 658 2129 mortem
684 2094 902 2133 Constantii,
937 2094 1001 2126 sub
1016 2092 1111 2126 Con-

135 2151 282 2191 stantio,
310 2148 460 2191 Iuliano,
490 2146 687 2186 Ioviniano,
715 2144 966 2178 Valentiniano
985 2143 1112 2188 primo,

134 2202 283 2236 Valente
295 2225 304 2239 ,
331 2198 503 2232 Gratiano
522 2204 555 2231 et
569 2194 783 2230 Theodosio.

162 2254 166 2259 '
237 2250 279 2284 In
296 2248 444 2283 Oriente
461 2248 543 2294 quia
560 2246 812 2281 Constantinus
830 2245 995 2288 deceptus
1010 2245 1112 2278 blan-

138 2302 240 2337 diciis
270 2300 400 2334 sororis
432 2304 653 2332 revocaverat
682 2296 828 2336 Arium,
877 2295 913 2327 in
947 2292 1113 2328 Ecclesiis

138 2351 266 2398 passim
296 2362 416 2384 rursus
446 2350 632 2382 excitatum
663 2354 712 2380 est
735 2346 936 2378 incendium
961 2343 1114 2379 Arianae

139 2401 346 2447 impietatis,
373 2407 405 2434 et
423 2400 552 2434 crebris
569 2398 721 2444 Synodis
739 2396 883 2429 dissidia
905 2401 1003 2428 aucta
1023 2403 1115 2432 sunt.

139 2453 237 2487 Ilaec
264 2451 356 2484 mala
376 2462 453 2484 cum
484 2451 672 2493 imperator
692 2446 882 2486 Constans,
925 2445 984 2490 qui
1009 2444 1116 2479 Occi-

141 2506 282 2537 dentem
301 2501 458 2538 tenebat,
482 2499 671 2544 reprimere
688 2504 892 2536 conaretur,
917 2496 1059 2539 perfecit
1078 2503 1117 2530 ut

142 2553 307 2600 Synodus
331 2551 387 2595 pia
413 2551 616 2583 conveniret
641 2549 677 2581 in
706 2548 794 2580 urbe
817 2546 980 2585 sardica,
1023 2558 1116 2579 anno

143 2610 220 2648 post
250 2602 415 2636 Nicenam
440 2600 631 2645 ,Synodum
659 2598 835 2632 vicesimo.
897 2595 973 2629 Etsi
1002 2604 1116 2631 autem

143 2652 359 2689 sardicensis
386 2650 549 2695 Synodus
575 2650 630 2693 pia
652 2650 788 2682 decreta
818 2646 917 2688 fecit,
957 2653 990 2680 et
1013 2644 1119 2681 Occi-

190 2706 366 2738 lili-mxv«.
392 2703 494 2735 Ormi,
522 2702 602 2733 von.
619 2700 695 2733 XII.

750 108 1041 147 CHRONlCON
1075 109 1319 148 CARIONIS.
1373 111 1498 149 PARS
1526 113 1572 150 11.

847 598 1033 639 Sumptum
1051 601 1101 627 est
1126 603 1127 608 ¹

1125 723 1127 731 ι
1152 705 1325 747 legeretur
1349 704 1483 750 ὅΙιιοιος.

2036 120 2131 156 1002

1154 195 1249 229 denti
1267 197 1414 240 profuit:
1453 205 1568 232 tamen
1586 197 1815 233 Constantius
1831 213 1909 235 cum
1927 214 1999 236 non
2016 205 2131 238 solum

1153 253 1295 290 propter
1312 248 1579 282 adolescentiam
1599 249 1686 282 levis
1710 257 1814 291 esset,
1850 253 1909 285 sed
1933 253 2037 286 etiam
2065 267 2130 288 na—

1152 303 1228 329 tura
1247 297 1377 337 sutilis,
1405 305 1436 332 et
1461 299 1556 331 domi
1581 300 1625 332 ab
1650 302 1921 335 assentatoribus
1941 312 2131 348 regeretur,

1126 383 1127 386 Ἰ
1151 346 1239 380 savit
1256 347 1418 389 Arianis,
1445 355 1477 382 et
1505 350 1661 393 permisit
1688 357 1725 383 ut
1751 351 1820 384 late
1847 362 2047 396 spargerent
2075 367 2132 388 er-

1151 408 1278 432 rorem.

1253 455 1479 501 fueruntque
1516 465 1593 502 post
1629 465 1776 492 mortem
1806 458 2003 495 Constantii
2041 464 2130 498 aliae

1151 503 1285 549 Synodi
1313 508 1507 540 contrariae
1531 508 1747 541 Sardicensi:
1783 508 1901 544 Prima
1918 512 2129 551 Syrmiensis

1152 567 1244 587 anno
1265 556 1389 599 quinto
1405 564 1483 600 post
1499 557 1754 593 Sardicensem.
1808 559 1892 593 Mox
1916 551 2059 606 sequuta
2079 571 2128 598 est

1152 605 1392 646 Arminensss,
1420 606 1698 641 ubiCotliurnus
1716 608 1823 642 sactus
1840 610 1874 642 in
1886 610 2025 656 Syrmio
2044 625 2127 656 pro-

1151 656 1262 688 sertur
1293 656 1472 696 videlicet,
1515 664 1551 690 ut
1579 671 1641 700 pro
1672 655 1867 701 ὁμοούσιος
1900 662 1936 693 in
1967 664 2124 697 symbolo

1552 706 1821 742 Discedentibus
1854 710 1962 752 igitur
1981 701 2058 754 'piis
2086 725 2125 746 ex

1152 753 1334 799 Arimino,
1362 768 1440 789 cum
1458 757 1647 800 imperator
1668 759 1797 792 faveret
1815 759 1948 803 impiis,
1982 764 2126 797 audacia

1153 805 1190 837 in
1207 803 1355 839 Oriente
1373 807 1500 847 crevit,
1529 814 1560 840 et
1578 808 1682 852 impia
1697 808 1862 853 Synodus
1881 811 2044 845 futilitate
2060 813 2126 845 im-

1152 856 1322 899 peratoris
1354 856 1392 889 in
1424 858 1547 890 urbem
1574 859 1746 892 Isauricae
1773 859 1967 893 Seleuciam
1995 874 2126 896 convo·

1153 911 1224 938 cata
1244 913 1304 940 est,

1253 962 1406 996 Biennio
1428 971 1505 1008 post
1525 964 1708 1008 Synodum
1735 966 1975 1002 seleucianam
2006 983 2126 1005 rursus

1153 1012 1317 1057 frequens
1343 1013 1507 1059 Synodus
1543 1014 1771 1057 imperiorum
1806 1019 1970 1053 convenit
1997 1019 2128 1055 Antio-

1154 1061 1272 1102 chiae,
1299 1075 1368 1107 quo
1387 1062 1614 1097 Constantius
1640 1073 1783 1108 propter
1801 1066 1932 1100 bellum
1949 1068 2127 1104 Persicum

1154 1113 1324 1145 exercitus
1339 1114 1501 1154 duxerat,
1527 1114 1587 1146 ubi
1611 1121 1648 1147 ut
1675 1115 1711 1148 fit
1733 1116 1823 1149 inter
1850 1118 1958 1151 malos
1985 1120 2128 1154 dissidia

1154 1170 1350 1196 creverunt.
1404 1163 1531 1196 Natum
1556 1171 1605 1197 est
1630 1164 1679 1196 ibi
1702 1172 1827 1198 tetrum
1855 1166 2050 1211 sophisma,
2085 1172 2128 1204 de

1154 1225 1223 1256 quo
1240 1224 1343 1257 supra
1360 1213 1526 1246 diximus:
1554 1213 1658 1247 Pater
1674 1222 1721 1248 est
1738 1214 1900 1262 εὐσεβὴς.
1954 1218 2064 1254 Filius
2080 1228 2131 1256 est

1155 1261 1300 1308 ἀσεβὴς.
1353 1262 1445 1306 Ergo
1462 1271 1512 1297 est
1530 1264 1769 1309 inaequalitas.

1257 1320 1356 1354 Mota
1374 1329 1423 1355 est
1439 1323 1616 1355 contentio
1632 1324 1674 1356 de
1691 1323 1825 1366 Spiritu
1844 1333 1979 1360 sancto:
2009 1325 2066 1361 An
2085 1330 2129 1363 sit

1155 1367 1413 1417 ὑφιστάμενος.
1487 1371 1539 1405 De
1572 1385 1639 1417 qua
1671 1377 1907 1410 controversia
1942 1384 2055 1420 postea
2091 1387 2129 1413 ut

1156 1423 1287 1461 dicam,
1316 1420 1695 1464 regnante'l‘heodosio
1713 1424 1748 1456 in
1766 1424 1909 1469 Synodo
1927 1427 2131 1462 Constanti-

1156 1472 1359 1515 nopolitana
1376 1480 1408 1507 et
1426 1472 1462 1505 in
1481 1471 1623 1506 Damasi
1641 1475 1786 1508 decretis
1805 1488 1883 1510 vera
1901 1478 2059 1512 doctrina
2075 1491 2131 1513 re-

1157 1523 1275 1556 stituta
1292 1528 1353 1555 est.

1256 1578 1310 1613 Ex
1320 1578 1539 1614 Antiocliena
1550 1580 1694 1627 Synodo
1712 1582 1936 1618 Constantius
1954 1586 2133 1620 rediturus

1159 1630 1195 1662 in
1213 1629 1391 1674 Europam
1417 1632 1583 1664 adversus
1601 1632 1794 1672 lulianum,
1824 1635 1860 1667 in
1888 1636 2012 1669 itinere
2038 1649 2134 1669 mor-

1158 1687 1239 1712 tuus
1255 1687 1323 1719 est,
1347 1692 1425 1713 cuin
1443 1679 1614 1715 Ecclesias
1631 1684 1850 1718 dilacerasset
1874 1686 1994 1720 multis
2017 1686 2135 1730 impiis

1159 1727 1321 1774 Synodis.

1260 1784 1387 1818 Secuta
1416 1792 1466 1819 est
1499 1787 1612 1820 maior
1645 1789 1822 1823 calamitas
1851 1792 1917 1824 sub
1941 1803 2135 1826 successore

1160 1833 1298 1867 Iuliano
1314 1835 1481 1878 Apostata
1507 1848 1600 1870 anno
1619 1836 1751 1873 Christi
1772 1843 2013 1875 trecentesimo
2039 1855 2137 1876 sexa-

1159 1884 1288 1927 gesimo
1323 1891 1428 1918 sexto-
1502 1887 1557 1919 Ad
1591 1888 1708 1932 priora
1744 1890 1887 1924 dissidia
1921 1900 2138 1926 accesserunt

1159 1934 1269 1967 multa
1283 1935 1390 1967 mala:
1421 1934 1579 1970 Iulianus
1602 1938 1673 1981 ipse
1696 1940 1810 1983 palam
1835 1942 1959 1975 defecit
1980 1944 2023 1975 ad
2045 1940 2136 1975 Eth—

1160 1984 1277 2028 nicos,
1310 1991 1343 2018 et
1365 1983 1530 2019 Ecclesiis
1553 1988 1685 2022 reditus
1708 1991 1855 2032 ademit,
1888 1998 1920 2026 et
1945 1992 1982 2024 in
2004 1993 2137 2026 multos

1159 2032 1378 2068 Christianos
1407 2037 1591 2070 saeviciam
1623 2041 1786 2076 exercuit.
1852 2040 1997 2075 Publica
2032 2043 2136 2075 etiam

1161 2083 1392 2118 Ethuicorum
1411 2087 1577 2121 sacrificia
1597 2090 1766 2132 restituit,
1800 2098 1832 2125 et
1854 2092 1957 2126 multi
1980 2093 2136 2136 exemplo

1162 2135 1331 2180 principis
1354 2148 1373 2169 a
1398 2148 1478 2170 vera
1497 2136 1650 2172 Ecclesia
1675 2141 1895 2183 defecerunt,
1926 2149 1965 2176 ut
1989 2143 2137 2176 dicitur:

1162 2185 1302 2219 Scilicet
1318 2186 1354 2219 in
1370 2188 1494 2230 vulgus
1511 2196 1655 2223 manant
1673 2193 1828 2235 exempla
1844 2199 2036 2235 regentum.

1264 2243 1348 2279 Post
1365 2246 1549 2280 biennium
1575 2248 1726 2282 extincto
1744 2249 1882 2284 Iuliano
1907 2252 2033 2285 lenitae
2057 2259 2138 2285 sunt

1162 2292 1227 2327 hae
1243 2295 1466 2331 calamitates.
1501 2296 1703 2332 Iovinianus
1717 2301 1812 2334 enim
1828 2302 2026 2346 symbolum
2037 2301 2139 2335 Nice-

1164 2357 1249 2377 num
1275 2346 1436 2389 amplecti
1460 2357 1494 2379 se
1520 2349 1694 2391 professus
1718 2357 1786 2390 est,
1819 2358 1851 2385 et
1878 2350 2039 2385 Ecclesiis
2061 2353 2138 2396 pios

1164 2402 1318 2439 pastores
1343 2403 1374 2429 et
1400 2397 1576 2430 redituum
1602 2406 1735 2442 partem
1760 2402 1921 2435 restituit.
1974 2402 2049 2436 Sub
2070 2402 2139 2435 Va-

1166 2445 1362 2479 lentiniano
1385 2447 1487 2479 etiam
1512 2449 1697 2482 mediocris
1724 2453 1959 2496 tranquillitas
1982 2453 2048 2486 suit
2071 2450 2134 2485 Ec-

1166 2496 1347 2528 clesiarum
1359 2494 1573 2531 Occidentis.
1615 2498 1684 2532 Sed
1698 2500 1826 2535 Valens
1843 2503 1877 2535 in
1891 2500 2039 2536 Oriente
2058 2514 2139 2535 cou-

1169 2546 1317 2579 lirmavit
1344 2546 1557 2580 Arianorum
1583 2549 1815 2593 impietatem,
1856 2559 1888 2585 et
1914 2554 2042 2585 multos
2066 2552 2139 2594 pios

1168 2595 1359 2640 Episcopos
1377 2609 1415 2629 ex
1433 2596 1599 2632 Ecclesiis
1617 2601 1758 2644 expulit.
1810 2601 1851 2635 ln
1869 2601 1923 2636 his
1940 2601 2142 2636 tristissimis

1169 2646 1372 2691 spectaculis
1389 2648 1524 2683 dubitet
1547 2650 1690 2694 aliquis:
1719 2649 1777 2686 Au
1802 2661 1836 2688 ct
1860 2654 1920 2687 ubi
1942 2652 2045 2686 suerit
2065 2663 2144 2684 vcra

1587 2700 1635 2736 64
