2324 2955
187 106 284 141 1039

187 186 483 234 inexpugnabilis,
509 189 541 216 et
557 181 632 215 Deo
658 179 748 214 hanc
771 182 917 224 gratiam
940 182 1159 216 referendam

189 252 280 279 esse,
308 249 350 270 ne
370 235 454 280 quid
471 232 659 266 crudeliter
673 238 733 265 aut
749 232 938 266 libidinose
961 232 1077 273 fieret,
1104 245 1165 277 pe-

191 289 299 335 percit
315 293 346 318 et
365 284 506 317 Gottico
526 281 718 326 praesidio,
747 282 802 315 cui
820 282 1007 323 concessit,
1036 289 1074 316 ut
1099 284 1166 316 fide

192 338 331 384 publica
346 341 420 367 tuto
440 333 642 366 discederet.
684 331 820 366 Interea
838 331 973 366 Romae
988 339 1060 366 erat
1078 332 1169 367 Got—

195 397 311 422 torum
334 396 392 418 rex
417 381 641 423 Theodatus,
671 381 733 426 qui
751 394 812 416 seu
833 389 929 416 metu
951 394 1011 415 seu
1035 390 1172 426 spretus

196 451 214 471 a
248 435 318 470 suis
354 445 426 467 non
464 433 609 477 parabat
639 443 675 465 se
709 433 874 465 adversus
920 432 1171 476 peritissimum

198 487 347 521 bostem.
407 483 526 528 ltaque
553 482 714 515 Gotticus
739 483 909 516 exercitus
930 483 1067 515 vicinus
1093 483 1174 516 urbi

198 537 332 571 Romae
352 535 459 567 iratus
477 531 662 566 Theodato
678 539 769 565 creat
797 544 912 575 regem
934 530 1094 578 Viligem
1121 533 1175 565 vi-

200 598 279 620 rum
296 585 501 617 bellicosum
515 608 523 621 ,
549 582 608 626 qui
627 582 796 615 foeliciter
819 584 965 616 duxerat
989 583 1175 616 exercitum

203 634 418 669 Theodorici
438 641 601 676 tempore.
639 631 783 673 Cognita
801 633 880 665 vovi
899 633 988 676 regis
1010 633 1177 666 electione

205 698 244 719 ex
272 686 358 718 urbe
382 682 496 717 Roma
521 682 609 723 sugit
632 680 835 717 'l'heodatus
862 682 1069 716 Ravennam
1094 694 1179 715 con-

204 746 382 773 cessurus,
414 745 516 777 qucm
544 731 695 775 Optares
719 733 813 765 iussu
837 732 966 775 Vitigis
989 733 1179 776 fugientem

205 784 388 818 interfecit.
440 781 613 826 Cupidius
638 782 731 814 enim
757 780 813 815 hic
830 781 982 827 Optares
1007 782 1181 817 mandatis

205 834 333 877 Vitigis
356 833 489 877 paruit,
516 832 597 876 quia
618 832 801 875 coniugem
818 833 850 866 ei
870 834 1061 874 ademerat,
1088 844 1182 866 eam-

207 896 273 929 que
290 884 388 917 alteri
408 882 555 926 pecunia
573 888 756 926 corruptus
774 883 977 917 tradiderat.
1030 883 1081 917 Ita
1099 894 1183 927 poe-

207 946 269 967 nas
284 933 379 967 dedit
396 930 599 965 Tlieodatus
618 943 696 964 cum
713 933 862 965 aliorum
889 934 1080 974 scelerum,
1106 940 1180 966 tum

208 982 472 1027 ingratitudinis
501 993 580 1024 erga
609 980 915 1015 Amalosuntham.
978 982 1084 1016 Venit
1108 980 1184 1014 Ro-

209 1046 300 1067 mam
317 1032 526 1072 Belisarius,
552 1038 585 1064 et
602 1043 676 1064 eam
695 1032 831 1074 magnis
847 1031 1013 1076 operibus
1029 1031 1169 1065 muniit.

317 1128 459 1174 Viliges
481 1135 626 1174 quartus
650 1140 708 1161 rex
727 1127 917 1162 Gottorum
942 1129 1100 1172 regnavit
1122 1141 1187 1162 an-

212 1194 276 1216 nos
300 1181 467 1225 quinque.
520 1178 571 1212 Ac
596 1179 679 1211 belli
701 1178 833 1212 Gottici
858 1180 996 1223 epitasis
1022 1180 1059 1211 in
1081 1177 1188 1212 huius

213 1232 359 1273 vitigis,
384 1237 417 1263 et
434 1229 562 1262 deinde
578 1228 716 1262 Totilae
732 1235 886 1273 tempora
906 1229 1041 1270 incidit,
1067 1229 1103 1261 in
1119 1241 1187 1273 qua

214 1283 337 1324 ingens
355 1280 473 1313 ltaliae
487 1279 634 1312 vastatio
651 1279 737 1312 sacta
756 1286 816 1314 est.
843 1279 957 1313 Roma
975 1291 1074 1323 saepe
1090 1286 1187 1323 capta

215 1338 277 1365 est.
330 1330 572 1363 Mediolanum
590 1329 748 1362 funditus
765 1329 918 1362 deletum
934 1341 953 1363 a
972 1329 1101 1370 Gottis,
1127 1328 1188 1374 qui

216 1380 358 1424 triginta
381 1380 491 1412 millia
518 1379 646 1412 civium
671 1379 720 1411 ibi
745 1379 1013 1420 interfecerunt,
1039 1379 1130 1413 Sunt
1156 1386 1189 1412 et

217 1431 304 1465 aliae
320 1431 450 1463 multae
466 1430 568 1462 urbes
584 1429 750 1474 utrinque
768 1436 897 1473 captae,
924 1430 1041 1472 magni
1058 1429 1189 1463 exerci-

217 1490 272 1515 tus
295 1480 478 1520 trucidati,
511 1491 636 1522 magna
661 1479 852 1513 multitudo
877 1478 1062 1513 bominum
1081 1479 1188 1523 pesti-

218 1531 323 1564 lentia
341 1537 373 1563 et
390 1531 479 1563 fame
496 1531 676 1573 absumpta
696 1536 763 1570 est,
791 1536 916 1563 matres
939 1530 1096 1563 filiorum
1114 1542 1189 1563 car-

217 1581 322 1614 nibus
339 1581 375 1612 in
394 1580 533 1623 Liguria
550 1587 665 1623 pastae
681 1580 892 1614 scribuntur.

318 1630 463 1663 Initium
480 1636 592 1663 autem
610 1630 786 1662 bellicum
806 1629 921 1672 Vitige
947 1630 1033 1672 gesti
1055 1629 1191 1664 Romae

218 1682 347 1714 sactum
363 1687 432 1718 est,
460 1692 562 1722 qnam
583 1679 717 1719 vitiges
740 1691 833 1710 anno
860 1680 994 1718 integro
1012 1686 1044 1709 et
1067 1679 1190 1709 dicbus

219 1742 343 1762 noveru
373 1729 519 1761 obsedit.
588 1727 701 1761 Multa
726 1727 773 1758 ibi
798 1737 921 1768 magna
950 1726 1078 1768 praelia
1102 1726 1190 1759 sacta

220 1786 312 1812 sunt.
366 1778 406 1810 ln
434 1778 544 1821 primo
578 1784 692 1809 autem
719 1776 866 1808 maxime
895 1775 1005 1808 virtus
1028 1774 1190 1808 Belisarii

219 1835 400 1872 conspecta
426 1834 486 1860 est.
542 1824 721 1859 Exercitus
739 1825 863 1868 Vitigis
890 1831 963 1858 erat
993 1831 1132 1858 centum
1157 1831 1193 1858 et

219 1878 472 1923 quinquaginta
492 1876 642 1908 millium
664 1875 853 1908 Gottorum
878 1875 1003 1908 robore
1020 1882 1053 1908 et
1068 1875 1191 1919 peritia

220 1929 270 1961 rei
288 1927 446 1960 militaris
465 1925 718 1959 excellentium.
769 1924 816 1957 Hi
837 1936 914 1958 cum
939 1925 1106 1958 vidissent
1123 1924 1192 1957 Be-

220 1978 330 2011 lisarii
346 1977 550 2017 exercitum,
577 1976 637 2020 qui
654 1986 806 2018 egressus
822 1981 894 2008 erat
911 1975 954 2007 ad
981 1975 1191 2019 speculanda

220 2027 374 2062 hostium
407 2033 535 2066 castra,
576 2031 774 2069 contempta
812 2025 984 2069 paucitate
1021 2025 1192 2069 praelium

221 2078 324 2113 cient.
371 2076 417 2111 Et
437 2077 515 2122 quia
541 2075 792 2119 agnoscebatur
814 2087 922 2120 equus
945 2074 1106 2108 Belisarii
1127 2076 1194 2118 gil-

222 2140 285 2162 vus
301 2135 334 2161 et
350 2128 429 2160 albo
452 2127 579 2170 capite,
608 2125 707 2159 Gotti
728 2132 818 2158 recte
843 2125 1080 2159 existimantes
1105 2127 1194 2159 duce

223 2179 404 2212 interfecto
423 2177 558 2210 facilem
580 2177 655 2209 sore
680 2175 882 2215 victoriam,
908 2186 980 2208 sese
1005 2174 1193 2209 cohortan-

221 2234 299 2269 tur,
324 2234 363 2261 ut
386 2239 489 2273 quam
512 2226 656 2271 plurimi
681 2225 881 2269 conglobati
906 2225 943 2257 in
966 2238 1077 2259 unum
1099 2223 1195 2259 hunc
1218 2244 1219 2253 ι

225 2277 390 2321 impetum
416 2277 563 2317 faciant,
595 2276 763 2310 continuo
788 2276 939 2308 clamore
961 2273 1050 2309 hanc
1072 2288 1193 2310 vocem

225 2335 401 2361 sonantes:
456 2327 495 2360 In
513 2326 652 2368 Falam,
677 2326 713 2359 id
736 2332 805 2366 est,
828 2325 961 2369 gilvum
979 2338 1120 2371 equum.

324 2378 468 2421 Semper
491 2383 605 2410 autem
630 2375 737 2410 veteri
758 2375 932 2409 Laconico
955 2388 1052 2410 more
1074 2377 1193 2421 proxi-

428 98 632 137 SCRlPTA
662 97 738 132 1³11.
768 97 883 133 MEL.
914 97 977 132 AD
1007 98 1132 134 IIIST.
1162 98 1303 135 PROF.
1332 98 1396 134 ET
1423 98 1613 136 PHlLOS.
1641 99 1960 137 SPECTANTlA.

2095 104 2192 139 1040

1216 192 1289 218 tum
1307 183 1428 225 evasit,
1453 195 1523 228 quo
1541 182 1641 218 Gotti
1660 196 1738 218 cum
1757 185 1824 218 iam
1841 197 1910 218 nox
1929 186 2086 228 instaret,
2113 199 2196 231 pro·

1218 234 1315 278 gredi
1332 245 1405 267 non
1424 241 1506 268 sunt
1523 234 1609 267 ausi.
1660 234 1713 268 Ita
1731 235 1902 269 divinitus
1918 243 2073 270 servatus
2090 238 2196 270 rediit

1219 287 1310 318 iutra
1326 284 1425 317 urbis
1441 283 1576 318 Romae
1600 285 1758 326 moenia,
1786 297 1865 318 cum
1890 285 1958 318 iam
1982 286 2123 329 periisse
2140 287 2196 319 di-

1220 341 1373 374 ceretur,
1399 345 1438 367 ac
1452 334 1592 367 rediens
1609 334 1739 367 multos
1764 336 1964 370 dubitantes
1981 336 2023 368 ad
2041 336 2194 369 officium

1221 383 1408 419 revocavit.

1324 434 1446 467 Postea
1464 433 1614 467 durante
1631 434 1834 474 obsidione,
1858 447 1937 468 cum
1961 446 2060 480 saepe
2087 442 2200 469 tenta-

1224 491 1321 518 retur
1349 483 1584 527 oppugnatio,
1619 491 1652 517 et
1681 484 1717 516 in
1753 484 1837 528 ipsis
1869 485 2053 519 moenibus
2080 487 2200 519 crebra

1226 534 1355 579 praelia
1374 534 1515 574 fierent,
1537 546 1609 567 uno
1632 534 1689 566 die
1711 534 1853 576 triginta
1875 533 2065 567 Gottorum
2088 536 2200 569 millia

1228 585 1417 628 perierunt.
1468 581 1521 617 Ea
1537 584 1633 616 clade
1651 596 1728 617 cum
1746 584 1846 617 fracti
1873 591 1986 617 essent
2010 584 2201 617 Gottorum

1229 635 1360 674 animi,
1387 634 1481 666 lenta
1507 634 1634 666 deinde
1648 634 1714 667 fuit
1738 634 1887 667 obsidio.
1947 633 2035 668 Cum
2059 646 2140 667 vero
2166 635 2203 667 in

1230 686 1316 718 urbe
1334 685 1376 717 ad
1393 690 1542 716 caeteras
1563 684 1719 717 miserias
1733 685 1841 717 sames
1858 684 2071 724 accessisset,
2098 695 2204 717 vene-

1231 741 1315 768 runt
1340 734 1376 766 in
1401 734 1633 776 suspicionem
1657 733 1843 768 Senatores
1873 734 2015 778 quidam
2039 733 2207 774 Romani,

1233 792 1265 819 et
1281 797 1358 818 cum
1382 782 1436 817 his
1452 783 1612 817 Pontifex
1630 784 1828 829 Sylverius,
1855 785 1948 828 quod
1971 785 2013 816 de
2030 784 2117 816 urbe
2134 791 2205 817 tra-

1234 836 1346 868 denda
1370 846 1448 867 cum
1467 833 1585 867 Gottis
1606 841 1758 877 agerent.
1809 834 1926 876 Quare
1953 833 2142 867 Belisarius
2174 839 2208 867 et

1234 885 1439 918 Pontificem
1463 891 1496 917 et
1520 884 1608 917 alios
1632 884 1692 929 qui
1718 884 1868 918 accusati
1889 885 2045 922 fuerant,
2073 884 2109 915 in
2135 883 2208 916 exi-

1236 936 1322 968 lium
1346 934 1462 972 misit,
1490 941 1523 968 et
1550 946 1781 967 successorem
1805 934 1901 967 dedit
1924 933 2084 979 Sylverio
2108 933 2209 975 Vigi-

1236 984 1342 1022 lium,
1369 983 1430 1027 qui
1451 983 1563 1016 fuerat
1579 983 1767 1019 Diaconus.
1820 983 1915 1016 Haec
1938 984 1975 1016 in
2001 983 2093 1016 libro
2120 995 2209 1027 quo·

1237 1032 1553 1076 queDecretorum,
1578 1039 1616 1065 ut
1632 1034 1853 1072 nominatur,
1879 1033 2081 1073 recitantur,
2109 1044 2210 1065 causa

1238 1082 1295 1116 23.
1314 1087 1444 1126 quaest.
1464 1080 1498 1116 4.
1528 1081 1590 1114 ubi
1613 1082 1792 1126 Sylverius
1827 1089 1945 1114 narrat
1970 1093 2004 1114 se
2028 1088 2211 1124 propterea

1239 1138 1360 1165 contra
1392 1130 1601 1164 Belisarium
1632 1138 1665 1164 et
1690 1131 1860 1174 vigilium
1896 1131 2045 1164 edidisse
2078 1132 2211 1164 fulmen

1239 1180 1621 1216 excommunicationis.

1339 1230 1473 1273 Vitiges
1489 1231 1631 1264 tandem
1647 1230 1773 1263 omissa
1790 1229 1972 1264 obsidione
1983 1228 2118 1264 Romae
2134 1242 2212 1263 cum

1241 1281 1392 1324 sexagies
1408 1281 1533 1324 septies
1556 1280 1607 1313 ibi
1630 1280 1833 1313 dimicatum
1859 1287 1967 1323 esset,
1995 1280 2090 1314 ducit
2117 1292 2214 1312 exer-

1240 1332 1347 1364 citum
1369 1332 1412 1363 ad
1437 1331 1734 1374 oppugnationem
1756 1330 1922 1365 Arimini.
1975 1329 2098 1363 Postea
2121 1330 2216 1362 obsi-

1241 1382 1388 1415 dionum
1408 1386 1439 1414 et
1456 1380 1678 1414 deditionum
1697 1380 1814 1412 variae
1830 1380 1921 1412 vices
1938 1380 2091 1414 fuerunt.
2136 1379 2216 1412 Me·

1241 1432 1423 1465 diolanum
1442 1431 1545 1464 etiam
1563 1442 1580 1463 a
1601 1429 1718 1464 Gottis
1735 1430 1888 1463 deletum
1917 1436 1986 1470 est,
2014 1440 2136 1471 magna
2166 1429 2215 1462 ibi

1242 1483 1345 1515 caede
1373 1482 1474 1516 sacta.
1534 1480 1692 1513 Tandem
1719 1481 1761 1512 ad
1789 1479 1996 1513 Ravennam
2026 1479 2216 1512 Belisarius

1242 1531 1403 1572 accessit,
1430 1530 1490 1564 ubi
1507 1531 1668 1573 granaria
1693 1530 2003 1571 conflagraverant.
2059 1528 2109 1561 lbi
2138 1542 2216 1561 curn

1242 1583 1284 1616 de
1302 1582 1395 1625 pacis
1410 1581 1672 1614 conditionibus
1688 1592 1787 1623 saepe
1802 1579 1975 1623 colloquia
1993 1577 2218 1618 haberentur,

1242 1633 1382 1666 tandem
1414 1637 1524 1664 astute
1555 1629 1745 1662 Belisarius
1776 1628 1949 1668 obtinuit,
1984 1635 2022 1661 ut
2046 1627 2217 1661 Ravenna

1243 1683 1445 1715 dederetur,
1471 1680 1506 1710 in
1525 1692 1592 1721 qua
1610 1687 1684 1712 erat
1699 1678 1844 1720 Vifiges,
1872 1689 1974 1722 quem
1992 1683 2130 1720 captum
2149 1675 2217 1709 lio·—

1242 1727 1384 1760 norifice
1400 1727 1561 1760 custodit.

1343 1774 1420 1809 Etsi
1441 1782 1557 1808 autem
1582 1774 1742 1806 nondum
1771 1780 1841 1807 tota
1868 1774 1966 1807 ltalia
1990 1783 2109 1817 pacata
2134 1784 2218 1817 erat,

1243 1833 1276 1860 et
1291 1823 1404 1859 adbuc
1421 1826 1548 1858 multas
1570 1825 1674 1858 urbes
1690 1824 1732 1856 ad
1754 1823 1886 1856 Padum
1904 1832 1936 1858 et
1951 1823 2098 1859 Athesin
2119 1825 2218 1861 Geni

1244 1877 1426 1911 tenebant:
1454 1882 1569 1909 tamen
1585 1874 1665 1919 quia
1684 1873 1865 1907 inclinatio
1882 1887 2027 1918 magnae
2045 1877 2219 1920 potentiae

1245 1926 1406 1961 Gotticae
1437 1925 1600 1958 Belisarii
1632 1923 1787 1958 consiliis
1811 1931 1844 1958 et
1867 1924 1995 1958 virtute
2016 1926 2102 1959 sacta
2134 1933 2218 1968 erat,

1245 1978 1318 2021 ipse
1332 1974 1664 2019 Constantinopolin
1680 1974 1781 2012 redit,
1804 1981 1835 2008 et
1853 1986 1893 2007 eo
1910 1974 2061 2018 Vitigem
2078 1983 2217 2019 captum

1244 2026 1400 2061 abduxit.
1451 2025 1667 2060 Revocatum
1683 2031 1798 2058 autem
1816 2025 1975 2059 scribunt
1988 2038 2006 2058 a
2025 2025 2218 2061 Iustiniano

1244 2083 1389 2122 propter
1411 2076 1541 2109 bellum
1564 2074 1743 2108 Persicum
1761 2086 1779 2107 a
1795 2073 1926 2108 cosroe
1948 2082 2097 2112 motum.
2148 2076 2217 2111 Sed

1246 2127 1405 2160 existimo
1422 2125 1559 2159 facilius
1576 2136 1617 2158 ex
1633 2124 1732 2158 ltalia
1754 2136 1833 2158 eum
1857 2125 2053 2159 discessisse
2077 2134 2219 2171 propter

1244 2175 1431 2212 Iustiniani
1461 2175 1695 2219 suspicionem
1719 2181 1753 2208 et
1775 2182 1990 2209 caeterorum
2013 2177 2140 2209 ducum
2160 2176 2216 2209 Io-

1245 2226 1373 2261 hannis
1387 2233 1420 2260 et
1432 2224 1585 2259 Narsetis
1601 2225 1899 2266 malevolentiam,
1924 2237 2073 2271 quorum
2090 2226 2218 2259 volun-

1246 2285 1332 2312 tates
1347 2278 1391 2310 ab
1409 2288 1449 2309 eo
1465 2276 1637 2308 alienatae
1652 2281 1774 2313 erant,
1798 2275 1888 2310 sicut
1904 2275 2126 2310 excellentem
2144 2277 2217 2310 vir-

1246 2336 1354 2363 tutem
1372 2325 1503 2360 invidia
1522 2325 1719 2358 comitatur.

1346 2377 1388 2410 In
1406 2374 1500 2410 hunc
1516 2375 1667 2419 Vitigem
1683 2375 1871 2408 adductum
1885 2372 2216 2419 Constantinopolin

224 2438 299 2460 mos
323 2428 414 2470 apud
446 2438 479 2459 se
504 2427 652 2460 delectos
683 2426 815 2471 equites
844 2423 966 2459 habuit
992 2425 1194 2470 Belisarius,
1216 2450 1219 2485 Ι
1243 2426 1461 2462 Iustinianus
1482 2423 1573 2458 nihil
1600 2436 1721 2469 aspere
1740 2423 1939 2464 constituit,
1967 2424 2047 2469 quia
2071 2425 2214 2468 perfidia

224 2477 426 2510 excellentes
441 2477 667 2516 fortitudine,
693 2476 834 2509 scientia
863 2476 911 2509 rei
929 2476 1109 2520 militaris,
1137 2479 1192 2512 iu-
1216 2490 1218 2509 ι
1244 2490 1388 2512 suorum
1414 2482 1534 2520 captus
1556 2481 1641 2511 erat.

225 2527 320 2560 sticia
339 2534 370 2559 et
381 2526 455 2558 side.

226 2589 282 2609 sus
299 2584 366 2616 est,
394 2583 425 2609 et
447 2577 608 2619 pugnavit
629 2577 699 2617 ipse
716 2589 776 2609 suo
795 2577 868 2609 loco
894 2577 1100 2620 fortissime,
1126 2581 1190 2612 do-

224 2626 336 2660 necin
357 2627 477 2659 collem
502 2626 685 2658 intervallo
711 2627 878 2659 mediocri
898 2639 917 2659 a
942 2628 1061 2663 castris
1087 2631 1190 2664 dissi-

509 2526 563 2558 Ab
580 2525 632 2558 liis
651 2536 729 2560 tunc
748 2539 885 2571 quoque
905 2527 1052 2560 fideliter
1070 2531 1193 2563 defen-
1216 2523 1219 2558 l
1243 2529 1327 2572 regii
1344 2527 1496 2561 nominis
1512 2525 1593 2559 fecit
1618 2535 1698 2558 eum
1725 2523 1921 2567 patricium.

1707 2474 1789 2507 Ideo
1814 2479 1956 2517 propter
1984 2475 2213 2508 reverentiam

1973 2523 2072 2558 Gotti
2097 2536 2213 2567 regern

1242 2584 1403 2611 crearunt
1419 2573 1665 2611 helebadum,
1692 2573 1753 2617 qui
1778 2585 1858 2606 cum
1875 2572 2003 2616 Vitigis
2027 2582 2212 2618 cognatum

1241 2627 1487 2668 interfecisset,
1517 2637 1590 2658 non
1613 2623 1747 2658 diutius
1770 2635 1868 2657 anno
1895 2625 2067 2667 regnavit.
2122 2624 2212 2658 Nam
