2324 2955
110 111 187 146 869

106 193 269 240 Ephoros
296 195 503 236 sustulerat,
539 200 572 229 et
593 193 717 228 vicinis
743 194 875 228 bellum
899 193 1081 236 inserebat,

107 257 126 279 a
142 257 214 290 quo
234 256 360 289 magno
382 246 513 290 praelio
540 245 653 278 victus
674 251 737 279 est.
794 244 884 278 Cum
910 252 1024 279 autem
1048 249 1081 276 et

103 294 304 329 Cleomenis
327 297 508 329 audaciam
534 302 567 328 et
593 296 702 328 robur
718 295 930 329 Laconicum
949 301 1080 328 metue-

104 352 176 386 ret,
202 347 246 379 ad
270 346 355 379 belli
378 346 577 380 societatem
595 346 813 389 Antigonum
830 357 944 388 regem
962 345 1081 378 Mace-

101 396 270 430 donicum
298 396 480 435 invitavit,
514 397 574 441 qui
601 398 752 430 adducto
777 397 928 430 exercitu
952 407 1080 438 magno

103 447 236 490 praelio
255 446 337 479 vicit
356 445 601 488 Cleomenem,
626 447 686 491 qui
713 447 839 480 amisso
863 458 969 489 regno
993 446 1081 489 fugit

103 497 141 529 in
159 496 378 541 Aegyptum,
405 498 467 530 ubi
483 504 602 542 captus
617 504 766 531 mortem
784 497 851 530 sibi
869 497 1049 531 conscivit.

204 561 329 596 Postea
362 570 501 598 mortuo
527 564 708 606 Antigono
742 575 821 607 rege
849 564 1012 597 successit
1042 563 1079 595 in

100 624 208 657 regno
225 613 455 647 Macedonico
472 610 672 660 Philippus
691 613 809 647 Persei
834 621 941 658 pater.
989 612 1078 647 Cum

100 671 216 698 autem
227 664 343 698 Aetoli
361 672 571 698 renovarent
588 665 719 697 bellum
736 661 1080 704 adversusAchaeos,

99 720 132 747 et
145 725 265 747 eorum
284 715 414 758 oppida
432 722 613 759 caperent,
638 722 670 748 et
688 715 858 749 exercitus
880 715 1078 755 funderent,

98 775 163 797 nec
179 775 278 807 pares
296 771 409 798 essent
429 763 581 804 Achaei,
606 777 726 799 rursus
750 765 929 799 accersivit
948 765 1077 797 Aratus

97 814 227 848 auxilia
260 814 503 850 Macedonica.
580 814 740 861 Cumque
773 816 883 849 multa
920 815 1076 848 consiliis

99 864 201 899 Arati
233 866 410 908 praeclare
450 873 669 908 gererentur,
721 867 831 900 factus
868 865 1077 898 insolentior

95 912 305 959 Philippus,
346 917 588 950 crudelitatem
622 923 768 949 naturae
794 927 876 949 suae
904 915 1073 959 paulatim

96 965 237 1000 detexit.
306 965 502 1001 Messenios
533 967 739 1010 praecipuos
772 972 805 998 et
836 966 924 998 alios
946 966 1072 1008 passim

96 1015 227 1049 iniuste
245 1016 429 1052 interfecit.
481 1015 618 1049 Deinde
633 1022 665 1049 et
687 1016 870 1059 coniugem
894 1016 957 1048 filii
974 1016 1073 1050 Arati

93 1065 262 1109 corrupit.
312 1065 412 1107 Quae
429 1066 556 1099 scelera
573 1078 675 1100 senex
687 1066 816 1100 Aratus
831 1078 932 1109 aegre
949 1067 1074 1107 ferens,

93 1126 128 1149 se
145 1116 189 1149 ab
205 1127 246 1149 eo
263 1115 445 1151 disiunxit.
500 1116 567 1150 Sed
586 1114 773 1160 Philippus
789 1124 822 1150 et
839 1122 972 1160 patrem
984 1117 1073 1149 Ara-

96 1173 171 1199 tum
194 1172 228 1199 et
252 1166 363 1199 filium
387 1178 523 1200 veneno
548 1167 697 1202 necavit.
749 1165 911 1211 Cumque
931 1168 1073 1209 sangui-

92 1227 175 1248 nem
199 1223 354 1249 vomeret
379 1217 510 1250 Aratus
539 1224 637 1261 pater
668 1217 911 1260 praesentibus
939 1218 1072 1259 amicis,

92 1266 216 1299 solitus
230 1273 278 1299 est
296 1266 426 1300 dicere:
453 1269 572 1301 ταῦτα
592 1266 689 1301 {brev
714 1265 875 1313 ἐπίχειρα
896 1280 1070 1313 τυραννι-

91 1318 155 1360 κῆς
172 1314 313 1362 φιλίας,
343 1314 427 1349 haec
451 1324 532 1350 sunt
551 1318 702 1360 praemia
723 1318 925 1362 tyrannicae
950 1319 1071 1351 amici-

91 1366 171 1401 tiae.
222 1364 290 1399 Ilic
307 1366 373 1400 suit
391 1367 501 1400 exitus
519 1368 586 1399 viri
602 1368 809 1411 praestantis
826 1368 925 1401 Arati
937 1394 945 1408 ‚
973 1369 1071 1402 cuius

89 1417 255 1450 laudatur
272 1416 309 1449 in
325 1418 589 1461 recuperatione
605 1419 736 1462 patriae
754 1425 786 1451 et
802 1419 838 1450 in
856 1418 976 1452 multis
993 1419 1071 1452 aliis

90 1466 248 1500 victoriis
271 1468 478 1503 moderatio.
547 1467 680 1513 Estque
706 1468 742 1500 in
764 1469 877 1513 patria
903 1469 933 1502 ei
959 1476 1070 1504 statua

90 1517 220 1561 posita,
248 1529 326 1551 cum
346 1515 411 1551 hac
430 1518 675 1561 inscriptione:

145 1586 235 1616 Venit
251 1587 289 1616 ad
304 1587 464 1616 Herculeas
481 1597 651 1627 quanquam
667 1594 717 1617 tua
732 1589 811 1617 fania
826 1590 990 1627 columnas,

193 1636 276 1666 Dum
294 1640 418 1676 patriam
437 1649 533 1667 servas
550 1641 662 1677 inclyte
678 1638 770 1668 Arate
788 1646 888 1669 tuam:

142 1686 206 1717 Nos
224 1694 321 1716 tamen
337 1688 413 1717 hanc
429 1694 555 1717 statuam
576 1700 629 1727 pro
646 1690 779 1718 libertate
794 1697 911 1729 recepta

196 1736 328 1767 Virtutis
347 1744 450 1767 testem
466 1738 591 1767 fecimus
606 1750 666 1768 esse
682 1746 757 1768 tuae.

142 1786 319 1817 Communis
336 1790 390 1817 tibi
407 1799 475 1818 cum
491 1786 557 1817 Diis
571 1791 767 1818 servatoribus
783 1796 845 1819 esto

192 1838 250 1868 Hic
266 1839 374 1868 honor.
414 1837 449 1868 ln
468 1842 592 1879 patriam
608 1850 676 1868 nam
694 1841 742 1879 pia
760 1841 823 1868 iura
839 1839 937 1870 refers.

213 1904 502 1952 Reprehenditur
525 1907 618 1951 quod
644 1905 858 1940 Macedonas
886 1917 1007 1940 rursus
1034 1906 1071 1938 in

91 1957 278 1992 Graeciam
309 1957 466 1998 attraxit,
508 1957 569 2002 qui
593 1969 672 1990 mox
697 1956 882 1991 Graeciam
904 1957 1071 1990 servitute

91 2014 350 2052 oppresserunt.
400 2006 448 2041 Et
465 2008 652 2051 prudentia
672 2009 863 2041 necessaria
892 2014 959 2047 est,
986 2019 1070 2040 con-

91 2059 245 2092 siderare
273 2058 392 2103 quales
420 2058 520 2090 nobis
543 2058 786 2099 adiungamus.
840 2057 952 2090 Valde
976 2058 1068 2089 enim

91 2109 235 2142 infoelix
252 2109 454 2142 coniunctio
473 2108 539 2142 suit
563 2120 640 2140 cum
656 2106 821 2153 Philippo
837 2108 1068 2141 Macedonico

91 2171 189 2203 rege,
222 2159 282 2204 qni
313 2165 346 2193 et
376 2166 500 2192 natura
529 2159 681 2192 crudelis
710 2159 776 2193 suit
802 2166 835 2192 et
862 2159 1067 2192 obscoenus.

91 2210 211 2255 Quare
234 2209 366 2242 dictum
397 2216 466 2248 est,
512 2208 659 2242 Aratum
685 2209 775 2243 male
800 2209 936 2250 secisse,
974 2211 1068 2254 quod

91 2260 286 2294 attraxisset
315 2258 529 2293 Macedonas
566 2259 603 2292 in
636 2258 852 2293 Graecorum
887 2271 1069 2306 gynaecea.

93 2310 198 2352 Quod
219 2322 300 2343 vero
319 2310 497 2343 societates
520 2310 599 2343 secit
616 2322 695 2343 cum
722 2310 893 2351 inimicis,
919 2311 1068 2354 tempori

93 2368 126 2394 et
156 2360 323 2394 saeviciae
354 2372 527 2393 novorum
558 2357 713 2394 hostium
745 2361 932 2402 tribuitur,
979 2361 1070 2395 sicut

93 2411 260 2444 usitatum
279 2416 347 2450 est,
371 2416 411 2444 ut
432 2408 642 2444 Plutarchus
666 2411 795 2456 inquit:
832 2413 960 2458 Καιρῷ
981 2409 1069 2446 δου-

95 2458 263 2496 λεύουσιν
289 2459 321 2494 οὶ
344 2457 539 2506 ὃοκοῦνῑες
559 2460 695 2507 ἄρχειν.
748 2460 795 2495 Et
812 2463 904 2505 apud
923 2461 1069 2508 Thucy-

94 2512 211 2545 didem
229 2511 344 2556 inquit
361 2511 491 2553 legatus
506 2509 747 2545 Atheniensis:
779 2509 918 2558 Ἄνδρα
932 2509 1070 2559 τύραν-

93 2574 161 2596 νον
177 2559 233 2596 δεῖ
247 2559 337 2608 πρὸς
353 2559 506 2602 ἕκαστα,
533 2559 643 2608 φίλον
659 2560 682 2608 ἢ
699 2562 854 2609 ἔχθρον,
882 2561 974 2608 μετὰ
990 2575 1070 2598 και-

95 2613 164 2658 ροῦ
195 2609 405 2659 γίγνεσθαι.
472 2610 541 2645 Sed
576 2620 693 2656 postea
725 2620 895 2659 tyrannus
919 2613 1069 2649 Macedo

97 2673 226 2706 poenas
243 2662 357 2701 dedit,
386 2667 424 2697 ut
442 2661 532 2696 infra
548 2662 711 2698 dicemus.

795 107 821 144 Ι.
863 101 1153 144 CHRONICON
1179 102 1426 141 CARIONIS,

2052 99 2126 136 870

1287 193 1354 228 De
1387 191 1588 228 secundo
1620 190 1744 228 bello
1771 191 1962 229 Punico.

1234 278 1340 311 Anno
1355 277 1398 311 ab
1414 277 1502 310 urbe
1511 273 1635 310 Roma
1653 276 1814 310 conditae
1831 275 2111 321 quingentesimo

1134 327 1309 362 tricesimo
1328 335 1440 368 sexto,
1464 335 1600 362 motum
1618 333 1667 361 est
1685 327 1818 360 bellurn
1838 327 2029 360 secundum
2039 325 2113 359 Pu-

1134 379 1271 418 nicum,
1306 391 1383 412 cum
1406 379 1562 412 Annibal
1577 377 1774 421 Saguntum
1797 377 1834 409 in
1853 375 2025 419 Hispania
2050 377 2112 409 de-

1134 430 1284 465 levisset.
1336 429 1433 462 Anni
1452 436 1533 463 sunt
1548 441 1566 462 a
1591 429 1659 461 fine
1682 427 1786 472 primi
1811 427 1895 460 belli
1915 425 2041 460 Punici
2065 428 2108 459 ad

1134 480 1275 513 initium
1309 479 1473 519 secundi,
1521 479 1678 524 quinque
1712 485 1745 511 et
1779 477 1915 520 viginti.
1994 475 2110 510 Tanta

1133 530 1297 563 odiorum
1324 530 1488 562 incendia
1513 529 1657 562 suerunt
1686 529 1723 560 in
1754 525 1809 561 his
1840 526 2039 560 civitatibus
2067 528 2111 559 de

1133 581 1280 624 imperio
1305 580 1573 620 dimicantibus,
1603 585 1643 612 ut
1666 590 1740 610 non
1763 578 1825 610 diu
1848 577 2023 621 quiescere
2045 588 2110 619 po-

1132 632 1276 665 tuerint.
1333 630 1377 664 Et
1402 629 1497 663 Deus
1517 641 1668 663 crescere
1692 627 1892 662 Romanam
1918 626 2110 669 potentiam

1132 682 1290 722 volebat,
1315 688 1354 714 nt
1377 692 1498 723 regum
1521 679 1725 725 tyrannides
1740 682 1983 721 compesceret.
2031 675 2108 709 Du-

1131 732 1222 765 ravit
1258 738 1373 765 autem
1405 732 1598 764 secundum
1629 729 1762 762 bellum
1788 727 1963 761 Punicum
1998 737 2109 770 usque

1131 783 1173 815 ad
1206 794 1337 815 annum
1371 782 1558 825 septimum
1585 780 1773 813 decimum.
1845 776 1897 810 Ac
1930 776 2108 809 numerari

1130 839 1242 876 potest
1262 833 1352 866 inter
1368 832 1536 865 acerrima
1560 831 1650 863 bella
1676 829 1810 873 generis
1833 825 1999 867 humani,
2025 838 2107 870 pro-

1130 890 1208 926 pter
1230 883 1509 925 magnitudinem
1534 880 1769 924 praeliorum,
1809 884 1842 911 et
1864 877 1978 910 varias
2004 877 2106 910 vices.

1128 932 1287 978 Cumque
1312 934 1355 964 de
1377 932 1498 964 multis
1512 931 1647 973 magnis
1670 931 1774 964 rebus
1797 927 2107 962 commones-'ictio-

1128 995 1188 1017 nes
1205 984 1241 1016 in
1259 982 1365 1016 tantis
1383 981 1639 1015 calamitatibus
1661 987 1693 1013 et
1716 979 1972 1012 mutationibus
1997 978 2108 1020 impe-

1127 1034 1262 1067 riorum
1288 1038 1551 1077 proponantur,
1578 1028 1645 1063 hoc
1671 1029 1855 1073 praecipue
1881 1027 2108 1060 consideran-

1127 1085 1211 1117 dum
1230 1090 1289 1124 est,
1313 1082 1461 1126 imperia
1477 1093 1549 1114 non
1568 1080 1682 1113 solum
1697 1077 1860 1112 humanis
1878 1076 2033 1110 consiliis
2049 1085 2109 1110 aut

1127 1134 1262 1167 viribus
1285 1132 1471 1172 constitui,
1505 1132 1565 1164 sed
1581 1129 1647 1164 Dei
1670 1141 1775 1174 opera
1800 1140 1890 1169 esse,
1924 1134 1963 1161 ut
1979 1126 2106 1161 Daniel

1127 1185 1260 1230 inquit:
1287 1182 1392 1216 Deus
1410 1183 1573 1217 transfert
1591 1187 1624 1215 et
1638 1180 1769 1213 stabilit
1783 1190 1897 1222 regna.
1931 1178 1977 1212 Et
1993 1190 2106 1223 quan-

1126 1248 1231 1280 quam
1264 1234 1367 1268 hellis
1392 1231 1624 1267 horribilibus
1645 1230 1812 1274 utrinque
1836 1229 1964 1262 scelera
1989 1227 2105 1261 homi-

1126 1298 1210 1318 num
1229 1286 1446 1330 puniuntur,
1473 1291 1589 1317 tamen
1600 1280 1715 1315 Deum
1732 1280 1895 1313 victorias
1909 1280 2107 1324 plerunque

1126 1337 1196 1369 illis
1215 1337 1390 1374 tribuere,
1417 1335 1476 1378 qui
1496 1334 1606 1366 iustae
1629 1330 1843 1364 defensionis
1866 1341 1967 1363 causa
1991 1330 2105 1372 repel-

1126 1387 1204 1419 lunt
1229 1387 1298 1418 vim
1325 1386 1453 1418 iniuste
1473 1384 1623 1421 illatam,
1651 1381 1746 1414 iuxta
1770 1380 1943 1422 regulam:
1975 1377 2106 1413 Omnis

1126 1437 1186 1482 qui
1202 1436 1358 1479 gladium
1377 1434 1566 1478 acceperit,
1593 1432 1709 1476 gladio
1726 1431 1867 1475 peribit.

1226 1492 1303 1528 Etsi
1318 1500 1431 1527 autern
1451 1491 1632 1536 perspicua
1650 1501 1750 1523 causa
1776 1495 1827 1522 est
1849 1488 1993 1522 secundi
2019 1488 2104 1521 belli

1125 1545 1271 1585 Punici,
1310 1544 1428 1578 tamen
1451 1543 1605 1587 quaesita
1630 1547 1681 1574 est
1707 1539 1828 1573 elusio.
1901 1538 1943 1571 In
1965 1539 2105 1571 foedere

1125 1595 1370 1630 Romanorum
1400 1600 1433 1627 et
1452 1590 1782 1634 Carthaginensium
1804 1589 1869 1622 snit
1896 1586 1962 1621 hoc
1985 1596 2104 1632 caput:

1126 1645 1177 1678 Ne
1211 1647 1434 1678 laederentur
1469 1643 1637 1686 utrinque
1668 1640 1767 1674 socii.
1842 1639 1952 1672 Erant
1987 1646 2103 1671 autem

1126 1693 1333 1739 Sagnnlini
1347 1694 1431 1726 socii
1448 1692 1692 1726 Romanorum
1705 1717 1714 1730 ‚
1738 1701 1826 1734 quos
1850 1701 1927 1722 cum
1945 1688 2103 1722 Annibal

1126 1746 1314 1779 crudeliter
1332 1743 1533 1783 delevisset,
1558 1741 1713 1776 Romani
1734 1747 1941 1773 accusarunt
1958 1737 2106 1771 Cartha-

1126 1797 1304 1839 ginenses,
1333 1795 1503 1827 violatum
1519 1793 1563 1825 ab
1579 1792 1627 1825 eis
1643 1802 1715 1824 esse
1731 1791 1866 1825 foedus.
1918 1787 2104 1831 Carthagi-

1127 1858 1251 1879 nenses
1269 1852 1388 1878 contra
1405 1845 1648 1888 disputarunt,
1676 1841 1892 1883 Saguntinos
1910 1852 1980 1872 non
2000 1840 2106 1872 fuisse

1126 1895 1507 1933 sociosRomanorum,
1535 1905 1612 1926 cum
1631 1892 1719 1924 illud
1738 1892 1861 1923 foedus
1878 1891 1984 1924 fieret.
2012 1888 2104 1922 Iluic

1125 1946 1341 1980 excusationi
1357 1957 1435 1978 cum
1454 1954 1660 1987 responsum
1678 1946 1778 1981 esset,
1804 1941 1926 1973 foedus
1943 1941 1985 1972 de
2005 1951 2104 1982 prae-

1125 1998 1282 2031 sentibus
1308 2002 1340 2029 et
1364 1995 1494 2028 suturis
1516 1993 1618 2026 sociis
1639 1991 1758 2036 loqui,
1799 1997 1832 2024 et
1855 2002 1926 2022 non
1953 1990 2102 2022 dubium

1125 2060 1215 2088 esse,
1242 2047 1412 2080 violatum
1429 2056 1502 2078 esse
1519 2044 1642 2076 foedus
1658 2043 1702 2076 ab
1711 2039 1910 2082 Annibale,
1935 2040 2103 2084 utrinque

1124 2099 1255 2132 bellum
1274 2103 1408 2130 motum
1427 2102 1487 2129 est.

1226 2156 1375 2199 Legatur
1398 2161 1513 2188 autem
1543 2151 1686 2187 historia
1716 2152 1849 2194 integra
1879 2151 1971 2194 apud
1998 2149 2104 2194 Poly-

1123 2208 1220 2241 bium
1239 2214 1270 2241 et
1288 2206 1448 2245 Livium,
1477 2211 1509 2238 et
1526 2204 1794 2237 considerentur
1811 2204 1935 2241 duces,
1963 2207 1995 2234 et
2018 2201 2102 2233 belli

1123 2259 1225 2291 vices.
1287 2256 1445 2290 Annibal
1475 2254 1637 2287 excelluit
1666 2253 1855 2286 calliditate
1883 2259 1915 2285 et
1946 2251 2101 2284 audacia.

1126 2308 1229 2342 Venit
1262 2308 1297 2340 in
1325 2306 1459 2340 ltaliam
1489 2316 1607 2337 mense
1636 2302 1805 2340 Octobri,
1846 2308 1878 2335 et
1909 2301 2026 2335 statim
2057 2302 2102 2334 ad

1123 2358 1290 2392 Ticinum
1319 2364 1351 2390 et
1369 2355 1535 2389 Trebiam
1558 2353 1740 2388 Romanos
1763 2353 1856 2386 vicit.
1909 2351 2031 2385 Postea
2056 2353 2100 2385 ad

1122 2407 1416 2445 Thrasimenum,
1445 2407 1481 2439 in
1498 2416 1576 2438 vere
1592 2404 1676 2437 anni
1691 2403 1835 2437 secundi
1850 2401 2005 2436 Consule
2022 2401 2102 2434 Fla-

1122 2460 1234 2493 minio
1252 2459 1433 2492 interfecto
1457 2455 1643 2490 trucidavit
1669 2453 1871 2499 quindecim
1897 2453 2009 2487 millia
2028 2452 2102 2486 lto-

1122 2521 1321 2545 manorum.
1386 2507 1510 2541 Tertio
1541 2517 1635 2539 anno
1666 2506 1709 2538 ad
1739 2504 1878 2538 Cannas
1912 2503 2100 2537 trucidavit

1123 2560 1354 2606 quadraginta
1370 2558 1482 2591 millia
1501 2556 1537 2589 in
1554 2556 1705 2590 exercitu
1716 2554 1897 2593 Romano,
1926 2561 1956 2588 ct
1977 2564 2100 2595 magna

1123 2623 1202 2655 pars
1226 2610 1348 2645 ltaliae
1370 2610 1413 2643 ad
1437 2606 1653 2643 Annibalem
1677 2606 1812 2640 defecit.
1880 2605 1930 2639 lta
1959 2606 2099 2637 suerunt

1123 2662 1224 2696 initia
1247 2658 1418 2695 Annibali
1444 2659 1542 2695 laeta.
1603 2657 1727 2692 Postea
1761 2657 1901 2690 fortuna
1933 2653 2100 2699 paulatim
