2324 2955
183 112 255 148 587

190 211 232 244 pe
250 210 323 232 non
342 194 548 239 simpliciter
565 198 772 233 creaturam,
799 192 858 226 sed
875 204 970 226 novo
988 193 1108 235 modo,
1127 193 1174 226 si·
1198 217 1201 220 <

189 257 246 283 cut
278 248 409 282 dicitur
437 243 606 277 Ieremiae
629 244 704 279 51.:
751 241 893 277 Creavit
907 241 1083 278 Dominus
1107 256 1174 278 no-

190 311 272 333 vum
298 308 401 340 super
422 301 572 336 terram,
614 293 768 327 foemina
799 294 1022 328 circundabit
1046 295 1174 330 virum.

191 349 272 382 ldeo
289 348 362 391 ipsa
383 345 565 390 conceptio
593 345 731 388 signum
758 345 888 378 dicitur
902 343 1026 378 Esaiae
1041 345 1075 378 7.
1123 345 1174 379 De

189 399 325 443 Spiritu
349 409 431 429 vero
464 403 583 430 sancto
612 396 763 429 affirmat
791 395 990 441 symbolum
1022 394 1173 441 Aposto-

189 449 316 483 licum:
343 446 544 491 Conceptus
573 453 623 480 est
641 447 682 479 de
698 445 834 490 Spiritu
851 453 982 482 sancto.

295 506 352 541 10.
383 505 453 540 Sed
480 505 517 538 in
541 503 606 540 hac
630 506 792 540 societate
815 506 922 539 trium
946 516 1174 550 personarum

193 559 289 592 filius
311 556 379 592 Dei
406 569 599 602 cooperans
622 558 664 590 ad
690 564 802 597 extra,
833 557 901 590 sibi
925 557 992 590 soli
1014 557 1055 589 ad
1084 556 1176 588 intra

192 610 272 643 unit
300 606 556 642 humanitatem
581 609 817 652 σωματικῶς,
846 607 918 640 sive
936 606 1176 651 personaliter,

193 660 339 694 vinculo
355 659 594 692 indissolubili
610 666 643 692 et
653 659 818 704 mysterio
831 658 1063 696 abditissimo,
1082 656 1176 702 quod

193 711 293 745 nulla
317 717 473 743 creatura
499 710 693 754 perspicere
719 715 844 753 potest.
884 708 1057 742 Diabolus
1083 707 1176 740 enim

195 763 258 796 etsi
277 773 317 794 ex
335 760 516 805 Scriptura
535 762 654 801 novit,
684 761 777 806 quod
794 760 887 793 filius
902 758 968 793 Dei
992 760 1037 794 sit
1061 759 1177 791 incar-

193 820 316 850 natus,
357 818 475 844 tamen
507 812 686 856 quomodo
719 812 923 844 incarnatus
953 811 997 844 sit
1028 810 1177 853 ignorat,

194 875 258 896 nec
281 868 395 907 potest
418 862 506 895 illud
525 863 728 907 mysterium
754 859 1071 905 comprehendere,
1102 871 1178 891 ma·

194 915 287 947 xime
313 925 395 946 vero
420 910 607 946 humiliato
628 911 769 947 Christo
787 925 860 945 non
879 912 1033 955 agnoscit
1051 909 1177 944 Domi·
1202 903 1205 937 Ῐ

194 977 280 998 num
296 963 448 1007 gloriae,
474 964 554 997 ideo
572 976 612 997 eo
628 964 737 1006 magis
754 964 839 997 furit
854 968 976 996 contra
995 974 1086 1000 eum,
1114 972 1178 993 nec

193 1022 302 1055 cessat
319 1015 363 1048 ab
379 1015 445 1048 isto
463 1014 601 1053 furore,
629 1015 763 1048 etiamsi
783 1025 882 1058 saepe
898 1014 970 1046 eius
988 1012 1178 1057 potentiam

196 1066 341 1105 sentiat,
367 1076 429 1099 suo
447 1076 574 1109 magno
594 1077 671 1098 cum
697 1065 809 1105 malo,
836 1065 883 1098 ita
901 1063 1096 1097 incarnatio
1115 1062 1177 1094 filii

195 1118 266 1151 Dei
282 1117 320 1150 fit
338 1114 490 1149 Diabolo
514 1116 602 1160 lapis
621 1115 836 1155 offensionis,
862 1113 989 1157 Angeli
1013 1126 1094 1147 vero
1113 1111 1178 1145 Dei

194 1169 234 1201 in
252 1168 340 1200 illud
358 1167 605 1200 admirandum
621 1167 800 1211 speculum
818 1165 962 1199 unionis
980 1164 1180 1209 prospicere

196 1219 361 1263 cupiunt,
396 1229 459 1251 nec
485 1217 609 1252 saciari
633 1230 672 1251 eo
700 1223 865 1262 poterunt
892 1217 929 1249 in
954 1216 1052 1249 omni
1069 1222 1181 1248 aeter-

196 1270 316 1302 nitate.

302 1328 359 1362 11.
395 1325 490 1360 Haec
516 1327 602 1360 unio
629 1327 822 1370 personalis
849 1327 950 1360 nullo
979 1327 1085 1360 modo
1113 1325 1182 1358 dici

199 1385 314 1423 potest
338 1377 487 1418 creatio,
515 1378 596 1422 quia
622 1378 762 1421 propria
786 1385 835 1411 est
858 1378 921 1411 uni
946 1384 1084 1411 tantum
1103 1388 1183 1421 per-

199 1441 323 1469 sonae,
353 1435 387 1463 et
413 1441 526 1474 neque
551 1428 588 1461 fit
612 1429 737 1461 ordine
765 1428 971 1466 creationis,
1002 1438 1117 1473 neque
1144 1438 1184 1459 ex

200 1478 324 1514 nihilo.

304 1538 363 1572 12.
398 1536 538 1571 Creatio
564 1537 658 1570 enim
683 1544 732 1569 est
762 1548 850 1581 opus
884 1536 1044 1569 omnium
1076 1535 1184 1568 trium

201 1600 443 1634 personarum.
494 1586 548 1620 De
572 1594 669 1631 patre
695 1587 788 1620 enim
807 1587 935 1620 diserte
954 1586 1070 1631 inquit
1091 1597 1185 1630 sym-

201 1641 324 1674 bolum
358 1637 622 1683 Apostolicum:
673 1637 789 1671 Credo
825 1638 862 1670 in
894 1636 1007 1670 Deum
1052 1643 1185 1680 patrem

202 1691 500 1734 omnipotentem,
527 1695 716 1722 creatorem
736 1688 822 1721 coeli
841 1695 874 1722 et
897 1695 1021 1721 terrae.
1075 1685 1121 1720 Et
1145 1686 1186 1718 de

200 1742 273 1774 filio
301 1739 423 1775 Iohan.
451 1741 480 1773 1.
505 1739 650 1773 dicitur:
695 1737 827 1772 Omnia
861 1751 922 1783 per
955 1739 1070 1782 ipsum
1098 1737 1186 1770 facta

205 1800 297 1826 sunt.
350 1790 402 1825 De
422 1790 557 1834 Spiritu
575 1802 657 1823 vero
675 1797 794 1823 sancto
822 1789 950 1823 Psalm.
965 1789 1024 1823 32.
1043 1788 1186 1821 dicitur:

204 1843 322 1876 Verbo
340 1840 486 1874 Domini
511 1841 597 1874 coeli
625 1841 751 1874 firmati
778 1848 880 1881 sunt,
908 1848 939 1874 et
958 1839 1093 1884 Spiritu
1117 1838 1187 1871 oris

205 1894 298 1933 eius,
326 1893 441 1926 omnis
462 1892 572 1925 virtus
589 1904 722 1926 eorum.

308 1951 366 1984 13.
395 1948 490 1983 Deus
509 1949 739 1993 igiturpater,
757 1949 871 1982 Filius
889 1955 921 1982 et
939 1947 1091 1992 Spiritus
1109 1959 1189 1981 san-

204 2009 297 2035 ctus:
326 2001 448 2034 creatis
473 2013 511 2034 ex
537 1998 650 2033 nihilo
665 2000 760 2033 coelo
779 2007 812 2034 et
828 2007 931 2040 terra,
959 2000 1190 2044 absolutoque

207 2052 305 2085 omni
330 2059 457 2085 ornatu
482 2064 603 2085 eorum
628 2058 659 2085 et
682 2051 822 2092 bestiis,
851 2050 980 2084 creavit
997 2048 1190 2090 hominem,

205 2105 362 2137 formans
389 2115 467 2136 eum
494 2115 534 2135 ex
558 2102 643 2135 limo
660 2109 790 2142 terrae,
817 2108 849 2135 et
867 2114 907 2134 ex
926 2099 1039 2134 nihilo
1057 2101 1191 2144 produ-

206 2167 285 2187 cens
311 2154 492 2198 spiritum,
530 2153 666 2186 inflavit
691 2165 770 2186 eum
796 2153 833 2185 in
864 2152 988 2185 faciem
1024 2152 1118 2191 eius,
1152 2157 1191 2184 ut

206 2212 293 2238 esset
316 2205 351 2236 in
376 2204 529 2237 animam
552 2204 750 2244 viventem,
785 2203 979 2237 secundum
1003 2202 1190 2245 imaginem

208 2263 240 2290 et
262 2255 530 2288 similitudinem
556 2255 648 2295 eius,
676 2253 786 2287 Evam
815 2267 898 2287 vero
921 2253 1118 2286 aedificavit
1140 2264 1192 2286 se-

209 2307 364 2339 cundum
383 2306 527 2338 eandem
557 2305 746 2349 imaginem
773 2318 812 2338 ex
831 2312 923 2338 costa
941 2304 1050 2349 ipsius
1068 2303 1193 2337 Adam.

315 2372 371 2407 14.
408 2371 608 2406 Secundum
638 2370 728 2406 hanc
752 2373 860 2416 igitur
883 2371 1073 2414 imaginem
1089 2371 1194 2404 trini-

214 2425 312 2462 tatis,
339 2423 510 2461 vivimus,
539 2435 722 2457 movemur
741 2431 774 2458 et
792 2435 912 2457 sumus
929 2423 966 2455 in
982 2422 1082 2462 Deo,
1106 2422 1195 2455 sicut
1219 2433 1223 2442 ’

210 2482 282 2508 tota
308 2486 425 2507 rerum
452 2481 575 2506 natura
601 2481 630 2507 et
648 2475 736 2508 ordo
754 2481 984 2508 conservatur
999 2473 1193 2517 praesentia

210 2533 243 2559 et
256 2525 366 2558 libera
385 2524 689 2558 administratione
707 2526 847 2565 divina,
874 2525 946 2558 imo
968 2536 1030 2568 pro
1049 2536 1108 2557 sua
1127 2524 1195 2556 mi-

209 2575 397 2610 sericordia
425 2581 527 2618 auget
555 2575 751 2618 saepissime
774 2583 918 2610 naturae
937 2576 1051 2613 bona,
1077 2582 1196 2609 osten-

209 2628 262 2660 dit
282 2627 386 2660 etiam
404 2638 438 2659 se
457 2637 529 2659 non
548 2633 727 2669 praesente
746 2634 778 2660 et
793 2627 1010 2670 gubernante
1034 2633 1194 2660 naturam

211 2675 301 2711 nihil
324 2688 436 2721 agere.

955 103 1441 144 DISPUTATIONES

2127 106 2203 143 58ss

1329 189 1386 228 15.
1431 189 1621 236 Prophana
1664 192 1772 236 igitur
1813 198 1864 226 est
1905 188 2027 237 opinio
2062 192 2206 237 fingere,

1198 238 1203 271 l
1224 241 1358 283 Deum,
1383 242 1480 276 velut
1502 242 1641 276 fabrum
1668 255 1688 277 a
1713 255 1776 278 suo
1798 243 1958 288 opificio,
1985 243 2078 277 intra
2103 256 2205 278 suum

1226 293 1325 339 quasi
1344 293 1459 326 cubile
1476 292 1682 326 discessisse.
1731 293 1924 328 Hominem
1943 305 2025 327 vero
2043 299 2075 327 et
2099 301 2204 329 natu·

1227 357 1301 378 ram
1317 343 1401 377 ferri
1419 344 1493 377 sine
1510 342 1604 384 Deo,
1630 351 1670 378 ut
1685 344 1831 379 eiectum
1849 345 2002 389 lapidem
2022 350 2116 378 extra
2131 356 2206 378 ma-

1227 407 1312 428 num
1332 394 1499 430 iacientis.
1527 393 1600 428 Aut
1616 394 1745 437 fingere
1759 392 1947 429 hominurn
1964 405 2108 439 prorsus
2126 394 2206 427 alli-

1229 453 1346 489 gatum
1370 456 1442 478 esse
1475 445 1560 478 loris
1593 445 1823 478 immutabilis
1850 445 2081 486 necessitatis,
2114 445 2208 478 inter

1200 509 1203 548 j
1228 497 1342 530 Deum
1368 503 1400 530 et
1420 497 1590 529 secundas
1614 507 1744 529 causas.
1794 494 1869 529 Aut
1891 497 2022 541 absque
2046 495 2209 529 secundis

1200 551 1204 575 ὅ
1229 547 1342 580 causis
1367 544 1547 580 hominem
1572 546 1712 579 divinae
1735 546 1983 590 praescientiae
2005 553 2040 580 et
2062 547 2208 590 praede-

1200 577 1204 626 i
1229 597 1429 631 stinationis
1456 597 1585 630 catenis
1607 597 1777 638 aeternis,
1803 609 1848 630 ne
1871 597 2014 643 quidem
2038 596 2113 630 Deo
2137 597 2207 629 sol-

1230 649 1352 682 vendis
1377 648 1528 681 detineri
1553 648 1806 688 constrictum,
1838 655 1872 681 et
1901 653 2114 681 coarctatum
2147 658 2210 690 per

1230 699 1348 732 omnia
1366 698 1646 739 immutabiliter,
1663 705 1703 732 ut
1719 699 1756 731 in
1775 696 1930 732 Ecclesia
1949 698 2091 743 quidam
2108 698 2210 730 fana-

1231 750 1312 790 tici,
1339 750 1498 783 nolentes
1525 749 1637 782 videri
1659 748 1788 790 Stoici,
1820 750 2018 793 petulanter
2042 755 2075 782 et
2105 747 2211 791 impie

1230 801 1387 843 fingunt,
1416 800 1569 833 existunt
1591 811 1673 832 vero
1697 799 1824 834 Stoicis
1850 799 2094 844 multipliciter
2116 799 2212 832 dete-

1230 851 1356 884 riores:
1384 851 1586 895 praesertim
1605 862 1685 883 cum
1703 851 1830 884 diserte
1847 851 1982 890 dicant,
2010 849 2124 884 Deum
2149 860 2211 894 per

1231 914 1264 935 se
1282 902 1462 935 ordinasse
1480 909 1512 935 et
1530 902 1805 945 praedestinasse
1822 901 1988 934 immania
2006 901 2132 933 scelera
2144 927 2154 940 ,
2175 911 2212 933 ac

1203 949 1206 1031 h
1232 954 1352 986 eadem
1369 953 1560 986 etiamdum
1573 952 1662 984 velle
1675 963 1752 985 eum
1765 964 1838 985 non
1853 959 1990 986 tantum
2002 950 2215 996 permittere.

1203 1033 1207 1064 l

1204 1090 1207 1118 ῑ
1233 1077 1392 1125 (LXV.)
1441 1080 1734 1122 propositiones,
1783 1078 1829 1112 cle
1871 1077 1999 1124 quibus
2041 1077 2215 1122 disputa-

1232 1134 1285 1165 vit
1306 1132 1496 1175 Magister
1525 1129 1829 1163 Tilemannus
1856 1128 2117 1163 Heshusius
2136 1130 2217 1163 We-

1232 1182 1427 1222 saliensis,
1453 1183 1604 1219 uocatus
1633 1178 1685 1213 ad
1707 1178 2019 1226 gubernationem
2035 1180 2219 1214 Ecclesiae

1206 1243 1210 1302 ι
1235 1232 1490 1267 Goslariensis.
1528 1229 1768 1277 ll'iteberyae‚
1787 1242 1884 1265 anno
1906 1230 2015 1266 1553.
2034 1229 2096 1265 die
2113 1233 2218 1276 quin-

1207 1306 1210 1319 ·
1234 1288 1270 1318 to
1286 1284 1403 1324 Μαῖὶ,
1440 1293 1508 1326 quo
1533 1286 1620 1315 ante
1655 1293 1774 1316 annos
1800 1281 1900 1317 1519
1922 1280 2023 1328 filius
2047 1282 2123 1316 Dei
2150 1280 2219 1315 ad-

1207 1323 1210 1342 ¹
1235 1332 1410 1369 mirando
1425 1331 1613 1376 triumpho
1630 1335 1828 1376 spectante
1844 1342 1978 1378 magno
2002 1336 2107 1365 coetu
2121 1333 2220 1376 Apo-

1261 1385 1437 1419 stolorum
1456 1387 1492 1416 et
1515 1382 1781 1427 discipulorum
1799 1384 1838 1416 in
1856 1383 1994 1416 coelum
2014 1382 2193 1417 ascendit.

1197 195 1205 214 1

1235 1453 1324 1493 Ideo
1340 1457 1436 1492 Deus
1451 1457 1614 1490 ordinem
1631 1457 1668 1490 in
1686 1465 1832 1497 natura,
1859 1464 1892 1491 et
1906 1457 2088 1490 ordinatos
2105 1464 2219 1491 motus

1239 1517 1273 1543 et
1301 1509 1444 1542 effectus
1469 1507 1640 1547 instituit,
1674 1513 1707 1540 et
1737 1505 1874 1540 homini
1897 1507 2027 1541 indidit
2052 1514 2220 1549 mentem,

1239 1571 1327 1604 quae
1356 1558 1567 1601 intelligeret
1597 1569 1780 1600 numeros,
1812 1557 1993 1598 ordinem,
2027 1558 2217 1592 discrimen

1238 1608 1468 1643 honestorum
1492 1614 1523 1640 et
1547 1608 1724 1651 turpium,
1751 1602 1789 1640 ut
1814 1605 1871 1640 hic
1896 1608 1969 1651 ipse
1991 1609 2078 1641 ordo
2105 1615 2139 1642 et
2155 1606 2220 1642 hae

1239 1660 1390 1694 noticiae
1409 1659 1479 1692 sint
1496 1658 1695 1691 testimonia
1715 1659 1757 1690 de
1777 1658 1871 1702 ipso,
1898 1665 1929 1690 et
1947 1659 2133 1692 ostendant
2151 1670 2223 1692 esse

1240 1712 1376 1749 Deum,
1406 1716 1438 1743 et
1454 1711 1601 1742 doceant
1617 1708 1730 1753 qualis
1747 1708 1804 1748 sit,
1831 1715 1863 1741 et
1882 1709 1976 1753 quod
1993 1709 2037 1742 sit
2053 1721 2152 1742 mens
2168 1721 2222 1742 sa—

1212 1760 1215 1811 l
1240 1764 1358 1807 piens,
1386 1772 1505 1799 verax,
1531 1759 1644 1797 hona,
1675 1759 1847 1800 benefica,
1875 1758 1978 1800 iusta,
2007 1766 2112 1800 casta,
2141 1760 2221 1792 vin-

1241 1814 1305 1846 dex
1326 1812 1508 1845 scelerum.

1342 1861 1419 1896 Etsi
1434 1867 1550 1894 autem
1571 1857 1656 1893 'naec
1671 1859 1904 1893 consideratio
1922 1872 2016 1893 nunc
2040 1861 2225 1895 obscurior

1242 1921 1293 1947 est
1316 1913 1354 1945 in
1377 1910 1441 1945 hac
1467 1911 1716 1956 depravatione
1741 1917 1904 1952 naturae,
1937 1918 2053 1944 tamen
2078 1923 2149 1944 non
2174 1919 2224 1946 est

1242 1964 1463 2008 negligenda.

1342 2015 1378 2049 2.
1414 2013 1537 2047 Postea
1563 2012 1724 2056 patefecit
1747 2024 1782 2045 se
1805 2012 2092 2045 extraordinariis
2108 2014 2224 2057 operi-

1243 2067 1320 2104 bus,
1348 2072 1381 2098 et
1396 2064 1533 2097 addidit
1551 2075 1648 2096 suam
1666 2075 1800 2103 vocem,
1823 2069 1863 2096 ut
1880 2064 2089 2102 ostenderet,
2106 2064 2222 2097 Deum

1216 2146 1219 2170 x
1244 2128 1315 2150 non
1335 2127 1405 2148 esse
1422 2112 1643 2158 ἐντελέχειαν
1666 2113 1817 2146 infusam
1839 2114 2025 2154 creaturis,
2048 2115 2222 2157 alligatam

1216 2183 1219 2212 g
1245 2166 1357 2201 causis
1373 2165 1545 2206 secundis,
1572 2172 1611 2198 ut
1621 2163 1732 2198 Stoici
1756 2171 1788 2197 et
1807 2164 1867 2197 alii
1884 2165 2079 2205 finxerunt,
2107 2165 2165 2198 sed
2187 2172 2225 2198 ut

1245 2217 1399 2262 conspici
1425 2223 1556 2260 posset,
1585 2215 1697 2250 Deum
1722 2226 1793 2248 esse
1821 2215 1916 2248 aliud
1942 2226 2065 2258 agens,
2097 2215 2225 2248 distin-

1217 2286 1220 2301 ·
1247 2277 1340 2304 ctum
1365 2280 1383 2300 a
1410 2267 1598 2306 creaturis,
1624 2266 1839 2309 intelligeus,
1866 2266 1998 2298 bonum
2014 2272 2046 2298 et
2063 2265 2226 2306 liberum,

1218 2331 1221 2345 ³
1246 2327 1278 2354 et
1296 2319 1389 2365 quod
1411 2318 1520 2362 possit
1538 2318 1640 2351 aliter
1655 2329 1771 2360 agere,
1799 2327 1903 2361 quam
1928 2316 2021 2349 cient
2037 2328 2158 2350 causae
2174 2327 2227 2350 se-

1247 2371 1402 2408 cundae,
1431 2376 1464 2402 et
1485 2369 1614 2402 scirent
1639 2366 1800 2401 homines
1822 2367 2000 2411 quomodo
2016 2374 2048 2400 et
2065 2367 2127 2401 ubi
2143 2367 2227 2401 velit

1247 2422 1315 2456 sibi
1334 2420 1498 2464 colligere
1515 2427 1690 2454 aeternam
1705 2416 1910 2452 Ecclesiam.

1349 2472 1383 2505 3.
1418 2470 1650 2515 Agnoscenda
1674 2475 1723 2501 est
1739 2467 1846 2511 igitur
1861 2467 2066 2511 magnitudo
2086 2467 2228 2502 bonita-

1247 2523 1292 2557 tis
1311 2521 1389 2564 Dei,
1405 2529 1438 2556 et
1453 2533 1534 2555 vera
1549 2519 1760 2565 gratitudine
1777 2518 1996 2559 celebranda,
2017 2519 2110 2564 quod
2130 2525 2228 2553 utro-

1220 2555 1223 2596 Ι
1249 2586 1316 2619 que
1332 2575 1436 2607 modo
1454 2585 1489 2606 se
1505 2569 1683 2616 patefecit,
1711 2569 1900 2603 ordinariis
1917 2569 2099 2613 operibus,
2125 2577 2158 2603 et
2171 2581 2229 2603 ex-

1251 2632 1301 2659 tra
1321 2624 1530 2663 ordinariis,
1557 2620 1741 2655 transfusis
1759 2620 1866 2654 radiis
1891 2632 1973 2654 suae
1989 2620 2177 2665 sapientiae
2195 2626 2229 2653 et

1221 2698 1225 2712 ,
1251 2676 1387 2719 legibus
1405 2675 1440 2707 in
1460 2679 1592 2706 mentes
1610 2669 1802 2710 humana,
1832 2678 1864 2706 et
1880 2678 2017 2705 ostensa
2045 2671 2229 2711 creatione,
