2324 2955
176 121 249 157 515

282 203 317 239 5.
350 204 434 237 Ideo
450 200 609 235 Christus
629 211 747 234 severe
769 200 963 246 praecepit:
992 200 1158 235 Attendi-

183 265 230 298 te,
245 268 289 289 ne
304 255 408 288 corda
424 258 537 285 vestra
555 258 744 295 graventur
762 252 914 297 crapula.
949 250 1054 285 Item:
1082 250 1161 285 Hoc

184 317 291 351 genus
308 302 573 337 daemoniorum
590 314 663 335 non
681 302 819 336 eiicitur
835 303 905 336 nisi
923 302 961 335 in
976 302 1110 336 ieiunio
1129 309 1163 336 et

184 356 352 390 oratione.
404 352 490 386 Item
507 352 637 386 Paulus
661 353 795 398 inquit:
822 353 903 387 Non
926 353 963 386 in
989 364 1163 386 comessa-

186 405 354 439 tionibus,
404 401 452 436 Et
467 402 606 437 Petrus:
636 402 755 437 Sobrii
779 411 907 445 estote,
934 404 1087 448 vigilate.

285 455 319 489 6.
361 453 516 487 Surdum
542 465 614 487 esse
638 454 680 487 ad
706 461 758 488 tot
782 461 923 500 tamque
948 466 1069 498 graves
1085 465 1164 487 sen-

186 505 328 545 tentias,
355 516 427 538 non
444 511 494 538 est
511 505 653 538 libertas
672 502 891 547 Christiana,
917 506 976 539 sed
992 506 1164 550 quaedam

185 554 369 589 horribilis
393 562 425 588 et
449 553 632 599 prophana
659 555 844 596 securitas,
877 562 909 589 et
933 555 1165 599 contumacia,

187 618 292 652 quam
307 606 402 640 Deus
417 605 607 651 aliquando
626 606 789 639 atrociter
805 606 939 650 puniet.

293 664 310 671 ο

289 670 323 697 Ἰ.
363 663 493 707 Magna
518 664 594 697 laus
621 670 671 697 est
686 663 912 707 disciplinae,
939 664 1035 709 quod
1051 663 1167 709 inquit

188 715 336 749 Paulus:
358 714 430 748 Lex
448 721 497 748 est
513 715 731 758 paedagogus
750 715 785 747 in
805 712 998 749 Christum.
1043 714 1168 748 Testa-

188 774 248 799 tur
263 766 355 798 enim
372 765 535 809 prodesse
550 761 641 798 hanc
657 765 904 808 paedagogiam
924 771 957 799 et
972 762 1056 799 haec
1070 777 1168 798 exer-

190 816 285 856 citia,
310 827 382 848 non
400 815 512 848 solum
532 815 574 848 ad
592 815 730 848 civilem
745 812 977 857 honestatem,
1002 822 1061 850 aut
1082 827 1167 849 con-

193 866 426 899 servationem
454 865 545 899 vitae
562 866 773 910 corporalis,
797 867 858 899 sed
874 867 915 899 ad
933 863 1000 900 hoc
1019 878 1169 911 quoque,

190 924 229 950 ut
259 915 458 957 assuefacti,
489 916 624 955 doceri,
658 923 690 950 et
718 917 762 949 ad
794 917 1008 960 agnitionem
1035 914 1168 950 Christi

187 967 373 1012 pervenire
405 966 590 1010 possimus
641 965 706 1001 Est
727 973 842 1000 autem
867 965 962 1002 Deus
986 968 1105 1001 efficax
1131 967 1170 1000 in

193 1018 263 1061 piis
281 1029 344 1062 per
361 1018 506 1050 verbum
525 1028 643 1051 suum.

294 1076 328 1111 8.
367 1074 476 1109 Recte
497 1075 644 1109 Paulus:
677 1073 890 1108 Exercitatio
914 1075 1104 1119 corporalis
1126 1076 1170 1108 ad

189 1128 369 1161 modicum
385 1125 483 1159 utilis
499 1132 560 1166 est,
575 1126 684 1169 pietas
699 1127 741 1158 ad
759 1125 889 1159 omnia.
919 1124 1060 1160 Debent
1076 1126 1171 1159 enim

191 1176 388 1212 Christiani
408 1176 603 1218 intelligere
623 1176 810 1209 discrimen
827 1176 919 1209 inter
934 1173 1021 1209 haec
1038 1176 1172 1209 exerci-

191 1229 258 1268 tia,
280 1234 313 1261 et
327 1238 428 1261 veras
447 1227 593 1259 virtutes
609 1227 820 1270 spirituales,
847 1232 880 1259 et
896 1223 980 1259 huic
997 1227 1172 1270 paedago-

192 1279 268 1321 giae
284 1278 387 1320 longe
404 1277 567 1310 anteferri
585 1277 724 1316 debent,
751 1288 830 1309 vera
848 1276 1075 1320 poenitentia,
1091 1288 1171 1309 vera

191 1329 292 1368 fides,
326 1327 519 1367 invocatio,
547 1326 741 1359 vocationis
774 1326 898 1361 officia.
951 1326 1021 1360 Sed
1054 1333 1172 1359 tamen

191 1390 265 1412 non
290 1378 375 1411 dicit
400 1375 550 1417 Paulus,
591 1377 755 1410 inutilem
784 1388 856 1410 esse
884 1377 1172 1411 exercitationem

190 1428 421 1474 corporalem.

293 1486 328 1521 9.
356 1483 614 1518 Exercitiorum
630 1484 709 1517 finis
728 1482 951 1518 immediatus
967 1496 1038 1518 esse
1057 1484 1171 1522 debet,

192 1543 232 1571 ut
249 1537 433 1570 co'e'rceant
449 1546 586 1567 carnem
599 1561 607 1573 ,
634 1547 678 1567 ne
696 1535 858 1567 saturitas
878 1541 909 1568 et
927 1534 1041 1567 ocium
1057 1546 1172 1567 accer-

193 1594 270 1620 sant
291 1586 408 1630 aliqua
433 1584 532 1619 vicia.
586 1583 689 1626 Item,
720 1592 760 1617 ut
784 1584 894 1617 sobrii
917 1585 1025 1627 magis
1051 1583 1171 1617 idonei

192 1638 302 1670 simus
324 1637 368 1669 ad
392 1636 565 1668 orandum
592 1641 655 1668 etc.
706 1634 795 1669 Cum
815 1635 858 1667 ad
878 1632 972 1668 hunc
990 1636 1094 1668 finem
1111 1635 1172 1668 de-

192 1688 319 1722 stinata
343 1692 423 1719 sunt
445 1683 528 1718 haec
552 1685 732 1724 exercitia,
759 1692 839 1718 sunt
866 1685 962 1718 bona
987 1696 1112 1729 opera,
1138 1690 1170 1717 et

191 1743 372 1782 praecepta
392 1748 410 1769 a
425 1734 514 1770 Deo.

297 1796 354 1828 10.
382 1793 462 1828 Non
478 1793 581 1827 debet
598 1793 841 1827 exercitiorum
860 1793 1082 1827 immediatus
1099 1804 1171 1826 esse

194 1847 274 1879 finis
291 1852 329 1879 ut
345 1845 415 1879 sint
428 1844 552 1885 cultus,
578 1843 676 1888 quasi
694 1842 788 1877 Deus
803 1844 957 1889 requirat
976 1855 1081 1886 opera
1096 1855 1169 1876 non

196 1898 242 1930 ob
258 1897 353 1930 aliud
367 1922 375 1936 ,
402 1894 470 1927 nisi
488 1901 527 1927 ut
543 1894 602 1927 tali
620 1891 754 1927 honore
770 1895 951 1927 afficiatur.
983 1892 1078 1927 Haec
1093 1893 1170 1937 opi—

193 1948 255 1980 nio
275 1954 323 1980 est
338 1944 596 1988 superstitiosa,
621 1951 659 1978 ut
675 1943 804 1978 Paulus
823 1951 980 1986 testatur,
1008 1956 1087 1979 cum
1105 1944 1168 1978 ait:

193 1996 357 2041 Regnum
373 1995 440 2030 Dei
456 2006 519 2028 nec
534 2006 607 2028 esca
625 2006 688 2028 nec
703 2002 805 2039 potus
829 2002 890 2031 est.

296 2055 352 2089 11.
384 2053 494 2087 Fiunt
510 2059 625 2087 autem
645 2054 759 2087 cultus
776 2051 861 2087 haec
881 2053 1061 2095 exercitia,
1088 2066 1168 2088 cum

193 2107 237 2140 ad
262 2106 420 2139 debitum
444 2105 548 2137 finem
571 2104 783 2138 referuntur.
838 2103 930 2138 Sunt
956 2105 1050 2137 enim
1074 2105 1168 2138 bona

194 2168 316 2200 opera:
345 2167 451 2199 porro
476 2155 511 2187 in
537 2154 605 2198 piis
629 2154 721 2188 bona
739 2166 843 2199 opera
860 2155 977 2188 omnia
994 2162 1077 2189 sunt
1094 2155 1168 2188 cul-

193 2214 248 2240 tus
265 2205 344 2239 Dei.
397 2205 496 2239 Sicut
512 2205 549 2238 in
564 2203 711 2238 Daniele
728 2205 946 2238 adolescente
970 2212 1001 2239 et
1021 2206 1094 2238 eius
1111 2217 1169 2238 so-

193 2257 255 2289 ciis
273 2263 369 2289 erant
386 2256 518 2294 cultus,
541 2255 752 2289 abstinentia
769 2267 788 2289 a
805 2256 888 2289 vino
908 2262 941 2289 et
958 2256 1167 2289 lautioribus
1193 2272 1195 2276 ⁴

192 2306 291 2339 cibis.
341 2304 386 2339 Et
402 2303 532 2340 habent
548 2303 633 2339 haec
648 2318 752 2350 opera
770 2307 942 2351 praemia,
968 2313 1008 2341 ut
1022 2313 1168 2341 testatur

191 2356 305 2401 ipsum
331 2357 525 2400 exemplum
543 2355 712 2391 Danielis.

297 2415 354 2448 12.
397 2414 608 2459 Quanquam
638 2415 745 2458 igitur
768 2414 1002 2459 Evangelium
1033 2415 1166 2450 maiora

192 2464 341 2510 requirit
359 2476 460 2508 quam
480 2462 564 2498 haec
581 2466 753 2505 exercitia,
769 2478 857 2511 quae
873 2473 954 2500 sunt
971 2478 1054 2500 sane
1066 2469 1165 2500 πτῶ-

186 2528 238 2560 χα
256 2515 414 2559 στοιχεῖα
429 2510 590 2558 κόσμου,
615 2523 732 2549 tamen
755 2517 1017 2551 meminerimus
1038 2517 1076 2550 in
1101 2515 1165 2551 hac

191 2565 393 2599 infirmitate
421 2571 557 2603 nostra,
591 2567 739 2599 maxime
769 2568 872 2601 nobis
903 2580 991 2612 opus
1014 2580 1086 2601 esse
1109 2566 1165 2601 his

191 2616 494 2661 qualibuscunque
511 2615 746 2655 adminiculis,
763 2619 966 2661 praesertim
980 2632 1059 2654 cum
1069 2618 1164 2653 Deus

190 2667 403 2711 praeceperit
420 2667 462 2699 de
482 2665 530 2699 eis
545 2672 612 2699 tam
629 2677 758 2703 severe.

941 111 1424 152 DISPUTATIONES

2117 115 2199 154 516

1315 198 1373 233 13.
1412 196 1486 233 Res
1512 197 1681 232 minimae
1703 204 1785 233 sunt
1794 223 1806 241 ,
1837 197 1868 233 si
1900 201 2127 236 conferantur
2150 203 2196 235 ad

1213 248 1494 293 magnitudinem
1511 249 1749 293 spiritualium
1766 261 1898 284 rerum.
1952 250 2020 285 Sed
2037 259 2119 286 sunt
2141 263 2197 285 res

1212 301 1382 334 maximae
1398 299 1567 333 acerrimo
1585 300 1700 333 studio
1715 301 1935 341 retinendae,
1962 301 1992 334 si
2010 301 2196 341 infirmitas

1214 349 1402 384 hominum
1425 350 1678 386 consideretur.

1320 399 1377 434 14.
1419 398 1494 434 Imo
1514 399 1583 434 Dei
1605 400 1811 434 mandatum
1838 409 1907 443 est,
1930 408 1972 436 ut
1999 399 2066 435 hac
2092 401 2199 435 disci-

1216 451 1313 497 plina
1347 457 1514 494 regantur
1543 451 1779 484 adolescentia
1817 459 1851 486 et
1881 453 2019 496 vulgus.
2078 451 2199 495 Quare

1218 508 1340 536 contra
1356 502 1563 535 mandatum
1578 500 1645 536 Dei
1660 501 1808 543 faciunt,
1835 514 1917 536 cum
1935 500 2026 537 hanc
2042 503 2200 548 discipli·

1219 565 1300 586 nam
1318 552 1509 586 excutiunt.

1220 666 1420 716 (XLVII.)
1445 669 1551 703 Alia
1573 667 1864 714 disputatio:
1887 667 2099 703 delusticia
2118 679 2204 703 car-

1220 721 1299 755 nala·
1323 724 1360 754 et
1387 721 1508 763 civili,
1536 730 1583 754 ac
1602 718 1647 754 de
1662 717 1798 766 effectu
1816 721 1927 767 Legis
1944 723 1981 754 et
1996 720 2201 767 Evangelii.

1220 795 1324 836 Deus
1340 800 1444 844 exigit
1459 801 1503 835 ab
1520 800 1687 834 omnibus
1704 800 1877 835 iusticiam
1896 800 2082 842 carnalem,
2109 801 2205 834 iuxta

1221 853 1327 886 illud:
1369 851 1441 885 Lex
1473 858 1524 886 est
1550 852 1788 896 paedagogus,
1821 857 1871 885 et:
1905 850 1977 885 Lex
2008 858 2058 886 est
2091 851 2204 896 posita

1222 902 1374 937 iniustis.

1323 954 1357 987 2.
1400 950 1448 987 Et
1471 953 1560 986 sicut
1583 952 1769 986 arboribus
1791 951 1903 985 indita
1926 951 1980 985 vis
2001 957 2053 985 est
2068 950 2205 983 ferendi

1222 1004 1375 1042 fructus,
1404 1004 1451 1036 ita
1467 1002 1599 1036 rationi
1616 1014 1676 1036 seu
1694 1004 1845 1048 ψυχικῷ
1872 1000 2009 1035 homini
2027 1001 2140 1035 indita
2155 1007 2205 1033 est

1223 1054 1276 1086 vis
1296 1059 1329 1085 et
1345 1053 1492 1086 facultas
1509 1053 1661 1086 faciendi
1676 1053 1851 1086 iusticiam
1868 1052 2055 1086 carnalem.

1325 1102 1359 1137 3.
1391 1102 1446 1136 Ea
1470 1110 1520 1136 est
1537 1103 1674 1135 iusticia
1696 1103 1802 1136 liberi
1816 1103 1974 1143 arbitrii,
2001 1109 2034 1135 et
2050 1101 2087 1134 in
2104 1107 2204 1146 pote-

1224 1157 1310 1185 state
1327 1159 1458 1194 nostra‚
1472 1153 1561 1186 sicut
1576 1153 1614 1185 in
1630 1153 1818 1186 arboribus
1830 1159 1956 1186 natura
1970 1153 2105 1185 fructus
2119 1162 2204 1195 pro-

1225 1203 1364 1235 ducere.

1326 1252 1361 1288 4.
1402 1250 1450 1287 Et
1476 1260 1594 1287 tamen
1622 1253 1786 1286 voluntas
1811 1250 1966 1286 humana
1992 1258 2044 1285 est
2068 1250 2204 1295 captiva

1225 1302 1386 1342 Satanae,
1413 1310 1452 1337 ut
1470 1315 1515 1336 ne
1533 1303 1706 1337 carnalem
1721 1303 1864 1349 quidem
1880 1303 2055 1337 iusticiam
2071 1312 2207 1345 semper

1225 1360 1385 1397 praestet.

1325 1402 1364 1438 5.
1402 1401 1450 1438 Et
1471 1402 1771 1448 quemadmodum
1791 1405 1934 1438 arbores
1962 1401 2053 1436 nihil
2070 1401 2206 1445 produ-

1225 1460 1320 1495 cunt,
1340 1454 1409 1487 nisi
1424 1453 1520 1488 Deus
1536 1454 1733 1494 foecundet,
1754 1455 1802 1488 ita
1817 1455 1947 1498 pendet
1963 1454 2067 1487 etiarn
2083 1461 2205 1484 omnes

1224 1504 1378 1538 actiones
1401 1505 1565 1550 ψυχικοῦ
1586 1501 1741 1537 hominis
1765 1516 1784 1538 a
1809 1504 1989 1538 voluntate
2007 1510 2040 1537 et
2056 1500 2203 1536 ordina-

1224 1554 1320 1587 tione
1335 1554 1469 1588 divina.

1325 1605 1359 1640 6.
1396 1603 1551 1647 Quidam
1576 1611 1801 1650 posteaquam
1825 1604 2034 1644 audierunt,
2059 1615 2132 1636 non
2149 1601 2205 1634 iu—

1223 1655 1364 1688 stificari
1385 1666 1449 1688 nos
1473 1661 1594 1688 nostro
1618 1655 1762 1695 merito,
1787 1652 1879 1687 nihil
1895 1655 2061 1688 interesse
2078 1658 2204 1698 putant

1223 1704 1316 1737 inter
1341 1705 1482 1737 caedem
1507 1705 1619 1738 facere
1646 1712 1679 1738 et
1703 1704 1883 1745 omittere,
1905 1711 1939 1738 et
1961 1704 2101 1739 similia.
2154 1703 2203 1737 Hi

1223 1754 1352 1793 sciant,
1379 1766 1397 1787 a
1415 1754 1489 1788 Deo
1508 1753 1598 1796 exigi
1614 1755 1788 1786 iusticiam
1804 1754 1992 1788 carnalem.

1326 1813 1361 1849 7.
1401 1811 1448 1846 Et
1470 1813 1574 1846 datur
1597 1811 1821 1845 servantibus
1843 1823 1976 1846 merces
1997 1813 2203 1857 corporalis,

1222 1864 1422 1909 puniuntur
1438 1861 1486 1905 hi,
1514 1864 1576 1908 qui
1593 1863 1740 1905 violant,
1766 1862 1856 1897 sicut
1874 1863 1912 1896 in
1930 1860 2086 1897 historiis
2100 1863 2202 1897 Mose

1222 1921 1376 1960 apparet.

1325 1973 1360 2008 8.
1403 1972 1499 2018 Ergo
1517 1971 1617 2018 pueri
1635 1979 1670 2007 et
1693 1971 1850 2011 carnales
1866 1983 1988 2006 omnes
2003 1978 2086 2006 sunt
2101 1981 2201 2008 coer·

1221 2025 1325 2060 cendi
1350 2025 1413 2058 ista
1441 2024 1597 2065 iusticia,
1629 2030 1662 2058 et
1682 2023 1852 2062 docendi,
1886 2023 1999 2057 donec
2027 2023 2200 2057 divinitus

1222 2078 1425 2117 doceantur,
1451 2075 1539 2109 sicut
1556 2081 1589 2108 et
1601 2075 1743 2109 arbores
1756 2073 1921 2119 plantari,
1948 2085 2048 2118 agros
2064 2073 2201 2108 conseri

1222 2133 1369 2173 oportet.

1322 2184 1357 2221 9.
1397 2183 1519 2230 Neque
1551 2196 1634 2218 vero
1664 2195 1841 2218 meremur
1869 2190 1930 2217 aut
1957 2181 2200 2216 remissionem

1220 2242 1460 2281 peccatorum,
1485 2241 1545 2269 aut
1567 2234 1741 2281 Spiritum
1761 2241 1936 2275 sanctum,
1963 2231 2098 2267 iusticia
2123 2243 2200 2266 car-

1221 2287 1305 2321 nali.

1324 2348 1382 2383 10.
1420 2346 1489 2382 Sed
1506 2347 1578 2388 lex,
1604 2358 1699 2381 mors
1715 2352 1750 2380 et
1764 2343 1982 2384 afflictiones,
2007 2355 2093 2390 quas
2109 2356 2197 2378 con-

1220 2399 1309 2433 tinet
1332 2399 1404 2439 lex,
1430 2405 1512 2432 sunt
1533 2399 1716 2432 ordinatae
1736 2396 1780 2430 ad
1797 2393 2037 2429 humiliandos
2053 2406 2137 2437 nos,
2161 2402 2195 2429 et

1221 2450 1460 2485 ostensionem
1482 2449 1623 2494 peccati.

1322 2509 1380 2543 11.
1415 2507 1448 2542 Is
1465 2514 1515 2541 est
1532 2517 1634 2540 verus
1651 2515 1734 2539 usus
1751 2511 1784 2539 et
1808 2503 2000 2549 spiritualis
2022 2504 2120 2548 legis.

1322 2570 1378 2604 12.
1413 2566 1466 2601 De
1483 2577 1552 2611 quo
1568 2564 1651 2598 dicit
1667 2562 1814 2597 Paulus:
1840 2561 1913 2597 Lex
1928 2570 1978 2598 est
1991 2563 2196 2608 spiritualis,

1217 2618 1251 2651 id
1271 2625 1341 2660 est,
1367 2616 1548 2663 spirituale
1563 2614 1746 2655 iudicium,
1772 2625 1963 2657 coarguens
1978 2614 2191 2661 impietatem

1217 2670 1350 2711 cordis,
1378 2679 1482 2715 quam
1498 2665 1587 2700 ratio
1602 2677 1676 2699 non
1690 2671 1804 2711 potest
1827 2676 1979 2702 cernere.
