2324 2955
144 95 216 129 893
836 94 862 128 I.
915 91 1208 130 CHRONICON
1234 92 1476 132 CARIONIS.
2098 110 2170 144 394

1153 218 1155 222 ι
1185 175 1409 213 Theodotum
1429 188 1505 225 post
1522 182 1659 227 aliquot
1676 196 1785 219 annos
1803 186 1932 222 Brutus
1946 216 1954 230 ‚
1988 202 2065 224 cum
2087 203 2161 235 post

1153 227 1155 240 ⁴
1182 228 1403 264 interfectum
1433 232 1615 266 Caesarem
1652 235 1779 270 Sardes
1809 249 2022 283 occupasset,
2067 246 2158 276 cruci

1180 279 1300 315 affixit.

150 180 234 213 velit
263 177 461 224 Aegyptum
492 180 645 224 quietam
679 190 770 220 esse,
817 179 892 224 ipse
923 191 962 213 eo
995 179 1128 213 bellum

148 229 343 264 transferat.

250 296 355 330 Missi
384 303 465 331 sunt
494 296 601 338 igitur
633 298 675 329 ad
708 296 990 331 interficiendum
1020 296 1127 331 Pom-

147 347 265 392 peium
288 344 447 380 Achillas
472 353 506 380 et
530 346 720 391 Septimius
746 347 931 381 Tribunus
961 348 1126 386 militum,

148 398 211 443 qui
242 397 326 431 olim
355 397 468 430 fuerat
504 398 663 431 centurio
698 398 735 430 in
767 399 921 432 exercitu
953 397 1126 442 Pompeii.

145 447 214 482 Hic
244 446 407 482 Romana
445 447 564 490 lingua
602 448 756 492 primum
791 448 985 494 alloquitur
1018 447 1125 481 Pom-

145 497 285 542 peium,
318 497 446 530 deinde
465 497 598 531 Graeca
618 496 798 538 Achillas,
834 499 956 532 iubent
981 511 1060 531 eum
1084 510 1124 531 ex

144 559 206 582 sua
223 559 328 588 nave,
354 547 392 580 in
408 560 475 593 qua
496 560 572 581 cum
589 548 737 591 coniuge
760 555 794 582 et
814 549 895 582 filiis
919 546 1124 589 vehebatur,

143 599 260 642 egredi
278 598 316 631 in
332 598 462 640 regiam
481 610 616 633 navem.
669 597 859 643 Pompeius
879 597 970 632 nihil
994 597 1122 633 hostile

142 655 302 682 metuens
320 648 442 682 transit
458 649 494 681 in
512 649 615 681 aliam
633 661 758 682 navem
784 661 863 682 cum
890 650 1016 683 liberto
1036 646 1122 683 Phi-

143 698 252 742 lippo.
303 697 371 732 Sed
390 698 508 732 exiens
525 699 645 733 recitat
662 697 849 744 Sophoclis
866 711 1000 733 versus:

183 754 272 790 ὅστις
294 755 328 785 ὑὲ
350 753 431 794 πρὸς
453 755 605 795 τιῖριιιπόι·
628 755 843 796 ἐμπορεύεται,

182 799 287 828 κείνου
310 796 376 828 ἔστι
400 799 528 834 δοῦλος,
553 797 611 828 κᾶν
634 798 801 839 ἐλεύθερος
822 798 913 839 μόλῃ.

240 850 410 893 Agnoscit
433 851 561 883 deinde
587 850 818 894 Septimium,
858 858 891 884 et
915 849 1120 893 alloquitur.

138 898 300 945 Cumque
322 900 453 943 legeret
476 901 670 934 orationem
690 900 881 939 Graecam,
914 912 982 944 qua
1000 898 1119 933 Ptole—
1144 921 1146 927 ι

137 962 276 983 maeum
295 950 512 983 allocuturus
536 957 625 991 erat,
652 950 844 994 Septimius
869 962 887 983 a
915 956 1011 992 tergo
1038 962 1116 982 cum

137 1000 255 1043 gladio
271 1001 488 1033 transfodere
505 1000 628 1043 coepit,
645 1000 773 1033 deinde
786 1000 1118 1043 labentem-fodiunt

137 1048 294 1083 Achillas
312 1056 344 1082 et
360 1050 433 1084 alii.
490 1048 567 1093 lpse
591 1050 629 1083 in
654 1057 724 1083 tam
748 1051 839 1083 tristi
864 1050 958 1083 exitu
981 1050 1115 1082 nullam

135 1100 391 1133 deformitatem
416 1100 590 1140 ostendit,
618 1101 676 1133 sed
701 1100 866 1143 gemitum
889 1101 994 1133 edens
1014 1106 1117 1142 caput

137 1150 289 1184 involvit
311 1149 418 1190 vesti,
445 1162 514 1194 qua
536 1150 681 1183 indutus
704 1158 786 1184 erat.
851 1149 975 1183 Postea
1000 1157 1117 1184 trans-

133 1201 227 1234 fosso
244 1207 277 1234 et
292 1207 415 1234 necato
430 1200 601 1243 praecidit
616 1199 807 1244 Septimius
823 1207 938 1244 caput.

235 1266 490 1302 Consideretur
508 1273 624 1300 autem
650 1267 819 1310 temporis
838 1267 1011 1308 brevitas,
1044 1279 1116 1312 quo

135 1316 200 1351 hae
223 1324 340 1351 tantae
362 1329 418 1350 res
440 1318 477 1350 in
502 1315 614 1360 Epiro
639 1324 671 1351 et
695 1316 878 1350 Thessalia
904 1324 998 1350 actae
1022 1325 1114 1353 sunt.

133 1369 261 1403 Caesar
276 1366 409 1401 Consul
431 1367 524 1401 venit
553 1367 589 1399 in
614 1366 763 1410 Epirum
792 1379 910 1399 mense
938 1367 1115 1403 Ianuario.

132 1418 256 1462 Pugna
272 1415 472 1452 Pharsalica
489 1430 530 1450 eo
549 1430 643 1450 anno
660 1417 697 1449 in
715 1416 914 1460 Septembri
932 1424 991 1451 aut
1008 1419 1113 1461 paulo

132 1476 213 1503 ante
237 1469 324 1502 sacta
349 1475 410 1503 est.
478 1467 667 1511 Pompeius
700 1467 902 1501 interfectus
926 1474 975 1500 est
999 1468 1113 1510 primo

132 1520 190 1552 die
214 1517 401 1559 Octobris,
443 1529 522 1551 cum
555 1515 738 1550 inchoaret
761 1530 894 1550 annum
921 1530 1056 1551 nonum
1080 1526 1113 1552 et

131 1569 473 1615 quinquagesimum.
542 1567 652 1600 Natus
687 1574 735 1600 est
764 1568 857 1600 enim
893 1568 950 1600 die
986 1568 1112 1601 ultimo

130 1619 358 1664 Septembris.
424 1617 493 1651 Hic
519 1617 587 1651 suit
609 1617 721 1651 exitus
745 1616 919 1661 Pompeii,
967 1617 1027 1662 qui
1058 1629 1113 1651 res

130 1680 274 1713 magnas
289 1668 421 1712 patriae
440 1668 542 1700 utiles
558 1674 638 1700 ante
654 1668 785 1700 bellum
804 1668 905 1700 civile
934 1667 1053 1710 gessit,
1080 1674 1112 1700 et

130 1731 240 1765 usqne
257 1719 299 1751 ad
321 1718 354 1750 id
374 1724 509 1760 tempus
528 1717 631 1749 foelix
650 1725 682 1750 et
703 1718 803 1750 valde
822 1729 920 1750 carus
945 1717 1111 1750 omnibus

130 1770 295 1814 gentibus
325 1768 456 1804 suerat,
500 1767 536 1799 in
562 1764 627 1798 boc
650 1774 802 1799 extremo
825 1774 903 1800 actu
929 1768 1111 1810 perfidiose

130 1827 272 1853 necatus
287 1825 337 1852 cst
352 1831 369 1851 a
387 1818 459 1850 filio
477 1817 550 1850 eins
569 1817 675 1858 regis,
700 1829 802 1861 quem
822 1817 893 1859 ipse
914 1816 947 1848 iu
965 1828 1108 1859 regnum

129 1870 338 1905 restitueret.
406 1866 468 1901 Est
500 1874 614 1900 antem
648 1867 738 1899 inter
765 1866 914 1907 insignia
941 1867 1109 1910 exempla,

129 1933 218 1967 quae
233 1926 375 1953 monent
395 1930 465 1951 non
483 1918 596 1950 solum
614 1918 790 1950 fortunam
810 1916 1008 1949 instabilem
1025 1929 1110 1956 esse,

129 1973 187 2005 sed
205 1971 308 2007 etiam
330 1969 526 2014 sapientum
554 1979 675 2010 magna
700 1974 731 1999 ct
754 1968 865 2000 tristia
890 1973 1001 1999 errata
1027 1978 1109 2007 esse,

130 2022 217 2055 sicut
246 2021 389 2053 dicitur:
434 2016 553 2057 οὐὸεἷς
581 2014 798 2062 ἀνθρώπων
830 2015 928 2051 ἐστὶν
961 2015 1108 2052 ἅπαντα
1132 2041 1134 2043 ·

130 2069 256 2118 σοφὸς.
309 2069 379 2104 Nec
395 2069 523 2104 Caesar
538 2068 724 2114 quicquam
743 2068 898 2112 asperius
916 2068 945 2099 ei
972 2068 1108 2108 obiicit,

129 2134 235 2168 quam
255 2122 348 2167 quod
367 2121 470 2159 dicit,
498 2117 564 2153 l101:
584 2119 714 2151 bellum
733 2119 777 2151 ab
794 2130 833 2151 eo
854 2130 923 2151 uon
951 2129 1108 2151 necessa—

129 2174 182 2206 rio
201 2179 333 2205 motum
352 2183 441 2210 esse,
464 2178 494 2203 et
514 2178 629 2203 tamen
649 2168 758 2212 magis
784 2176 919 2202 accusat
946 2169 1108 2202 incitato-

130 2232 184 2257 res
201 2234 305 2269 quam
324 2223 448 2266 ipsum.

229 2289 353 2324 Statim
379 2295 494 2322 autem
518 2287 613 2321 Deus
636 2293 668 2320 et
693 2287 931 2320 interfectores
960 2287 1109 2330 punivit,

130 2354 208 2376 cum
224 2339 351 2374 Caesar
367 2352 484 2373 meuse
501 2337 650 2372 Octobri
670 2337 819 2370 venisset
844 2337 878 2370 in
897 2336 1109 2382 Aegyptum,
1133 2362 1134 2365 ,

129 2400 162 2426 et
178 2391 242 2436 ipsi
261 2402 400 2435 quoqne
418 2390 562 2423 insidias
579 2394 756 2422 struerent
768 2385 925 2420 Achillas
942 2385 1107 2421 etl‘othi-

129 2454 216 2483 nus,
243 2441 302 2486 qni
321 2448 359 2474 ut
379 2440 536 2478 videtur,
563 2437 651 2472 lianc
668 2438 813 2479 gloriam
832 2439 967 2471 auferre
988 2438 1109 2469 volue-

131 2499 232 2531 runt,
259 2492 353 2536 quod
373 2491 460 2523 duos
484 2502 640 2523 summos
666 2490 769 2521 duces
787 2488 968 2522 Romanos
991 2495 1109 2521 sustu-

132 2544 275 2583 lissent,
303 2542 399 2575 iussit
422 2551 480 2573 eos
498 2540 657 2573 interfici.
713 2539 932 2573 Ptolemaeus
958 2539 1029 2581 ipse
1054 2539 1110 2571 su-

130 2596 228 2635 giens
245 2594 394 2626 obrutus
413 2591 575 2624 fluctibus
593 2591 627 2622 in
648 2594 733 2622 mari
754 2590 873 2633 periit,
897 2588 1110 2622 cuinCaesar

129 2644 320 2679 exercitum
333 2642 543 2686 Aegyptium
560 2642 601 2674 ad
617 2640 865 2674 Alexandriam
885 2640 1109 2684 profligasset.

1282 344 1358 379 Iloc
1384 347 1489 380 etiam
1517 349 1812 385 considerandum
1842 361 1909 392 est,
1948 355 2155 402 Pompeium

1178 406 1266 438 pene
1292 396 1328 429 in
1354 406 1541 441 conspectu
1563 398 1795 446 Ierosolymae
1822 404 2042 441 interfectum
2071 421 2155 451 esse,

1178 457 1282 489 quam
1300 455 1382 480 ante
1407 460 1518 481 annos
1543 451 1743 494 quindecim
1770 463 1907 496 ceperat
1935 457 1971 488 in
1995 458 2068 501 ipso
2089 459 2155 493 Pa-

1178 493 1305 530 sebate.
1376 495 1421 531 Et
1448 511 1648 544 quanquam
1681 515 1750 534 non
1780 505 1944 546 spoliavit
1974 511 2153 552 templum,

1176 552 1291 579 tamen
1317 544 1526 583 dehortante
1551 561 1687 583 summo
1711 556 1886 588 sacerdote
1916 556 1949 587 io
1975 556 2150 591 Samiam

1177 594 1395 631 Sanctorum
1414 599 1589 642 ingressus
1607 608 1665 635 est.
1721 601 1820 635 IIanc
1847 607 1966 648 templi
1990 609 2152 643 violatio-

1175 659 1255 680 nem
1282 655 1448 693 sequutae
1475 657 1556 683 sunt
1581 663 1730 694 poenae,
1763 655 1992 689 consiliorum
2019 670 2153 693 errores

1175 704 1207 731 et
1227 698 1434 738 insolentia,
1461 712 1528 744 qua
1550 701 1704 743 pericula
1724 715 1797 735 non
1823 707 2023 740 necessariis
2041 711 2152 743 causis

1175 750 1332 790 attraxit,
1367 756 1405 782 ut
1429 750 1471 783 de
1495 749 1770 795 Bellerophonte
1797 755 1944 796 dicitur,
1985 770 2063 791 cum
2098 771 2151 793 res

1174 809 1316 840 magnas
1338 798 1469 842 Pegaso
1485 800 1640 834 insidens
1660 804 1835 845 gessisset,
1862 813 1979 849 postea
2006 820 2082 842 cum
2113 811 2149 843 io

1173 849 1309 881 coelum
1320 849 1449 892 Pegaso
1469 849 1546 883 vebi
1567 853 1687 893 vellet,
1715 866 1876 888 excussus
1897 858 2019 900 pedem
2039 860 2149 904 fregit.

1172 896 1223 931 Ac
1240 906 1359 933 nostra
1377 907 1469 933 aetas
1487 901 1614 935 similia
1631 905 1786 948 exempla
1804 906 1902 939 vidit.

1273 963 1440 999 Coniunx
1458 966 1618 1011 Pompeii
1637 965 1811 1003 Cornelia
1829 985 1907 1005 cum
1933 974 2064 1018 ingenti
2087 979 2150 1010 do-

1171 1014 1247 1048 lore
1266 1016 1453 1059 spectatrix
1477 1017 1542 1050 fuit
1569 1019 1663 1051 necis
1689 1022 1826 1061 mariti,
1860 1023 1896 1055 in
1919 1036 1955 1057 ea
1978 1037 2085 1067 nave,
2113 1029 2147 1060 iu

1170 1077 1238 1109 qua
1267 1078 1344 1098 curn
1371 1067 1444 1110 ipsa
1472 1065 1660 1111 Pompeius
1693 1078 1808 1104 vectus
1839 1072 1959 1106 fuerat.
2026 1075 2147 1110 Postea

1170 1127 1250 1147 mox
1273 1127 1351 1149 cum
1380 1117 1461 1150 filiis
1488 1117 1524 1149 in
1550 1117 1706 1164 Cyprum
1740 1122 1863 1163 rediit,
1905 1124 1987 1156 inde
2020 1137 2078 1159 eos
2112 1129 2147 1160 in

1170 1162 1364 1208 Aphricam
1382 1167 1477 1200 misit
1492 1168 1535 1200 ad
1547 1168 1748 1213 Scipionem
1770 1171 1991 1207 etCatonein.
2031 1176 2148 1211 Maior

1169 1222 1255 1249 natu
1273 1216 1365 1258 fil'ffs
1383 1216 1646 1262 Cn.Pompeius
1666 1221 1700 1253 in
1720 1220 1890 1266 Hispania
1909 1236 2004 1257 anno
2023 1235 2146 1271 quarto

1167 1272 1245 1308 post
1268 1278 1422 1310 pugnam
1443 1265 1680 1303 Pharsalicam
1711 1284 1837 1315 magno
1868 1276 1999 1317 praelio
2037 1277 2146 1311 x'ictus

1168 1323 1237 1355 est,
1273 1324 1305 1350 et
1338 1317 1474 1360 fugiens
1506 1326 1674 1353 retractus
1698 1334 1715 1353 a
1742 1321 1959 1357 Caesarianis
1982 1333 2013 1359 et
2038 1327 2146 1361 inter-

1167 1367 1277 1400 fectus
1298 1373 1360 1400 est.
1413 1367 1512 1401 Yixit
1536 1370 1669 1403 diutius
1685 1371 1773 1404 alter
1789 1372 1882 1406 filius
1901 1374 2023 1409 Sextus
2038 1376 2144 1411 Poin-

1167 1416 1282 1458 peius,
1325 1417 1385 1462 qui
1410 1415 1608 1460 Augustum
1632 1428 1664 1453 et
1690 1421 1885 1455 Antonium
1911 1433 1986 1468 post
2014 1425 2143 1461 lulium

1167 1467 1387 1500 intersectum
1407 1479 1518 1501 annos
1535 1477 1611 1503 octo
1630 1472 1734 1504 variis
1754 1473 1854 1505 bellis
1880 1476 2049 1515 exercuit,
2084 1491 2143 1511 oc-

1166 1517 1306 1560 cupavit
1328 1517 1503 1559 Siciliam,
1538 1521 1650 1554 tenuit
1675 1534 1788 1559 mare„
1827 1525 1928 1558 rediit
1954 1526 1989 1557 in
2016 1525 2143 1573 Bithy-

1166 1567 1280 1607 niam,
1306 1575 1339 1602 et
1354 1569 1537 1612 occupavit
1553 1569 1693 1603 Niceam
1715 1580 1746 1605 et
1767 1572 2021 1609 Nicomediam.
2074 1578 2143 1611 Sed

1166 1618 1330 1661 deceptus
1347 1630 1364 1650 a
1382 1617 1479 1652 Titio
1499 1620 1586 1652 duce
1604 1622 1752 1654 Antonii
1772 1636 1849 1656 cum
1874 1636 1908 1657 se
1931 1626 1960 1658 ei
1987 1627 2143 1661 dedidis-

1165 1674 1234 1704 set,
1262 1668 1306 1699 ab
1332 1668 1406 1710 ipso
1431 1669 1614 1711 perfidiose
1640 1671 1840 1706 interfectus
1863 1682 1923 1709 est.
1986 1675 2052 1709 Ilic
2077 1679 2138 1712 suit

1164 1717 1276 1749 exitus
1294 1718 1445 1750 duorum
1466 1719 1618 1752 filiorum
1638 1719 1817 1765 Pompeii,
1845 1732 1995 1770 suntque
2019 1731 2139 1771 procul

1164 1767 1294 1799 dissitis
1312 1768 1397 1800 locis
1413 1769 1586 1803 interfecti
1605 1778 1636 1804 et
1652 1773 1792 1815 sepulti,
1815 1782 1910 1817 pater
1927 1776 2142 1822 inAegypto,

1163 1817 1275 1850 maior
1297 1825 1380 1851 natu
1409 1819 1501 1852 filius
1526 1820 1560 1852 in
1578 1820 1767 1864 Ilispania,
1802 1825 1919 1857 minor
1944 1834 2027 1860 natu
2048 1818 2140 1862 lilius

1164 1866 1200 1899 in
1227 1865 1322 1902 Asia.
1390 1867 1485 1902 Haec
1516 1871 1626 1904 tristia
1653 1874 1810 1916 exempla
1834 1875 2010 1909 intuentes
2031 1879 2139 1912 simus

1162 1928 1335 1949 memores
1351 1919 1509 1960 regulae,
1537 1933 1580 1952 ne
1608 1928 1701 1954 extra
1725 1930 1834 1956 metas
1857 1925 1961 1957 officii
1987 1939 2140 1968 ruamus,

1162 1979 1224 2000 nec
1250 1979 1452 2001 moveamus
1470 1981 1541 2002 non
1567 1973 1770 2007 necessaria.
1823 1972 1867 2007 Et
1887 1976 1973 2008 illud
1995 1976 2140 2016 Euripi-

1162 2018 1215 2050 dis
1232 2029 1331 2061 saepe
1349 2019 1555 2061 cogitemus:
1587 2020 1612 2054 i'z
1634 2034 1684 2059 ⁷15*
1699 2020 1745 2056 ἄν
1759 2021 1900 2070 μεγάλα
1922 2024 2069 2061 διώκων
2087 2017 2138 2063 ἰὰ

1161 2064 1328 2113 παρόντα
1349 2067 1430 2113 osy?
1448 2068 1545 2115 ‹sae'pet
1559 2097 1567 2110 ,
1593 2071 1830 2116 ‚usurouae'rwr
1849 2074 1922 2108 ow}
1946 2074 2079 2120 106101.

1262 2133 1351 2167 Cum
1373 2143 1487 2169 autem
1507 2144 1582 2181 post
1601 2136 1836 2173 l'liarsalicain
1862 2154 2011 2184 pugnam
2034 2144 2140 2181 lulius

1160 2182 1293 2230 Consul
1318 2198 1357 2218 eo
1382 2198 1476 2219 anno
1501 2200 1619 2221 mense
1637 2188 1786 2222 Octobri
1809 2190 2056 2227 λΧΙ1·κ.-111111·1.·1111
2083 2210 2136 2230 ve-

1161 2235 1288 2275 nisset,
1323 2236 1475 2280 primum
1501 2239 1638 2271 ociosus
1664 2247 1701 2272 nt
1725 2239 1950 2275 scholasticus
1976 2245 2011 2276 in
2037 2250 2138 2281 turba

1162 2286 1330 2319 lectiones
1351 2288 1535 2320 doctorum
1554 2289 1699 2324 audivit.
1751 2290 1818 2323 Sed
1839 2292 1981 2327 insidias
1998 2296 2028 2328 ei
2047 2304 2117 2331 stru

1161 2343 1286 2370 xerunt
1308 2337 1359 2368 illi
1378 2337 1462 2380 ipsi,
1489 2338 1764 2382 quiPompeinni
1787 2341 2040 2379 interfecerant.
2082 2349 2138 2382 Ab

1162 2384 1218 2419 his
1252 2387 1518 2420 insidiatoribus
1552 2401 1629 2421 cum
1660 2391 1829 2424 exercitus
1860 2394 1943 2435 regii
1973 2397 2138 2431 adversus

1163 2449 1242 2469 eum
1258 2438 1427 2470 contracti
1445 2445 1574 2478 essent,
1603 2452 1724 2482 magna
1747 2442 1872 2475 virtute
1896 2451 1927 2477 et
1954 2446 2138 2483 foelicitatt=

1162 2489 1207 2521 ab
1228 2500 1269 2520 eo
1289 2488 1461 2531 profligati
1479 2496 1573 2524 sunt.
1602 2488 1641 2521 ln
1662 2504 1701 2523 eo
1721 2492 1812 2523 bello
1832 2495 1982 2528 multum
1999 2499 2137 2532 adiutus

1163 2545 1213 2571 est
1240 2538 1418 2581 Antipatri
1453 2539 1621 2582 principis
1649 2540 1802 2574 Idumaei
1827 2546 1981 2579 consiliis
2004 2555 2034 2581 et
2061 2550 2135 2586 tide.

1164 2589 1223 2633 qui
1244 2588 1308 2621 suit
1325 2588 1594 2632 paterllerodis.
1652 2590 1769 2633 Quare
1788 2594 1819 2626 ei
1835 2594 1959 2630 Caesar
1975 2596 2136 2632 Iudaeam

1165 2639 1351 2681 regendam
1372 2646 1405 2673 et
1421 2640 1605 2674 fruendam
1623 2643 1779 2677 tradidit.

1455 2688 1534 2725 57·
