2324 2955
93 122 167 159 469
730 117 990 153 PHlLIPPI

192 205 252 240 30.
291 203 396 248 Quod
423 204 525 238 facile
550 210 662 247 potest
688 204 858 247 intelligi,
883 203 911 237 si
935 203 976 237 ad
1001 214 1080 247 per-

92 268 213 292 sonam
249 256 430 290 reseratur.
497 254 651 288 Persona
683 256 849 289 dubitans
875 267 920 287 an
947 254 1079 298 placeat

91 308 189 349 Deo,
226 319 297 340 non
323 307 428 340 sentit
453 317 488 338 se
514 306 692 346 exaudiri,
720 307 800 339 ideo
825 317 896 338 non
920 317 1000 337 vere
1023 304 1079 336 in—

91 365 191 392 vocat
209 357 341 395 Deum,
367 357 440 389 imo
464 357 626 389 irascitur
642 356 736 397 Deo,
759 357 848 400 fugit
872 362 904 389 et
926 356 1001 389 odit
1024 355 1079 387 iu—

92 410 223 442 dicium
241 407 318 440 Dei.
372 406 445 439 Iam
469 408 496 440 si
523 419 670 450 persona
690 415 738 441 est
760 407 964 447 immunda,
991 416 1079 450 opus

91 461 193 494 etiam
211 458 433 490 immundum
452 465 513 491 est.

190 508 249 541 31.
292 506 466 549 Econtra,
498 520 577 541 cum
606 519 754 551 persona
786 505 891 541 habet
915 505 1076 540 fiduciam

90 559 370 600 misericordiae,
404 560 516 592 credit
547 570 582 591 se
613 559 791 599 exaudiri,
826 570 906 591 vere
938 558 1078 590 invocat

89 609 225 650 Deum,
252 622 323 642 non
348 610 511 643 irascitur
528 608 615 644 Deo.
669 608 858 654 Postquam
877 609 983 651 igitur
998 618 1078 651 per-

90 673 174 694 sona
193 660 323 705 placet,
351 661 489 704 placent
507 667 538 693 et
555 671 672 702 opera.
726 659 775 693 Ita
796 661 822 692 si
841 660 925 692 fides
938 659 979 691 ad
999 669 1077 701 per-

90 723 214 745 sonam
247 711 436 751 referatur,
471 710 608 743 facilius
640 711 791 754 intelligi
822 717 952 754 potest,
988 720 1077 753 quo—

89 763 197 794 modo
214 773 253 794 ex
272 761 338 793 fide
355 760 427 794 fieri
447 761 538 793 bona
556 773 659 804 opera
678 762 840 796 debeant.

192 812 251 846 32.
289 809 385 844 Ilaec
406 812 566 845 doctrina
586 813 627 844 de
646 812 865 845 dubitatione
882 810 1077 849 eximenda,

91 861 286 896 necessaria
317 868 385 902 est,
423 870 456 895 et
486 860 656 907 quiahoc
680 869 876 907 peccatum,
914 860 1077 893 videlicet

88 919 292 957 perpetuam
308 913 566 946 dubitationem
581 914 623 945 de
639 913 889 952 misericordia,
916 923 988 944 non
1004 911 1077 942 sere

87 964 294 1006 intelligunt
316 961 499 1004 homines,
525 963 712 1006 diligenter
735 961 801 996 hac
825 964 868 995 de
889 974 927 994 re
952 962 1077 994 admo-

89 1014 200 1047 nendi
223 1020 324 1054 sunt,
351 1020 391 1047 ut
414 1013 540 1047 luctari
562 1026 640 1046 cum
658 1014 838 1058 impietate
852 1012 1005 1045 naturali
1022 1011 1077 1045 di—

90 1071 203 1105 scant,
231 1070 264 1098 et
279 1064 537 1097 dubitationem
554 1064 622 1097 fide
638 1076 814 1108 superare.

191 1115 252 1150 33.
288 1113 340 1148 Ita
357 1115 495 1148 discent
513 1127 593 1147 vere
608 1115 771 1148 invocare
788 1114 923 1155 Deum,
949 1120 983 1147 et
998 1125 1078 1146 vere

91 1166 217 1199 colere.

192 1214 252 1249 34.
286 1214 364 1248 IIoc
387 1214 532 1249 interest
553 1215 646 1248 inter
664 1213 851 1257 Evangelii
869 1215 1080 1255 doctrinam,

92 1273 125 1300 et
148 1266 345 1300 doctrinam
362 1262 627 1310 hypocriticam.
681 1264 908 1310 Hypocritica
928 1266 1029 1298 docet
1047 1271 1081 1298 et

91 1317 248 1349 cumulat
277 1316 391 1348 cultus
419 1327 499 1348 cum
520 1313 592 1348 'hac
625 1315 858 1348 dubitatione.
916 1316 1080 1357 Evange-

92 1366 180 1399 lium
198 1372 318 1400 contra
337 1366 439 1398 docet
457 1364 548 1399 hanc
564 1365 818 1398 dubitationem
836 1365 979 1409 impiam
996 1376 1080 1399 esse.

195 1417 254 1452 35.
292 1414 344 1448 Ex
370 1413 426 1448 his
449 1416 551 1448 facile
576 1416 726 1448 iudicari
753 1422 881 1459 potest,
907 1422 1080 1460 quatenus

93 1467 236 1500 valeant
265 1465 516 1509 promissiones
547 1465 690 1506 legales,
725 1472 758 1498 et
783 1466 964 1509 quomodo
988 1466 1079 1497 bona

94 1527 201 1560 opera
226 1521 427 1548 mereantur
453 1515 627 1558 praemia,
662 1521 695 1547 et
719 1516 897 1558 quomodo
924 1515 1080 1546 conditio

94 1567 197 1610 legis,
224 1578 314 1610 qnae
336 1576 373 1598 re
398 1565 473 1608 ipsa
497 1571 548 1598 est
566 1565 812 1608 impossibilis,
839 1576 901 1608 per
917 1563 1082 1607 Evange-

94 1618 182 1652 lium
197 1617 400 1661 suppleatur
416 1616 634 1659 imputative.

198 1667 260 1700 36.
296 1666 398 1700 Plato
427 1673 518 1700 recte
543 1673 576 1699 et
600 1671 745 1698 venuste
766 1665 872 1698 dixit:
905 1663 1083 1698 Coelestes

99 1719 202 1751 orbes
225 1718 391 1750 dissectos
418 1716 528 1759 figura
552 1716 672 1750 literae
696 1728 720 1760 χ
748 1715 945 1750 contrarios
967 1722 1083 1749 motus

97 1768 243 1801 efficere,

98 1881 280 1928 (XVIII.)
323 1882 438 1916 Alia
464 1879 759 1926 disputatio:
796 1880 841 1915 cle
866 1881 1084 1916 discrimine

98 1937 234 1970 veleris
250 1937 283 1968 el
295 1935 386 1976 ‚novi
409 1935 662 1974 Testamenti,
690 1931 803 1977 deque
819 1933 912 1979 legis·
928 1932 1085 1980 abroga-

256 1987 368 2019 tione.
421 1986 522 2026 (ΟΜ).
543 1986 636 2016 Basil.
658 1985 696 2019 T.
715 1985 772 2019 111.
793 1998 823 2026 p.
844 1987 932 2025 303.)

101 2062 328 2112 ⁴Magnopere
359 2068 502 2112 prodest
531 2074 649 2100 tenere
680 2067 868 2101 discrimen
899 2067 1025 2100 veteris
1054 2075 1087 2101 et

100 2119 187 2154 novi
203 2118 438 2159 Testamenti,
464 2118 545 2162 quia
568 2117 700 2151 infiniti
723 2130 857 2151 errores
878 2118 988 2161 sparsi
1006 2125 1087 2151 sunt

102 2172 140 2204 in
157 2167 296 2204 Scholis
316 2182 354 2202 ac
373 2170 519 2213 populo,
547 2176 729 2213 propterea
748 2170 829 2214 quia
847 2170 882 2202 id
898 2169 1087 2202 discrimen

102 2232 176 2255 non
193 2226 242 2254 est
259 2220 486 2254 intellectum.

205 2273 241 2307 2.
276 2270 663 2304 Vetus'l'estamentum
683 2270 735 2302 lex
752 2277 812 2310 est,
841 2268 906 2304 hoc
923 2277 992 2312 est,
1017 2269 1089 2303 De—

106 2323 246 2364 calogus
276 2327 309 2355 et
337 2322 426 2354 aliae
450 2321 691 2354 ordinationes
722 2322 900 2364 politicae,
933 2328 968 2355 et
993 2334 1090 2355 cere—

107 2371 246 2406 moniae
263 2372 402 2405 additae
421 2371 609 2415 Decalogo.

210 2422 247 2456 3.
286 2421 425 2456 Novum
450 2422 716 2457 Testamentum
747 2434 818 2454 non
848 2430 897 2456 est
922 2424 997 2463 lex,
1030 2425 1088 2457 sed

108 2481 160 2508 est
184 2472 342 2506 remissio
366 2481 584 2516 peccatorum
610 2481 641 2506 et
668 2473 851 2517 promissio
875 2475 1024 2515 gratiae,
1058 2481 1092 2508 et

109 2524 254 2558 donatio
272 2522 425 2567 Spiritus
447 2526 576 2565 sancti,
604 2531 636 2557 et
662 2525 751 2557 vitae
774 2531 933 2558 aeternae
952 2532 1093 2569 propter

109 2572 303 2609 Christum.

213 2623 247 2658 4.
289 2622 366 2658 Etsi
397 2625 517 2669 politia
542 2625 698 2659 Mosaica
726 2626 849 2665 desiit,
884 2622 974 2658 nihil
1001 2625 1093 2658 enim

112 2677 154 2710 ad
180 2682 299 2720 gentes
322 2676 533 2719 pertinebat:
563 2683 677 2710 tamen
706 2677 886 2722 praecipua
905 2688 984 2720 pars
1002 2677 1094 2719 legis,

1033 113 1484 151 MELANTHONIS.

2047 117 2121 154 470

1133 213 1222 245 quae
1251 208 1396 235 vocatur
1429 200 1590 242 moralis,
1631 207 1665 235 et
1699 199 1875 247 Decalogo
1906 201 2118 245 continetur,

1133 264 1205 284 non
1224 253 1344 292 desiit,
1371 252 1452 297 quia
1471 253 1507 284 in
1523 258 1649 286 natura
1667 253 1796 297 scripta
1812 260 1875 289 est.

1240 301 1256 309 -r

1234 313 1268 336 o.
1304 302 1418 336 Durat
1434 303 1540 345 igitur
1556 303 1676 336 eadem
1693 304 1765 345 lex,
1791 305 1979 349 tantisper,
2004 305 2117 338 donec

1132 351 1286 386 humana
1306 360 1429 386 natura
1449 355 1563 388 durat.

1234 403 1270 437 6.
1303 403 1382 436 Nm
1402 404 1508 446 igitur
1524 411 1621 438 vetus
1635 404 1900 438 Testamentum
1920 405 1998 438 ideo
2016 412 2116 440 vetus

1132 454 1280 496 intelligi
1306 461 1482 498 putemus,
1509 456 1589 499 quia
1614 461 1690 498 post
1706 456 1894 488 adventum
1910 453 2043 489 Christi
2060 457 2115 489 lex

1132 505 1290 545 desierit,
1317 506 1375 537 sed
1402 506 1534 548 potius,
1560 505 1642 550 quia
1665 505 1719 538 lex
1746 506 1843 549 prius
1867 506 2006 549 publice
2031 519 2116 550 pro-

1130 557 1284 598 mulgata
1301 563 1368 596 est,
1395 568 1498 600 quam
1512 555 1745 599 Evangelium
1762 556 1799 587 in
1814 562 1925 588 totum
1940 558 2116 590 mundum

1130 618 1289 650 sparsum
1301 633 1310 650 ‚
1338 613 1371 640 et
1392 607 1472 651 quia
1491 613 1539 639 est
1557 606 1717 640 doctrina
1733 603 1921 639 cohercens
1939 613 1972 640 et
1989 607 2114 641 morti-

1130 658 1234 691 ficans
1253 664 1404 690 veterem
1424 655 1616 691 hominem.

1232 707 1265 740 7.
1298 706 1344 741 Et
1362 706 1594 751 Evangelium
1617 714 1693 741 tum
1716 718 1857 752 quoque
1879 718 1958 740 cum
1978 707 2033 740 lex
2051 708 2116 740 do—

1130 765 1284 799 ceretur,
1328 759 1497 792 traditum
1534 766 1627 798 erat,
1672 758 1736 791 etsi
1777 758 1937 791 nondum
1975 758 2116 801 publice

1130 810 1264 842 mundo
1281 809 1542 853 promulgatum
1560 816 1642 842 erat.

1231 859 1265 894 8.
1301 859 1420 901 Quare
1443 872 1516 892 non
1541 872 1580 892 eo
1607 859 1737 893 dicitur
1761 870 1893 892 novum
1909 857 2119 892 Testamen-

1130 917 1225 951 tum,
1258 911 1352 955 quod
1385 910 1490 943 suerit
1522 910 1681 953 ignotum
1712 916 1771 943 aut
1803 909 1930 943 inutile
1961 916 2118 953 tempore

1130 961 1226 1004 legis.

1233 1010 1268 1044 9.
1297 1009 1372 1043 Imo
1389 1007 1622 1053 Evangelium
1641 1009 1835 1042 revelatum
1852 1015 1903 1042 est
1917 1009 2021 1052 longe
2038 1016 2119 1043 ante

1134 1061 1228 1095 Mosi
1244 1062 1366 1104 legem.

1235 1112 1291 1145 10.
1334 1111 1402 1144 Sed
1436 1110 1567 1143 dicitur
1595 1121 1729 1142 novum
1758 1108 2043 1147 Testamentum,
2086 1117 2120 1144 et

1132 1163 1214 1207 quia
1234 1160 1397 1196 Christus
1414 1158 1590 1194 exhibitus
1607 1168 1657 1194 est
1674 1159 1874 1193 novissimis
1892 1161 2121 1204 temporibus,

1133 1220 1167 1246 et
1198 1213 1280 1258 quia
1309 1219 1393 1246 tunc
1418 1213 1559 1244 demum
1586 1211 1623 1243 in
1647 1218 1759 1244 totum
1784 1212 1957 1244 mundum
1981 1211 2121 1255 publice

1133 1275 1291 1307 sparsum
1315 1270 1384 1301 est,
1410 1274 1491 1295 cum
1515 1268 1615 1294 antea
1642 1261 1741 1305 pauci
1760 1261 1906 1300 scirent,
1934 1268 1966 1295 et
1983 1262 2063 1306 quia
2082 1262 2119 1294 in

1134 1314 1282 1355 singulis
1307 1311 1513 1345 hominibus
1537 1312 1689 1344 succedit
1710 1310 1941 1354 Evangelium
1967 1312 2121 1345 vincitur

1134 1370 1167 1396 et
1185 1363 1359 1407 impletur.

1239 1414 1297 1448 11.
1338 1412 1389 1445 Ita
1420 1419 1598 1456 utrunque
1631 1411 1916 1452 Testamentum,
1957 1417 2056 1445 vetus
2086 1419 2121 1446 et

1135 1475 1289 1503 novum,
1324 1460 1391 1494 hoc
1415 1468 1479 1494 est:
1507 1462 1577 1494 Lex
1608 1469 1641 1495 et
1658 1460 1890 1504 Evangelium
1925 1472 2061 1506 semper
2080 1462 2119 1495 in

1135 1513 1268 1545 mundo
1284 1513 1475 1545 extiterunt
1493 1518 1523 1543 et
1543 1511 1701 1546 existent.

1242 1564 1299 1597 12.
1340 1561 1429 1595 Nam
1454 1561 1508 1593 lex
1530 1562 1573 1593 ad
1599 1560 1880 1594 iustilicationem
1903 1573 2020 1596 coram
2044 1560 2120 1596 Deo

1136 1613 1210 1646 sine
1229 1610 1423 1655 Evangelio
1440 1611 1648 1655 simpliciter
1665 1612 1801 1645 inutilis
1818 1618 1879 1645 est.

1243 1664 1300 1697 13.
1335 1662 1382 1696 Et
1402 1669 1515 1706 patres
1535 1662 1709 1695 iustificati
1729 1669 1763 1696 et
1780 1663 1902 1696 salvati
1921 1670 2022 1704 sunt,
2048 1675 2122 1696 non

1139 1726 1200 1759 per
1224 1715 1357 1757 legem,
1383 1714 1439 1746 sed
1468 1724 1529 1756 per
1551 1711 1802 1756 Evangelium,
1829 1714 1909 1758 quia
1934 1714 2001 1747 fide
2026 1725 2123 1747 acce-

1139 1772 1266 1809 perunt
1285 1764 1608 1797 reconciliationem
1627 1772 1659 1798 et
1678 1763 1850 1808 Spiritum
1865 1771 2024 1798 sanctum
2040 1777 2125 1809 pro-

1138 1822 1214 1860 pter
1230 1814 1423 1855 Christum.

1238 1865 1297 1899 14.
1324 1865 1626 1899 Perniciosissime
1642 1865 1842 1904 errantisfi,
1870 1865 1929 1910 qui
1945 1865 2125 1899 somniant

1140 1916 1250 1958 legem
1261 1916 1355 1949 Mosi
1373 1914 1537 1950 habuisse
1555 1924 1645 1950 certa
1663 1928 1767 1960 opera
1785 1923 1889 1960 atque
1905 1916 2124 1948 observatio-

1141 1979 1222 2006 nes,
1256 1967 1385 2011 quibus
1417 1974 1500 2000 tunc
1528 1965 1688 1999 homines
1713 1978 1828 1999 coram
1855 1965 1928 1998 Deo
1951 1965 2123 1999 iustificati

1140 2018 1220 2050 sint.
1273 2016 1319 2050 Et
1342 2030 1437 2050 nunc
1456 2017 1688 2059 Evangelium
1712 2016 1931 2056 successisse,
1958 2023 2124 2060 tanquam

1141 2069 1251 2110 legem
1276 2069 1475 2108 meliorem,
1502 2069 1594 2112 qnod
1616 2067 1830 2100 ceremonias
1849 2066 1996 2099 leviores
2013 2066 2124 2099 tradi-

1141 2119 1251 2159 derit,
1279 2125 1311 2151 et
1328 2118 1542 2161 Decalogum
1560 2118 1726 2164 requirit,
1754 2124 1792 2151 ut
1815 2115 1868 2150 his
1884 2117 2049 2161 operibus
2068 2117 2124 2150 iu-

1140 2170 1333 2203 stificentur
1347 2167 1520 2204 homines.

1246 2218 1304 2253 15.
1338 2220 1455 2253 Multo
1480 2220 1587 2261 magis
1614 2226 1731 2252 errant
1749 2218 1953 2256 Pontifices,
1980 2217 2040 2262 qui
2059 2229 2125 2261 pu-

1143 2278 1217 2305 tant
1237 2269 1409 2304 humanas
1427 2271 1634 2303 traditiones
1651 2281 1722 2302 esse
1739 2269 1945 2302 necessarias
1963 2270 2005 2301 ad
2024 2268 2125 2301 iusti-

1143 2323 1232 2355 ciam
1253 2323 1335 2354 novi
1353 2321 1567 2355 Testamenti
1583 2348 1590 2359 ‚
1615 2320 1700 2352 sicut
1721 2326 1845 2364 putant
1868 2319 1903 2352 in
1927 2320 2000 2361 lege
2020 2318 2126 2357 Most,

1144 2373 1360 2407 ceremonias
1390 2373 1494 2405 suisse
1521 2371 1632 2404 cultus
1658 2370 1870 2403 necessarios
1891 2371 1932 2403 ad
1961 2370 2127 2402 iustilica-

1144 2425 1287 2458 tionem.

1251 2475 1304 2508 16.
1343 2473 1403 2505 llla
1420 2470 1616 2516 κακοζηλία
1634 2472 1716 2514 legis
1732 2470 1907 2505 Mosaicae
1923 2468 2017 2504 hunc
2033 2483 2130 2503 erro-

1146 2538 1218 2559 rem
1236 2526 1327 2568 apml
1348 2524 1526 2567 imperitos
1545 2523 1687 2566 peperit.

1252 2576 1309 2610 17.
1343 2574 1431 2606 Cum
1459 2574 1509 2605 lex
1531 2573 1622 2606 Mosi
1648 2578 1785 2617 praeter
1806 2572 1952 2604 moralia
1969 2569 2124 2603 habuerit

1147 2634 1179 2660 et
1205 2633 1311 2659 certas
1334 2625 1567 2663 ceremonias,
1592 2631 1622 2657 et
1648 2631 1757 2656 certas
1782 2623 1938 2666 politicas
1958 2623 2061 2663 leges,
2086 2622 2128 2652 de.

1148 2678 1283 2710 dualms
1301 2677 1456 2720 partibus
1473 2675 1652 2714 subrogatio
1669 2675 1767 2708 facile
1784 2674 1931 2715 intelligi
1951 2678 2069 2715 potest.

1531 2726 1605 2759 30*
