2324 2955
96 117 170 152 737
775 112 804 147 1.

97 201 298 236 Herodotus
324 200 462 241 scribit,
498 199 535 232 in
560 195 725 232 Colchica
754 200 860 233 fuisse
882 198 991 233 ritum
1018 195 1087 230 cir-

99 250 335 286 cumcisionis.

201 310 336 344 Nomen
359 308 572 342 Germaniae
595 308 758 351 congruit
782 319 860 340 cum
885 305 1085 341 Carmania.

97 360 168 395 Sed
189 360 397 406 etymologia
414 365 526 402 potest
546 370 618 391 esse
635 357 758 392 Gerim
776 356 868 398 Ani,
894 358 927 390 id
947 364 1006 397 est,
1023 358 1085 389 ad-

97 423 207 445 venae
223 410 359 451 miseri,
384 421 444 442 seu
467 421 648 453 pauperes.
699 408 838 442 Nomen
861 409 926 441 Dai
952 408 1084 451 signifi-

96 470 150 497 cat
171 462 330 495 scientes.
382 459 490 493 Sacae
516 472 534 493 a
561 460 696 502 Sagan,
724 460 817 504 quod
845 459 1083 503 interpretan-

95 520 153 547 tur
169 512 383 545 sacerdotem
401 522 461 544 seu
477 518 588 544 vatem
602 537 610 551 ‚
639 510 733 542 unde
754 508 892 542 Latinis
916 516 965 542 est
984 508 1083 551 Saga,

94 570 128 598 et
149 562 378 607 praesagium.
439 559 484 594 Et
514 562 608 605 apud
630 559 771 593 Esaiam
799 567 830 593 et
855 558 1004 593 Esdram
1033 566 1082 592 est

94 625 158 658 pro
177 620 312 646 rectore
330 612 463 655 populi.
510 611 597 645 Inde
614 618 664 645 est
680 623 810 644 nomen
829 609 1081 644 Germanicum

93 664 224 708 &egem
245 662 456 696 benedictio.

194 728 290 763 Haec
308 740 418 772 pauca
441 729 484 760 de
508 728 701 762 multarum
725 728 883 771 gentium
911 727 1081 770 stirpibus

93 787 128 815 et
151 780 369 824 dispersione
396 779 538 818 addidi,
572 779 654 824 quia
677 778 855 812 Ecclesiae
883 779 1078 812 doctrinam

92 830 373 875 antiquissimam
405 835 438 862 et
471 830 620 872 primam
654 841 726 862 esse
752 830 835 862 inde
860 829 1081 871 intelligitur,

92 893 171 915 cum
193 880 242 913 ibi
266 887 378 913 certae
401 880 526 924 stirpes
544 880 735 913 multarum
754 880 910 922 gentium
928 890 1081 912 cernun-

90 939 168 971 tur,
194 942 281 975 quas
304 931 349 964 ab
372 930 442 962 illis
465 930 660 962 maim-Ibus
684 937 778 962 ortas
798 941 869 961 esse
888 929 1031 961 nomina
1048 934 1080 960 et

89 981 290 1015 testimonia
311 978 516 1023 prophetica
532 981 734 1014 ostendunt.
785 980 928 1012 Deinde
946 980 982 1011 in
1001 986 1080 1011 tan-

88 1033 134 1065 tis
166 1031 445 1074 dispersionibus
475 1029 716 1074 quaerendum
749 1036 815 1067 est,
851 1029 912 1061 ubi
938 1036 971 1062 et
992 1041 1081 1073 quae

88 1082 196 1115 fuerit
217 1079 374 1113 Ecclesia
397 1079 473 1112 Dci.
527 1078 610 1112 Ideo
638 1079 730 1111 enim
755 1080 941 1122 praecipue
967 1080 1082 1112 voluit

87 1130 187 1166 Deus
215 1136 331 1163 extare
355 1127 543 1169 chronica,
577 1141 636 1161 seu
663 1127 826 1161 historias
849 1136 881 1162 et
904 1141 1079 1162 annorum

88 1182 233 1221 seriem,
265 1187 305 1213 ut
331 1179 481 1212 sciamus
504 1179 666 1211 ordinem
690 1179 964 1222 patefactionum
987 1180 1080 1212 divi-

89 1243 214 1265 narum
226 1257 236 1272 ,
263 1237 296 1263 et
310 1230 373 1263 ubi
391 1236 423 1262 et
441 1229 555 1274 qualis
573 1240 710 1272 semper
727 1230 833 1263 suerit
850 1228 1018 1263 Ecclesia.

189 1296 290 1330 Vixit
315 1292 448 1330 Nohe
475 1302 551 1340 post
574 1296 750 1328 dilnvium
777 1308 889 1329 annos
908 1303 1080 1330 trecentos

90 1347 362 1394 quinquaginta.
429 1344 477 1379 Et
500 1346 644 1378 rediisse
668 1347 823 1379 arbitror
847 1359 886 1379 ex
910 1345 1080 1380 Armenia

92 1401 129 1433 in
152 1404 304 1431 veterem
320 1396 490 1441 patriam,
517 1397 552 1429 id
571 1403 640 1434 est,
668 1397 705 1428 in
722 1390 797 1430 l'oca
813 1398 929 1430 vicina
947 1396 1080 1431 Dama-

90 1461 167 1490 sco,
198 1448 262 1481 ubi
291 1454 392 1480 antea
423 1447 576 1487 vixerat,
611 1454 644 1479 et
676 1448 736 1479 ubi
762 1448 894 1490 primos
921 1456 1080 1491 parentes

89 1498 251 1533 conditos
267 1508 338 1530 esse
354 1497 494 1530 sciebat.
537 1495 586 1529 Et
604 1503 683 1540 post
700 1497 874 1530 diluvium
893 1510 1079 1539 agnoscere

89 1548 268 1592 regionem
291 1547 426 1591 potuit,
459 1546 688 1580 consideratis
713 1548 838 1590 spaciis
862 1548 1019 1588 dierum,
1046 1557 1080 1582 et

87 1598 225 1634 umbris
254 1598 292 1631 in
316 1608 503 1640 gnomone.
573 1595 717 1629 Certum
744 1604 794 1630 est
816 1598 929 1637 enim,
965 1599 1077 1631 filium

89 1647 212 1684 Nohae
240 1645 335 1680 Sem
364 1659 485 1680 rursus
507 1647 632 1680 vixisse
656 1647 693 1679 in
719 1647 779 1680 illa
804 1648 968 1690 regione,
998 1661 1076 1682 cum

86 1699 195 1733 suerit
216 1710 276 1731 rex
291 1697 427 1735 Salem,
455 1709 544 1742 quae
567 1704 684 1740 postea
709 1699 890 1731 nominata
910 1705 960 1731 est
978 1697 1077 1732 Iern-

88 1751 206 1784 salem.
266 1746 331 1781 Est
355 1747 449 1780 enim
472 1746 554 1780 Sem
579 1746 637 1780 ille
661 1747 752 1789 ipse,
787 1748 847 1792 qui
872 1749 1078 1782 nominatur

87 1798 338 1834 Melchizedec.

189 1857 274 1891 Fuit
292 1856 399 1899 igitur
414 1853 569 1889 Ecclesia
588 1854 652 1888 Dei
671 1856 707 1887 in
726 1855 768 1888 iis
787 1856 891 1897 locis,
919 1858 980 1889 ubi
1000 1858 1076 1891 sue-

88 1915 172 1943 runt
187 1906 307 1949 Nohe,
333 1906 415 1940 Sem
440 1913 473 1940 et
495 1906 559 1938 filii
576 1904 658 1939 Sem
675 1907 864 1949 tantisper,
891 1908 1002 1940 donec
1021 1920 1077 1941 re-

87 1960 273 1993 tinuerunt
294 1969 413 1990 veram
439 1956 648 1991 doctrinam.
713 1955 765 1989 Ac
788 1956 870 1990 Sem
894 1959 1076 1991 doctrinae

88 2010 200 2043 lucem
217 2008 374 2042 retinuit.
428 2006 497 2041 Sed
513 2019 592 2040 cum
606 2007 680 2039 eius
697 2009 826 2050 posteri
846 2008 881 2040 in
894 2007 1076 2053 Babylone

87 2067 221 2100 essent,
248 2059 297 2092 ibi
318 2058 484 2102 paulatim
504 2069 584 2090 vera
604 2058 764 2090 doctrina
781 2059 931 2092 extincta
951 2066 1016 2098 est,
1043 2067 1076 2094 et

86 2111 188 2154 impii
213 2110 327 2143 cultus
348 2108 478 2152 recepti
502 2115 535 2142 et
551 2108 698 2141 stabiliti
715 2115 807 2144 sunt.
859 2107 993 2144 Eduxit
1011 2111 1075 2153 igi-

86 2169 146 2196 tur
166 2159 263 2195 Deus
288 2157 470 2193 Abraham
500 2170 540 2191 ex
566 2157 748 2204 Babylone
772 2161 813 2192 ad
841 2167 973 2203 patrem
1002 2174 1074 2194 ma-

87 2212 202 2252 iorum
227 2222 372 2244 suorum
401 2207 519 2253 Sem,
546 2215 585 2242 ut
608 2221 729 2243 rursus
753 2210 926 2253 insignem
952 2210 1074 2244 Eccle-

86 2263 157 2295 siae
172 2268 310 2295 coetum
324 2261 555 2303 coniungeret
566 2260 682 2293 statim
695 2267 771 2304 post
782 2267 929 2294 mortem
940 2259 1074 2298 Nobae.

87 2311 177 2346 Nam
199 2323 219 2345 a
242 2312 378 2345 diluvio
402 2312 444 2343 ad
470 2317 617 2344 mortem
641 2309 763 2344 Noliae
789 2318 870 2344 sunt
892 2313 977 2345 anni
1005 2319 1074 2346 tre·

86 2362 178 2396 centi
207 2361 474 2407 quinquaginta.
540 2360 623 2395 l‘ost
657 2369 806 2395 mortem
841 2360 964 2395 Noliae
992 2371 1074 2397 sunt

87 2413 172 2446 anni
201 2412 351 2446 sedecim
374 2423 484 2457 usque
507 2413 550 2445 ad
572 2413 818 2454 migrationem
846 2411 1009 2446 Abrabae
1033 2427 1071 2447 ex

86 2461 227 2497 Charan
245 2461 502 2495 inPalestinam
514 2489 523 2503 ,
549 2463 612 2496 ubi
629 2463 703 2497 Deo
718 2463 846 2506 gratias
863 2464 950 2506 agit,
977 2466 1072 2508 quod

87 2514 232 2548 eductus
246 2514 309 2552 sit,
338 2524 378 2545 ex
398 2509 464 2546 Ur
484 2511 744 2555 Cbaldeorum,
772 2514 806 2546 id
825 2520 890 2552 est,
919 2526 958 2547 ex
974 2516 1071 2548 cultu

87 2564 263 2597 idolorum
286 2561 474 2597 Chaldeae.
542 2563 631 2597 Nam
655 2564 708 2598 Ur
736 2565 907 2607 significat
938 2565 1072 2606 lumen,

86 2621 119 2648 et
146 2614 383 2658 indewnomcn
403 2614 516 2646 cultus
535 2614 618 2656 suit,
645 2616 727 2661 quia
744 2628 783 2648 ex
802 2616 880 2659 igne
898 2616 1070 2649 divinitus

85 2676 229 2699 accenso
257 2666 349 2709 apud
381 2671 496 2709 patres
527 2666 758 2701 servabantur
781 2665 912 2712 lychni.
984 2665 1070 2700 Inde

859 107 1153 148 CHRO'NICON
1179 107 1430 147 CARIONIS.

2057 112 2129 145 738

1137 201 1257 239 postea
1286 208 1418 229 nomen
1446 196 1512 229 snit
1541 191 1819 238 Orimasda,
1849 196 1885 229 id
1913 203 1979 235 est,
2008 196 2128 229 lumen

1136 253 1314 280 sanctum:
1343 245 1447 280 Orim
1465 247 1593 280 Ilesed.

1239 295 1328 330 Cum
1352 297 1460 340 igitur
1485 298 1636 331 venisset
1653 295 1833 331 Abrabam
1857 310 1935 331 cum
1961 298 2068 331 fratre
2084 298 2127 330 ad

1136 345 1235 388 Sem,
1263 348 1454 389 cogitemus
1479 360 1583 392 quam
1608 347 1795 392 pulchrum
1816 349 2000 391 collegium
2020 349 2126 381 fuerit

1135 396 1234 438 Sem,
1269 400 1330 442 qui
1363 399 1499 431 viderat
1528 400 1721 439 diluvium,
1756 406 1789 431 et
1813 400 1940 431 deinde
1963 399 2125 433 aliorum.

1135 448 1221 482 Fuit
1237 455 1352 482 autem
1367 446 1547 482 Abraham
1566 456 1668 482 natus
1687 462 1725 482 ex
1742 449 1822 482 filiis
1836 447 1917 482 Sem
1937 447 2001 483 bac
2018 449 2122 482 serie:

1492 499 1587 538 Sem,

1492 548 1695 593 Arphaxad,

1492 600 1585 640 Sale,

1490 650 1598 688 Eber,

1490 699 1634 743 Phaleg,

1489 749 1606 791 Rebi),

1490 799 1638 839 Sarueh,

1489 850 1642 892 Nachor,

1492 900 1624 944 Thare,

1493 950 1688 986 Abrabam.

1235 1002 1470 1046 Cogitandum
1491 1008 1539 1034 est
1559 1010 1692 1042 autem,
1720 1014 1823 1046 quam
1844 1004 1955 1037 dulcis
1975 1017 2121 1038 consue-

1132 1054 1218 1087 tudo
1242 1054 1347 1087 fuerit
1372 1053 1451 1086 Sem
1476 1060 1507 1085 et
1524 1050 1688 1085 Abrahae
1713 1060 1747 1085 et
1771 1061 2015 1095 cognatorum,
2043 1069 2122 1088 cum

1133 1110 1293 1136 octavum
1317 1116 1356 1136 ex
1379 1103 1526 1146 posteris
1551 1103 1684 1135 videret
1700 1103 1781 1136 Sem
1805 1105 1847 1136 ad
1867 1103 2044 1139 Ecclesiae
2065 1118 2121 1139 so-

1133 1154 1291 1187 cietatem
1312 1160 1473 1186 vocatum
1491 1164 1574 1191 esse,
1602 1160 1636 1186 et
1654 1154 1682 1185 ei
1700 1161 1828 1186 certam
1842 1156 1958 1187 sedem
1973 1158 2122 1199 promis-

1132 1215 1205 1235 sam
1230 1215 1319 1242 esse,
1348 1210 1381 1237 et
1405 1203 1674 1247 promissionem
1701 1205 1731 1236 ei
1758 1212 1960 1238 renovatam
1985 1219 2055 1239 esse
2080 1209 2122 1239 de

1132 1251 1337 1298 sslessia,
1364 1267 1426 1298 per
1439 1266 1543 1298 quem
1558 1255 1669 1287 deleta
1684 1261 1797 1288 morte
1810 1257 2022 1289 restituenda
2036 1265 2121 1290 esc-et

1133 1306 1203 1338 rita
1227 1312 1380 1338 aeterna.
1433 1304 1514 1337 Non
1538 1304 1645 1347 igitur
1663 1306 1855 1346 cogitemus
1872 1306 1977 1339 suisse
1997 1305 2122 1340 Eccle-

1133 1356 1218 1388 siam
1242 1356 1303 1388 illo
1322 1363 1476 1398 tempore
1494 1355 1648 1397 ignotam
1667 1363 1699 1388 et
1714 1356 1850 1388 l'utilein
1868 1358 2026 1389 turbam:
2062 1359 2120 1390 scd

1132 1407 1299 1446 sciamus,
1334 1406 1383 1438 ibi
1413 1406 1551 1447 generis
1582 1403 1729 1438 humani
1761 1406 1897 1439 lumina
1929 1408 2053 1447 fuisse,
2089 1415 2122 1441 et

1132 1456 1262 1489 vidisse
1279 1457 1389 1489 multa
1408 1456 1558 1489 illustria
1577 1457 1777 1490 testimonia
1795 1458 2010 1500 praesentiae
2025 1457 2103 1494 Dei.

1233 1505 1380 1550 Semper
1393 1513 1508 1539 autem
1520 1513 1552 1539 et
1564 1507 1724 1540 doctrina
1737 1507 1990 1548 consideretur,
2015 1521 2121 1553 quam

1132 1556 1311 1600 praecipui
1335 1556 1402 1589 viri
1426 1556 1462 1588 in
1478 1554 1633 1589 Ecclesia
1656 1557 1803 1600 professi
1820 1565 1918 1599 sunt,
1946 1571 2034 1603 quae
2053 1567 2084 1593 et
2103 1572 2123 1593 a

1131 1608 1274 1641 caeteris
1305 1607 1467 1650 gentibus
1498 1607 1657 1641 distinxit
1683 1605 1889 1642 Ecclesiam.
1957 1608 2123 1654 Repetita

1131 1664 1180 1690 est
1215 1659 1259 1690 ad
1291 1655 1472 1690 Abraham
1504 1658 1689 1700 promissio
1722 1659 1764 1691 de
1797 1660 1930 1692 semine
1959 1667 2122 1700 venturo,

1130 1708 1225 1751 quod
1258 1707 1389 1740 abolito
1424 1714 1564 1751 peccato
1590 1714 1622 1741 et
1646 1715 1759 1741 morte
1785 1710 2008 1743 redditurum
2035 1721 2122 1745 esset

1130 1758 1304 1791 iusticiam
1338 1764 1371 1790 et
1402 1759 1510 1790 vitam
1544 1758 1778 1792 credentibus.
1860 1759 1966 1794 Hunc
1998 1773 2122 1795 verum

1130 1809 1247 1841 Deum
1274 1808 1485 1842 invocabant
1502 1815 1636 1852 patres,
1665 1808 1765 1849 Sem,
1789 1808 1992 1852 Abraham,
2017 1811 2123 1853 Loth,

1129 1865 1297 1892 eteorum
1312 1859 1488 1892 auditores
1499 1886 1508 1899 ‚
1536 1860 1596 1904 qui
1611 1872 1647 1892 se
1662 1861 1790 1893 tradita
1808 1858 1871 1894 hac
1887 1862 2122 1904 promissione

1130 1909 1357 1953 patefecerat,
1394 1916 1427 1942 et
1461 1910 1675 1943 invocabant
1704 1911 1831 1944 fiducia
1858 1912 1954 1945 illius
1980 1914 2121 1946 venturi

1129 1959 1293 1999 seminis,
1338 1966 1481 2003 propter
1508 1961 1602 2004 quod
1628 1961 1741 1993 solum
1768 1961 1923 1996 sciebant
1948 1975 1983 1995 se
2011 1964 2121 2008 recipi

1129 2017 1161 2043 ct
1190 2010 1358 2043 exaudiri.
1427 2009 1525 2043 Sicut
1557 2009 1733 2043 Dominus
1765 2011 1896 2056 inquit:
1938 2011 2121 2047 Abraham

1129 2061 1218 2093 vidit
1241 2060 1333 2092 diem
1356 2073 1495 2100 meum,
1521 2067 1554 2094 et
1580 2062 1726 2094 laetatus
1743 2069 1804 2097 est.
1858 2061 1932 2096 Ilac
1952 2064 2037 2103 fule,
2065 2065 2120 2098 in-

1128 2111 1313 2144 vocatione
1337 2118 1368 2144 et
1392 2112 1613 2144 consessione
1638 2112 1949 2154 distinguebantur
1973 2115 2016 2147 ab
2042 2116 2120 2148 aliis

1127 2162 1289 2204 gentibus
1313 2163 1470 2195 membra
1488 2160 1682 2203 Ecclesiae,
1708 2170 1741 2196 et
1764 2164 1978 2198 damnabant
2002 2173 2120 2207 sectas,

1127 2224 1215 2257 quae
1249 2213 1294 2245 ab
1324 2210 1388 2245 hac
1421 2213 1580 2246 doctrina
1608 2213 1856 2254 discesserant,
1890 2222 1922 2248 et
1945 2217 2120 2259 excogita-

1126 2263 1213 2296 bant
1230 2263 1388 2308 quotidie
1406 2275 1516 2296 novos
1532 2264 1664 2303 cultus,
1691 2276 1781 2296 nova
1800 2265 1947 2299 numina
1965 2273 1998 2300 et
2012 2267 2119 2303 idola.

1128 2312 1250 2346 Voluit
1276 2312 1371 2346 Deus
1401 2315 1504 2347 etiam
1533 2325 1670 2357 semper
1696 2326 1815 2348 vocem
1837 2315 1922 2358 legis
1949 2318 2058 2360 repeti
2082 2318 2119 2351 in

1125 2361 1302 2403 Ecclesia,
1336 2371 1374 2397 ut
1406 2365 1449 2397 ad
1474 2361 1575 2396 Nolle
1601 2365 1746 2407 repetita
1772 2372 1822 2399 est
1849 2366 1902 2399 lex
1927 2365 2119 2410 prohibens

1126 2412 1330 2450 homicidia.
1383 2412 1440 2448 Ad
1467 2412 1646 2447 Abrabam
1672 2416 1816 2458 repetita
1842 2424 1891 2450 est
1917 2418 1970 2451 lex
1996 2416 2118 2463 prohi—

1125 2465 1211 2498 bens
1230 2466 1378 2498 incestas
1396 2465 1579 2505 libidines,
1607 2471 1640 2499 et
1656 2472 1794 2500 ostensa
1812 2479 1924 2511 poena
1942 2468 2118 2503 Sodomo-

1124 2527 1222 2555 rum,
1250 2527 1339 2560 quae
1355 2516 1468 2548 deleta
1487 2522 1586 2548 sunt:

1224 2564 1331 2599 Anno
1349 2566 1393 2599 ab
1413 2564 1515 2599 initio
1532 2567 1657 2599 mundi
1675 2565 1785 2603 2047.

1224 2615 1332 2650 Anno
1351 2623 1429 2660 post
1444 2623 1592 2650 mortem
1614 2615 1736 2650 Noliac
1751 2620 1812 2654 41,

1229 2666 1335 2700 Anno
1355 2668 1399 2701 ab
1417 2668 1570 2701 adventu
1589 2665 1751 2702 Abrabae
1769 2670 1803 2702 in
1824 2669 2032 2705 Pali-stiuam
2053 2669 2112 2706 25.
