2324 2955
101 109 174 146 321

103 191 220 235 Quam
245 190 349 224 multi
380 191 501 225 stolidi
534 191 571 224 in
600 191 787 226 itineribus
817 192 1082 236 extinguuntur,

100 242 163 276 ubi
175 240 336 275 Medicus
355 239 484 275 habere
500 254 572 275 non
592 248 749 286 possunt,
776 244 858 288 quia
876 241 967 276 nihil
985 242 1085 276 auxi-

98 292 138 325 lii
162 304 341 337 opponere
366 299 530 337 possunt,
557 305 636 326 cum
661 293 777 326 locum
802 293 963 328 affectum
984 294 1084 336 iguo—

99 349 191 379 rent.
244 341 414 387 Exempla
433 344 544 376 multa
562 355 703 377 narrare
721 355 871 388 possem.
925 344 1083 378 Profecto

98 393 194 427 enim
217 393 318 426 valde
343 401 479 432 errant,
507 394 569 438 qui
594 392 685 427 nihil
711 395 876 428 interesse
899 395 991 428 inter
1008 406 1082 427 ma-

98 444 196 477 rinos
211 444 372 487 scopulos
389 451 422 477 et
451 446 606 478 membra
624 442 772 477 humani
789 446 945 489 corporis
964 445 1083 478 existi-

96 500 214 534 mant,
241 505 306 527 nec
321 506 440 528 curam
459 495 567 528 ullam
593 496 743 528 tuendae
762 496 992 536 valetudinis,
1019 507 1082 528 nec

94 543 313 588 diligentiam
333 543 512 579 adhibent.
564 543 689 579 Adfert
710 543 776 580 hoc
793 558 933 591 quoque
950 546 1080 579 doctri-

94 606 139 627 na
164 595 377 635 anatomica,
405 603 445 629 ut
473 596 690 636 consideres,
717 608 820 640 quam
848 597 988 640 fragiles
1011 596 1080 629 sint

93 642 316 679 machinulae
339 647 495 690 corporis
521 644 684 687 humani,
727 649 764 678 in
789 648 916 691 quibus
942 653 975 680 et
1000 647 1078 679 sons

93 701 145 729 est
162 695 252 729 vitae
269 702 302 729 et
317 697 523 740 praecipuae
540 697 694 730 actiones
720 698 826 731 fiunt:
856 697 1078 737 nlitritiones,

93 752 210 779 motus
233 757 417 785 sensuum,
453 754 485 780 et
515 754 631 780 motus
661 748 805 786 locales,
840 748 1078 791 cogitationes,

93 802 127 829 et
142 797 411 832 recordationes,
441 796 555 839 Quam
572 798 678 830 molle
693 806 743 832 est
757 799 961 831 cerebrum?
982 799 1075 842 quod

91 853 209 879 tamen
233 853 283 880 est
307 848 527 881 domicilium
552 849 784 892 plurimarum
802 856 834 881 et
851 849 999 881 maxime
1015 850 1076 881 ad-

91 896 311 930 mirabilium
338 899 526 934 actionum.
586 898 657 931 Cor
679 900 741 931 etsi
767 906 901 942 septum
928 907 976 933 est
1002 911 1076 931 cer-

90 947 135 980 tis
154 945 358 989 Thalamis,
392 956 508 982 tamen
533 950 587 981 vel
616 949 739 991 exiguo
764 947 877 983 halitu
903 956 1075 983 venenato

90 997 208 1031 subito
232 998 380 1032 interfici
410 1005 531 1043 potest.
586 998 732 1039 Pulmo,
761 1012 861 1043 epar,
897 1001 1076 1033 ventricu-

91 1048 161 1086 lus,
189 1049 300 1091 splen,
327 1061 432 1093 quam
454 1049 567 1082 varias
584 1056 617 1082 et
636 1050 846 1092 periculosas
864 1051 1075 1083 offensiones

89 1098 328 1141 experiuntur.
380 1100 479 1141 Quid
498 1100 680 1133 usitatius.
708 1113 812 1145 quam
836 1101 991 1144 extingui
1010 1100 1075 1134 lio-

89 1148 211 1181 mines‘
225 1149 374 1182 lacerato
398 1157 515 1193 epate,
542 1163 621 1183 cum
653 1158 712 1183 aut
741 1152 777 1184 in
811 1159 906 1185 aestu
935 1152 1073 1185 avidius

88 1198 273 1241 biberunt,
314 1207 374 1234 aut
403 1201 537 1245 alioqui
570 1202 769 1245 plusculum
802 1203 1072 1245 ingurgitarunt.

88 1248 206 1290 Quam
224 1250 324 1283 facile
342 1259 557 1295 rumpuntur
573 1264 680 1285 venae
699 1259 731 1285 et
755 1253 880 1284 nervi?

191 1299 277 1332 Vidi
294 1301 477 1333 robustum
497 1302 771 1340 adolescentem,
799 1310 832 1332 et
855 1303 998 1344 quidem
1018 1304 1071 1335 in-

89 1349 191 1390 genio
211 1355 460 1391 praestantem,
483 1347 743 1382 vehementiore
764 1351 852 1383 saltu
866 1358 966 1394 rupta
985 1364 1073 1384 vena

89 1399 126 1430 in
144 1405 283 1441 pectore
300 1400 414 1431 statim
435 1400 602 1441 extingui.
645 1399 845 1443 Aspiciatur
863 1413 943 1443 ergo
962 1414 1072 1434 mem-

86 1448 231 1480 brorum
250 1448 438 1489 fragilitas,
465 1454 503 1480 ut
521 1449 703 1489 diligentia
730 1451 766 1481 in
785 1451 887 1481 nobis
905 1452 1073 1483 excitetur

87 1508 126 1530 ea
144 1497 286 1537 tuendi,
312 1503 344 1530 et
359 1497 506 1531 virtutes
522 1504 763 1538 assumantur,
790 1511 878 1542 quae
895 1506 977 1532 sunt
994 1512 1070 1532 mo-

86 1547 223 1581 deratio
244 1548 281 1579 in
300 1547 398 1587 cibo,
425 1553 522 1590 potu,
546 1548 739 1587 laboribus,
764 1555 796 1580 et
813 1549 978 1581 omnibus
995 1562 1070 1582 mo-

85 1598 191 1632 tibus.
245 1596 326 1630 Non
343 1598 556 1631 contemnite
573 1598 705 1631 dictum
724 1597 838 1637 Pauli,
862 1600 954 1643 quod
973 1599 1072 1633 iubet

85 1660 214 1692 corpus
237 1645 373 1681 bonore
397 1648 498 1683 affici.
552 1647 634 1681 Non
658 1655 795 1682 tantum
823 1650 935 1682 foveri
960 1650 1070 1691 iubet,

84 1706 124 1732 ut
137 1699 295 1732 fovemus
311 1700 479 1742 pecudes,
507 1700 567 1731 sed
587 1699 755 1743 praecipit
773 1700 884 1733 maius
902 1700 1070 1742 officium,

84 1755 123 1782 ut
148 1761 294 1791 corpora
319 1756 437 1783 nostra
462 1747 598 1782 honore
624 1750 837 1789 afficiantur,
865 1748 978 1785 honos
1005 1764 1069 1785 au-

84 1807 155 1833 tem
178 1800 388 1834 tribuendus
415 1807 465 1834 est
489 1806 631 1843 propter
662 1812 745 1833 usus
777 1801 929 1834 divinos.
981 1800 1069 1836 Erat

84 1848 191 1884 horno
216 1857 295 1895 post
325 1851 536 1884 creationem
567 1857 647 1883 ante
680 1851 816 1894 lapsum
846 1852 1067 1885 domicilium

83 1900 170 1942 Dei,
195 1901 350 1944 fulgebat
376 1902 411 1934 in
437 1899 584 1934 homine
602 1899 696 1934 Deus
714 1902 787 1945 ipse
804 1904 995 1935 accendens
1014 1903 1068 1935 lu-

84 1964 158 1986 cem
170 1979 178 1992 ,
205 1964 273 1997 qua
291 1964 370 1985 vere
387 1952 658 1995 agnoscebatur,
685 1959 717 1986 et
733 1952 891 1985 flammas
910 1953 946 1985 iu
964 1955 1068 1986 corde

86 2009 279 2046 sparserat,
315 2015 403 2048 quae
427 2010 543 2035 motus
566 2003 652 2035 tales
677 2003 835 2043 ciebant,
869 2004 982 2048 qualis
1018 2012 1068 2038 est

85 2053 159 2097 ipse
181 2051 287 2087 Deus.
337 2052 414 2087 Etsi
448 2061 563 2086 autem
599 2053 634 2085 iu
660 2053 758 2097 lapsu
791 2052 846 2086 his
871 2055 976 2088 tantis
1002 2055 1067 2088 bo-

84 2104 140 2136 nis
176 2103 290 2136 orbati
329 2115 467 2143 sumus,
508 2110 622 2136 tamen
656 2104 691 2136 in
730 2105 812 2148 ipsis
849 2105 970 2148 primis
1006 2118 1065 2149 pa-

84 2154 245 2187 rentibus
272 2154 308 2186 in
334 2154 565 2187 conversione
580 2154 714 2187 restitui
733 2152 815 2188 haec
831 2156 924 2188 bona
943 2168 1066 2200 coepe-

84 2211 185 2244 runt,
212 2211 245 2237 et
262 2204 297 2236 fit
314 2204 404 2237 idem
435 2205 468 2237 in
492 2204 677 2244 omnibus,
704 2206 762 2250 qui
791 2218 870 2238 vere
892 2207 932 2238 ad
952 2205 1065 2240 Deum

86 2261 353 2289 convertuntur.
410 2254 454 2288 Ut
474 2255 565 2288 filius
582 2254 647 2288 Dei
667 2251 773 2302 λόγος
787 2257 978 2301 alloquitur
996 2258 1066 2301 pri-

84 2317 160 2338 mos
176 2312 346 2349 parentes,
370 2313 403 2339 et
418 2306 660 2338 admirandam
677 2312 709 2338 et
728 2307 965 2341 dulcissimam
985 2321 1067 2352 pro-

85 2356 288 2388 missionem
313 2368 351 2389 ex
380 2357 460 2390 sinu
487 2356 618 2389 aeterni
640 2357 747 2400 patris
764 2358 912 2400 profert,
939 2366 971 2392 et
988 2371 1067 2391 rur-

85 2417 142 2438 sus
168 2406 276 2448 fulget
298 2406 334 2438 in
360 2407 425 2445 eis,
462 2414 494 2439 et
524 2407 676 2440 effundit
705 2407 739 2439 iu
771 2409 875 2442 corda
893 2409 1066 2452 Spiritum

85 2463 260 2489 sanctum:
291 2457 336 2490 ita
362 2458 519 2490 conversi
542 2470 635 2490 nunc
661 2470 801 2502 quoque
817 2466 900 2492 sunt
918 2460 1066 2492 domici-

86 2507 172 2539 lium
191 2505 275 2547 Dei,
310 2513 342 2539 et
367 2520 511 2552 corpora
538 2515 655 2541 nostra
682 2515 762 2541 sunt
785 2520 912 2551 organa
938 2510 1066 2543 multa-

86 2569 164 2589 rum
185 2558 428 2590 excellentium
449 2559 626 2591 actionum
649 2559 869 2598 divinarum,
896 2567 933 2593 ut
956 2561 992 2592 in
1010 2572 1065 2593 ca-

87 2607 201 2640 stitate
230 2614 263 2640 et
296 2614 366 2641 tota
399 2609 652 2649 gubernatione
687 2607 827 2652 loseph,
869 2617 901 2644 et
926 2611 1092 2654 praeliis=

85 2657 232 2690 Davidis
254 2665 287 2692 et
313 2658 498 2692 similibus.
553 2659 598 2692 lit
621 2666 735 2693 autem
766 2672 887 2693 omnes
919 2661 1065 2695 modesti
1090 2642 1093 2698 l

136 2710 311 2740 Mrmmn.
339 2711 440 2743 Ormi.
468 2711 549 2741 Von.
568 2710 642 2742 ΧΠ.

499 104 659 141 DECL.
695 104 769 141 DE
803 103 1349 142 CONSIDERATIONE
1386 105 1548 145 CORP.
1584 109 1719 146 HUM.

2050 114 2123 150 322

1138 188 1299 225 homiues
1317 193 1469 236 cogitant
1484 206 1609 239 magna
1627 196 1754 230 scelera
1775 207 1857 239 esse,
1883 197 2014 232 violare
2030 204 2118 233 tem-

1137 241 1194 284 pla
1212 240 1296 282 Dei,
1325 250 1358 276 et
1377 255 1452 277 aras
1469 243 1654 280 hominum
1673 248 1835 282 manibus
1853 255 2039 283 extructas:
2069 250 2115 284 ita

1136 291 1240 334 longe
1264 293 1381 326 verius
1407 307 1531 338 magua
1556 298 1682 330 scelera
1707 310 1778 331 esse
1798 306 2007 342 statuamus,
2036 301 2114 333 viva

1134 340 1201 374 Dei
1227 344 1373 387 templa,
1397 345 1433 377 in
1461 347 1588 390 quibus
1611 361 1690 381 vere
1714 347 1809 382 Deus
1833 347 1986 390 habitat,
2014 351 2115 391 lucet,

1135 399 1168 425 et
1185 404 1219 425 se
1238 394 1357 435 generi
1372 392 1527 430 humano
1551 400 1722 439 ostendit,
1751 400 1894 436 violare.
1947 401 2112 434 Necessa—

1133 443 1185 475 ria
1212 451 1263 476 est
1288 451 1402 477 autem
1421 448 1462 478 ad
1484 459 1601 481 curam
1621 451 1896 483 conservationis
1913 452 2113 485 considera-

1132 493 1181 526 tio
1206 495 1463 537 membrorum,
1496 510 1534 531 ac
1560 505 1598 531 ut
1619 499 1810 542 intelligas,
1844 502 1928 545 quid
1954 501 2049 535 Deus
2074 503 2111 535 in

1131 544 1279 587 singulis
1300 547 1441 589 proprie
1463 556 1558 591 agat,
1592 560 1728 582 necesse
1754 557 1804 583 est
1836 563 1956 585 eorum
1986 553 2109 585 discri-

1130 595 1224 627 mina
1240 607 1351 629 nosse.
1403 597 1537 631 Lucent
1557 599 1593 631 in
1620 600 1763 632 cerebro
1788 602 1956 642 noticiae,
1984 604 2109 637 ardent

1129 645 1165 677 in
1202 647 1306 679 corde
1338 647 1476 691 piorum
1502 649 1689 682 affectuum
1714 650 1891 691 flammae,
1926 660 2108 686 armantur

1128 697 1228 728 nervi
1250 704 1288 730 ut
1310 704 1449 731 externa
1473 701 1630 732 membra
1656 701 1786 741 cicant,
1821 699 1904 734 haec
1931 709 1969 735 ut
1987 703 2107 747 aliquo

1129 747 1233 779 modo
1250 749 1389 790 agnosci
1416 756 1448 782 et
1475 750 1624 782 discerni
1643 751 1794 794 possint,
1821 753 2058 786 membrorum
2077 762 2108 787 et

1128 797 1305 830 actionum
1332 799 1575 832 distinctiones
1600 801 1718 845 aliquo
1741 803 1845 834 modo
1868 803 1948 835 sciri
1971 815 2108 837 necesse

1129 855 1191 880 est.
1246 847 1328 880 Dixi
1346 850 1387 881 de
1407 862 1489 882 cura
1506 852 1655 883 tuendae
1673 852 1883 885 valetudinis
1899 854 2008 886 multo
2026 855 2107 887 bre-

1128 898 1223 938 vius,
1251 911 1355 942 quam
1382 911 1435 932 res
1462 902 1582 944 poscit.
1637 901 1740 935 Nunc
1762 910 1794 936 et
1819 904 1861 935 de
1882 904 1990 937 altera
2008 905 2106 937 utili-

1127 955 1195 981 tate
1213 948 1344 989 dicam,
1373 962 1460 994 quae
1476 952 1518 983 ad
1536 964 1657 984 omues
1683 951 1843 985 homines
1866 955 2035 998 pertinet,
2062 957 2105 988 ad

1128 999 1221 1031 viros
1240 1005 1271 1032 et
1290 1000 1462 1034 mulieres.
1518 1000 1663 1034 'Necesse
1682 1010 1729 1036 est
1744 1004 1862 1047 aliquo
1878 1006 1982 1037 modo
2001 1005 2107 1038 intel-

1127 1050 1188 1091 ligi
1204 1050 1405 1082 discrin'iina
1426 1052 1660 1094 potentiarum
1679 1054 1835 1091 animae,
1863 1055 1904 1086 de
1930 1055 2057 1099 quibus
2075 1062 2108 1089 et

1125 1099 1239 1133 Adam
1272 1101 1336 1133 sub
1366 1102 1551 1134 frondibus
1586 1103 1775 1146 pomiferae
1798 1104 1946 1137 alicuius
1971 1106 2106 1139 arboris

1125 1152 1248 1183 sedens
1265 1151 1491 1184 concionatus
1511 1159 1579 1191 est,
1607 1154 1782 1197 explicans
1806 1155 1954 1188 dictum:
1982 1155 2056 1189 Sub
2074 1163 2106 1189 te

1125 1203 1188 1235 erit
1207 1202 1381 1245 appetitus
1401 1209 1490 1238 tuus,
1544 1203 1732 1248 Nunquam
1751 1202 1814 1237 hac
1842 1205 1999 1238 doctrina
2025 1218 2105 1239 vera

1124 1250 1279 1284 Ecclesia
1304 1253 1434 1292 caruit,
1462 1255 1519 1286 sed
1549 1254 1633 1286 alias
1659 1255 1768 1297 magis
1786 1256 1870 1287 alias
1890 1257 2008 1289 minus
2026 1269 2104 1300 per-

1125 1303 1241 1343 spicue
1262 1303 1386 1335 tradita
1403 1310 1463 1338 cst.
1515 1303 1617 1337 Nunc
1642 1317 1782 1349 quoque
1805 1306 1946 1346 videtis,
1974 1314 2103 1350 quanta

1125 1351 1165 1383 sit
1186 1351 1362 1383 insulsitas
1379 1353 1588 1393 multorum,
1618 1355 1677 1397 qui
1698 1366 1775 1387 cum
1794 1356 1836 1387 de
1852 1356 1982 1396 libero,
2009 1357 2104 1389 arbi-

1124 1402 1190 1433 trio
1210 1401 1401 1443 disputant,
1428 1413 1500 1434 non
1528 1403 1732 1437 discernunt
1757 1405 1939 1448 potentias,
1967 1413 1999 1439 et
2025 1419 2103 1439 vere

1123 1457 1202 1481 sunt
1219 1450 1293 1482 ι’)ἰόι
1314 1450 1672 1496 (ἔχοντεςΛιιυστήρια,
1690 1465 1753 1486 nec
1770 1467 1850 1487 vero
1869 1456 2019 1489 discerni
2039 1469 2104 1500 po-

1123 1499 1250 1531 tentiae
1286 1507 1451 1542 possunt,
1486 1501 1554 1533 nisi
1588 1503 1745 1535 membra
1781 1512 1811 1537 et
1844 1517 1965 1538 eorum
1990 1508 2103 1541 officia

1123 1548 1280 1591 aspicias,
1334 1548 1453 1593 lnquit
1469 1549 1614 1583 Paulus:
1643 1551 1774 1596 Impios
1794 1555 1950 1588 detinere
1974 1558 2103 1591 verita—

1123 1606 1190 1632 tem
1209 1598 1381 1642 captivam
1402 1599 1437 1631 in
1458 1600 1646 1641 iniustitia,
1673 1603 1708 1634 id
1737 1611 1806 1643 est,
1832 1617 1930 1638 veras
1955 1607 2104 1640 noticias

1124 1650 1160 1681 in
1187 1650 1352 1690 cerebro,
1387 1650 1515 1694 quibus
1544 1659 1658 1685 tamen
1693 1666 1753 1686 cor
1774 1666 1845 1687 non
1869 1657 2102 1701 obtemperat:

1122 1701 1220 1733 sedes
1238 1700 1344 1742 igitur
1360 1701 1511 1734 noticiae
1528 1704 1727 1747 quaerenda
1746 1712 1806 1746 est,
1833 1706 1995 1741 videlicet
2010 1720 2103 1741 cere-

1123 1752 1244 1791 brum,
1270 1757 1302 1783 et
1328 1752 1552 1794 cogitandum
1578 1760 1628 1786 est
1646 1754 1812 1788 noticiam
1837 1756 1873 1788 in
1893 1758 2033 1791 cerebro
2048 1759 2103 1791 lu-

1123 1813 1196 1834 cem
1214 1812 1304 1842 esse,
1332 1803 1426 1836 velut
1443 1803 1480 1835 in
1497 1804 1606 1836 oculis
1623 1816 1681 1837 sua
1701 1807 1869 1849 quaedam
1888 1807 1947 1840 lux
1963 1815 2024 1841 est.
2057 1808 2102 1842 Ut

1121 1852 1230 1894 fulget
1256 1852 1292 1883 in
1309 1850 1457 1886 Davidis
1472 1855 1613 1887 cerebro
1631 1856 1776 1889 noticia:
1805 1869 1876 1890 non
1894 1856 2102 1892 moechabe-

1121 1902 1188 1942 ris,
1212 1909 1246 1935 at
1264 1913 1324 1934 cor
1340 1903 1425 1936 alibi
1441 1905 1648 1938 collocatum
1665 1907 1790 1939 ardens
1812 1909 2008 1941 errantibus
2026 1921 2101 1942 mo·

1122 1953 1214 1985 tibus
1232 1964 1305 1984 non
1326 1954 1562 1998 obtemperat,
1589 1963 1621 1989 et
1637 1957 1732 1990 velut
1755 1964 1925 2001 tyrannus
1951 1959 2100 1992 noticiae

1121 2010 1213 2036 recta
1237 2005 1399 2036 monenti
1423 2012 1611 2048 repugnat,
1644 2008 1737 2039 unde
1764 2008 1848 2039 alibi
1879 2016 1997 2042 manet
2020 2021 2099 2042 vera

1122 2054 1311 2094 sententia,
1348 2054 1434 2088 alibi
1467 2055 1685 2098 recipiuntur
1718 2058 1889 2090 contraria
1927 2059 2100 2092 incendia.

1122 2104 1265 2137 ttetinet
1291 2111 1408 2137 tamen
1433 2112 1574 2138 senatus
1598 2106 1634 2137 in
1660 2107 1801 2139 cerebro
1826 2105 1915 2141 hanc
1933 2110 2099 2142 autorita-

1121 2162 1211 2195 tem,
1238 2160 1276 2187 nt
1299 2155 1416 2188 nervis
1440 2157 1606 2188 mandare
1632 2157 1759 2199 possit,
1794 2169 1836 2190 ne.
1860 2165 2010 2203 tyranno
2035 2161 2099 2192 ob-

1122 2212 1336 2248 temperent,
1378 2206 1437 2238 sed
1470 2218 1594 2239 manus
1625 2208 1846 2246 contineant,
1880 2221 1924 2241 ne
1948 2210 2097 2242 alienam

1120 2256 1303 2298 coniugem
1329 2256 1520 2299 attingant,
1553 2263 1591 2289 ut
1615 2269 1693 2289 cum
1718 2258 1813 2292 iubet
1829 2257 2016 2303 Cambyses
2043 2261 2098 2292 in-

1121 2307 1227 2340 terfici
1245 2306 1433 2347 Croesum,
1460 2304 1552 2339 hunc
1575 2314 1690 2339 tamen
1706 2308 1857 2341 ministri
1879 2310 2096 2345 abscondunt

1121 2364 1153 2390 et
1174 2364 1324 2391 servant.
1375 2355 1553 2400 Explica1·i
1572 2354 1654 2389 haec
1680 2358 1883 2392 discrimina
1910 2372 1980 2393 uon
2008 2368 2097 2394 recte

1121 2414 1285 2452 possunt,
1309 2406 1377 2440 nisi
1396 2409 1548 2440 membra
1565 2413 1597 2440 ct
1614 2420 1734 2440 eorum
1757 2409 1868 2442 officia
1893 2411 2097 2453 distinguas,

1121 2470 1225 2503 quam
1247 2459 1289 2490 ad
1313 2470 1383 2490 rem
1402 2458 1539 2500 copiosa
1558 2458 1716 2491 doctrina
1737 2471 1824 2503 opus
1845 2467 1914 2499 est,
1942 2462 1984 2494 de
2003 2474 2097 2495 cere-

1121 2510 1204 2546 bro,
1232 2509 1357 2547 corde,
1385 2509 1521 2548 nervis,
1548 2509 1712 2551 gradibus
1738 2511 2012 2553 adpetitionum,
2039 2526 2094 2545 co-

1120 2559 1306 2601 gitatione,
1333 2559 1420 2590 serIa
1439 2558 1623 2600 electione,
1647 2559 1872 2605 προαιρέσει,
1901 2562 2094 2595 simulatio-

1121 2622 1183 2648 ne,
1210 2610 1252 2640 de
1275 2609 1377 2648 dolo,
1403 2610 1446 2640 ‹le
1470 2610 1588 2652 eulpa,
1615 2610 1658 2642 de
1684 2611 1861 2644 actionum
1879 2613 2004 2644 causis:
2035 2611 2092 2644 lia-

1120 2672 1197 2693 rum
1222 2671 1337 2692 rerum
1368 2660 1680 2693 considei-ationem
1707 2662 1741 2694 in
1772 2663 1842 2695 vita
1869 2663 2093 2695 neces-sariam

1539 2712 1583 2745 21
