2324 2955
106 114 180 152 58⁵

745 106 1009 144 PHILIPPI
1040 102 1497 143 MELANTHONIS.

2062 104 2136 139 586

105 213 125 235 a
141 186 388 234 maledictione
405 197 508 242 legis,
533 196 578 230 ab
594 193 742 235 iraDei‚
769 202 834 230 eta
852 201 966 228 morte
982 201 1094 228 aeter·
1148 204 1209 236 per
1235 192 1346 227 filium
1373 192 1484 226 libere
1507 191 1804 230 intercedentem,
1838 201 1912 224 non
1936 201 2000 235 pro
2020 189 2133 230 iustis,

104 262 170 291 na,
208 250 297 283 sicut
329 248 459 283 Paulus
489 247 622 293 inquit:
664 245 842 281 Iustificati
873 247 940 280 fide
973 256 1092 290 pacem

105 300 285 336 habemus.

206 352 266 388 62.
300 350 514 395 Quanquam
537 348 646 392 igitur
669 346 831 382 inchoata
858 355 907 381 est
924 346 1092 381 obedien-

104 404 175 445 tia,
200 411 315 438 tamen
337 401 375 433 in
400 398 463 434 hac
482 400 624 433 mortali
642 399 729 441 vita,
756 410 905 444 persona
926 398 1014 432 iusta
1032 403 1092 438 est,

105 455 141 488 id
164 460 232 491 est,
258 459 396 497 accepta
412 450 488 485 Deo
512 452 553 485 ad
572 451 678 484 vitam
698 457 894 491 aeternam,
922 450 1090 482 immensa

103 502 340 538 misericordia
373 510 515 548 propter
545 501 772 535 mediatorem
797 501 869 534 sola
896 501 984 541 fide,
1017 510 1090 532 non

102 561 248 599 propter
267 555 446 599 propriam
462 554 683 596 dignitatem.
736 550 782 585 Et
799 552 835 585 in
854 552 913 585 tali
931 561 1089 595 persona,

101 605 326 649 praelucente
347 605 432 643 fide,
467 604 578 649 placet
601 603 822 644 obedientia,
854 610 887 637 et
912 603 950 636 fit
975 602 1090 635 cultus

100 654 167 690 Dei
190 663 332 701 propter
348 655 576 689 mediatorem
590 681 599 695 ,
627 660 660 687 et
678 652 782 687 habet
798 654 949 698 praemia
969 652 1005 685 in
1025 650 1089 684 hac

99 706 190 748 vita,
221 714 254 741 et
287 713 365 751 post
395 704 486 739 hanc
515 706 642 746 vitam,
679 705 768 739 sicut
796 705 920 739 Petrus
954 703 1087 748 inquit:

100 755 239 791 Offerte
263 755 395 791 hostias
418 756 635 802 spirituales,
671 763 826 801 acceptas
851 755 924 790 Deo
946 766 1008 799 per
1035 754 1089 786 le-

99 819 177 842 sum
193 806 388 842 Christum.

199 858 260 894 63.
309 857 412 892 Alius
442 870 526 893 usus
551 866 600 893 est
627 859 712 901 legis
745 857 928 900 politicus,
963 853 1087 890 coher-

96 921 178 944 cens
189 916 331 944 externa
345 911 500 943 membra
512 910 549 942 in
562 910 727 943 omnibus
740 906 955 948 hominibus,
983 907 1087 940 etiam

96 972 172 994 non
194 961 334 994 renatis.
388 960 458 994 Sed
482 961 586 993 etiarn
602 957 692 992 hanc
709 960 870 993 mutilam
888 959 1087 991 libertatem

97 1011 295 1056 saepissime
315 1009 535 1044 horribiliter
553 1011 701 1044 vincunt
718 1006 879 1042 flammae
898 1021 1087 1053 pravorum

95 1062 295 1096 adfectuum
307 1089 316 1103 ‚
343 1069 378 1095 et
395 1060 539 1095 Diaboli
558 1059 648 1095 hauc
666 1061 897 1094 miserrimam
914 1068 1088 1099 naturam,

95 1112 179 1147 odio
193 1111 260 1147 Dei
277 1112 443 1146 omnibus
459 1112 684 1146 contumeliis
699 1112 919 1152 adiicientes,
947 1112 1004 1144 sed
1026 1112 1088 1144 ad-

95 1175 217 1198 versus
240 1160 326 1197 haec
349 1163 505 1208 ingentia
528 1163 635 1203 mala,
662 1162 755 1195 filius
773 1161 837 1197 Dei
855 1162 1087 1195 reconciliatis

96 1221 129 1248 et
153 1226 233 1249 eum
255 1214 522 1254 invocantibus,
551 1214 626 1248 vult
650 1225 752 1259 opem
776 1213 884 1254 ferre,
912 1220 943 1247 et
967 1219 1087 1248 conte-

95 1277 171 1299 rere
191 1272 295 1310 caput
317 1265 510 1310 serpentis,
536 1271 569 1299 et
587 1264 685 1298 iubet
703 1271 819 1308 petere
837 1264 1028 1305 auxilium,
1055 1270 1088 1296 et

95 1315 259 1350 adfirmat
281 1327 362 1348 vere
387 1316 521 1358 placere
537 1313 634 1355 Deo,
663 1312 754 1348 hanc
771 1315 998 1358 petitionem,
1025 1327 1087 1347 nec

96 1365 234 1399 irritam
265 1376 355 1406 esse,
393 1365 488 1398 iuxta
519 1364 627 1397 illud:
671 1363 816 1407 Quanto
849 1366 958 1408 magis
989 1372 1088 1409 pater

97 1422 211 1450 vester
240 1415 399 1449 coelestis
429 1415 528 1448 dabit
553 1414 725 1458 Spiritum
752 1421 912 1448 sanctum
939 1415 1089 1458 petenti-

95 1467 172 1500 hus.
235 1465 339 1500 Tales
365 1466 614 1509 promissiones
640 1466 862 1505 intueamur,
898 1472 930 1498 et
956 1477 1020 1498 nos
1044 1466 1085 1497 ad

94 1516 286 1560 petendum
313 1516 503 1556 auxilium,
537 1522 660 1549 contra
686 1515 928 1548 saevissimum
951 1513 1087 1548 hostem

94 1573 127 1601 et
143 1573 264 1601 contra
282 1566 526 1600 infirmitatem
544 1572 700 1599 nostram
720 1566 962 1599 exuscitemus.

94 1688 283 1738 (LXIV.)
331 1687 395 1724 De
432 1693 635 1725 creationis
672 1692 821 1725 actione
864 1689 1086 1735 disputatio,

95 1746 222 1777 autore
259 1739 474 1775 Matthia
516 1743 546 1775 L
556 1753 578 1775 a
588 1753 612 1775 u
624 1746 636 1775 t
648 1753 667 1775 e
676 1753 696 1776 r
706 1753 738 1776 w
752 1744 820 1777 alt
856 1741 1085 1789 Elbinyensi.

218 1793 425 1837 Disputata
449 1791 680 1839 Witeberyae
689 1817 700 1835 ‚
728 1794 832 1828 Anno
856 1793 963 1829 1551.

438 1843 500 1878 die
524 1843 583 1879 1⁴.
600 1845 745 1879 Martii.

93 1923 244 1966 Creatio
274 1928 417 1973 proprie
441 1929 620 1974 loquendo
645 1935 694 1962 est
718 1927 784 1962 Dei
808 1929 898 1963 actio
924 1931 967 1963 ad
992 1937 1087 1964 extra

94 1981 163 2026 ipsi
194 1981 356 2025 propria,
392 1981 585 2024 procedens
617 1991 657 2012 ex
687 1980 822 2023 ingenti
853 1993 972 2014 amore
1008 1992 1086 2024 erga

95 2038 291 2072 creaturas,
329 2032 370 2065 ad
398 2029 578 2065 Ecclesiae
608 2031 755 2065 salutem
787 2039 819 2065 et
847 2031 1087 2066 conservatio-

94 2094 195 2124 nem,
220 2089 261 2117 ut
277 2082 350 2126 ipse
365 2082 401 2115 in
418 2094 456 2115 ea
473 2082 671 2115 innotescat
689 2088 721 2115 et
736 2082 932 2116 celebretur
949 2083 985 2115 in
1002 2083 1087 2124 filio,

93 2134 201 2181 fitque
227 2145 245 2166 a
262 2131 337 2167 Deo
364 2132 566 2166 immediate
593 2132 703 2166 libera
725 2133 799 2166 eius
819 2134 990 2167 electione
1011 2146 1085 2167 non

93 2184 275 2219 coactione
306 2184 416 2218 ullius
441 2183 675 2217 necessitatis:
710 2184 841 2229 absque
867 2185 1084 2219 adminiculo

93 2235 196 2270 etiam
218 2235 335 2269 omnis
358 2241 538 2269 creaturae
556 2246 595 2267 ex
614 2232 729 2267 nihilo
748 2241 859 2269 totum
876 2237 1085 2280 producens,

93 2293 153 2321 aut
175 2286 311 2332 aliquid
334 2298 374 2320 ex
398 2283 514 2319 nihilo
538 2285 576 2318 in
593 2286 739 2331 aliquod
756 2286 947 2329 inducens,
974 2288 1084 2321 illud-

93 2349 162 2384 que
180 2343 335 2371 creatum
355 2337 403 2372 ita
421 2348 654 2379 conservans,
680 2337 803 2371 fovens
821 2345 855 2372 et
871 2345 1085 2380 sustentans,

92 2394 133 2422 ut
156 2388 300 2432 vestigia
326 2388 441 2422 divini
461 2387 591 2422 amoris
608 2395 641 2423 et
661 2389 877 2433 praesentiae
895 2390 951 2423 vel
967 2390 1084 2424 mani-

93 2439 160 2473 bus
184 2439 394 2473 contrectari
412 2439 566 2484 possint,
593 2451 634 2473 eo
651 2446 767 2473 autem
786 2440 912 2474 ordine
929 2448 962 2475 et
977 2442 1082 2475 modo

93 2496 275 2524 conservat
307 2491 491 2536 quodque,
525 2503 596 2537 quo
630 2491 718 2524 illud
752 2497 803 2526 est
826 2498 1001 2534 creatum,
1035 2493 1083 2526 ita

94 2547 211 2575 tamen
234 2548 274 2576 ut
289 2540 383 2575 Deus
403 2541 549 2577 retineat
569 2549 601 2576 et
619 2542 807 2576 consilinm
823 2549 857 2577 et
875 2543 1083 2585 libertatem,

92 2598 302 2638 maneatque
325 2592 501 2626 Dominus
533 2593 630 2627 illius
659 2594 814 2635 ordinis,
848 2602 879 2629 ct
912 2594 1083 2629 liunitator

93 2654 134 2677 ac
157 2643 286 2676 vindex
306 2643 543 2683 confusionis,
570 2657 660 2690 quae
683 2645 828 2680 aliunde
844 2645 997 2685 accedit,
1025 2652 1082 2680 nt-

91 2705 162 2739 que
192 2694 378 2729 confusum
409 2701 443 2729 et
474 2695 668 2740 collapsum
701 2697 864 2731 ordinem
899 2696 1081 2737 instauret,

1147 244 1206 276 sed
1226 256 1288 287 pro
1309 244 1446 277 miseris
1464 243 1708 287 peccatoribus
1723 241 1953 287 recipiendis,
1980 253 2020 275 ac
2041 241 2133 274 inte-

1147 295 1264 337 gritati
1297 295 1544 335 restituendis,
1580 301 1753 339 quatenus
1784 293 1850 337 ipsi
1873 293 2029 327 moventi
2058 303 2131 325 non

1148 352 1345 390 repugnant
1365 357 1425 379 sua
1443 346 1699 379 incredulitate.

1245 399 1281 433 2.
1313 396 1410 430 Haec
1438 397 1527 430 actio
1549 403 1599 430 est
1621 395 1842 439 inorganica,
1879 406 1917 427 ac
1940 395 1977 428 fit
2001 395 2132 439 absque

1145 448 1243 480 omni
1270 455 1369 481 motu
1395 454 1427 481 et
1446 448 1607 492 passione
1625 446 1810 486 creatoris,
1838 445 2057 490 actionisque
2075 456 2132 478 re-

1145 499 1382 543 ciprocatione
1407 511 1467 532 seu
1490 498 1712 532 retaliatione
1736 496 1754 530 a
1779 503 1916 537 creato,
1943 496 2132 541 differtque

1144 551 1188 583 ab
1212 550 1286 594 ipsa
1313 550 1460 583 essentia
1485 550 1624 589 divina,
1650 555 1691 582 ut
1714 548 1855 581 effectus
1873 559 1891 580 a
1909 558 2032 589 causa,
2060 547 2131 580 sive

1145 601 1260 645 potius
1275 608 1313 635 ut
1331 602 1421 634 actio
1436 614 1452 635 a
1472 613 1534 634 suo
1554 599 1731 645 principio
1749 598 1953 633 intrinseco.

1244 661 1279 695 3.
1322 660 1419 694 Haec
1444 661 1534 694 actio
1563 657 1619 705 (ut
1647 659 1736 692 aliae
1765 659 1809 691 ad
1841 654 1958 701 extra)
1992 657 2057 690 etsi
2088 656 2131 689 ab

1143 718 1284 745 aeterno
1310 723 1448 756 semper
1467 712 1534 745 suit
1550 711 1588 743 in
1604 709 1698 750 Deo,
1724 716 1763 743 ut
1780 708 1964 753 proprium
1978 735 1986 748 ,
2014 714 2131 741 tamen

1143 770 1221 796 actu
1237 764 1351 807 coepit
1368 763 1404 795 in
1423 762 1599 807 principio
1624 774 1642 794 a
1659 760 1762 794 Mose
1783 760 1970 804 descriptO.

1247 821 1281 857 4.
1310 820 1476 855 Actiones
1494 821 1600 865 igitur
1616 819 1695 862 Dei,
1712 821 1754 853 ad
1774 826 1868 853 extra
1887 819 1924 851 in
1941 816 2009 851 hoc
2025 828 2131 850 mun—

1143 874 1208 913 do,
1236 873 1325 907 fiunt
1349 873 1387 906 in
1411 880 1568 916 tempore
1590 879 1622 906 et
1645 877 1836 917 coeperunt
1860 882 1939 904 cum
1965 876 2132 912 tempore.

1143 924 1212 957 Sed
1235 925 1327 968 apud
1347 923 1461 957 Deum
1491 931 1584 957 extra
1611 921 1702 956 hanc
1719 923 1845 961 vitam,
1874 928 1907 954 et
1924 927 2019 954 extra
2036 917 2132 952 hunc

1142 975 1318 1008 visibilem
1336 975 1531 1014 mundum,
1558 974 1656 1006 mille
1675 974 1748 1006 dies
1767 979 1849 1006 sunt
1871 972 1959 1005 sicut
1976 972 2051 1005 dies
2069 967 2132 1003 he-

1142 1034 1292 1063 sternus.
1347 1025 1430 1059 Ideo
1456 1025 1642 1070 perfectam
1659 1023 1726 1057 Dei
1750 1023 2025 1060 beatitudinem,
2053 1027 2133 1053 ante

1143 1085 1298 1112 creatum
1330 1077 1526 1117 mundum,
1567 1083 1600 1110 et
1623 1076 1740 1109 sutura
1765 1074 1891 1117 gaudia
1919 1079 2133 1109 sanctorum,

1144 1136 1221 1173 post
1250 1127 1339 1162 hanc
1366 1129 1494 1169 vitam,
1522 1140 1594 1160 non
1620 1126 1787 1170 intelligit
1813 1136 1911 1159 mens
1930 1136 2036 1169 capax
2053 1130 2133 1156 tan-

1142 1187 1217 1214 tum
1241 1180 1509 1222 temporalium,
1544 1179 1737 1223 oculusque
1763 1189 1802 1210 ea
1830 1189 1895 1210 nec
1927 1176 2034 1216 vidit,
2069 1186 2132 1207 nec

1143 1232 1238 1265 auris
1254 1231 1410 1272 audivit,
1438 1243 1503 1264 nec
1521 1230 1558 1262 in
1578 1242 1638 1263 cor
1657 1227 1814 1263 hominis
1837 1227 2108 1261 descenderunt.

1245 1291 1281 1327 5.
1309 1289 1478 1325 Actiones
1494 1302 1576 1323 vero
1588 1290 1676 1330 Dei,
1701 1290 1744 1323 ad
1763 1289 1855 1322 intra
1872 1287 2079 1331 simpliciter
2096 1286 2132 1318 in

1142 1343 1215 1386 ipsa
1235 1342 1440 1382 divinitate,
1467 1352 1572 1385 supra
1590 1348 1730 1384 captum
1748 1338 1965 1379 humanum,
1990 1348 2134 1382 prorsus

1142 1405 1215 1425 non
1242 1393 1425 1426 subiacent
1449 1391 1620 1435 tempori,
1657 1403 1720 1424 nec
1745 1401 1901 1435 unquam
1929 1389 2018 1422 facta
2040 1395 2133 1428 sunt,

1142 1455 1206 1475 nec
1233 1443 1338 1482 fient,
1366 1454 1430 1475 nec
1456 1443 1545 1475 fiunt
1570 1442 1608 1474 in
1633 1449 1790 1485 tempore
1805 1441 1880 1474 ullo
1897 1440 2023 1480 modo,
2051 1440 2133 1484 quia

1143 1494 1180 1525 in
1198 1493 1320 1526 divina
1340 1493 1508 1533 essentia,
1535 1490 1627 1525 nihil
1645 1504 1803 1536 unquam
1820 1490 1935 1535 coepit
1954 1489 2048 1528 fieri,
2073 1497 2133 1524 aut

1142 1544 1264 1577 saltem
1283 1555 1367 1577 esse.
1425 1542 1651 1587 Quapropter
1669 1543 1812 1586 gignere
1830 1540 1960 1586 patris,
1988 1547 2021 1574 et
2037 1541 2131 1584 gigni

1142 1595 1225 1635 filii,
1255 1601 1289 1627 et
1315 1595 1504 1638 procedere
1527 1593 1680 1638 Spiritus
1703 1593 1830 1627 sancti:
1873 1598 1954 1626 sunt
1978 1592 2132 1625 actiones

1142 1644 1208 1678 Dei
1231 1645 1411 1686 internae,
1454 1645 1584 1690 quibus
1614 1645 1756 1679 realiter
1787 1655 1924 1688 semper
1947 1643 2133 1678 distinctae

1140 1697 1305 1736 fuerunt,
1339 1703 1554 1742 manentque
1578 1702 1648 1730 tres
1675 1707 1845 1741 personae
1868 1695 2067 1729 divinitatis
2096 1694 2133 1726 in

1140 1760 1211 1781 una
1232 1748 1380 1781 essentia
1408 1760 1570 1781 nurnero.

1244 1807 1278 1843 6.
1316 1806 1393 1840 Hae
1417 1807 1661 1841 distinctiones
1687 1806 1827 1840 realiter
1851 1805 2061 1840 constitutae
2078 1806 2133 1837 in-

1142 1859 1252 1893 ternis
1285 1859 1506 1902 actionibus,
1548 1859 1744 1892 declaratae
1778 1865 1810 1891 et
1835 1855 2025 1901 patefactae
2052 1865 2133 1890 sunt

1141 1909 1320 1944 Ecclesiae
1346 1910 1498 1942 externis
1522 1909 1720 1943 actionibus
1749 1910 1792 1942 ad
1818 1915 1934 1946 extra,
1972 1909 2067 1941 velut
2096 1908 2132 1939 in

1142 1961 1316 2005 baptismo
1335 1958 1486 2001 Christi,
1514 1967 1611 2005 pater
1625 1960 1780 1994 suaviter
1805 1959 1991 2003 compellat
2008 1959 2134 1999 filium,

1141 2013 1234 2045 tilius
1260 2012 1383 2044 volens
1408 2012 1499 2055 patri
1525 2012 1695 2045 obediens
1726 2010 1942 2055 baptizatur,
1979 2009 2133 2054 Spiritus

1141 2070 1280 2096 sanctus
1296 2063 1479 2096 columbae
1495 2063 1607 2107 specie
1625 2069 1798 2103 movetur,
1821 2068 1854 2095 et
1872 2061 1984 2095 filium
2004 2062 2132 2094 arden-

1141 2123 1192 2149 ter
1212 2114 1448 2159 amplectitur.

1243 2174 1277 2208 7.
1305 2172 1373 2208 Sed
1395 2173 1483 2207 sicut
1500 2173 1537 2206 in
1557 2180 1718 2207 naturam
1729 2171 1883 2217 Spiritus
1901 2178 2042 2205 sanctus
2060 2183 2131 2204 non

1139 2225 1233 2260 cadit
1249 2226 1354 2267 latio,
1377 2225 1425 2260 ita
1443 2237 1556 2270 neque
1575 2222 1659 2258 haec
1675 2224 1759 2257 latio
1775 2230 1833 2257 aut
1851 2223 2036 2256 columbae
2055 2234 2132 2267 spe-

1139 2278 1207 2311 cies
1225 2277 1368 2311 realiter
1385 2289 1465 2310 eum
1482 2276 1683 2318 distinguit,
1710 2275 1823 2308 multo
1842 2274 1961 2308 minus
1980 2274 2130 2307 eundem

1138 2335 1277 2373 separat
1304 2340 1322 2362 a
1341 2335 1439 2373 patre
1467 2334 1498 2361 et
1516 2327 1599 2359 filio.

1241 2388 1276 2423 8.
1322 2385 1459 2421 Eodem
1483 2387 1590 2419 modo
1614 2386 1801 2420 descensus
1827 2384 1890 2418 filii
1919 2385 1955 2418 in
1973 2392 2130 2419 veterum

1138 2441 1258 2475 beatae
1283 2439 1432 2483 virginis
1448 2437 1605 2478 Mariae,
1640 2437 1788 2471 minime
1813 2443 1950 2481 separat
1975 2437 2087 2470 filium
2112 2449 2131 2470 a

1137 2499 1236 2537 patre
1254 2498 1287 2525 et
1303 2489 1439 2535 Spiritu
1455 2495 1588 2523 sancto.

1239 2542 1276 2578 9.
1313 2540 1389 2574 Imo
1408 2541 1467 2573 illa
1485 2540 1558 2584 ipsa
1577 2538 1794 2580 incarnatio,
1820 2546 1993 2585 quatenns
2010 2551 2130 2584 proce-

1136 2594 1188 2628 dit
1214 2595 1255 2627 ad
1284 2599 1378 2626 extra
1406 2598 1439 2626 et
1457 2591 1573 2625 existit
1593 2592 1629 2624 in
1646 2596 1764 2632 motu,
1792 2598 1842 2625 est
1859 2603 1949 2635 opus
1968 2590 2130 2624 omnium

1136 2646 1242 2679 trium
1268 2655 1515 2689 personarum,
1566 2643 1624 2677 De
1647 2649 1747 2687 patre
1771 2642 1866 2676 enim
1891 2642 2019 2675 diserte
2043 2641 2130 2673 dici-

1135 2703 1194 2731 tur
1210 2694 1335 2731 Esaiae
1353 2693 1432 2731 45.:
1473 2692 1551 2737 Ego
1568 2692 1745 2728 Dominus
1761 2693 1876 2727 creavi
1894 2693 2008 2730 illum,
2030 2703 2131 2724 nem-
