<?xml version="1.0" encoding="UTF-8"?>
<!DOCTYPE html PUBLIC "-//W3C//DTD XHTML 1.0 Transitional//EN"
    "http://www.w3.org/TR/xhtml1/DTD/xhtml1-transitional.dtd">
<html xmlns="http://www.w3.org/1999/xhtml" xml:lang="en" lang="en">
 <head>
  <title>
</title>
<meta http-equiv="Content-Type" content="text/html;charset=utf-8" />
  <meta name='ocr-system' content='tesseract 3.04.00' />
  <meta name='ocr-capabilities' content='ocr_page ocr_carea ocr_par ocr_line ocrx_word'/>
</head>
<body>
  <div class='ocr_page' id='page_1' title='image "./operaquaesupersu12melauoft/operaquaesupersu12melauoft_0164.png"; bbox 0 0 2324 2955; ppageno 0'>
   <div class='ocr_carea' id='block_1_1' title="bbox 171 121 239 153">
    <p class='ocr_par' dir='ltr' id='par_1_1' title="bbox 171 121 239 153">
     <span class='ocr_line' id='line_1_1' title="bbox 171 121 239 153; baseline 0 0"><span class='ocrx_word' id='word_1_1' title='bbox 171 121 239 153; x_wconf 77' lang='lat'>311</span> 
     </span>
    </p>
   </div>
   <div class='ocr_carea' id='block_1_2' title="bbox 176 194 1184 1399">
    <p class='ocr_par' dir='ltr' id='par_1_2' title="bbox 176 194 1184 1399">
     <span class='ocr_line' id='line_1_2' title="bbox 177 194 1151 248; baseline -0.01 -11"><span class='ocrx_word' id='word_1_2' title='bbox 177 206 275 248; x_wconf 88' lang='lat' dir='ltr'>piens</span> <span class='ocrx_word' id='word_1_3' title='bbox 302 212 334 236; x_wconf 81' lang='lat' dir='ltr'>et</span> <span class='ocrx_word' id='word_1_4' title='bbox 359 204 523 246; x_wconf 79' lang='lat' dir='ltr'>eloquens</span> <span class='ocrx_word' id='word_1_5' title='bbox 548 204 637 236; x_wconf 81' lang='lat' dir='ltr'>erat,</span> <span class='ocrx_word' id='word_1_6' title='bbox 671 204 702 229; x_wconf 89' lang='lat' dir='ltr'>et</span> <span class='ocrx_word' id='word_1_7' title='bbox 726 199 768 229; x_wconf 90' lang='lat' dir='ltr'>ad</span> <span class='ocrx_word' id='word_1_8' title='bbox 798 194 887 229; x_wconf 89' lang='lat' dir='ltr'>banc</span> <span class='ocrx_word' id='word_1_9' title='bbox 915 202 1045 228; x_wconf 84' lang='lat' dir='ltr'>tantam</span> <span class='ocrx_word' id='word_1_10' title='bbox 1070 208 1151 228; x_wconf 86' lang='lat' dir='ltr'>cau-</span> 
     </span>
     <span class='ocr_line' id='line_1_3' title="bbox 176 244 1153 298; baseline -0.009 -11"><span class='ocrx_word' id='word_1_11' title='bbox 176 268 247 287; x_wconf 88' lang='lat' dir='ltr'>sam</span> <span class='ocrx_word' id='word_1_12' title='bbox 274 262 410 298; x_wconf 71' lang='lat' dir='ltr'>paratus</span> <span class='ocrx_word' id='word_1_13' title='bbox 435 255 590 287; x_wconf 82' lang='lat' dir='ltr'>venerat,</span> <span class='ocrx_word' id='word_1_14' title='bbox 617 247 653 279; x_wconf 89' lang='lat' dir='ltr'>in</span> <span class='ocrx_word' id='word_1_15' title='bbox 678 244 766 279; x_wconf 89' lang='lat' dir='ltr'>hanc</span> <span class='ocrx_word' id='word_1_16' title='bbox 783 247 989 280; x_wconf 86' lang='lat' dir='ltr'>sententiam</span> <span class='ocrx_word' id='word_1_17' title='bbox 1008 258 1153 289; x_wconf 86' lang='lat' dir='ltr'>respon-</span> 
     </span>
     <span class='ocr_line' id='line_1_4' title="bbox 177 290 1181 350; baseline -0.009 -12"><span class='ocrx_word' id='word_1_18' title='bbox 177 307 243 337; x_wconf 87' lang='lat' dir='ltr'>dit:</span> <span class='ocrx_word' id='word_1_19' title='bbox 272 304 414 343; x_wconf 72' lang='lat' dir='ltr'>„Credo</span> <span class='ocrx_word' id='word_1_20' title='bbox 439 312 499 341; x_wconf 82' lang='lat' dir='ltr'>ego</span> <span class='ocrx_word' id='word_1_21' title='bbox 525 306 556 331; x_wconf 89' lang='lat' dir='ltr'>te</span> <span class='ocrx_word' id='word_1_22' title='bbox 573 299 697 331; x_wconf 70' lang='lat' dir='ltr'>(Jarole</span> <span class='ocrx_word' id='word_1_23' title='bbox 716 297 926 341; x_wconf 75' lang='lat' dir='ltr'>Imperator,</span> <span class='ocrx_word' id='word_1_24' title='bbox 955 304 987 330; x_wconf 90' lang='lat' dir='ltr'>et</span> <span class='ocrx_word' id='word_1_25' title='bbox 1013 304 1072 329; x_wconf 92' lang='lat' dir='ltr'>tuo</span> <span class='ocrx_word' id='word_1_26' title='bbox 1098 298 1153 330; x_wconf 90' lang='lat' dir='ltr'>iu-</span> <span class='ocrx_word' id='word_1_27' title='bbox 1179 290 1181 350; x_wconf 48' lang='grc' dir='ltr'><strong>ζ</strong></span> 
     </span>
     <span class='ocr_line' id='line_1_5' title="bbox 177 347 1181 408; baseline -0.007 -22"><span class='ocrx_word' id='word_1_28' title='bbox 177 356 268 387; x_wconf 72' lang='lat' dir='ltr'>dicio</span> <span class='ocrx_word' id='word_1_29' title='bbox 291 357 490 385; x_wconf 69' lang='lat' dir='ltr'>reverenter</span> <span class='ocrx_word' id='word_1_30' title='bbox 520 349 725 381; x_wconf 72' lang='lat' dir='ltr'>sentientem</span> <span class='ocrx_word' id='word_1_31' title='bbox 759 350 800 380; x_wconf 89' lang='lat' dir='ltr'>de</span> <span class='ocrx_word' id='word_1_32' title='bbox 831 348 1052 381; x_wconf 83' lang='lat' dir='ltr'>invocatione</span> <span class='ocrx_word' id='word_1_33' title='bbox 1079 347 1153 387; x_wconf 89' lang='lat' dir='ltr'>Dei,</span> <span class='ocrx_word' id='word_1_34' title='bbox 1179 355 1181 408; x_wconf 39' lang='lat' dir='ltr'>t</span> 
     </span>
     <span class='ocr_line' id='line_1_6' title="bbox 178 399 1154 441; baseline -0.007 -5"><span class='ocrx_word' id='word_1_35' title='bbox 178 413 209 437; x_wconf 87' lang='lat' dir='ltr'>et</span> <span class='ocrx_word' id='word_1_36' title='bbox 228 404 408 435; x_wconf 86' lang='lat' dir='ltr'>incitatum</span> <span class='ocrx_word' id='word_1_37' title='bbox 427 400 746 432; x_wconf 68' lang='lat' dir='ltr'>laudatissimorum</span> <span class='ocrx_word' id='word_1_38' title='bbox 759 399 960 441; x_wconf 72' lang='lat' dir='ltr'>Principum</span> <span class='ocrx_word' id='word_1_39' title='bbox 978 399 1154 441; x_wconf 85' lang='lat' dir='ltr'>exemplis,</span> 
     </span>
     <span class='ocr_line' id='line_1_7' title="bbox 862 433 1182 488; baseline -0.006 -6"><span class='ocrx_word' id='word_1_40' title='bbox 862 450 930 482; x_wconf 84' lang='lat' dir='ltr'>Sed</span> <span class='ocrx_word' id='word_1_41' title='bbox 954 447 1016 481; x_wconf 85' lang='lat' dir='ltr'>bac</span> <span class='ocrx_word' id='word_1_42' title='bbox 1042 449 1084 481; x_wconf 87' lang='lat' dir='ltr'>de</span> <span class='ocrx_word' id='word_1_43' title='bbox 1108 461 1154 488; x_wconf 86' lang='lat' dir='ltr'>re,</span> <span class='ocrx_word' id='word_1_44' title='bbox 1180 433 1182 466; x_wconf 66' lang='grc'><strong>1</strong></span> 
     </span>
     <span class='ocr_line' id='line_1_8' title="bbox 180 484 1182 548; baseline -0.005 -12"><span class='ocrx_word' id='word_1_45' title='bbox 180 506 214 536; x_wconf 85' lang='lat' dir='ltr'>iu</span> <span class='ocrx_word' id='word_1_46' title='bbox 234 517 299 548; x_wconf 80' lang='lat' dir='ltr'>qna</span> <span class='ocrx_word' id='word_1_47' title='bbox 320 503 511 546; x_wconf 88' lang='lat' dir='ltr'>plurimum</span> <span class='ocrx_word' id='word_1_48' title='bbox 530 508 580 534; x_wconf 89' lang='lat' dir='ltr'>est</span> <span class='ocrx_word' id='word_1_49' title='bbox 597 500 743 544; x_wconf 85' lang='lat' dir='ltr'>periculi</span> <span class='ocrx_word' id='word_1_50' title='bbox 764 499 950 540; x_wconf 81' lang='lat' dir='ltr'>Ecclesiae,</span> <span class='ocrx_word' id='word_1_51' title='bbox 968 499 1063 542; x_wconf 90' lang='lat' dir='ltr'>prior</span> <span class='ocrx_word' id='word_1_52' title='bbox 1082 511 1153 532; x_wconf 88' lang='lat' dir='ltr'>esse</span> <span class='ocrx_word' id='word_1_53' title='bbox 1180 484 1182 527; x_wconf 79' lang='grc'><strong>1</strong></span> 
     </span>
     <span class='ocr_line' id='line_1_9' title="bbox 179 550 1153 593; baseline -0.004 -6"><span class='ocrx_word' id='word_1_54' title='bbox 179 568 253 587; x_wconf 88' lang='lat' dir='ltr'>mea</span> <span class='ocrx_word' id='word_1_55' title='bbox 290 553 497 585; x_wconf 70' lang='lat' dir='ltr'>deliberatio</span> <span class='ocrx_word' id='word_1_56' title='bbox 527 553 648 591; x_wconf 88' lang='lat' dir='ltr'>debet,</span> <span class='ocrx_word' id='word_1_57' title='bbox 683 558 713 583; x_wconf 69' lang='lat' dir='ltr'>vt</span> <span class='ocrx_word' id='word_1_58' title='bbox 752 551 934 593; x_wconf 84' lang='lat' dir='ltr'>praecipua</span> <span class='ocrx_word' id='word_1_59' title='bbox 975 550 1153 583; x_wconf 76' lang='lat' dir='ltr'>autoritas·</span> 
     </span>
     <span class='ocr_line' id='line_1_10' title="bbox 179 599 1153 645; baseline -0.005 -8"><span class='ocrx_word' id='word_1_60' title='bbox 179 605 266 637; x_wconf 85' lang='lat' dir='ltr'>Nam</span> <span class='ocrx_word' id='word_1_61' title='bbox 285 611 322 637; x_wconf 83' lang='lat' dir='ltr'>ut</span> <span class='ocrx_word' id='word_1_62' title='bbox 341 615 410 635; x_wconf 80' lang='lat' dir='ltr'>uon</span> <span class='ocrx_word' id='word_1_63' title='bbox 431 603 604 645; x_wconf 89' lang='lat' dir='ltr'>disputem</span> <span class='ocrx_word' id='word_1_64' title='bbox 625 602 800 634; x_wconf 86' lang='lat' dir='ltr'>subtiliter</span> <span class='ocrx_word' id='word_1_65' title='bbox 817 602 859 633; x_wconf 85' lang='lat' dir='ltr'>de</span> <span class='ocrx_word' id='word_1_66' title='bbox 878 613 953 633; x_wconf 88' lang='lat' dir='ltr'>meo</span> <span class='ocrx_word' id='word_1_67' title='bbox 971 601 1058 640; x_wconf 88' lang='lat' dir='ltr'>iure,</span> <span class='ocrx_word' id='word_1_68' title='bbox 1088 599 1153 633; x_wconf 84' lang='lat' dir='ltr'>boc</span> 
     </span>
     <span class='ocr_line' id='line_1_11' title="bbox 179 651 1183 698; baseline -0.006 -10"><span class='ocrx_word' id='word_1_69' title='bbox 179 662 330 693; x_wconf 80' lang='lat' dir='ltr'>constat,</span> <span class='ocrx_word' id='word_1_70' title='bbox 365 654 547 698; x_wconf 74' lang='lat' dir='ltr'>Synodum</span> <span class='ocrx_word' id='word_1_71' title='bbox 574 652 761 685; x_wconf 66' lang='lat' dir='ltr'>Nicaenam</span> <span class='ocrx_word' id='word_1_72' title='bbox 790 652 927 683; x_wconf 84' lang='lat' dir='ltr'>iussisse</span> <span class='ocrx_word' id='word_1_73' title='bbox 953 653 995 683; x_wconf 89' lang='lat' dir='ltr'>ad</span> <span class='ocrx_word' id='word_1_74' title='bbox 1022 651 1155 684; x_wconf 79' lang='lat' dir='ltr'>Roma-</span> <span class='ocrx_word' id='word_1_75' title='bbox 1181 668 1183 692; x_wconf 74' lang='lat'>2</span> 
     </span>
     <span class='ocr_line' id='line_1_12' title="bbox 180 696 1183 749; baseline -0.006 -11"><span class='ocrx_word' id='word_1_76' title='bbox 180 719 262 739; x_wconf 89' lang='lat' dir='ltr'>uum</span> <span class='ocrx_word' id='word_1_77' title='bbox 280 705 490 749; x_wconf 82' lang='lat' dir='ltr'>Episcopum</span> <span class='ocrx_word' id='word_1_78' title='bbox 508 703 634 735; x_wconf 79' lang='lat' dir='ltr'>deferri</span> <span class='ocrx_word' id='word_1_79' title='bbox 654 702 908 735; x_wconf 80' lang='lat' dir='ltr'>controversias</span> <span class='ocrx_word' id='word_1_80' title='bbox 920 700 1153 734; x_wconf 84' lang='lat' dir='ltr'>Ecclesiarum</span> <span class='ocrx_word' id='word_1_81' title='bbox 1181 696 1183 703; x_wconf 56' lang='lat'><em>&#39;</em></span> 
     </span>
     <span class='ocr_line' id='line_1_13' title="bbox 179 751 1155 796; baseline -0.006 -8"><span class='ocrx_word' id='word_1_82' title='bbox 179 755 404 794; x_wconf 75' lang='lat' dir='ltr'>Occidentis,</span> <span class='ocrx_word' id='word_1_83' title='bbox 433 762 461 786; x_wconf 89' lang='lat' dir='ltr'>et</span> <span class='ocrx_word' id='word_1_84' title='bbox 491 761 645 787; x_wconf 90' lang='lat' dir='ltr'>nostram</span> <span class='ocrx_word' id='word_1_85' title='bbox 672 755 786 785; x_wconf 82' lang='lat' dir='ltr'>sedem</span> <span class='ocrx_word' id='word_1_86' title='bbox 811 753 966 784; x_wconf 78' lang='lat' dir='ltr'>indicere</span> <span class='ocrx_word' id='word_1_87' title='bbox 981 751 1155 796; x_wconf 80' lang='lat' dir='ltr'>SynodOS.</span> 
     </span>
     <span class='ocr_line' id='line_1_14' title="bbox 179 803 1156 850; baseline -0.004 -11"><span class='ocrx_word' id='word_1_88' title='bbox 179 807 288 850; x_wconf 81' lang='lat' dir='ltr'>Saepe</span> <span class='ocrx_word' id='word_1_89' title='bbox 306 807 412 848; x_wconf 82' lang='lat' dir='ltr'>igitur</span> <span class='ocrx_word' id='word_1_90' title='bbox 431 812 509 837; x_wconf 87' lang='lat' dir='ltr'>ante</span> <span class='ocrx_word' id='word_1_91' title='bbox 529 803 593 836; x_wconf 86' lang='lat' dir='ltr'>hoc</span> <span class='ocrx_word' id='word_1_92' title='bbox 610 811 764 847; x_wconf 82' lang='lat' dir='ltr'>tempus,</span> <span class='ocrx_word' id='word_1_93' title='bbox 793 810 824 836; x_wconf 92' lang='lat' dir='ltr'>et</span> <span class='ocrx_word' id='word_1_94' title='bbox 845 815 980 835; x_wconf 88' lang='lat' dir='ltr'>mecum</span> <span class='ocrx_word' id='word_1_95' title='bbox 1005 804 1093 845; x_wconf 88' lang='lat' dir='ltr'>ipse,</span> <span class='ocrx_word' id='word_1_96' title='bbox 1123 809 1156 835; x_wconf 88' lang='lat' dir='ltr'>et</span> 
     </span>
     <span class='ocr_line' id='line_1_15' title="bbox 178 853 1156 893; baseline -0.004 -6"><span class='ocrx_word' id='word_1_97' title='bbox 178 869 256 889; x_wconf 80' lang='lat' dir='ltr'>cum</span> <span class='ocrx_word' id='word_1_98' title='bbox 277 854 341 888; x_wconf 85' lang='lat' dir='ltr'>boc</span> <span class='ocrx_word' id='word_1_99' title='bbox 359 855 534 892; x_wconf 86' lang='lat' dir='ltr'>Genutio,</span> <span class='ocrx_word' id='word_1_100' title='bbox 561 862 594 888; x_wconf 91' lang='lat' dir='ltr'>et</span> <span class='ocrx_word' id='word_1_101' title='bbox 614 854 799 893; x_wconf 82' lang='lat' dir='ltr'>Farnesio,</span> <span class='ocrx_word' id='word_1_102' title='bbox 827 860 859 886; x_wconf 87' lang='lat' dir='ltr'>et</span> <span class='ocrx_word' id='word_1_103' title='bbox 884 853 960 885; x_wconf 89' lang='lat' dir='ltr'>aliis</span> <span class='ocrx_word' id='word_1_104' title='bbox 984 853 1156 885; x_wconf 87' lang='lat' dir='ltr'>delibera-</span> 
     </span>
     <span class='ocr_line' id='line_1_16' title="bbox 180 904 1156 950; baseline -0.004 -11"><span class='ocrx_word' id='word_1_105' title='bbox 180 908 232 945; x_wconf 75' lang='lat' dir='ltr'>vi,</span> <span class='ocrx_word' id='word_1_106' title='bbox 278 907 455 950; x_wconf 75' lang='lat' dir='ltr'>quomodo</span> <span class='ocrx_word' id='word_1_107' title='bbox 482 904 656 937; x_wconf 87' lang='lat' dir='ltr'>Ecclesiae</span> <span class='ocrx_word' id='word_1_108' title='bbox 691 906 763 948; x_wconf 89' lang='lat' dir='ltr'>paci</span> <span class='ocrx_word' id='word_1_109' title='bbox 801 904 1055 937; x_wconf 87' lang='lat' dir='ltr'>consulendum</span> <span class='ocrx_word' id='word_1_110' title='bbox 1093 904 1156 943; x_wconf 91' lang='lat' dir='ltr'>sit,</span> 
     </span>
     <span class='ocr_line' id='line_1_17' title="bbox 179 955 1156 1000; baseline -0.005 -10"><span class='ocrx_word' id='word_1_111' title='bbox 179 958 322 1000; x_wconf 84' lang='lat' dir='ltr'>priusne</span> <span class='ocrx_word' id='word_1_112' title='bbox 346 958 381 988; x_wconf 90' lang='lat' dir='ltr'>in</span> <span class='ocrx_word' id='word_1_113' title='bbox 404 957 549 1000; x_wconf 78' lang='lat' dir='ltr'>Synodo</span> <span class='ocrx_word' id='word_1_114' title='bbox 572 967 624 988; x_wconf 78' lang='lat' dir='ltr'>res</span> <span class='ocrx_word' id='word_1_115' title='bbox 651 956 882 998; x_wconf 87' lang='lat' dir='ltr'>disputandae</span> <span class='ocrx_word' id='word_1_116' title='bbox 907 955 995 993; x_wconf 86' lang='lat' dir='ltr'>sint,</span> <span class='ocrx_word' id='word_1_117' title='bbox 1022 966 1067 986; x_wconf 85' lang='lat' dir='ltr'>an</span> <span class='ocrx_word' id='word_1_118' title='bbox 1091 966 1156 997; x_wconf 88' lang='lat' dir='ltr'>po-</span> 
     </span>
     <span class='ocr_line' id='line_1_18' title="bbox 180 1005 1184 1049; baseline -0.004 -9"><span class='ocrx_word' id='word_1_119' title='bbox 180 1009 248 1041; x_wconf 89' lang='lat' dir='ltr'>tius</span> <span class='ocrx_word' id='word_1_120' title='bbox 266 1014 400 1041; x_wconf 88' lang='lat' dir='ltr'>tantum</span> <span class='ocrx_word' id='word_1_121' title='bbox 420 1007 525 1038; x_wconf 87' lang='lat' dir='ltr'>armis</span> <span class='ocrx_word' id='word_1_122' title='bbox 539 1006 767 1049; x_wconf 82' lang='lat' dir='ltr'>opprimendi</span> <span class='ocrx_word' id='word_1_123' title='bbox 786 1006 866 1043; x_wconf 85' lang='lat' dir='ltr'>sint,</span> <span class='ocrx_word' id='word_1_124' title='bbox 894 1005 954 1049; x_wconf 89' lang='lat' dir='ltr'>qui</span> <span class='ocrx_word' id='word_1_125' title='bbox 973 1005 1157 1037; x_wconf 87' lang='lat' dir='ltr'>discedunt</span> <span class='ocrx_word' id='word_1_126' title='bbox 1182 1022 1184 1025; x_wconf 93' lang='lat'>·</span> 
     </span>
     <span class='ocr_line' id='line_1_19' title="bbox 179 1055 1184 1100; baseline -0.004 -10"><span class='ocrx_word' id='word_1_127' title='bbox 179 1071 197 1090; x_wconf 87' lang='lat' dir='ltr'>a</span> <span class='ocrx_word' id='word_1_128' title='bbox 217 1058 362 1090; x_wconf 72' lang='lat' dir='ltr'>decretis</span> <span class='ocrx_word' id='word_1_129' title='bbox 379 1065 410 1089; x_wconf 78' lang='lat' dir='ltr'>et</span> <span class='ocrx_word' id='word_1_130' title='bbox 431 1057 658 1100; x_wconf 82' lang='lat' dir='ltr'>opinionibus</span> <span class='ocrx_word' id='word_1_131' title='bbox 675 1063 773 1089; x_wconf 85' lang='lat' dir='ltr'>antea</span> <span class='ocrx_word' id='word_1_132' title='bbox 801 1055 957 1099; x_wconf 73' lang='lat' dir='ltr'>receptis.</span> <span class='ocrx_word' id='word_1_133' title='bbox 1011 1056 1089 1097; x_wconf 76' lang='lat' dir='ltr'>Qua</span> <span class='ocrx_word' id='word_1_134' title='bbox 1115 1056 1156 1086; x_wconf 89' lang='lat' dir='ltr'>de</span> <span class='ocrx_word' id='word_1_135' title='bbox 1182 1076 1184 1084; x_wconf 47' lang='grc' dir='ltr'><em>ι</em></span> 
     </span>
     <span class='ocr_line' id='line_1_20' title="bbox 181 1104 1157 1150; baseline -0.004 -9"><span class='ocrx_word' id='word_1_136' title='bbox 181 1121 226 1147; x_wconf 87' lang='lat' dir='ltr'>re,</span> <span class='ocrx_word' id='word_1_137' title='bbox 254 1121 331 1140; x_wconf 88' lang='lat' dir='ltr'>cum</span> <span class='ocrx_word' id='word_1_138' title='bbox 350 1119 518 1147; x_wconf 87' lang='lat' dir='ltr'>censeam,</span> <span class='ocrx_word' id='word_1_139' title='bbox 545 1119 615 1139; x_wconf 90' lang='lat' dir='ltr'>nou</span> <span class='ocrx_word' id='word_1_140' title='bbox 635 1107 856 1139; x_wconf 85' lang='lat' dir='ltr'>indicendam</span> <span class='ocrx_word' id='word_1_141' title='bbox 875 1118 946 1139; x_wconf 83' lang='lat' dir='ltr'>esse</span> <span class='ocrx_word' id='word_1_142' title='bbox 961 1104 1157 1150; x_wconf 81' lang='lat' dir='ltr'>Synodum,</span> 
     </span>
     <span class='ocr_line' id='line_1_21' title="bbox 180 1156 1156 1201; baseline -0.004 -10"><span class='ocrx_word' id='word_1_143' title='bbox 180 1159 280 1191; x_wconf 89' lang='lat' dir='ltr'>initio</span> <span class='ocrx_word' id='word_1_144' title='bbox 311 1166 409 1201; x_wconf 80' lang='lat' dir='ltr'>peto,</span> <span class='ocrx_word' id='word_1_145' title='bbox 447 1170 490 1189; x_wconf 87' lang='lat' dir='ltr'>ne</span> <span class='ocrx_word' id='word_1_146' title='bbox 515 1156 601 1189; x_wconf 87' lang='lat' dir='ltr'>mibi</span> <span class='ocrx_word' id='word_1_147' title='bbox 628 1164 687 1190; x_wconf 90' lang='lat' dir='ltr'>aut</span> <span class='ocrx_word' id='word_1_148' title='bbox 712 1158 837 1201; x_wconf 90' lang='lat' dir='ltr'>opibus</span> <span class='ocrx_word' id='word_1_149' title='bbox 860 1156 1042 1190; x_wconf 80' lang='lat' dir='ltr'>Romanae</span> <span class='ocrx_word' id='word_1_150' title='bbox 1066 1156 1156 1188; x_wconf 72' lang='lat' dir='ltr'>sedis</span> 
     </span>
     <span class='ocr_line' id='line_1_22' title="bbox 179 1207 1155 1242; baseline -0.004 0"><span class='ocrx_word' id='word_1_151' title='bbox 179 1216 334 1242; x_wconf 87' lang='lat' dir='ltr'>metuere</span> <span class='ocrx_word' id='word_1_152' title='bbox 354 1209 538 1241; x_wconf 79' lang='lat' dir='ltr'>existimes.</span> <span class='ocrx_word' id='word_1_153' title='bbox 592 1207 759 1240; x_wconf 87' lang='lat' dir='ltr'>Ioannem</span> <span class='ocrx_word' id='word_1_154' title='bbox 787 1208 989 1240; x_wconf 85' lang='lat' dir='ltr'>vicesimum</span> <span class='ocrx_word' id='word_1_155' title='bbox 1013 1207 1155 1239; x_wconf 87' lang='lat' dir='ltr'>tertium</span> 
     </span>
     <span class='ocr_line' id='line_1_23' title="bbox 179 1256 1157 1302; baseline -0.004 -10"><span class='ocrx_word' id='word_1_156' title='bbox 179 1261 279 1293; x_wconf 85' lang='lat' dir='ltr'>aiunt</span> <span class='ocrx_word' id='word_1_157' title='bbox 312 1259 539 1302; x_wconf 87' lang='lat' dir='ltr'>poenituisse,</span> <span class='ocrx_word' id='word_1_158' title='bbox 581 1259 673 1302; x_wconf 89' lang='lat' dir='ltr'>quod</span> <span class='ocrx_word' id='word_1_159' title='bbox 702 1258 884 1302; x_wconf 87' lang='lat' dir='ltr'>Synodum</span> <span class='ocrx_word' id='word_1_160' title='bbox 907 1256 1157 1291; x_wconf 83' lang='lat' dir='ltr'>Constantien-</span> 
     </span>
     <span class='ocr_line' id='line_1_24' title="bbox 178 1307 1184 1347; baseline -0.006 -5"><span class='ocrx_word' id='word_1_161' title='bbox 178 1322 248 1342; x_wconf 90' lang='lat' dir='ltr'>sem</span> <span class='ocrx_word' id='word_1_162' title='bbox 280 1315 549 1345; x_wconf 71' lang='lat' dir='ltr'>convocaverat,</span> <span class='ocrx_word' id='word_1_163' title='bbox 583 1320 660 1339; x_wconf 90' lang='lat' dir='ltr'>cum</span> <span class='ocrx_word' id='word_1_164' title='bbox 685 1320 763 1339; x_wconf 84' lang='lat' dir='ltr'>eum</span> <span class='ocrx_word' id='word_1_165' title='bbox 788 1320 827 1339; x_wconf 83' lang='lat' dir='ltr'>ex</span> <span class='ocrx_word' id='word_1_166' title='bbox 853 1319 989 1339; x_wconf 89' lang='lat' dir='ltr'>summo</span> <span class='ocrx_word' id='word_1_167' title='bbox 1018 1307 1154 1347; x_wconf 83' lang='lat' dir='ltr'>fastigio</span> <span class='ocrx_word' id='word_1_168' title='bbox 1183 1314 1184 1321; x_wconf 65' lang='lat'>¹</span> 
     </span>
     <span class='ocr_line' id='line_1_25' title="bbox 178 1355 1156 1399; baseline -0.006 -8"><span class='ocrx_word' id='word_1_169' title='bbox 178 1360 351 1392; x_wconf 87' lang='lat' dir='ltr'>deiiceret.</span> <span class='ocrx_word' id='word_1_170' title='bbox 406 1357 478 1397; x_wconf 73' lang='lat' dir='ltr'>Ego</span> <span class='ocrx_word' id='word_1_171' title='bbox 500 1369 579 1388; x_wconf 81' lang='lat' dir='ltr'>vero</span> <span class='ocrx_word' id='word_1_172' title='bbox 598 1364 759 1399; x_wconf 84' lang='lat' dir='ltr'>expertus</span> <span class='ocrx_word' id='word_1_173' title='bbox 788 1357 903 1387; x_wconf 78' lang='lat' dir='ltr'>variae</span> <span class='ocrx_word' id='word_1_174' title='bbox 925 1356 1084 1387; x_wconf 79' lang='lat' dir='ltr'>fortunae</span> <span class='ocrx_word' id='word_1_175' title='bbox 1105 1355 1156 1386; x_wconf 88' lang='lat' dir='ltr'>vi-</span> 
     </span>
    </p>
   </div>
   <div class='ocr_carea' id='block_1_3' title="bbox 178 450 810 495">
    <p class='ocr_par' dir='ltr' id='par_1_3' title="bbox 178 450 810 495">
     <span class='ocr_line' id='line_1_26' title="bbox 178 450 810 495; baseline -0.008 -9"><span class='ocrx_word' id='word_1_176' title='bbox 178 457 270 486; x_wconf 84' lang='lat' dir='ltr'>bono</span> <span class='ocrx_word' id='word_1_177' title='bbox 298 452 412 484; x_wconf 86' lang='lat' dir='ltr'>studio</span> <span class='ocrx_word' id='word_1_178' title='bbox 435 451 617 495; x_wconf 79' lang='lat' dir='ltr'>Synodum</span> <span class='ocrx_word' id='word_1_179' title='bbox 643 450 810 490; x_wconf 79' lang='lat' dir='ltr'>flagitare.</span> 
     </span>
    </p>
   </div>
   <div class='ocr_carea' id='block_1_4' title="bbox 178 1403 1188 1462">
    <p class='ocr_par' dir='ltr' id='par_1_4' title="bbox 178 1403 1188 1462">
     <span class='ocr_line' id='line_1_27' title="bbox 178 1403 1188 1462; baseline -0.007 -19"><span class='ocrx_word' id='word_1_180' title='bbox 178 1422 251 1450; x_wconf 85' lang='lat' dir='ltr'>ces,</span> <span class='ocrx_word' id='word_1_181' title='bbox 280 1422 393 1452; x_wconf 76' lang='lat' dir='ltr'>nuper</span> <span class='ocrx_word' id='word_1_182' title='bbox 409 1409 510 1440; x_wconf 85' lang='lat' dir='ltr'>etiam</span> <span class='ocrx_word' id='word_1_183' title='bbox 529 1414 666 1450; x_wconf 86' lang='lat' dir='ltr'>captus,</span> <span class='ocrx_word' id='word_1_184' title='bbox 689 1407 801 1448; x_wconf 80' lang='lat' dir='ltr'>cogito</span> <span class='ocrx_word' id='word_1_185' title='bbox 818 1419 889 1439; x_wconf 91' lang='lat' dir='ltr'>nou</span> <span class='ocrx_word' id='word_1_186' title='bbox 912 1406 1024 1437; x_wconf 88' lang='lat' dir='ltr'>solum</span> <span class='ocrx_word' id='word_1_187' title='bbox 1043 1403 1157 1437; x_wconf 79' lang='lat' dir='ltr'>liono-</span> <span class='ocrx_word' id='word_1_188' title='bbox 1182 1432 1188 1462; x_wconf 61' lang='lat' dir='ltr'>l</span> 
     </span>
    </p>
   </div>
   <div class='ocr_carea' id='block_1_5' title="bbox 178 1454 1186 2509">
    <p class='ocr_par' dir='ltr' id='par_1_5' title="bbox 178 1454 1186 2451">
     <span class='ocr_line' id='line_1_28' title="bbox 178 1454 1157 1503; baseline -0.008 -10"><span class='ocrx_word' id='word_1_189' title='bbox 178 1473 231 1493; x_wconf 91' lang='lat' dir='ltr'>res</span> <span class='ocrx_word' id='word_1_190' title='bbox 257 1466 288 1492; x_wconf 88' lang='lat' dir='ltr'>et</span> <span class='ocrx_word' id='word_1_191' title='bbox 310 1460 522 1503; x_wconf 87' lang='lat' dir='ltr'>potentiam,</span> <span class='ocrx_word' id='word_1_192' title='bbox 549 1458 607 1488; x_wconf 88' lang='lat' dir='ltr'>sed</span> <span class='ocrx_word' id='word_1_193' title='bbox 632 1454 722 1488; x_wconf 86' lang='lat' dir='ltr'>hanc</span> <span class='ocrx_word' id='word_1_194' title='bbox 748 1456 858 1498; x_wconf 88' lang='lat' dir='ltr'>ipsam</span> <span class='ocrx_word' id='word_1_195' title='bbox 884 1455 990 1486; x_wconf 81' lang='lat' dir='ltr'>vitam</span> <span class='ocrx_word' id='word_1_196' title='bbox 1018 1466 1157 1497; x_wconf 83' lang='lat' dir='ltr'>quoque</span> 
     </span>
     <span class='ocr_line' id='line_1_29' title="bbox 178 1504 1158 1553; baseline -0.01 -9"><span class='ocrx_word' id='word_1_197' title='bbox 178 1511 416 1553; x_wconf 83' lang='lat' dir='ltr'>fugacissimas</span> <span class='ocrx_word' id='word_1_198' title='bbox 432 1509 575 1540; x_wconf 86' lang='lat' dir='ltr'>umbras</span> <span class='ocrx_word' id='word_1_199' title='bbox 591 1518 681 1545; x_wconf 88' lang='lat' dir='ltr'>esse,</span> <span class='ocrx_word' id='word_1_200' title='bbox 709 1514 740 1538; x_wconf 92' lang='lat' dir='ltr'>et</span> <span class='ocrx_word' id='word_1_201' title='bbox 758 1505 950 1549; x_wconf 80' lang='lat' dir='ltr'>tranquillo</span> <span class='ocrx_word' id='word_1_202' title='bbox 968 1504 1086 1535; x_wconf 88' lang='lat' dir='ltr'>auimo</span> <span class='ocrx_word' id='word_1_203' title='bbox 1103 1515 1158 1535; x_wconf 90' lang='lat' dir='ltr'>ce-</span> 
     </span>
     <span class='ocr_line' id='line_1_30' title="bbox 179 1553 1157 1600; baseline -0.008 -7"><span class='ocrx_word' id='word_1_204' title='bbox 179 1564 258 1593; x_wconf 88' lang='lat' dir='ltr'>dam</span> <span class='ocrx_word' id='word_1_205' title='bbox 280 1562 321 1592; x_wconf 90' lang='lat' dir='ltr'>de</span> <span class='ocrx_word' id='word_1_206' title='bbox 339 1558 401 1592; x_wconf 88' lang='lat' dir='ltr'>hac</span> <span class='ocrx_word' id='word_1_207' title='bbox 418 1559 585 1595; x_wconf 87' lang='lat' dir='ltr'>statione,</span> <span class='ocrx_word' id='word_1_208' title='bbox 612 1557 894 1600; x_wconf 69' lang='lat' dir='ltr'>quandocunque</span> <span class='ocrx_word' id='word_1_209' title='bbox 912 1567 965 1586; x_wconf 89' lang='lat' dir='ltr'>me</span> <span class='ocrx_word' id='word_1_210' title='bbox 982 1554 1035 1585; x_wconf 84' lang='lat' dir='ltr'>vel</span> <span class='ocrx_word' id='word_1_211' title='bbox 1053 1553 1157 1592; x_wconf 81' lang='lat' dir='ltr'>Deus,</span> 
     </span>
     <span class='ocr_line' id='line_1_31' title="bbox 179 1604 1157 1653; baseline -0.007 -10"><span class='ocrx_word' id='word_1_212' title='bbox 179 1612 232 1643; x_wconf 90' lang='lat' dir='ltr'>vel</span> <span class='ocrx_word' id='word_1_213' title='bbox 260 1622 355 1643; x_wconf 90' lang='lat' dir='ltr'>casus</span> <span class='ocrx_word' id='word_1_214' title='bbox 381 1609 507 1653; x_wconf 86' lang='lat' dir='ltr'>aliquis</span> <span class='ocrx_word' id='word_1_215' title='bbox 534 1608 615 1639; x_wconf 89' lang='lat' dir='ltr'>iude</span> <span class='ocrx_word' id='word_1_216' title='bbox 640 1604 824 1639; x_wconf 81' lang='lat' dir='ltr'>abstrahet.</span> <span class='ocrx_word' id='word_1_217' title='bbox 879 1604 1016 1638; x_wconf 87' lang='lat' dir='ltr'>Deinde</span> <span class='ocrx_word' id='word_1_218' title='bbox 1035 1616 1097 1636; x_wconf 87' lang='lat' dir='ltr'>nec</span> <span class='ocrx_word' id='word_1_219' title='bbox 1114 1605 1157 1636; x_wconf 86' lang='lat' dir='ltr'>de</span> 
     </span>
     <span class='ocr_line' id='line_1_32' title="bbox 179 1655 1157 1705; baseline -0.008 -11"><span class='ocrx_word' id='word_1_220' title='bbox 179 1661 305 1705; x_wconf 90' lang='lat' dir='ltr'>opibus</span> <span class='ocrx_word' id='word_1_221' title='bbox 317 1659 500 1694; x_wconf 78' lang='lat' dir='ltr'>Romanae</span> <span class='ocrx_word' id='word_1_222' title='bbox 515 1659 606 1691; x_wconf 83' lang='lat' dir='ltr'>sedis</span> <span class='ocrx_word' id='word_1_223' title='bbox 623 1669 748 1699; x_wconf 83' lang='lat' dir='ltr'>angor,</span> <span class='ocrx_word' id='word_1_224' title='bbox 775 1668 859 1701; x_wconf 85' lang='lat' dir='ltr'>quas</span> <span class='ocrx_word' id='word_1_225' title='bbox 876 1655 1035 1688; x_wconf 72' lang='lat' dir='ltr'>attribuit</span> <span class='ocrx_word' id='word_1_226' title='bbox 1057 1655 1157 1687; x_wconf 89' lang='lat' dir='ltr'>nobis</span> 
     </span>
     <span class='ocr_line' id='line_1_33' title="bbox 178 1706 1158 1748; baseline -0.008 -3"><span class='ocrx_word' id='word_1_227' title='bbox 178 1711 380 1745; x_wconf 83' lang='lat' dir='ltr'>Ludovicus</span> <span class='ocrx_word' id='word_1_228' title='bbox 402 1710 517 1743; x_wconf 84' lang='lat' dir='ltr'>Caroli</span> <span class='ocrx_word' id='word_1_229' title='bbox 539 1709 647 1748; x_wconf 88' lang='lat' dir='ltr'>filius,</span> <span class='ocrx_word' id='word_1_230' title='bbox 675 1715 706 1740; x_wconf 89' lang='lat' dir='ltr'>et</span> <span class='ocrx_word' id='word_1_231' title='bbox 730 1715 767 1741; x_wconf 91' lang='lat' dir='ltr'>ut</span> <span class='ocrx_word' id='word_1_232' title='bbox 784 1714 918 1739; x_wconf 84' lang='lat' dir='ltr'>sumtus</span> <span class='ocrx_word' id='word_1_233' title='bbox 946 1706 1158 1738; x_wconf 82' lang='lat' dir='ltr'>necessarios</span> 
     </span>
     <span class='ocr_line' id='line_1_34' title="bbox 180 1757 1158 1805; baseline -0.006 -11"><span class='ocrx_word' id='word_1_234' title='bbox 180 1763 215 1794; x_wconf 88' lang='lat' dir='ltr'>in</span> <span class='ocrx_word' id='word_1_235' title='bbox 243 1761 496 1805; x_wconf 76' lang='lat' dir='ltr'>gubernatione</span> <span class='ocrx_word' id='word_1_236' title='bbox 522 1757 730 1797; x_wconf 79' lang='lat' dir='ltr'>habeamuS,</span> <span class='ocrx_word' id='word_1_237' title='bbox 764 1765 795 1791; x_wconf 92' lang='lat' dir='ltr'>et</span> <span class='ocrx_word' id='word_1_238' title='bbox 823 1764 860 1790; x_wconf 91' lang='lat' dir='ltr'>ut</span> <span class='ocrx_word' id='word_1_239' title='bbox 884 1758 991 1790; x_wconf 89' lang='lat' dir='ltr'>simus</span> <span class='ocrx_word' id='word_1_240' title='bbox 1015 1757 1158 1789; x_wconf 85' lang='lat' dir='ltr'>tutiores</span> 
     </span>
     <span class='ocr_line' id='line_1_35' title="bbox 180 1805 1156 1845; baseline -0.007 0"><span class='ocrx_word' id='word_1_241' title='bbox 180 1820 300 1845; x_wconf 90' lang='lat' dir='ltr'>contra</span> <span class='ocrx_word' id='word_1_242' title='bbox 326 1812 438 1844; x_wconf 89' lang='lat' dir='ltr'>subita</span> <span class='ocrx_word' id='word_1_243' title='bbox 465 1810 656 1843; x_wconf 88' lang='lat' dir='ltr'>latrocinia.</span> <span class='ocrx_word' id='word_1_244' title='bbox 711 1809 777 1842; x_wconf 87' lang='lat' dir='ltr'>Sed</span> <span class='ocrx_word' id='word_1_245' title='bbox 807 1809 908 1840; x_wconf 86' lang='lat' dir='ltr'>velim</span> <span class='ocrx_word' id='word_1_246' title='bbox 937 1805 999 1839; x_wconf 83' lang='lat' dir='ltr'>bac</span> <span class='ocrx_word' id='word_1_247' title='bbox 1023 1807 1156 1839; x_wconf 87' lang='lat' dir='ltr'>sarcina</span> 
     </span>
     <span class='ocr_line' id='line_1_36' title="bbox 180 1858 1158 1906; baseline -0.008 -10"><span class='ocrx_word' id='word_1_248' title='bbox 180 1863 382 1897; x_wconf 85' lang='lat' dir='ltr'>Romanum</span> <span class='ocrx_word' id='word_1_249' title='bbox 402 1860 613 1906; x_wconf 79' lang='lat' dir='ltr'>Episcopum</span> <span class='ocrx_word' id='word_1_250' title='bbox 634 1860 758 1897; x_wconf 82' lang='lat' dir='ltr'>levari,</span> <span class='ocrx_word' id='word_1_251' title='bbox 782 1860 809 1891; x_wconf 89' lang='lat' dir='ltr'>si</span> <span class='ocrx_word' id='word_1_252' title='bbox 836 1871 970 1902; x_wconf 77' lang='lat' dir='ltr'>semper</span> <span class='ocrx_word' id='word_1_253' title='bbox 989 1858 1072 1891; x_wconf 82' lang='lat' dir='ltr'>tales</span> <span class='ocrx_word' id='word_1_254' title='bbox 1088 1858 1158 1890; x_wconf 83' lang='lat' dir='ltr'>Im-</span> 
     </span>
     <span class='ocr_line' id='line_1_37' title="bbox 180 1908 1156 1957; baseline -0.006 -11"><span class='ocrx_word' id='word_1_255' title='bbox 180 1921 354 1957; x_wconf 84' lang='lat' dir='ltr'>peratores</span> <span class='ocrx_word' id='word_1_256' title='bbox 371 1911 591 1951; x_wconf 79' lang='lat' dir='ltr'>haberemus,</span> <span class='ocrx_word' id='word_1_257' title='bbox 612 1911 749 1956; x_wconf 79' lang='lat' dir='ltr'>qualem</span> <span class='ocrx_word' id='word_1_258' title='bbox 767 1917 799 1943; x_wconf 89' lang='lat' dir='ltr'>te</span> <span class='ocrx_word' id='word_1_259' title='bbox 818 1922 889 1942; x_wconf 87' lang='lat' dir='ltr'>esse</span> <span class='ocrx_word' id='word_1_260' title='bbox 909 1910 1024 1941; x_wconf 81' lang='lat' dir='ltr'>video.</span> <span class='ocrx_word' id='word_1_261' title='bbox 1079 1908 1156 1941; x_wconf 85' lang='lat' dir='ltr'>Non</span> 
     </span>
     <span class='ocr_line' id='line_1_38' title="bbox 182 1959 1158 2008; baseline -0.005 -12"><span class='ocrx_word' id='word_1_262' title='bbox 182 1965 287 2007; x_wconf 84' lang='lat' dir='ltr'>igitur</span> <span class='ocrx_word' id='word_1_263' title='bbox 318 1964 500 2008; x_wconf 80' lang='lat' dir='ltr'>Synodum</span> <span class='ocrx_word' id='word_1_264' title='bbox 534 1970 676 2005; x_wconf 87' lang='lat' dir='ltr'>propter</span> <span class='ocrx_word' id='word_1_265' title='bbox 702 1959 764 1993; x_wconf 80' lang='lat' dir='ltr'>lias</span> <span class='ocrx_word' id='word_1_266' title='bbox 795 1962 918 1993; x_wconf 88' lang='lat' dir='ltr'>stultas</span> <span class='ocrx_word' id='word_1_267' title='bbox 950 1960 1158 2002; x_wconf 85' lang='lat' dir='ltr'>cupiditates</span> 
     </span>
     <span class='ocr_line' id='line_1_39' title="bbox 179 2012 1159 2059; baseline -0.006 -12"><span class='ocrx_word' id='word_1_268' title='bbox 179 2016 286 2057; x_wconf 80' lang='lat' dir='ltr'>fugio.</span> <span class='ocrx_word' id='word_1_269' title='bbox 341 2015 461 2059; x_wconf 76' lang='lat' dir='ltr'>Neque</span> <span class='ocrx_word' id='word_1_270' title='bbox 478 2012 543 2045; x_wconf 87' lang='lat' dir='ltr'>boc</span> <span class='ocrx_word' id='word_1_271' title='bbox 561 2019 766 2055; x_wconf 83' lang='lat' dir='ltr'>argumento</span> <span class='ocrx_word' id='word_1_272' title='bbox 785 2024 944 2049; x_wconf 74' lang='lat' dir='ltr'>moveor,</span> <span class='ocrx_word' id='word_1_273' title='bbox 971 2012 1063 2055; x_wconf 85' lang='lat' dir='ltr'>quod</span> <span class='ocrx_word' id='word_1_274' title='bbox 1085 2022 1159 2042; x_wconf 88' lang='lat' dir='ltr'>ma-</span> 
     </span>
     <span class='ocr_line' id='line_1_40' title="bbox 180 2061 1159 2107; baseline -0.005 -9"><span class='ocrx_word' id='word_1_275' title='bbox 180 2067 372 2107; x_wconf 81' lang='lat' dir='ltr'>gnifaciunt</span> <span class='ocrx_word' id='word_1_276' title='bbox 393 2063 651 2097; x_wconf 78' lang='lat' dir='ltr'>Iurisconsulti:</span> <span class='ocrx_word' id='word_1_277' title='bbox 684 2062 808 2094; x_wconf 77' lang='lat' dir='ltr'>Valere</span> <span class='ocrx_word' id='word_1_278' title='bbox 826 2063 952 2094; x_wconf 88' lang='lat' dir='ltr'>debere</span> <span class='ocrx_word' id='word_1_279' title='bbox 971 2074 1086 2093; x_wconf 74' lang='lat' dir='ltr'>rerum</span> <span class='ocrx_word' id='word_1_280' title='bbox 1105 2061 1159 2093; x_wconf 86' lang='lat' dir='ltr'>iu-</span> 
     </span>
     <span class='ocr_line' id='line_1_41' title="bbox 180 2112 1158 2152; baseline -0.007 -3"><span class='ocrx_word' id='word_1_281' title='bbox 180 2117 369 2149; x_wconf 86' lang='lat' dir='ltr'>dicatarum</span> <span class='ocrx_word' id='word_1_282' title='bbox 394 2115 633 2152; x_wconf 68' lang='lat' dir='ltr'>autoritatem,</span> <span class='ocrx_word' id='word_1_283' title='bbox 668 2125 730 2145; x_wconf 90' lang='lat' dir='ltr'>nec</span> <span class='ocrx_word' id='word_1_284' title='bbox 755 2120 853 2145; x_wconf 88' lang='lat' dir='ltr'>antea</span> <span class='ocrx_word' id='word_1_285' title='bbox 887 2113 1023 2144; x_wconf 79' lang='lat' dir='ltr'>decreta</span> <span class='ocrx_word' id='word_1_286' title='bbox 1058 2112 1158 2143; x_wconf 87' lang='lat' dir='ltr'>novis</span> 
     </span>
     <span class='ocr_line' id='line_1_42' title="bbox 180 2161 1186 2210; baseline -0.004 -13"><span class='ocrx_word' id='word_1_287' title='bbox 180 2167 475 2210; x_wconf 76' lang='lat' dir='ltr'>disputationilms</span> <span class='ocrx_word' id='word_1_288' title='bbox 502 2164 739 2197; x_wconf 80' lang='lat' dir='ltr'>labefactanda</span> <span class='ocrx_word' id='word_1_289' title='bbox 767 2175 848 2196; x_wconf 80' lang='lat' dir='ltr'>esse.</span> <span class='ocrx_word' id='word_1_290' title='bbox 902 2161 977 2203; x_wconf 77' lang='lat' dir='ltr'>Ego</span> <span class='ocrx_word' id='word_1_291' title='bbox 1003 2174 1102 2205; x_wconf 63' lang='lat' dir='ltr'>vem,</span> <span class='ocrx_word' id='word_1_292' title='bbox 1130 2163 1156 2193; x_wconf 89' lang='lat' dir='ltr'>si</span> <span class='ocrx_word' id='word_1_293' title='bbox 1184 2171 1186 2194; x_wconf 64' lang='lat' dir='ltr'>t</span> 
     </span>
     <span class='ocr_line' id='line_1_43' title="bbox 181 2213 1186 2259; baseline -0.004 -11"><span class='ocrx_word' id='word_1_294' title='bbox 181 2218 266 2259; x_wconf 82' lang='lat' dir='ltr'>paci,</span> <span class='ocrx_word' id='word_1_295' title='bbox 285 2219 308 2248; x_wconf 92' lang='lat' dir='ltr'>si</span> <span class='ocrx_word' id='word_1_296' title='bbox 330 2217 506 2259; x_wconf 76' lang='lat' dir='ltr'>postet-iati</span> <span class='ocrx_word' id='word_1_297' title='bbox 526 2216 699 2257; x_wconf 78' lang='lat' dir='ltr'>prodesset</span> <span class='ocrx_word' id='word_1_298' title='bbox 713 2213 915 2257; x_wconf 84' lang='lat' dir='ltr'>disputatio,</span> <span class='ocrx_word' id='word_1_299' title='bbox 938 2214 1065 2245; x_wconf 83' lang='lat' dir='ltr'>nollem</span> <span class='ocrx_word' id='word_1_300' title='bbox 1084 2225 1156 2244; x_wconf 76' lang='lat' dir='ltr'>eain</span> <span class='ocrx_word' id='word_1_301' title='bbox 1185 2231 1186 2243; x_wconf 74' lang='lat'>1</span> 
     </span>
     <span class='ocr_line' id='line_1_44' title="bbox 179 2264 1157 2310; baseline -0.004 -12"><span class='ocrx_word' id='word_1_302' title='bbox 179 2266 382 2310; x_wconf 69' lang='lat' dir='ltr'>probibere,</span> <span class='ocrx_word' id='word_1_303' title='bbox 405 2280 441 2298; x_wconf 82' lang='lat' dir='ltr'>ac</span> <span class='ocrx_word' id='word_1_304' title='bbox 461 2273 595 2299; x_wconf 56' lang='lat' dir='ltr'>tautum</span> <span class='ocrx_word' id='word_1_305' title='bbox 616 2267 655 2297; x_wconf 89' lang='lat' dir='ltr'>ad</span> <span class='ocrx_word' id='word_1_306' title='bbox 677 2265 849 2307; x_wconf 75' lang='lat' dir='ltr'>publicam</span> <span class='ocrx_word' id='word_1_307' title='bbox 869 2276 986 2307; x_wconf 72' lang='lat' dir='ltr'>pacem</span> <span class='ocrx_word' id='word_1_308' title='bbox 1013 2270 1041 2294; x_wconf 77' lang='lat' dir='ltr'>et</span> <span class='ocrx_word' id='word_1_309' title='bbox 1064 2264 1157 2295; x_wconf 88' lang='lat' dir='ltr'>salu-</span> 
     </span>
     <span class='ocr_line' id='line_1_45' title="bbox 1024 2314 1156 2346; baseline -0.008 -1"><span class='ocrx_word' id='word_1_310' title='bbox 1024 2314 1156 2346; x_wconf 53' lang='lat' dir='ltr'>&amp;ston-</span> 
     </span>
     <span class='ocr_line' id='line_1_46' title="bbox 180 2366 1157 2411; baseline -0.005 -10"><span class='ocrx_word' id='word_1_311' title='bbox 180 2371 257 2400; x_wconf 83' lang='lat' dir='ltr'>‹lam</span> <span class='ocrx_word' id='word_1_312' title='bbox 275 2375 386 2399; x_wconf 83' lang='lat' dir='ltr'>autem</span> <span class='ocrx_word' id='word_1_313' title='bbox 407 2380 443 2400; x_wconf 77' lang='lat' dir='ltr'>ex</span> <span class='ocrx_word' id='word_1_314' title='bbox 463 2368 545 2411; x_wconf 74' lang='lat' dir='ltr'>ipsis</span> <span class='ocrx_word' id='word_1_315' title='bbox 564 2368 761 2409; x_wconf 80' lang='lat' dir='ltr'>dogmatum</span> <span class='ocrx_word' id='word_1_316' title='bbox 783 2366 967 2409; x_wconf 75' lang='lat' dir='ltr'>generibus</span> <span class='ocrx_word' id='word_1_317' title='bbox 990 2366 1054 2396; x_wconf 54' lang='lat' dir='ltr'>mvi</span> <span class='ocrx_word' id='word_1_318' title='bbox 1074 2377 1157 2396; x_wconf 73' lang='lat' dir='ltr'>con-</span> 
     </span>
     <span class='ocr_line' id='line_1_47' title="bbox 180 2419 414 2451; baseline -0.017 0"><span class='ocrx_word' id='word_1_319' title='bbox 180 2419 247 2451; x_wconf 79' lang='lat' dir='ltr'>silii</span> <span class='ocrx_word' id='word_1_320' title='bbox 266 2419 414 2451; x_wconf 39' lang='lat' dir='ltr'>causas*</span> 
     </span>
    </p>

    <p class='ocr_par' dir='ltr' id='par_1_6' title="bbox 279 2470 577 2509">
     <span class='ocr_line' id='line_1_48' title="bbox 279 2470 577 2509; baseline -0.003 -10"><span class='ocrx_word' id='word_1_321' title='bbox 279 2470 386 2509; x_wconf 71' lang='lat' dir='ltr'>„Sunt</span> <span class='ocrx_word' id='word_1_322' title='bbox 407 2470 577 2507; x_wconf 66' lang='lat' dir='ltr'>dogmata,</span> 
     </span>
    </p>
   </div>
   <div class='ocr_carea' id='block_1_6' title="bbox 1182 707 1187 2304">
    <p class='ocr_par' dir='ltr' id='par_1_7' title="bbox 1182 707 1187 2304">
     <span class='ocr_line' id='line_1_49' title="bbox 1182 707 1187 2304; baseline 0 0"><span class='ocrx_word' id='word_1_323' title='bbox 1182 707 1187 2304; x_wconf 95' lang='lat' dir='ltr'> </span> 
     </span>
    </p>
   </div>
   <div class='ocr_carea' id='block_1_7' title="bbox 179 2315 973 2361">
    <p class='ocr_par' dir='ltr' id='par_1_8' title="bbox 179 2315 973 2361">
     <span class='ocr_line' id='line_1_50' title="bbox 179 2315 973 2361; baseline -0.004 -11"><span class='ocrx_word' id='word_1_324' title='bbox 179 2326 245 2350; x_wconf 83' lang='lat' dir='ltr'>tem</span> <span class='ocrx_word' id='word_1_325' title='bbox 264 2319 470 2361; x_wconf 61' lang='lat' dir='ltr'>posteritatis</span> <span class='ocrx_word' id='word_1_326' title='bbox 488 2329 559 2349; x_wconf 84' lang='lat' dir='ltr'>mea</span> <span class='ocrx_word' id='word_1_327' title='bbox 578 2317 747 2349; x_wconf 74' lang='lat' dir='ltr'>sententia</span> <span class='ocrx_word' id='word_1_328' title='bbox 767 2315 895 2347; x_wconf 79' lang='lat' dir='ltr'>directa</span> <span class='ocrx_word' id='word_1_329' title='bbox 915 2321 973 2347; x_wconf 60' lang='lat' dir='ltr'>ost.</span> 
     </span>
    </p>
   </div>
   <div class='ocr_carea' id='block_1_8' title="bbox 176 2466 1158 2715">
    <p class='ocr_par' dir='ltr' id='par_1_9' title="bbox 176 2466 1158 2715">
     <span class='ocr_line' id='line_1_51' title="bbox 612 2466 1150 2510; baseline -0.006 -10"><span class='ocrx_word' id='word_1_330' title='bbox 612 2468 737 2510; x_wconf 76' lang='lat' dir='ltr'>partini</span> <span class='ocrx_word' id='word_1_331' title='bbox 757 2479 827 2498; x_wconf 87' lang='lat' dir='ltr'>non</span> <span class='ocrx_word' id='word_1_332' title='bbox 848 2467 959 2498; x_wconf 84' lang='lat' dir='ltr'>solum</span> <span class='ocrx_word' id='word_1_333' title='bbox 979 2466 1075 2503; x_wconf 72' lang='lat' dir='ltr'>salsa,</span> <span class='ocrx_word' id='word_1_334' title='bbox 1093 2467 1150 2497; x_wconf 81' lang='lat' dir='ltr'>sed</span> 
     </span>
     <span class='ocr_line' id='line_1_52' title="bbox 179 2517 1158 2562; baseline -0.005 -10"><span class='ocrx_word' id='word_1_335' title='bbox 179 2521 281 2553; x_wconf 81' lang='lat' dir='ltr'>etiam</span> <span class='ocrx_word' id='word_1_336' title='bbox 301 2519 481 2551; x_wconf 69' lang='lat' dir='ltr'>manifeste</span> <span class='ocrx_word' id='word_1_337' title='bbox 501 2519 662 2555; x_wconf 78' lang='lat' dir='ltr'>absurda,</span> <span class='ocrx_word' id='word_1_338' title='bbox 693 2519 806 2562; x_wconf 71' lang='lat' dir='ltr'>qualia</span> <span class='ocrx_word' id='word_1_339' title='bbox 827 2525 904 2549; x_wconf 84' lang='lat' dir='ltr'>suut</span> <span class='ocrx_word' id='word_1_340' title='bbox 927 2517 1158 2559; x_wconf 77' lang='lat' dir='ltr'>anabaptisti-</span> 
     </span>
     <span class='ocr_line' id='line_1_53' title="bbox 178 2568 1156 2612; baseline -0.004 -11"><span class='ocrx_word' id='word_1_341' title='bbox 178 2583 232 2603; x_wconf 83' lang='lat' dir='ltr'>ca:</span> <span class='ocrx_word' id='word_1_342' title='bbox 260 2568 434 2612; x_wconf 74' lang='lat' dir='ltr'>oportere</span> <span class='ocrx_word' id='word_1_343' title='bbox 458 2568 637 2601; x_wconf 77' lang='lat' dir='ltr'>facultates</span> <span class='ocrx_word' id='word_1_344' title='bbox 663 2569 819 2600; x_wconf 81' lang='lat' dir='ltr'>omnium</span> <span class='ocrx_word' id='word_1_345' title='bbox 847 2579 1050 2599; x_wconf 76' lang='lat' dir='ltr'>comumnes</span> <span class='ocrx_word' id='word_1_346' title='bbox 1073 2579 1156 2606; x_wconf 83' lang='lat' dir='ltr'>esse,</span> 
     </span>
     <span class='ocr_line' id='line_1_54' title="bbox 178 2618 1156 2663; baseline -0.005 -10"><span class='ocrx_word' id='word_1_347' title='bbox 178 2620 422 2663; x_wconf 62' lang='lat' dir='ltr'>bIagistratus,</span> <span class='ocrx_word' id='word_1_348' title='bbox 450 2618 597 2655; x_wconf 73' lang='lat' dir='ltr'>iudicia,</span> <span class='ocrx_word' id='word_1_349' title='bbox 626 2619 795 2659; x_wconf 73' lang='lat' dir='ltr'>legitimas</span> <span class='ocrx_word' id='word_1_350' title='bbox 819 2631 963 2661; x_wconf 76' lang='lat' dir='ltr'>poenas,</span> <span class='ocrx_word' id='word_1_351' title='bbox 999 2618 1156 2661; x_wconf 83' lang='lat' dir='ltr'>imperia,</span> 
     </span>
     <span class='ocr_line' id='line_1_55' title="bbox 176 2668 1155 2715; baseline -0.003 -12"><span class='ocrx_word' id='word_1_352' title='bbox 176 2684 228 2705; x_wconf 90' lang='lat' dir='ltr'>res</span> <span class='ocrx_word' id='word_1_353' title='bbox 254 2682 396 2715; x_wconf 86' lang='lat' dir='ltr'>prorsus</span> <span class='ocrx_word' id='word_1_354' title='bbox 419 2682 435 2701; x_wconf 91' lang='lat' dir='ltr'>a</span> <span class='ocrx_word' id='word_1_355' title='bbox 462 2669 534 2701; x_wconf 85' lang='lat' dir='ltr'>Deo</span> <span class='ocrx_word' id='word_1_356' title='bbox 566 2670 746 2701; x_wconf 80' lang='lat' dir='ltr'>damnatas</span> <span class='ocrx_word' id='word_1_357' title='bbox 774 2681 854 2702; x_wconf 85' lang='lat' dir='ltr'>esse.</span> <span class='ocrx_word' id='word_1_358' title='bbox 925 2668 1055 2701; x_wconf 84' lang='lat' dir='ltr'>Omnia</span> <span class='ocrx_word' id='word_1_359' title='bbox 1082 2668 1155 2701; x_wconf 82' lang='lat' dir='ltr'>fieri</span> 
     </span>
    </p>
   </div>
   <div class='ocr_carea' id='block_1_9' title="bbox 643 109 1711 147">
    <p class='ocr_par' dir='ltr' id='par_1_10' title="bbox 643 109 1711 147">
     <span class='ocr_line' id='line_1_56' title="bbox 643 109 1711 147; baseline 0.001 -2"><span class='ocrx_word' id='word_1_360' title='bbox 643 113 794 146; x_wconf 60' lang='lat' dir='ltr'>utici„</span> <span class='ocrx_word' id='word_1_361' title='bbox 831 110 902 144; x_wconf 78' lang='lat' dir='ltr'>DE</span> <span class='ocrx_word' id='word_1_362' title='bbox 945 110 1289 146; x_wconf 65' lang='lat' dir='ltr'>(JONGRESSU</span> <span class='ocrx_word' id='word_1_363' title='bbox 1332 109 1711 147; x_wconf 68' lang='lat' dir='ltr'>BONONIENSI.</span> 
     </span>
    </p>
   </div>
   <div class='ocr_carea' id='block_1_10' title="bbox 1182 1221 1937 1314">
    <p class='ocr_par' dir='ltr' id='par_1_11' title="bbox 1182 1221 1937 1314">
     <span class='ocr_line' id='line_1_57' title="bbox 1182 1221 1480 1253; baseline 0.003 -1"><span class='ocrx_word' id='word_1_364' title='bbox 1182 1236 1184 1241; x_wconf 53' lang='grc'>’</span> <span class='ocrx_word' id='word_1_365' title='bbox 1216 1221 1480 1253; x_wconf 72' lang='lat' dir='ltr'>inextricabilia.</span> 
     </span>
     <span class='ocr_line' id='line_1_58' title="bbox 1183 1272 1937 1314; baseline 0.003 -13"><span class='ocrx_word' id='word_1_366' title='bbox 1183 1307 1184 1310; x_wconf 13' lang='grc' dir='ltr'><strong>Ἴ</strong></span> <span class='ocrx_word' id='word_1_367' title='bbox 1211 1272 1366 1314; x_wconf 79' lang='lat' dir='ltr'>possint,</span> <span class='ocrx_word' id='word_1_368' title='bbox 1394 1272 1519 1304; x_wconf 87' lang='lat' dir='ltr'>melius</span> <span class='ocrx_word' id='word_1_369' title='bbox 1538 1272 1641 1304; x_wconf 84' lang='lat' dir='ltr'>suerit</span> <span class='ocrx_word' id='word_1_370' title='bbox 1658 1284 1696 1304; x_wconf 89' lang='lat' dir='ltr'>ea</span> <span class='ocrx_word' id='word_1_371' title='bbox 1714 1284 1785 1303; x_wconf 91' lang='lat' dir='ltr'>non</span> <span class='ocrx_word' id='word_1_372' title='bbox 1803 1272 1937 1314; x_wconf 83' lang='lat' dir='ltr'>agitari.</span> 
     </span>
    </p>
   </div>
   <div class='ocr_carea' id='block_1_11' title="bbox 1185 2414 1674 2456">
    <p class='ocr_par' dir='ltr' id='par_1_12' title="bbox 1185 2414 1674 2456">
     <span class='ocr_line' id='line_1_59' title="bbox 1185 2414 1674 2456; baseline -0.006 -8"><span class='ocrx_word' id='word_1_373' title='bbox 1185 2444 1186 2448; x_wconf 72' lang='grc'>,</span> <span class='ocrx_word' id='word_1_374' title='bbox 1213 2416 1270 2446; x_wconf 79' lang='lat' dir='ltr'>sed</span> <span class='ocrx_word' id='word_1_375' title='bbox 1293 2417 1334 2448; x_wconf 84' lang='lat' dir='ltr'>de</span> <span class='ocrx_word' id='word_1_376' title='bbox 1355 2415 1500 2456; x_wconf 80' lang='lat' dir='ltr'>imperio</span> <span class='ocrx_word' id='word_1_377' title='bbox 1521 2414 1674 2447; x_wconf 62' lang='lat' dir='ltr'>certavit.</span> 
     </span>
    </p>
   </div>
   <div class='ocr_carea' id='block_1_12' title="bbox 2113 114 2188 147">
    <p class='ocr_par' dir='ltr' id='par_1_13' title="bbox 2113 114 2188 147">
     <span class='ocr_line' id='line_1_60' title="bbox 2113 114 2188 147; baseline 0 0"><span class='ocrx_word' id='word_1_378' title='bbox 2113 114 2188 147; x_wconf 72' lang='lat'>312</span> 
     </span>
    </p>
   </div>
   <div class='ocr_carea' id='block_1_13' title="bbox 1206 195 2187 286">
    <p class='ocr_par' dir='ltr' id='par_1_14' title="bbox 1206 195 2187 286">
     <span class='ocr_line' id='line_1_61' title="bbox 1206 195 2186 238; baseline 0.003 -11"><span class='ocrx_word' id='word_1_379' title='bbox 1206 195 1417 235; x_wconf 86' lang='lat' dir='ltr'>necessario,</span> <span class='ocrx_word' id='word_1_380' title='bbox 1444 197 1546 229; x_wconf 85' lang='lat' dir='ltr'>etiam</span> <span class='ocrx_word' id='word_1_381' title='bbox 1565 198 1711 238; x_wconf 87' lang='lat' dir='ltr'>scelera,</span> <span class='ocrx_word' id='word_1_382' title='bbox 1739 198 1874 230; x_wconf 86' lang='lat' dir='ltr'>nullam</span> <span class='ocrx_word' id='word_1_383' title='bbox 1892 209 1962 230; x_wconf 89' lang='lat' dir='ltr'>esse</span> <span class='ocrx_word' id='word_1_384' title='bbox 1989 199 2186 232; x_wconf 83' lang='lat' dir='ltr'>libertatem</span> 
     </span>
     <span class='ocr_line' id='line_1_62' title="bbox 1206 245 2187 286; baseline 0.004 -8"><span class='ocrx_word' id='word_1_385' title='bbox 1206 245 1378 279; x_wconf 84' lang='lat' dir='ltr'>humanae</span> <span class='ocrx_word' id='word_1_386' title='bbox 1408 246 1619 286; x_wconf 81' lang='lat' dir='ltr'>voluntatis,</span> <span class='ocrx_word' id='word_1_387' title='bbox 1662 248 1795 281; x_wconf 90' lang='lat' dir='ltr'>renasci</span> <span class='ocrx_word' id='word_1_388' title='bbox 1820 245 1981 281; x_wconf 78' lang='lat' dir='ltr'>homines</span> <span class='ocrx_word' id='word_1_389' title='bbox 2006 249 2080 282; x_wconf 86' lang='lat' dir='ltr'>sine</span> <span class='ocrx_word' id='word_1_390' title='bbox 2105 261 2187 282; x_wconf 88' lang='lat' dir='ltr'>voce</span> 
     </span>
    </p>
   </div>
   <div class='ocr_carea' id='block_1_14' title="bbox 1179 295 2184 342">
    <p class='ocr_par' dir='ltr' id='par_1_15' title="bbox 1179 295 2184 342">
     <span class='ocr_line' id='line_1_63' title="bbox 1179 295 2184 342; baseline 0.003 -13"><span class='ocrx_word' id='word_1_391' title='bbox 1179 316 1181 320; x_wconf 94' lang='lat'>·</span> <span class='ocrx_word' id='word_1_392' title='bbox 1206 297 1403 336; x_wconf 77' lang='lat' dir='ltr'>doctrinae,</span> <span class='ocrx_word' id='word_1_393' title='bbox 1435 295 1679 331; x_wconf 85' lang='lat' dir='ltr'>enthusiasmis</span> <span class='ocrx_word' id='word_1_394' title='bbox 1701 299 1906 342; x_wconf 86' lang='lat' dir='ltr'>cogentibus</span> <span class='ocrx_word' id='word_1_395' title='bbox 1931 305 2184 342; x_wconf 84' lang='lat' dir='ltr'>repugnantem</span> 
     </span>
    </p>
   </div>
   <div class='ocr_carea' id='block_1_15' title="bbox 1207 347 2186 390">
    <p class='ocr_par' dir='ltr' id='par_1_16' title="bbox 1207 347 2186 390">
     <span class='ocr_line' id='line_1_64' title="bbox 1207 347 2186 390; baseline 0.003 -11"><span class='ocrx_word' id='word_1_396' title='bbox 1207 347 1436 379; x_wconf 69' lang='lat' dir='ltr'>voluntatem.</span> <span class='ocrx_word' id='word_1_397' title='bbox 1508 347 1626 390; x_wconf 84' lang='lat' dir='ltr'>Nuper</span> <span class='ocrx_word' id='word_1_398' title='bbox 1659 349 1760 381; x_wconf 91' lang='lat' dir='ltr'>etiam</span> <span class='ocrx_word' id='word_1_399' title='bbox 1797 349 2057 383; x_wconf 84' lang='lat' dir='ltr'>Samosatenica</span> <span class='ocrx_word' id='word_1_400' title='bbox 2093 356 2186 382; x_wconf 87' lang='lat' dir='ltr'>mota</span> 
     </span>
    </p>
   </div>
   <div class='ocr_carea' id='block_1_16' title="bbox 1180 396 2188 442">
    <p class='ocr_par' dir='ltr' id='par_1_17' title="bbox 1180 396 2188 442">
     <span class='ocr_line' id='line_1_65' title="bbox 1180 396 2188 442; baseline 0.003 -13"><span class='ocrx_word' id='word_1_401' title='bbox 1180 411 1182 432; x_wconf 45' lang='grc' dir='ltr'><strong>ξ</strong></span> <span class='ocrx_word' id='word_1_402' title='bbox 1207 404 1287 430; x_wconf 90' lang='lat' dir='ltr'>suut</span> <span class='ocrx_word' id='word_1_403' title='bbox 1303 398 1344 428; x_wconf 89' lang='lat' dir='ltr'>de</span> <span class='ocrx_word' id='word_1_404' title='bbox 1363 397 1433 429; x_wconf 85' lang='lat' dir='ltr'>filio</span> <span class='ocrx_word' id='word_1_405' title='bbox 1451 396 1526 434; x_wconf 85' lang='lat' dir='ltr'>Dei,</span> <span class='ocrx_word' id='word_1_406' title='bbox 1556 410 1642 442; x_wconf 82' lang='lat' dir='ltr'>qnae</span> <span class='ocrx_word' id='word_1_407' title='bbox 1660 400 1908 433; x_wconf 84' lang='lat' dir='ltr'>transformant</span> <span class='ocrx_word' id='word_1_408' title='bbox 1926 398 2103 432; x_wconf 81' lang='lat' dir='ltr'>Ecclesiae</span> <span class='ocrx_word' id='word_1_409' title='bbox 2124 400 2188 432; x_wconf 85' lang='lat' dir='ltr'>do-</span> 
     </span>
    </p>
   </div>
   <div class='ocr_carea' id='block_1_17' title="bbox 1207 446 2188 482">
    <p class='ocr_par' dir='ltr' id='par_1_18' title="bbox 1207 446 2188 482">
     <span class='ocr_line' id='line_1_66' title="bbox 1207 446 2188 482; baseline 0.003 -3"><span class='ocrx_word' id='word_1_410' title='bbox 1207 448 1353 480; x_wconf 84' lang='lat' dir='ltr'>ctrinam</span> <span class='ocrx_word' id='word_1_411' title='bbox 1373 446 1703 482; x_wconf 79' lang='lat' dir='ltr'>inMabometicam.</span> <span class='ocrx_word' id='word_1_412' title='bbox 1731 448 1777 482; x_wconf 59' lang='grc' dir='ltr'>[Ξῖ</span> <span class='ocrx_word' id='word_1_413' title='bbox 1793 457 1905 482; x_wconf 87' lang='lat' dir='ltr'>autem</span> <span class='ocrx_word' id='word_1_414' title='bbox 1927 451 1969 482; x_wconf 88' lang='lat' dir='ltr'>ad</span> <span class='ocrx_word' id='word_1_415' title='bbox 1986 450 2188 482; x_wconf 86' lang='lat' dir='ltr'>incendium</span> 
     </span>
    </p>
   </div>
   <div class='ocr_carea' id='block_1_18' title="bbox 1180 499 2189 594">
    <p class='ocr_par' dir='ltr' id='par_1_19' title="bbox 1180 499 2189 594">
     <span class='ocr_line' id='line_1_67' title="bbox 1180 499 2189 546; baseline 0.003 -16"><span class='ocrx_word' id='word_1_416' title='bbox 1180 532 1182 546; x_wconf 61' lang='lat' dir='ltr'>a</span> <span class='ocrx_word' id='word_1_417' title='bbox 1207 499 1495 539; x_wconf 76' lang='lat' dir='ltr'>restingu‹·11dmn</span> <span class='ocrx_word' id='word_1_418' title='bbox 1524 500 1606 531; x_wconf 88' lang='lat' dir='ltr'>boni</span> <span class='ocrx_word' id='word_1_419' title='bbox 1630 510 1750 531; x_wconf 89' lang='lat' dir='ltr'>omnes</span> <span class='ocrx_word' id='word_1_420' title='bbox 1776 512 1854 531; x_wconf 85' lang='lat' dir='ltr'>mox</span> <span class='ocrx_word' id='word_1_421' title='bbox 1878 507 2112 541; x_wconf 89' lang='lat' dir='ltr'>concurrunt,</span> <span class='ocrx_word' id='word_1_422' title='bbox 2140 501 2189 532; x_wconf 88' lang='lat' dir='ltr'>sic</span> 
     </span>
     <span class='ocr_line' id='line_1_68' title="bbox 1181 551 2189 594; baseline 0.003 -14"><span class='ocrx_word' id='word_1_423' title='bbox 1181 576 1182 580; x_wconf 71' lang='grc'>,</span> <span class='ocrx_word' id='word_1_424' title='bbox 1208 561 1415 581; x_wconf 83' lang='lat' dir='ltr'>concurrere</span> <span class='ocrx_word' id='word_1_425' title='bbox 1439 561 1560 581; x_wconf 88' lang='lat' dir='ltr'>omnes</span> <span class='ocrx_word' id='word_1_426' title='bbox 1586 551 1835 591; x_wconf 76' lang='lat' dir='ltr'>gubernatores</span> <span class='ocrx_word' id='word_1_427' title='bbox 1861 552 2045 593; x_wconf 81' lang='lat' dir='ltr'>oportebat</span> <span class='ocrx_word' id='word_1_428' title='bbox 2062 552 2104 583; x_wconf 89' lang='lat' dir='ltr'>ad</span> <span class='ocrx_word' id='word_1_429' title='bbox 2125 563 2189 594; x_wconf 83' lang='lat' dir='ltr'>op-</span> 
     </span>
    </p>
   </div>
   <div class='ocr_carea' id='block_1_19' title="bbox 1209 598 2192 896">
    <p class='ocr_par' dir='ltr' id='par_1_20' title="bbox 1209 598 2192 896">
     <span class='ocr_line' id='line_1_69' title="bbox 1210 598 2189 644; baseline 0.003 -14"><span class='ocrx_word' id='word_1_430' title='bbox 1210 599 1392 642; x_wconf 84' lang='lat' dir='ltr'>primenda</span> <span class='ocrx_word' id='word_1_431' title='bbox 1418 600 1516 632; x_wconf 87' lang='lat' dir='ltr'>initia</span> <span class='ocrx_word' id='word_1_432' title='bbox 1542 598 1664 632; x_wconf 80' lang='lat' dir='ltr'>barum</span> <span class='ocrx_word' id='word_1_433' title='bbox 1689 601 1956 644; x_wconf 81' lang='lat' dir='ltr'>quaestionum,</span> <span class='ocrx_word' id='word_1_434' title='bbox 1985 613 2023 632; x_wconf 92' lang='lat' dir='ltr'>ac</span> <span class='ocrx_word' id='word_1_435' title='bbox 2039 612 2093 633; x_wconf 90' lang='lat' dir='ltr'>res</span> <span class='ocrx_word' id='word_1_436' title='bbox 2112 612 2189 644; x_wconf 89' lang='lat' dir='ltr'>pes-</span> 
     </span>
     <span class='ocr_line' id='line_1_70' title="bbox 1209 650 2190 693; baseline 0.001 -12"><span class='ocrx_word' id='word_1_437' title='bbox 1209 650 1285 681; x_wconf 86' lang='lat' dir='ltr'>simi</span> <span class='ocrx_word' id='word_1_438' title='bbox 1304 651 1452 693; x_wconf 80' lang='lat' dir='ltr'>exempli</span> <span class='ocrx_word' id='word_1_439' title='bbox 1472 652 1589 690; x_wconf 80' lang='lat' dir='ltr'>suerit,</span> <span class='ocrx_word' id='word_1_440' title='bbox 1612 653 1655 683; x_wconf 85' lang='lat' dir='ltr'>de</span> <span class='ocrx_word' id='word_1_441' title='bbox 1672 652 1719 682; x_wconf 84' lang='lat' dir='ltr'>eis</span> <span class='ocrx_word' id='word_1_442' title='bbox 1739 652 1923 683; x_wconf 83' lang='lat' dir='ltr'>admittere</span> <span class='ocrx_word' id='word_1_443' title='bbox 1943 651 2049 683; x_wconf 87' lang='lat' dir='ltr'>ullam</span> <span class='ocrx_word' id='word_1_444' title='bbox 2069 651 2190 693; x_wconf 87' lang='lat' dir='ltr'>dispu-</span> 
     </span>
     <span class='ocr_line' id='line_1_71' title="bbox 1209 700 2192 745; baseline 0.002 -14"><span class='ocrx_word' id='word_1_445' title='bbox 1209 700 1387 734; x_wconf 76' lang='lat' dir='ltr'>tationem.</span> <span class='ocrx_word' id='word_1_446' title='bbox 1441 700 1538 733; x_wconf 84' lang='lat' dir='ltr'>Sedit</span> <span class='ocrx_word' id='word_1_447' title='bbox 1554 701 1781 734; x_wconf 85' lang='lat' dir='ltr'>Constantius</span> <span class='ocrx_word' id='word_1_448' title='bbox 1802 701 2014 745; x_wconf 81' lang='lat' dir='ltr'>Imperator,</span> <span class='ocrx_word' id='word_1_449' title='bbox 2043 708 2076 734; x_wconf 92' lang='lat' dir='ltr'>et</span> <span class='ocrx_word' id='word_1_450' title='bbox 2092 713 2192 744; x_wconf 86' lang='lat' dir='ltr'>prae-</span> 
     </span>
     <span class='ocr_line' id='line_1_72' title="bbox 1209 749 2192 795; baseline 0.002 -13"><span class='ocrx_word' id='word_1_451' title='bbox 1209 751 1420 792; x_wconf 84' lang='lat' dir='ltr'>stigiatorem</span> <span class='ocrx_word' id='word_1_452' title='bbox 1443 752 1564 784; x_wconf 87' lang='lat' dir='ltr'>audire</span> <span class='ocrx_word' id='word_1_453' title='bbox 1592 753 1724 795; x_wconf 87' lang='lat' dir='ltr'>potuit,</span> <span class='ocrx_word' id='word_1_454' title='bbox 1751 750 1835 784; x_wconf 86' lang='lat' dir='ltr'>baec</span> <span class='ocrx_word' id='word_1_455' title='bbox 1851 749 2053 794; x_wconf 86' lang='lat' dir='ltr'>blasphema</span> <span class='ocrx_word' id='word_1_456' title='bbox 2071 752 2192 784; x_wconf 89' lang='lat' dir='ltr'>dicen-</span> 
     </span>
     <span class='ocr_line' id='line_1_73' title="bbox 1210 800 2191 847; baseline 0.004 -15"><span class='ocrx_word' id='word_1_457' title='bbox 1210 809 1277 833; x_wconf 85' lang='lat' dir='ltr'>tem</span> <span class='ocrx_word' id='word_1_458' title='bbox 1306 802 1340 833; x_wconf 94' lang='lat' dir='ltr'>in</span> <span class='ocrx_word' id='word_1_459' title='bbox 1362 803 1523 846; x_wconf 62' lang='lat' dir='ltr'>Synodo:</span> <span class='ocrx_word' id='word_1_460' title='bbox 1558 802 1660 835; x_wconf 86' lang='lat' dir='ltr'>Pater</span> <span class='ocrx_word' id='word_1_461' title='bbox 1684 809 1733 834; x_wconf 87' lang='lat' dir='ltr'>est</span> <span class='ocrx_word' id='word_1_462' title='bbox 1761 800 1915 847; x_wconf 62' lang='grc' dir='ltr'><em>ἀσεβὴς,</em></span> <span class='ocrx_word' id='word_1_463' title='bbox 1944 803 2036 835; x_wconf 80' lang='lat' dir='ltr'>filius</span> <span class='ocrx_word' id='word_1_464' title='bbox 2059 809 2109 836; x_wconf 83' lang='lat' dir='ltr'>est</span> <span class='ocrx_word' id='word_1_465' title='bbox 2131 801 2191 836; x_wconf 72' lang='grc' dir='ltr'>εὐ-</span> 
     </span>
     <span class='ocr_line' id='line_1_74' title="bbox 1210 850 2191 896; baseline 0.002 -13"><span class='ocrx_word' id='word_1_466' title='bbox 1210 850 1334 896; x_wconf 59' lang='grc' dir='ltr'>σεβὴς,</span> <span class='ocrx_word' id='word_1_467' title='bbox 1382 853 1562 885; x_wconf 88' lang='lat' dir='ltr'>dissimilis</span> <span class='ocrx_word' id='word_1_468' title='bbox 1596 860 1645 885; x_wconf 85' lang='lat' dir='ltr'>est</span> <span class='ocrx_word' id='word_1_469' title='bbox 1685 864 1765 894; x_wconf 83' lang='lat' dir='ltr'>ergo</span> <span class='ocrx_word' id='word_1_470' title='bbox 1800 853 1894 885; x_wconf 85' lang='lat' dir='ltr'>filius</span> <span class='ocrx_word' id='word_1_471' title='bbox 1925 853 2025 896; x_wconf 87' lang='lat' dir='ltr'>patri.</span> <span class='ocrx_word' id='word_1_472' title='bbox 2093 852 2191 895; x_wconf 86' lang='lat' dir='ltr'>Quae</span> 
     </span>
    </p>
   </div>
   <div class='ocr_carea' id='block_1_20' title="bbox 1182 900 2192 946">
    <p class='ocr_par' dir='ltr' id='par_1_21' title="bbox 1182 900 2192 946">
     <span class='ocr_line' id='line_1_75' title="bbox 1182 900 2192 946; baseline 0.002 -13"><span class='ocrx_word' id='word_1_473' title='bbox 1182 932 1184 942; x_wconf 72' lang='grc'><strong>,</strong></span> <span class='ocrx_word' id='word_1_474' title='bbox 1210 902 1276 934; x_wconf 90' lang='lat' dir='ltr'>snit</span> <span class='ocrx_word' id='word_1_475' title='bbox 1296 900 1378 935; x_wconf 79' lang='lat' dir='ltr'>llaec</span> <span class='ocrx_word' id='word_1_476' title='bbox 1395 903 1540 943; x_wconf 81' lang='lat' dir='ltr'>leuitas,</span> <span class='ocrx_word' id='word_1_477' title='bbox 1569 904 1620 936; x_wconf 82' lang='lat' dir='ltr'>vel</span> <span class='ocrx_word' id='word_1_478' title='bbox 1641 904 1758 946; x_wconf 89' lang='lat' dir='ltr'>potius</span> <span class='ocrx_word' id='word_1_479' title='bbox 1775 903 1953 944; x_wconf 80' lang='lat' dir='ltr'>impietas,</span> <span class='ocrx_word' id='word_1_480' title='bbox 1981 904 2067 936; x_wconf 87' lang='lat' dir='ltr'>tales</span> <span class='ocrx_word' id='word_1_481' title='bbox 2092 915 2192 935; x_wconf 92' lang='lat' dir='ltr'>voces</span> 
     </span>
    </p>
   </div>
   <div class='ocr_carea' id='block_1_21' title="bbox 1210 952 2193 1099">
    <p class='ocr_par' dir='ltr' id='par_1_22' title="bbox 1210 952 2193 1099">
     <span class='ocr_line' id='line_1_76' title="bbox 1210 952 2193 993; baseline 0.002 -9"><span class='ocrx_word' id='word_1_482' title='bbox 1210 953 1355 984; x_wconf 73' lang='lat' dir='ltr'>audire?</span> <span class='ocrx_word' id='word_1_483' title='bbox 1397 952 1448 985; x_wconf 86' lang='lat' dir='ltr'>Te</span> <span class='ocrx_word' id='word_1_484' title='bbox 1468 966 1510 985; x_wconf 88' lang='lat' dir='ltr'>ne</span> <span class='ocrx_word' id='word_1_485' title='bbox 1527 953 1651 986; x_wconf 74' lang='lat' dir='ltr'>Carole</span> <span class='ocrx_word' id='word_1_486' title='bbox 1674 954 1886 993; x_wconf 84' lang='lat' dir='ltr'>existimem,</span> <span class='ocrx_word' id='word_1_487' title='bbox 1921 960 1990 986; x_wconf 89' lang='lat' dir='ltr'>tam</span> <span class='ocrx_word' id='word_1_488' title='bbox 2019 965 2091 986; x_wconf 92' lang='lat' dir='ltr'>non</span> <span class='ocrx_word' id='word_1_489' title='bbox 2114 954 2193 986; x_wconf 92' lang='lat' dir='ltr'>dico</span> 
     </span>
     <span class='ocr_line' id='line_1_77' title="bbox 1211 1003 2191 1046; baseline 0.002 -12"><span class='ocrx_word' id='word_1_490' title='bbox 1211 1003 1362 1042; x_wconf 88' lang='lat' dir='ltr'>lentum,</span> <span class='ocrx_word' id='word_1_491' title='bbox 1390 1005 1446 1035; x_wconf 88' lang='lat' dir='ltr'>sed</span> <span class='ocrx_word' id='word_1_492' title='bbox 1476 1006 1658 1037; x_wconf 69' lang='lat' dir='ltr'>vecordem</span> <span class='ocrx_word' id='word_1_493' title='bbox 1685 1016 1776 1041; x_wconf 82' lang='lat' dir='ltr'>esse,</span> <span class='ocrx_word' id='word_1_494' title='bbox 1803 1012 1841 1037; x_wconf 89' lang='lat' dir='ltr'>ut</span> <span class='ocrx_word' id='word_1_495' title='bbox 1866 1004 1932 1037; x_wconf 85' lang='lat' dir='ltr'>suit</span> <span class='ocrx_word' id='word_1_496' title='bbox 1951 1003 2191 1046; x_wconf 80' lang='lat' dir='ltr'>Constantius,</span> 
     </span>
     <span class='ocr_line' id='line_1_78' title="bbox 1213 1054 2193 1099; baseline 0.001 -15"><span class='ocrx_word' id='word_1_497' title='bbox 1213 1060 1250 1085; x_wconf 92' lang='lat' dir='ltr'>ut</span> <span class='ocrx_word' id='word_1_498' title='bbox 1273 1054 1394 1086; x_wconf 87' lang='lat' dir='ltr'>sedens</span> <span class='ocrx_word' id='word_1_499' title='bbox 1424 1054 1459 1086; x_wconf 88' lang='lat' dir='ltr'>in</span> <span class='ocrx_word' id='word_1_500' title='bbox 1479 1054 1642 1099; x_wconf 77' lang='lat' dir='ltr'>Synodo,</span> <span class='ocrx_word' id='word_1_501' title='bbox 1669 1055 1743 1086; x_wconf 90' lang='lat' dir='ltr'>sine</span> <span class='ocrx_word' id='word_1_502' title='bbox 1767 1054 1901 1096; x_wconf 85' lang='lat' dir='ltr'>ingenti</span> <span class='ocrx_word' id='word_1_503' title='bbox 1928 1055 2049 1086; x_wconf 91' lang='lat' dir='ltr'>dolore</span> <span class='ocrx_word' id='word_1_504' title='bbox 2077 1061 2110 1088; x_wconf 88' lang='lat' dir='ltr'>et</span> <span class='ocrx_word' id='word_1_505' title='bbox 2138 1054 2193 1086; x_wconf 90' lang='lat' dir='ltr'>in-</span> 
     </span>
    </p>
   </div>
   <div class='ocr_carea' id='block_1_22' title="bbox 1212 1103 1975 1148">
    <p class='ocr_par' dir='ltr' id='par_1_23' title="bbox 1212 1103 1975 1148">
     <span class='ocr_line' id='line_1_79' title="bbox 1212 1103 1975 1148; baseline 0.004 -13"><span class='ocrx_word' id='word_1_506' title='bbox 1212 1103 1434 1145; x_wconf 82' lang='lat' dir='ltr'>dignatione,</span> <span class='ocrx_word' id='word_1_507' title='bbox 1463 1103 1675 1148; x_wconf 84' lang='lat' dir='ltr'>sophismata</span> <span class='ocrx_word' id='word_1_508' title='bbox 1692 1105 1877 1137; x_wconf 86' lang='lat' dir='ltr'>auditurus</span> <span class='ocrx_word' id='word_1_509' title='bbox 1892 1104 1975 1138; x_wconf 73' lang='lat' dir='ltr'>sis‚&#39;&#39;</span> 
     </span>
    </p>
   </div>
   <div class='ocr_carea' id='block_1_23' title="bbox 1309 1169 2194 1255">
    <p class='ocr_par' dir='ltr' id='par_1_24' title="bbox 1309 1169 2194 1255">
     <span class='ocr_line' id='line_1_80' title="bbox 1309 1169 2194 1214; baseline 0.002 -12"><span class='ocrx_word' id='word_1_510' title='bbox 1309 1169 1498 1210; x_wconf 85' lang='lat' dir='ltr'>„Secunda</span> <span class='ocrx_word' id='word_1_511' title='bbox 1522 1172 1639 1203; x_wconf 88' lang='lat' dir='ltr'>classis</span> <span class='ocrx_word' id='word_1_512' title='bbox 1662 1179 1730 1211; x_wconf 88' lang='lat' dir='ltr'>est,</span> <span class='ocrx_word' id='word_1_513' title='bbox 1756 1177 1794 1204; x_wconf 92' lang='lat' dir='ltr'>ut</span> <span class='ocrx_word' id='word_1_514' title='bbox 1812 1171 1856 1204; x_wconf 87' lang='lat' dir='ltr'>ita</span> <span class='ocrx_word' id='word_1_515' title='bbox 1874 1171 2004 1212; x_wconf 87' lang='lat' dir='ltr'>dicam,</span> <span class='ocrx_word' id='word_1_516' title='bbox 2032 1172 2194 1214; x_wconf 84' lang='lat' dir='ltr'>dogmata</span> 
     </span>
     <span class='ocr_line' id='line_1_81' title="bbox 1532 1219 2193 1255; baseline 0.002 -2"><span class='ocrx_word' id='word_1_517' title='bbox 1532 1220 1585 1254; x_wconf 87' lang='lat' dir='ltr'>De</span> <span class='ocrx_word' id='word_1_518' title='bbox 1613 1219 1666 1254; x_wconf 89' lang='lat' dir='ltr'>bis</span> <span class='ocrx_word' id='word_1_519' title='bbox 1688 1234 1765 1254; x_wconf 88' lang='lat' dir='ltr'>cum</span> <span class='ocrx_word' id='word_1_520' title='bbox 1794 1222 1870 1254; x_wconf 89' lang='lat' dir='ltr'>tolli</span> <span class='ocrx_word' id='word_1_521' title='bbox 1903 1222 2095 1255; x_wconf 88' lang='lat' dir='ltr'>certamina</span> <span class='ocrx_word' id='word_1_522' title='bbox 2121 1234 2193 1254; x_wconf 91' lang='lat' dir='ltr'>non</span> 
     </span>
    </p>
   </div>
   <div class='ocr_carea' id='block_1_24' title="bbox 1211 1271 2195 1403">
    <p class='ocr_par' dir='ltr' id='par_1_25' title="bbox 1211 1271 2195 1403">
     <span class='ocr_line' id='line_1_82' title="bbox 1991 1271 2193 1305; baseline 0 -1"><span class='ocrx_word' id='word_1_523' title='bbox 1991 1271 2097 1304; x_wconf 85' lang='lat' dir='ltr'>Tales</span> <span class='ocrx_word' id='word_1_524' title='bbox 2113 1279 2193 1305; x_wconf 89' lang='lat' dir='ltr'>sunt</span> 
     </span>
     <span class='ocr_line' id='line_1_83' title="bbox 1211 1320 2195 1362; baseline 0.003 -12"><span class='ocrx_word' id='word_1_525' title='bbox 1211 1322 1434 1362; x_wconf 88' lang='lat' dir='ltr'>quaestiones</span> <span class='ocrx_word' id='word_1_526' title='bbox 1452 1320 1494 1351; x_wconf 90' lang='lat' dir='ltr'>de</span> <span class='ocrx_word' id='word_1_527' title='bbox 1510 1320 1716 1352; x_wconf 81' lang='lat' dir='ltr'>adoratione</span> <span class='ocrx_word' id='word_1_528' title='bbox 1736 1320 1846 1362; x_wconf 84' lang='lat' dir='ltr'>panis,</span> <span class='ocrx_word' id='word_1_529' title='bbox 1874 1321 1916 1351; x_wconf 85' lang='lat' dir='ltr'>(le</span> <span class='ocrx_word' id='word_1_530' title='bbox 1935 1322 2126 1361; x_wconf 84' lang='lat' dir='ltr'>oblatione,</span> <span class='ocrx_word' id='word_1_531' title='bbox 2153 1321 2195 1353; x_wconf 87' lang='lat' dir='ltr'>de</span> 
     </span>
     <span class='ocr_line' id='line_1_84' title="bbox 1211 1368 1557 1403; baseline 0.003 -2"><span class='ocrx_word' id='word_1_532' title='bbox 1211 1369 1379 1402; x_wconf 86' lang='lat' dir='ltr'>sacrificio</span> <span class='ocrx_word' id='word_1_533' title='bbox 1398 1368 1557 1403; x_wconf 73' lang='lat' dir='ltr'>Missae.”</span> 
     </span>
    </p>
   </div>
   <div class='ocr_carea' id='block_1_25' title="bbox 1211 1434 2194 2031">
    <p class='ocr_par' dir='ltr' id='par_1_26' title="bbox 1211 1434 2194 2031">
     <span class='ocr_line' id='line_1_85' title="bbox 1312 1434 2194 1478; baseline 0.003 -12"><span class='ocrx_word' id='word_1_534' title='bbox 1312 1435 1461 1474; x_wconf 85' lang='lat' dir='ltr'>„Tertia</span> <span class='ocrx_word' id='word_1_535' title='bbox 1485 1436 1603 1467; x_wconf 88' lang='lat' dir='ltr'>classis</span> <span class='ocrx_word' id='word_1_536' title='bbox 1626 1441 1692 1467; x_wconf 87' lang='lat' dir='ltr'>est:</span> <span class='ocrx_word' id='word_1_537' title='bbox 1729 1434 1988 1478; x_wconf 86' lang='lat' dir='ltr'>Dispensabilia</span> <span class='ocrx_word' id='word_1_538' title='bbox 2014 1435 2194 1469; x_wconf 86' lang='lat' dir='ltr'>Pontificis</span> 
     </span>
     <span class='ocr_line' id='line_1_86' title="bbox 1211 1484 2193 1524; baseline 0.002 -7"><span class='ocrx_word' id='word_1_539' title='bbox 1211 1484 1412 1524; x_wconf 88' lang='lat' dir='ltr'>autoritate,</span> <span class='ocrx_word' id='word_1_540' title='bbox 1438 1492 1478 1517; x_wconf 91' lang='lat' dir='ltr'>ut</span> <span class='ocrx_word' id='word_1_541' title='bbox 1501 1485 1628 1517; x_wconf 85' lang='lat' dir='ltr'>laxatio</span> <span class='ocrx_word' id='word_1_542' title='bbox 1654 1490 1836 1524; x_wconf 89' lang='lat' dir='ltr'>votorum,</span> <span class='ocrx_word' id='word_1_543' title='bbox 1863 1485 2040 1518; x_wconf 90' lang='lat' dir='ltr'>concessio</span> <span class='ocrx_word' id='word_1_544' title='bbox 2068 1487 2193 1519; x_wconf 89' lang='lat' dir='ltr'>coniu-</span> 
     </span>
     <span class='ocr_line' id='line_1_87' title="bbox 1211 1534 2194 1577; baseline 0.003 -11"><span class='ocrx_word' id='word_1_545' title='bbox 1211 1535 1278 1577; x_wconf 85' lang='lat' dir='ltr'>gii,</span> <span class='ocrx_word' id='word_1_546' title='bbox 1304 1534 1501 1567; x_wconf 87' lang='lat' dir='ltr'>emendatio</span> <span class='ocrx_word' id='word_1_547' title='bbox 1520 1535 1788 1577; x_wconf 83' lang='lat' dir='ltr'>superstitionis,</span> <span class='ocrx_word' id='word_1_548' title='bbox 1816 1535 1852 1567; x_wconf 91' lang='lat' dir='ltr'>in</span> <span class='ocrx_word' id='word_1_549' title='bbox 1868 1535 1967 1576; x_wconf 87' lang='lat' dir='ltr'>cibis,</span> <span class='ocrx_word' id='word_1_550' title='bbox 1995 1537 2135 1575; x_wconf 88' lang='lat' dir='ltr'>vestitu,</span> <span class='ocrx_word' id='word_1_551' title='bbox 2161 1544 2194 1570; x_wconf 88' lang='lat' dir='ltr'>et</span> 
     </span>
     <span class='ocr_line' id='line_1_88' title="bbox 1213 1583 2193 1628; baseline 0.002 -11"><span class='ocrx_word' id='word_1_552' title='bbox 1213 1585 1389 1617; x_wconf 88' lang='lat' dir='ltr'>similibus</span> <span class='ocrx_word' id='word_1_553' title='bbox 1417 1585 1570 1628; x_wconf 88' lang='lat' dir='ltr'>ineptiis.</span> <span class='ocrx_word' id='word_1_554' title='bbox 1623 1585 1674 1618; x_wconf 91' lang='lat' dir='ltr'>De</span> <span class='ocrx_word' id='word_1_555' title='bbox 1699 1583 1762 1617; x_wconf 86' lang='lat' dir='ltr'>hac</span> <span class='ocrx_word' id='word_1_556' title='bbox 1792 1585 1914 1624; x_wconf 78' lang='lat' dir='ltr'>classe,</span> <span class='ocrx_word' id='word_1_557' title='bbox 1942 1598 2020 1618; x_wconf 89' lang='lat' dir='ltr'>cum</span> <span class='ocrx_word' id='word_1_558' title='bbox 2044 1599 2098 1619; x_wconf 84' lang='lat' dir='ltr'>res</span> <span class='ocrx_word' id='word_1_559' title='bbox 2123 1587 2193 1620; x_wconf 91' lang='lat' dir='ltr'>sint</span> 
     </span>
     <span class='ocr_line' id='line_1_89' title="bbox 1211 1634 2191 1682; baseline 0.003 -15"><span class='ocrx_word' id='word_1_560' title='bbox 1211 1635 1432 1676; x_wconf 79' lang='lat' dir='ltr'>manifestae,</span> <span class='ocrx_word' id='word_1_561' title='bbox 1467 1634 1557 1668; x_wconf 82' lang='lat' dir='ltr'>nibil</span> <span class='ocrx_word' id='word_1_562' title='bbox 1582 1648 1669 1679; x_wconf 92' lang='lat' dir='ltr'>opus</span> <span class='ocrx_word' id='word_1_563' title='bbox 1702 1643 1751 1668; x_wconf 86' lang='lat' dir='ltr'>est</span> <span class='ocrx_word' id='word_1_564' title='bbox 1781 1636 2019 1679; x_wconf 88' lang='lat' dir='ltr'>disputatione</span> <span class='ocrx_word' id='word_1_565' title='bbox 2044 1636 2191 1682; x_wconf 86' lang='lat' dir='ltr'>Synodi.</span> 
     </span>
     <span class='ocr_line' id='line_1_90' title="bbox 1212 1683 2194 1730; baseline 0.001 -11"><span class='ocrx_word' id='word_1_566' title='bbox 1212 1686 1250 1719; x_wconf 84' lang='lat' dir='ltr'>Si</span> <span class='ocrx_word' id='word_1_567' title='bbox 1266 1684 1380 1728; x_wconf 82' lang='lat' dir='ltr'>Reges</span> <span class='ocrx_word' id='word_1_568' title='bbox 1403 1693 1437 1719; x_wconf 84' lang='lat' dir='ltr'>et</span> <span class='ocrx_word' id='word_1_569' title='bbox 1453 1685 1632 1729; x_wconf 88' lang='lat' dir='ltr'>Principes</span> <span class='ocrx_word' id='word_1_570' title='bbox 1659 1693 1778 1730; x_wconf 86' lang='lat' dir='ltr'>petent</span> <span class='ocrx_word' id='word_1_571' title='bbox 1795 1683 1920 1719; x_wconf 90' lang='lat' dir='ltr'>harum</span> <span class='ocrx_word' id='word_1_572' title='bbox 1938 1699 2056 1720; x_wconf 89' lang='lat' dir='ltr'>rerum</span> <span class='ocrx_word' id='word_1_573' title='bbox 2071 1689 2194 1720; x_wconf 90' lang='lat' dir='ltr'>mode-</span> 
     </span>
     <span class='ocr_line' id='line_1_91' title="bbox 1211 1735 2191 1777; baseline 0.003 -9"><span class='ocrx_word' id='word_1_574' title='bbox 1211 1736 1396 1777; x_wconf 88' lang='lat' dir='ltr'>rationem,</span> <span class='ocrx_word' id='word_1_575' title='bbox 1417 1738 1513 1769; x_wconf 86' lang='lat' dir='ltr'>sedes</span> <span class='ocrx_word' id='word_1_576' title='bbox 1532 1736 1692 1770; x_wconf 86' lang='lat' dir='ltr'>Romana</span> <span class='ocrx_word' id='word_1_577' title='bbox 1711 1749 1782 1769; x_wconf 91' lang='lat' dir='ltr'>uno</span> <span class='ocrx_word' id='word_1_578' title='bbox 1802 1738 1914 1770; x_wconf 91' lang='lat' dir='ltr'>edicto</span> <span class='ocrx_word' id='word_1_579' title='bbox 1933 1735 2057 1770; x_wconf 87' lang='lat' dir='ltr'>harum</span> <span class='ocrx_word' id='word_1_580' title='bbox 2072 1750 2191 1771; x_wconf 89' lang='lat' dir='ltr'>rerum</span> 
     </span>
     <span class='ocr_line' id='line_1_92' title="bbox 1212 1786 2191 1833; baseline 0.003 -14"><span class='ocrx_word' id='word_1_581' title='bbox 1212 1787 1370 1819; x_wconf 88' lang='lat' dir='ltr'>omnium</span> <span class='ocrx_word' id='word_1_582' title='bbox 1397 1786 1587 1822; x_wconf 64' lang='grc' dir='ltr'>ἐπιείκειαν</span> <span class='ocrx_word' id='word_1_583' title='bbox 1610 1789 1712 1820; x_wconf 85' lang='lat' dir='ltr'>edere</span> <span class='ocrx_word' id='word_1_584' title='bbox 1737 1795 1861 1831; x_wconf 86' lang='lat' dir='ltr'>posset.</span> <span class='ocrx_word' id='word_1_585' title='bbox 1914 1787 2028 1822; x_wconf 87' lang='lat' dir='ltr'>Velim</span> <span class='ocrx_word' id='word_1_586' title='bbox 2054 1795 2086 1822; x_wconf 87' lang='lat' dir='ltr'>et</span> <span class='ocrx_word' id='word_1_587' title='bbox 2119 1789 2191 1833; x_wconf 88' lang='lat' dir='ltr'>ipse</span> 
     </span>
     <span class='ocr_line' id='line_1_93' title="bbox 1212 1838 2194 1884; baseline 0.001 -13"><span class='ocrx_word' id='word_1_588' title='bbox 1212 1838 1289 1871; x_wconf 87' lang='lat' dir='ltr'>tolli</span> <span class='ocrx_word' id='word_1_589' title='bbox 1308 1838 1591 1881; x_wconf 87' lang='lat' dir='ltr'>superstitionem</span> <span class='ocrx_word' id='word_1_590' title='bbox 1604 1864 1611 1877; x_wconf 90' lang='lat'>,</span> <span class='ocrx_word' id='word_1_591' title='bbox 1638 1845 1671 1871; x_wconf 88' lang='lat' dir='ltr'>et</span> <span class='ocrx_word' id='word_1_592' title='bbox 1688 1850 1827 1870; x_wconf 84' lang='lat' dir='ltr'>morum</span> <span class='ocrx_word' id='word_1_593' title='bbox 1845 1839 1928 1871; x_wconf 87' lang='lat' dir='ltr'>vitia</span> <span class='ocrx_word' id='word_1_594' title='bbox 1942 1866 1951 1879; x_wconf 87' lang='lat'><strong>‚</strong></span> <span class='ocrx_word' id='word_1_595' title='bbox 1973 1851 2061 1884; x_wconf 89' lang='lat' dir='ltr'>quae</span> <span class='ocrx_word' id='word_1_596' title='bbox 2077 1839 2194 1874; x_wconf 88' lang='lat' dir='ltr'>stultis</span> 
     </span>
     <span class='ocr_line' id='line_1_94' title="bbox 1212 1886 2193 1934; baseline 0.003 -14"><span class='ocrx_word' id='word_1_597' title='bbox 1212 1889 1347 1931; x_wconf 83' lang='lat' dir='ltr'>legibus</span> <span class='ocrx_word' id='word_1_598' title='bbox 1364 1896 1546 1931; x_wconf 84' lang='lat' dir='ltr'>augentur.</span> <span class='ocrx_word' id='word_1_599' title='bbox 1600 1889 1667 1923; x_wconf 85' lang='lat' dir='ltr'>Sed</span> <span class='ocrx_word' id='word_1_600' title='bbox 1685 1886 1871 1934; x_wconf 68' lang='grc' dir='ltr'>ἀναρχίαν</span> <span class='ocrx_word' id='word_1_601' title='bbox 1888 1889 1960 1922; x_wconf 81' lang='lat' dir='ltr'>fieri</span> <span class='ocrx_word' id='word_1_602' title='bbox 1978 1890 2072 1924; x_wconf 87' lang='lat' dir='ltr'>nolo.</span> <span class='ocrx_word' id='word_1_603' title='bbox 2127 1889 2193 1923; x_wconf 90' lang='lat' dir='ltr'>Pe-</span> 
     </span>
     <span class='ocr_line' id='line_1_95' title="bbox 1213 1938 2192 1980; baseline 0 -8"><span class='ocrx_word' id='word_1_604' title='bbox 1213 1946 1306 1973; x_wconf 89' lang='lat' dir='ltr'>tatur</span> <span class='ocrx_word' id='word_1_605' title='bbox 1319 1952 1336 1970; x_wconf 88' lang='lat' dir='ltr'>a</span> <span class='ocrx_word' id='word_1_606' title='bbox 1362 1938 1522 1973; x_wconf 85' lang='lat' dir='ltr'>Romana</span> <span class='ocrx_word' id='word_1_607' title='bbox 1548 1941 1627 1973; x_wconf 91' lang='lat' dir='ltr'>sede</span> <span class='ocrx_word' id='word_1_608' title='bbox 1652 1940 1869 1980; x_wconf 86' lang='lat' dir='ltr'>emendatio,</span> <span class='ocrx_word' id='word_1_609' title='bbox 1904 1940 1959 1972; x_wconf 91' lang='lat' dir='ltr'>cui</span> <span class='ocrx_word' id='word_1_610' title='bbox 1984 1940 2066 1973; x_wconf 92' lang='lat' dir='ltr'>nolo</span> <span class='ocrx_word' id='word_1_611' title='bbox 2084 1940 2192 1973; x_wconf 91' lang='lat' dir='ltr'>adimi</span> 
     </span>
     <span class='ocr_line' id='line_1_96' title="bbox 1213 1989 2194 2031; baseline 0.001 -8"><span class='ocrx_word' id='word_1_612' title='bbox 1213 1990 1436 2023; x_wconf 87' lang='lat' dir='ltr'>autoritatem</span> <span class='ocrx_word' id='word_1_613' title='bbox 1448 2018 1457 2031; x_wconf 89' lang='lat'>,</span> <span class='ocrx_word' id='word_1_614' title='bbox 1483 1998 1641 2025; x_wconf 85' lang='lat' dir='ltr'>vetustae</span> <span class='ocrx_word' id='word_1_615' title='bbox 1659 1989 1836 2024; x_wconf 86' lang='lat' dir='ltr'>Ecclesiae</span> <span class='ocrx_word' id='word_1_616' title='bbox 1858 1991 2031 2024; x_wconf 89' lang='lat' dir='ltr'>sententia</span> <span class='ocrx_word' id='word_1_617' title='bbox 2048 1991 2079 2024; x_wconf 87' lang='lat' dir='ltr'>ei</span> <span class='ocrx_word' id='word_1_618' title='bbox 2094 1991 2194 2024; x_wconf 88' lang='lat' dir='ltr'>attri-</span> 
     </span>
    </p>
   </div>
   <div class='ocr_carea' id='block_1_26' title="bbox 1184 2040 1370 2076">
    <p class='ocr_par' dir='ltr' id='par_1_27' title="bbox 1184 2040 1370 2076">
     <span class='ocr_line' id='line_1_97' title="bbox 1184 2040 1370 2076; baseline 0 -3"><span class='ocrx_word' id='word_1_619' title='bbox 1184 2066 1187 2076; x_wconf 96' lang='grc'><em>,</em></span> <span class='ocrx_word' id='word_1_620' title='bbox 1213 2042 1344 2073; x_wconf 86' lang='lat' dir='ltr'>butam.</span> <span class='ocrx_word' id='word_1_621' title='bbox 1355 2040 1370 2051; x_wconf 69' lang='lat'>&#39;⁵</span> 
     </span>
    </p>
   </div>
   <div class='ocr_carea' id='block_1_27' title="bbox 1211 2107 2192 2711">
    <p class='ocr_par' dir='ltr' id='par_1_28' title="bbox 1211 2107 2192 2711">
     <span class='ocr_line' id='line_1_98' title="bbox 1312 2107 2191 2151; baseline -0.001 -11"><span class='ocrx_word' id='word_1_622' title='bbox 1312 2107 1399 2148; x_wconf 80' lang='lat' dir='ltr'>„His</span> <span class='ocrx_word' id='word_1_623' title='bbox 1416 2109 1581 2140; x_wconf 85' lang='lat' dir='ltr'>classibus</span> <span class='ocrx_word' id='word_1_624' title='bbox 1597 2110 1798 2151; x_wconf 78' lang='lat' dir='ltr'>dogmatum</span> <span class='ocrx_word' id='word_1_625' title='bbox 1819 2108 2064 2148; x_wconf 88' lang='lat' dir='ltr'>consideratis,</span> <span class='ocrx_word' id='word_1_626' title='bbox 2091 2119 2191 2140; x_wconf 88' lang='lat' dir='ltr'>causa</span> 
     </span>
     <span class='ocr_line' id='line_1_99' title="bbox 1214 2157 2191 2204; baseline -0.001 -12"><span class='ocrx_word' id='word_1_627' title='bbox 1214 2165 1425 2197; x_wconf 87' lang='lat' dir='ltr'>cernuntur,</span> <span class='ocrx_word' id='word_1_628' title='bbox 1462 2172 1569 2204; x_wconf 83' lang='lat' dir='ltr'>quare</span> <span class='ocrx_word' id='word_1_629' title='bbox 1602 2172 1672 2191; x_wconf 91' lang='lat' dir='ltr'>uon</span> <span class='ocrx_word' id='word_1_630' title='bbox 1701 2160 1742 2191; x_wconf 91' lang='lat' dir='ltr'>sit</span> <span class='ocrx_word' id='word_1_631' title='bbox 1766 2160 1990 2191; x_wconf 81' lang='lat' dir='ltr'>convocanda</span> <span class='ocrx_word' id='word_1_632' title='bbox 2016 2157 2191 2203; x_wconf 74' lang='lat' dir='ltr'>SynoduS.</span> 
     </span>
     <span class='ocr_line' id='line_1_100' title="bbox 1213 2209 2192 2254; baseline -0.001 -11"><span class='ocrx_word' id='word_1_633' title='bbox 1213 2210 1404 2254; x_wconf 81' lang='lat' dir='ltr'>Reliquum</span> <span class='ocrx_word' id='word_1_634' title='bbox 1422 2217 1467 2242; x_wconf 86' lang='lat' dir='ltr'>est</span> <span class='ocrx_word' id='word_1_635' title='bbox 1488 2211 1612 2253; x_wconf 80' lang='lat' dir='ltr'>igitur,</span> <span class='ocrx_word' id='word_1_636' title='bbox 1640 2218 1675 2243; x_wconf 90' lang='lat' dir='ltr'>ut</span> <span class='ocrx_word' id='word_1_637' title='bbox 1694 2209 1819 2243; x_wconf 87' lang='lat' dir='ltr'>Carole</span> <span class='ocrx_word' id='word_1_638' title='bbox 1833 2209 1936 2242; x_wconf 89' lang='lat' dir='ltr'>armis</span> <span class='ocrx_word' id='word_1_639' title='bbox 1954 2221 2070 2252; x_wconf 87' lang='lat' dir='ltr'>pacem</span> <span class='ocrx_word' id='word_1_640' title='bbox 2092 2209 2192 2242; x_wconf 89' lang='lat' dir='ltr'>resti-</span> 
     </span>
     <span class='ocr_line' id='line_1_101' title="bbox 1214 2260 2191 2303; baseline -0.004 -8"><span class='ocrx_word' id='word_1_641' title='bbox 1214 2269 1297 2295; x_wconf 72' lang='lat' dir='ltr'>tuas.</span> <span class='ocrx_word' id='word_1_642' title='bbox 1359 2261 1455 2295; x_wconf 87' lang='lat' dir='ltr'>ltalia</span> <span class='ocrx_word' id='word_1_643' title='bbox 1478 2262 1609 2294; x_wconf 78' lang='lat' dir='ltr'>domita</span> <span class='ocrx_word' id='word_1_644' title='bbox 1638 2262 1708 2294; x_wconf 88' lang='lat' dir='ltr'>tuis</span> <span class='ocrx_word' id='word_1_645' title='bbox 1731 2261 1856 2299; x_wconf 87' lang='lat' dir='ltr'>armis,</span> <span class='ocrx_word' id='word_1_646' title='bbox 1887 2260 2001 2303; x_wconf 87' lang='lat' dir='ltr'>quieta</span> <span class='ocrx_word' id='word_1_647' title='bbox 2029 2266 2098 2298; x_wconf 84' lang='lat' dir='ltr'>est,</span> <span class='ocrx_word' id='word_1_648' title='bbox 2132 2271 2191 2292; x_wconf 87' lang='lat' dir='ltr'>rex</span> 
     </span>
     <span class='ocr_line' id='line_1_102' title="bbox 1215 2310 2191 2356; baseline -0.001 -12"><span class='ocrx_word' id='word_1_649' title='bbox 1215 2312 1353 2347; x_wconf 86' lang='lat' dir='ltr'>Galliae</span> <span class='ocrx_word' id='word_1_650' title='bbox 1375 2325 1569 2355; x_wconf 75' lang='lat' dir='ltr'>repressus,</span> <span class='ocrx_word' id='word_1_651' title='bbox 1598 2312 1656 2356; x_wconf 85' lang='lat' dir='ltr'>qui</span> <span class='ocrx_word' id='word_1_652' title='bbox 1675 2319 1787 2344; x_wconf 88' lang='lat' dir='ltr'>tecum</span> <span class='ocrx_word' id='word_1_653' title='bbox 1806 2323 1877 2343; x_wconf 88' lang='lat' dir='ltr'>non</span> <span class='ocrx_word' id='word_1_654' title='bbox 1895 2311 1937 2341; x_wconf 90' lang='lat' dir='ltr'>de</span> <span class='ocrx_word' id='word_1_655' title='bbox 1955 2310 2072 2343; x_wconf 86' lang='lat' dir='ltr'>stoicis</span> <span class='ocrx_word' id='word_1_656' title='bbox 2091 2322 2191 2352; x_wconf 82' lang='lat' dir='ltr'>para-</span> 
     </span>
     <span class='ocr_line' id='line_1_103' title="bbox 1213 2359 2191 2406; baseline -0.003 -11"><span class='ocrx_word' id='word_1_657' title='bbox 1213 2364 1330 2404; x_wconf 75' lang='lat' dir='ltr'>doxis,</span> <span class='ocrx_word' id='word_1_658' title='bbox 1356 2370 1413 2395; x_wconf 84' lang='lat' dir='ltr'>aut</span> <span class='ocrx_word' id='word_1_659' title='bbox 1438 2364 1584 2395; x_wconf 86' lang='lat' dir='ltr'>iudaicis</span> <span class='ocrx_word' id='word_1_660' title='bbox 1603 2361 1909 2406; x_wconf 86' lang='lat' dir='ltr'>superstitionibus</span> <span class='ocrx_word' id='word_1_661' title='bbox 1923 2359 2191 2401; x_wconf 80' lang='lat' dir='ltr'>Monachorum,</span> 
     </span>
     <span class='ocr_line' id='line_1_104' title="bbox 1728 2411 2190 2454; baseline 0 -10"><span class='ocrx_word' id='word_1_662' title='bbox 1728 2411 1870 2454; x_wconf 83' lang='lat' dir='ltr'>Quanto</span> <span class='ocrx_word' id='word_1_663' title='bbox 1888 2412 2024 2449; x_wconf 81' lang='lat' dir='ltr'>facilius</span> <span class='ocrx_word' id='word_1_664' title='bbox 2042 2411 2190 2444; x_wconf 86' lang='lat' dir='ltr'>Germa-</span> 
     </span>
     <span class='ocr_line' id='line_1_105' title="bbox 1214 2462 2189 2508; baseline -0.002 -12"><span class='ocrx_word' id='word_1_665' title='bbox 1214 2465 1290 2498; x_wconf 86' lang='lat' dir='ltr'>niae</span> <span class='ocrx_word' id='word_1_666' title='bbox 1316 2473 1445 2508; x_wconf 82' lang='lat' dir='ltr'>partem</span> <span class='ocrx_word' id='word_1_667' title='bbox 1474 2479 1543 2497; x_wconf 85' lang='lat' dir='ltr'>nou</span> <span class='ocrx_word' id='word_1_668' title='bbox 1571 2475 1730 2504; x_wconf 76' lang='lat' dir='ltr'>magnam</span> <span class='ocrx_word' id='word_1_669' title='bbox 1757 2474 1972 2505; x_wconf 80' lang='lat' dir='ltr'>compesces,</span> <span class='ocrx_word' id='word_1_670' title='bbox 2001 2475 2066 2507; x_wconf 86' lang='lat' dir='ltr'>qua</span> <span class='ocrx_word' id='word_1_671' title='bbox 2094 2462 2129 2494; x_wconf 86' lang='lat' dir='ltr'>in</span> <span class='ocrx_word' id='word_1_672' title='bbox 2153 2474 2189 2494; x_wconf 83' lang='lat' dir='ltr'>re</span> 
     </span>
     <span class='ocr_line' id='line_1_106' title="bbox 1213 2512 2189 2560; baseline -0.002 -13"><span class='ocrx_word' id='word_1_673' title='bbox 1213 2523 1241 2547; x_wconf 88' lang='lat' dir='ltr'>et</span> <span class='ocrx_word' id='word_1_674' title='bbox 1262 2517 1499 2560; x_wconf 70' lang='lat' dir='ltr'>posteritatem</span> <span class='ocrx_word' id='word_1_675' title='bbox 1526 2515 1703 2548; x_wconf 79' lang='lat' dir='ltr'>intuearis.</span> <span class='ocrx_word' id='word_1_676' title='bbox 1756 2512 1873 2545; x_wconf 80' lang='lat' dir='ltr'>Iluius</span> <span class='ocrx_word' id='word_1_677' title='bbox 1897 2514 1987 2546; x_wconf 89' lang='lat' dir='ltr'>sedis</span> <span class='ocrx_word' id='word_1_678' title='bbox 2002 2512 2189 2546; x_wconf 86' lang='lat' dir='ltr'>autoritate</span> 
     </span>
     <span class='ocr_line' id='line_1_107' title="bbox 1213 2562 2189 2611; baseline -0.002 -14"><span class='ocrx_word' id='word_1_679' title='bbox 1213 2568 1381 2607; x_wconf 75' lang='lat' dir='ltr'>extincta,</span> <span class='ocrx_word' id='word_1_680' title='bbox 1410 2574 1575 2611; x_wconf 81' lang='lat' dir='ltr'>sequetur</span> <span class='ocrx_word' id='word_1_681' title='bbox 1594 2562 1752 2608; x_wconf 72' lang='grc' dir='ltr'>ἀναρχία</span> <span class='ocrx_word' id='word_1_682' title='bbox 1766 2592 1774 2603; x_wconf 84' lang='lat'>,</span> <span class='ocrx_word' id='word_1_683' title='bbox 1803 2565 1838 2596; x_wconf 91' lang='lat' dir='ltr'>iu</span> <span class='ocrx_word' id='word_1_684' title='bbox 1858 2577 1925 2608; x_wconf 85' lang='lat' dir='ltr'>qua</span> <span class='ocrx_word' id='word_1_685' title='bbox 1942 2571 1973 2596; x_wconf 89' lang='lat' dir='ltr'>et</span> <span class='ocrx_word' id='word_1_686' title='bbox 1989 2564 2115 2596; x_wconf 84' lang='lat' dir='ltr'>laxatio</span> <span class='ocrx_word' id='word_1_687' title='bbox 2133 2563 2189 2596; x_wconf 92' lang='lat' dir='ltr'>di-</span> 
     </span>
     <span class='ocr_line' id='line_1_108' title="bbox 1211 2615 2188 2660; baseline -0.004 -10"><span class='ocrx_word' id='word_1_688' title='bbox 1211 2618 1378 2660; x_wconf 68' lang='lat' dir='ltr'>sciplinae</span> <span class='ocrx_word' id='word_1_689' title='bbox 1402 2619 1530 2650; x_wconf 82' lang='lat' dir='ltr'>adferet</span> <span class='ocrx_word' id='word_1_690' title='bbox 1557 2616 1750 2648; x_wconf 86' lang='lat' dir='ltr'>barbariem</span> <span class='ocrx_word' id='word_1_691' title='bbox 1777 2616 1812 2647; x_wconf 90' lang='lat' dir='ltr'>in</span> <span class='ocrx_word' id='word_1_692' title='bbox 1840 2615 2015 2655; x_wconf 83' lang='lat' dir='ltr'>moribus,</span> <span class='ocrx_word' id='word_1_693' title='bbox 2039 2621 2070 2647; x_wconf 89' lang='lat' dir='ltr'>et</span> <span class='ocrx_word' id='word_1_694' title='bbox 2088 2621 2188 2658; x_wconf 89' lang='lat' dir='ltr'>petu-</span> 
     </span>
     <span class='ocr_line' id='line_1_109' title="bbox 1211 2666 2186 2711; baseline -0.002 -12"><span class='ocrx_word' id='word_1_695' title='bbox 1211 2668 1318 2702; x_wconf 87' lang='lat' dir='ltr'>lantia</span> <span class='ocrx_word' id='word_1_696' title='bbox 1339 2669 1558 2711; x_wconf 82' lang='lat' dir='ltr'>ingeniorum</span> <span class='ocrx_word' id='word_1_697' title='bbox 1578 2667 1695 2709; x_wconf 86' lang='lat' dir='ltr'>gignet</span> <span class='ocrx_word' id='word_1_698' title='bbox 1720 2667 1794 2699; x_wconf 85' lang='lat' dir='ltr'>sine</span> <span class='ocrx_word' id='word_1_699' title='bbox 1816 2667 1884 2699; x_wconf 80' lang='lat' dir='ltr'>fine</span> <span class='ocrx_word' id='word_1_700' title='bbox 1907 2677 1997 2699; x_wconf 83' lang='lat' dir='ltr'>nova</span> <span class='ocrx_word' id='word_1_701' title='bbox 2013 2666 2186 2708; x_wconf 80' lang='lat' dir='ltr'>dogmata,</span> 
     </span>
    </p>
   </div>
  </div>
 </body>
</html>
