2324 2955
96 128 169 166 329

197 209 286 245 Cum
320 211 427 255 igitur
458 223 521 244 nec
551 208 690 243 heroica
721 210 832 244 virtus
863 211 998 245 stabilis
1024 210 1081 250 sit,

91 262 335 305 confugiamus
359 263 401 295 ad
426 261 537 294 filium
560 259 644 301 Dei,
673 267 704 294 et
727 262 771 295 ab
794 262 868 305 ipso
892 261 1080 305 gubernari

91 323 156 346 nos
180 320 357 357 petamus,
384 313 445 357 qui
469 312 572 346 dixit:
598 309 674 355 Ego
699 323 775 346 sum
799 312 898 354 vitis,
925 323 986 345 vos
1004 311 1079 356 pal-

90 363 204 397 mites.

190 413 380 458 Postquam
403 419 582 459 utcunque
602 414 767 458 exposui,
793 425 897 459 quam
918 425 991 446 rem
1008 410 1078 446 Ec-

88 464 191 498 clesia
211 470 401 505 monstret,
428 476 506 498 cum
529 465 693 498 virtutem
711 465 886 497 nominat:
913 471 962 505 et,
990 463 1074 508 quid

86 511 317 559 Philosophia
334 515 501 548 virtutem
518 516 700 548 nominare
710 515 817 558 possit
829 539 837 553 ‚
862 527 956 547 nunc
969 525 1075 558 quae-

85 576 223 606 ramus,
255 572 287 599 et
307 566 392 610 quid
408 566 452 599 sit
468 564 689 599 Aristotelica
708 563 794 605 ἕξις,
824 572 855 599 et
873 565 934 598 ubi
953 565 1014 605 sit,
1041 571 1073 597 et

85 615 164 660 quis
180 616 225 649 sit
243 616 316 649 eius
329 627 421 649 usus.

187 665 235 700 Ut
250 666 402 700 noticiae
420 677 508 710 quae
526 671 607 698 sunt
625 663 777 707 habstm,
804 672 956 706 martes,
983 666 1071 699 fiunt

83 716 204 750 erebra
235 716 465 760 impressione
497 716 690 759 imaginum
724 717 760 749 in
789 718 986 750 cerebrum:
1022 716 1069 749 ita

82 773 353 800 consentaneum
369 773 419 800 est
435 767 471 799 in
488 767 592 800 corde
607 774 639 800 ct
653 768 770 800 nervis
787 779 827 800 eo
844 767 1068 800 tendentibus

80 817 201 850 crebra
241 817 472 862 impressione
512 817 700 861 spirituum
744 818 818 851 fieri
856 817 1068 858 firmitatem,

78 867 284 910 praesertim
303 880 381 901 cum
401 868 560 901 doctriua
578 874 610 900 et
628 866 783 915 στοργαὶ
799 869 980 901 accedunt.

181 915 418 952 Thrasibulus
441 926 492 952 est
509 919 660 951 clemens
677 918 714 950 in
733 919 878 951 victoria
897 918 1010 959 civili,
1035 925 1067 951 et

78 968 188 1002 sancit
203 966 428 1014 ἀμνηστίαν,
457 969 538 1014 quia
557 980 596 1000 ex
613 969 773 1001 doctrina
789 969 1006 1012 sapientum,
1034 975 1066 1002 et

77 1030 117 1051 ex
141 1030 222 1052 suae
242 1019 362 1052 aetatis
379 1019 545 1063 exemplis
561 1025 594 1052 et
611 1019 788 1052 veteribus
807 1016 981 1057 historiis,
1009 1020 1065 1052 di-

76 1068 179 1110 dicit,
214 1081 286 1102 non
318 1069 465 1103 retineri
491 1069 636 1113 imperia
661 1069 771 1102 nimia
795 1070 997 1114 asperitate,
1032 1076 1065 1103 et

75 1119 151 1152 sine
176 1117 361 1165 ἕπιεικείᾳε
390 1119 566 1153 Adficitur
589 1120 693 1153 etiam
718 1120 959 1153 misericordia
984 1132 1064 1163 erga

74 1170 245 1212 patriam,
283 1177 450 1214 cognatos
477 1178 510 1204 et
533 1171 642 1210 cives,
670 1170 763 1204 inter
789 1182 876 1216 quos
904 1171 1063 1204 naturale

72 1221 196 1253 foedus
220 1228 281 1255 est.
340 1220 389 1255 Et
413 1227 486 1254 erat
509 1222 594 1255 urbs
621 1221 736 1254 Attica
763 1221 984 1254 domicilium
1011 1222 1061 1254 le-

71 1281 171 1313 gum,
198 1278 231 1305 et
257 1272 511 1315 propugnatrix
535 1272 719 1305 universae
745 1270 914 1304 Graeciae
941 1278 1061 1305 contra

70 1321 258 1358 barbaros,
292 1322 398 1353 talem
428 1322 552 1352 urbem
585 1321 863 1352 conservandam
898 1331 969 1352 esse
1001 1333 1061 1352 co-

95 1370 213 1404 itabat.

71 1381 91 1413 g
171 1419 267 1452 Ilaec
292 1419 412 1451 omnia
439 1420 584 1452 flectunt
608 1431 668 1451 cor
695 1419 788 1455 eius,
822 1426 862 1452 ut
888 1427 1059 1463 repugnet

69 1470 158 1509 irae,
194 1474 312 1513 parcat
342 1468 512 1505 inimicis,
550 1474 582 1500 et
613 1468 714 1500 tollat
738 1479 857 1500 causas
882 1480 1057 1501 novorum

68 1520 264 1558 bellorum,
315 1518 477 1551 videlicet
515 1517 741 1561 repetitiones
781 1524 936 1550 veterum
976 1530 1055 1561 pos-

69 1570 277 1604 sessionum.

169 1620 238 1654 Sed
263 1619 367 1653 etiam
393 1619 422 1651 si
449 1618 532 1663 quid
560 1624 610 1651 est
633 1618 692 1650 ille
715 1615 876 1657 habitus,
903 1630 961 1651 seu
989 1620 1054 1652 im-

65 1671 198 1716 pressio
226 1670 412 1714 spirituum
438 1670 475 1702 in
497 1670 619 1707 corde,
656 1680 710 1702 res
734 1669 900 1711 languida
924 1677 994 1710 est,
1022 1677 1055 1703 et

65 1722 166 1756 facile
182 1721 337 1754 vincitur
355 1719 528 1753 incendiis
546 1720 719 1752 malorum
740 1720 939 1753 affectuum.

165 1771 218 1805 De
249 1770 344 1805 vitiis
370 1782 458 1817 quae
480 1781 534 1803 res
557 1770 627 1804 sint
649 1770 787 1803 facilius
812 1777 861 1803 est
884 1770 1050 1805 iudicare.

63 1823 156 1857 Sunt
172 1823 266 1856 enim
285 1823 447 1855 ardentes
465 1827 497 1854 et
514 1820 677 1855 indomiti
694 1821 851 1854 adfectus
867 1823 1053 1855 undecun-

64 1886 133 1918 que
149 1873 327 1908 oriuntur.
369 1872 458 1906 Nam
478 1871 514 1904 in
531 1869 594 1904 hac
609 1872 795 1915 depravata
813 1878 938 1905 natura
956 1873 1050 1906 mul-

63 1931 116 1958 tae
134 1931 218 1958 sunt
234 1935 355 1957 causae
373 1923 546 1956 malorum
562 1928 735 1956 motuum.

163 1972 390 2009 Domitianus
414 1980 464 2006 est
488 1984 609 2006 saevus
632 1985 672 2005 ex
688 1973 813 2007 vitiosa
831 1974 939 2016 crasi,
968 1974 1048 2018 quia

61 2036 188 2070 corpus
208 2031 374 2058 venenata
394 2025 464 2057 bile
481 2024 648 2057 abundat.

165 2075 246 2108 ldeo
269 2087 348 2108 cum
374 2075 417 2108 sit
441 2075 617 2117 suspicax,
651 2075 798 2113 infidus,
828 2075 946 2107 omnia
973 2086 1047 2106 me-

61 2134 182 2167 tuens,
210 2133 243 2160 et
266 2126 309 2160 sit
332 2126 521 2158 instructus
544 2125 718 2167 potentia,
745 2126 838 2158 tollit
864 2137 941 2165 eos,
967 2125 1047 2170 qui-

59 2179 126 2212 bus
155 2177 330 2212 irascitur.
392 2175 462 2209 Nec
496 2187 618 2208 causae
650 2177 869 2220 quaerendae
901 2183 983 2209 sunt
1009 2176 1045 2208 in

58 2227 267 2262 monstrosis
292 2227 438 2261 naturiS.
493 2225 559 2258 Sed
586 2233 708 2264 ruunt,
735 2227 817 2272 quia
842 2227 928 2259 tales
951 2233 1045 2266 sunt,

59 2287 92 2313 et
114 2279 283 2313 accedunt
299 2276 533 2311 Diabolorum
558 2277 807 2320 impulsiones,
834 2284 873 2310 ut
897 2278 931 2310 iu
950 2277 1045 2311 Cali-

57 2330 156 2373 gula,
182 2328 322 2362 Nerone
339 2335 372 2362 et
388 2328 466 2361 aliis
485 2327 814 2362 innumerabilibus.

158 2378 422 2413 Confirmantur
454 2384 568 2411 autem
595 2378 694 2421 pravi
720 2378 874 2412 adfectus
896 2389 1043 2412 consue-

58 2430 200 2468 tudine,
225 2436 258 2462 et
278 2430 376 2463 facile
396 2430 484 2462 fiunt
500 2426 642 2462 habitus
659 2429 875 2461 tenacissime
895 2427 1043 2462 baeren-

57 2490 124 2516 tes:
152 2488 191 2515 ut
209 2479 443 2522 inGangrena
456 2479 703 2513 autsimilibus
716 2479 859 2517 morbis,
888 2480 1041 2522 pravitas

56 2531 245 2566 humorum
263 2537 418 2574 tempore
435 2530 656 2570 confirmata,
682 2529 809 2572 corrigi
829 2542 899 2562 nou
919 2537 1040 2573 potest,

158 2581 270 2622 Magis
296 2581 401 2623 igitur
424 2581 459 2613 in
486 2580 579 2613 vitiis
606 2581 754 2623 intelligi
781 2586 893 2623 potest
913 2592 1040 2623 pravos

55 2633 227 2671 mitreum,
268 2639 425 2675 tempore
456 2630 699 2672 confirmatos,
735 2631 865 2664 deiude
898 2627 1038 2665 babitus

55 2695 145 2724 esse,
172 2694 277 2728 quam
294 2683 330 2715 in
347 2681 548 2716 virtutibus.

568 123 726 160 DECL.
764 125 837 160 AN
873 124 1172 161 VIRTUTES
1208 128 1339 162 SINT
1375 129 1653 166 HABITL‘S?

2047 135 2118 168 330

1236 212 1329 255 Quia
1356 227 1427 248 non
1455 223 1547 251 tanta
1574 218 1734 251 incendia
1763 218 1932 252 adiuvant
1959 219 2116 256 virtutes,

1133 270 1263 308 quanta
1282 272 1363 299 suut
1378 267 1492 300 vitiosi
1509 269 1674 301 adfectus.

1233 321 1388 358 Prosunt
1417 331 1532 358 tamen
1562 327 1734 369 expetenti
1768 327 1953 366 virtutem,
1995 329 2115 360 crebra

1131 372 1310 406 doctrinae
1334 375 1516 418 cogitatio,
1545 377 1744 420 vigilantia,
1772 384 1803 410 et
1828 377 1975 410 intentio
2002 378 2036 409 in
2061 379 2115 410 vi-

1130 423 1245 456 tandis
1268 425 1379 458 causis
1404 426 1584 470 lapsuum:
1612 434 1645 460 et
1671 428 1705 459 in
1732 426 1887 460 Ecclesia
1912 428 1977 471 piis
2002 428 2113 471 pluri-

1127 486 1224 507 mum
1251 476 1391 518 prodest
1416 479 1584 520 precatio,
1611 490 1699 522 quae
1721 486 1810 512 recte
1828 477 1942 511 Deum
1962 478 2112 518 invocat,

1127 531 1159 557 et
1191 526 1278 569 petit
1304 533 1341 560 ut
1367 528 1401 559 in
1427 535 1541 562 mente
1565 526 1672 574 λόγος
1694 528 1806 560 lucem
1831 529 2110 570 gubernatricem

1126 577 1307 616 accendat,
1335 585 1368 610 et
1395 578 1430 610 in
1458 586 1595 622 pectore
1613 578 1765 621 Spiritus
1781 577 1817 612 S.
1838 579 1964 610 ardens
1982 580 2109 611 confir-

1125 634 1194 660 met
1217 628 1480 669 adsensionem,
1513 641 1580 674 qua
1607 629 1747 661 divinae
1773 628 1850 661 voci
1875 629 2043 666 creditur,
2077 636 2108 661 et

1123 684 1237 711 motus
1257 678 1387 712 tribuat
1405 680 1510 720 tales,
1538 679 1651 724 qualis
1672 679 1743 722 ipse
1763 685 1825 712 est.

1226 735 1329 770 Tune
1344 737 1469 770 sortior
1482 744 1531 771 est
1543 737 1770 780 gubernatio,
1798 749 1876 771 cum
1893 744 1925 770 et
1944 737 2105 779 cogitatio

1121 797 1247 818 nervos
1273 794 1365 820 recte
1389 788 1474 828 ciet,
1509 795 1542 821 et
1562 788 1667 821 simul
1691 789 1775 821 boui
1801 794 1916 821 motus
1943 788 1978 819 in
2003 788 2106 820 corde

1119 843 1257 870 armant
1274 838 1392 871 omnia
1409 839 1577 872 membra.

1220 894 1316 928 Ilaec
1340 896 1500 929 doctrina
1526 897 1683 941 quotidie
1708 897 1743 929 in
1767 897 1987 930 inx‘ocatione
2011 897 2105 938 cogi-

1118 945 1224 977 tanda
1249 953 1315 985 est,
1341 958 1429 990 quae
1454 947 1596 991 quidem
1621 948 1745 980 melius
1764 948 1997 989 intelligetur,
2025 959 2103 978 cum

1118 995 1223 1028 simul
1240 996 1397 1039 corporis
1413 998 1570 1029 membra
1588 998 1897 1041 contemplaberis,
1926 997 2105 1040 inquibus

1117 1052 1149 1079 et
1167 1046 1365 1079 testimonia
1383 1053 1464 1080 sunt
1481 1045 1618 1085 deDeo,
1646 1054 1677 1079 et
1696 1055 1777 1080 suut
1797 1048 1953 1086 vulnera,
1976 1047 2104 1090 quibus

1115 1108 1203 1141 quae
1219 1097 1371 1130 remedia
1382 1096 1477 1130 Deus
1493 1098 1703 1137 condirierit,
1732 1098 2025 1130 considerandum
2044 1104 2104 1130 est.

1216 1154 1385 1189 Nominat
1411 1156 1543 1189 Paulus
1574 1158 1682 1199 legem
1708 1156 1973 1199 paedagogum,
2007 1157 2101 1199 quod

1117 1205 1221 1238 etiam
1237 1218 1314 1239 cum
1332 1208 1463 1240 deuon
1478 1207 1606 1240 renatis
1622 1208 1765 1240 dieitur:
1793 1215 1906 1240 tamen
1922 1206 2100 1239 sciendum

1114 1263 1182 1296 est,
1211 1268 1299 1301 quae
1323 1258 1480 1290 membra
1500 1257 1724 1300 paedagogus
1748 1259 1869 1290 doceat
1887 1264 1918 1289 et
1936 1257 2102 1293 coerceat,

1113 1313 1144 1337 et
1168 1307 1323 1350 praecipi
1350 1320 1367 1340 a
1383 1306 1458 1340 Deo
1481 1308 1724 1350 disciplinam,
1753 1315 1783 1340 et
1805 1319 1920 1340 severe
1941 1307 2042 1339 etiam
2062 1306 2098 1336 in

1112 1352 1174 1387 liae
1192 1357 1330 1389 mortali
1352 1356 1422 1389 vita
1443 1363 1581 1389 externa
1600 1358 1724 1390 delicta
1746 1358 1876 1400 puniri.

1213 1413 1285 1446 Vos
1309 1426 1390 1447 vero
1414 1416 1450 1446 in
1467 1413 1623 1448 Ecclesia
1640 1414 1703 1448 Dei
1730 1428 1800 1448 non
1825 1417 1937 1449 solum
1964 1416 2098 1447 obtem-

1111 1474 1231 1503 perare
1254 1470 1291 1494 ut
1311 1461 1483 1496 Etbnicos
1508 1472 1662 1507 oportet:
1691 1467 1749 1497 sed
1771 1467 1943 1498 audienda
1964 1473 2012 1498 est
2033 1477 2097 1497 vox

1109 1510 1313 1554 Evangelii,
1342 1520 1379 1546 ut
1402 1514 1534 1555 agnitio
1557 1515 1618 1545 filii
1634 1513 1698 1546 Dei
1726 1516 1760 1546 iu
1782 1516 1958 1548 mentibus
1975 1527 2097 1547 acceu-

1111 1562 1231 1599 datur,
1260 1569 1292 1595 et
1316 1570 1510 1605 praestetur
1526 1564 1724 1597 obedientia
1745 1563 2022 1612 nponyotflus'z‘tss
2038 1577 2095 1597 ,Ἶιψ-

1108 1622 1236 1651 antum,
1260 1619 1298 1645 ut
1314 1611 1486 1656 Evagrius
1510 1621 1600 1647 recte
1617 1615 1752 1648 locutus
1771 1623 1834 1648 est:
1864 1615 1940 1648 Fiat
1957 1616 2097 1646 invoca-

1107 1662 1155 1695 tio
1182 1663 1255 1695 veri
1270 1662 1354 1704 Dei,
1392 1671 1425 1697 et
1450 1671 1588 1707 petatur
1612 1666 1781 1698 auxilium
1809 1667 1843 1698 iu
1869 1666 2096 1698 conversione

1106 1713 1143 1745 iu
1161 1719 1236 1747 toto
1256 1726 1359 1747 cursu
1378 1714 1469 1748 vitae
1482 1741 1491 1755 ,
1519 1715 1555 1747 in
1575 1716 1700 1749 studiis
1720 1728 1820 1749 verae
1839 1717 2029 1749 doctrinae.

1207 1774 1303 1808 Haec
1330 1775 1389 1819 qui
1412 1775 1560 1815 sacient,
1588 1777 1810 1820 experientur
1835 1789 1915 1810 suos
1933 1778 2094 1820 gemitus,

1104 1830 1135 1856 et
1153 1832 1233 1858 vota
1249 1837 1309 1858 sua
1326 1838 1399 1858 non
1418 1838 1490 1859 esse
1508 1827 1626 1867 irrita,
1651 1833 1682 1860 et
1700 1828 1851 1861 sentient
1869 1828 1904 1860 in
1924 1828 2012 1860 veris
2031 1829 2094 1859 do-

1103 1875 1238 1908 loribus
1269 1883 1302 1909 et
1333 1876 1649 1920 trepidationibus,
1683 1878 1850 1912 salutares
1883 1878 2093 1912 consolatio.-

1103 1937 1163 1958 nes
1183 1932 1214 1958 et
1233 1926 1403 1959 auxilium
1422 1927 1499 1960 Dei.

1203 1983 1298 2017 Ilaec
1317 1985 1387 2028 ipsa
1401 1985 1612 2028 experientia
1628 1988 1787 2019 ostendet
1800 1987 1986 2020 discrimen
2001 1986 2092 2020 inter

1101 2036 1342 2068 doctrinarum
1377 2047 1515 2077 genera.
1587 2035 1684 2069 luter
1711 2035 1970 2070 Aristotelicam
2004 2035 2088 2075 ἴξιν,

1072 2101 1075 2130 Ι
1101 2097 1189 2130 quae
1208 2092 1256 2119 est
1274 2086 1399 2118 umbra
1418 2086 1577 2126 virtutis,
1604 2093 1637 2119 et
1655 2099 1752 2120 veras
1767 2087 1920 2120 virtutes.

1203 2142 1280 2177 Oro
1308 2151 1423 2177 autem
1447 2144 1628 2178 vobiscum
1655 2152 1725 2178 toto
1750 2152 1889 2188 pectore
1907 2152 2088 2179 aeteruum

1100 2201 1232 2238 patrem
1249 2193 1394 2227 Domini
1422 2195 1532 2229 nostri
1552 2196 1627 2228 I··su
1647 2193 1799 2234 Christi,
1826 2196 1886 2240 qui
1911 2208 1988 2229 cum
2014 2196 2086 2229 filio

1098 2257 1160 2278 suo
1180 2245 1339 2279 Domino
1358 2252 1477 2278 nostro
1500 2244 1574 2278 lesu
1592 2243 1732 2279 (Thi-isto
1752 2253 1785 2280 et
1801 2244 1936 2288 Spiritu
1956 2254 2087 2283 sancto,

1096 2297 1225 2329 creavit
1251 2296 1385 2329 coelum
1411 2303 1443 2329 et
1468 2302 1615 2331 terrain,
1643 2303 1672 2328 et
1697 2303 1790 2329 certo
1815 2303 1990 2330 aeternam
2015 2295 2085 2329 Ec·

1096 2347 1235 2380 clesiam
1262 2359 1342 2379 voce
1359 2345 1545 2387 Evangelii
1570 2345 1721 2385 colligit,
1748 2353 1784 2379 ut
1808 2354 1950 2390 propter
1972 2347 2083 2380 filium

1097 2398 1294 2430 Dominum
1314 2403 1471 2430 nostrum
1495 2396 1604 2428 lesuin
1624 2394 1805 2429 Christum
1824 2397 1927 2430 uobis
1942 2398 1985 2431 sit
2002 2409 2085 2440 pro-

1095 2448 1220 2491 picius,
1248 2454 1280 2480 et
1297 2448 1465 2490 gubernet
1486 2458 1547 2479 uos
1558 2445 1694 2489 Spiritu
1713 2459 1776 2480 suo
1793 2454 1925 2487 sancto,
1952 2455 1983 2481 et
2001 2460 2083 2491 pro—

1095 2505 1182 2541 tegat
1209 2510 1247 2532 ac
1271 2504 1365 2538 regat
1388 2495 1511 2529 harum
1538 2496 1721 2539 regionum
1739 2496 1929 2538 Ecclesia,
1958 2505 1989 2531 et
2016 2499 2080 2530 do—

1093 2550 1225 2581 etrinae.
1245 2548 1370 2585 studia,
1400 2554 1430 2579 et
1451 2547 1603 2590 potitius,
1631 2554 1662 2582 et
1681 2560 1758 2580 cum
1779 2549 1856 2581 aliis
1875 2548 1964 2581 vitae
1981 2560 2079 2591 prm--

1095 2599 1194 2633 sidiis
1214 2599 1314 2633 etiam
1332 2597 1582 2631 medicationes
1597 2598 1713 2632 felices
1729 2599 1871 2634 tribuat,
1924 2597 2017 2631 Dixi.
