2324 2955
157 133 225 167 611

372 211 538 256 (LXVI.)
580 214 943 256 Propo-sitiones

168 264 211 298 de
255 263 384 307 quibus
428 263 697 306 responderunt
745 264 929 308 Mczye'ster
971 263 1147 308 Georgius

169 317 199 348 Α
210 326 228 347 e
241 325 302 357 my
312 315 323 346 l
334 325 343 346 ι
355 325 401 346 ns
417 311 711 358 Illansfeltlensis
727 318 763 346 et
774 316 900 347 Simon
912 315 1008 346 Mus
1018 324 1039 346 a
1050 325 1099 347 eu
1108 326 1146 355 S,

167 370 198 398 el
219 366 269 397 M.
288 366 422 398 Petrus
438 367 493 397 Pr
505 369 608 398 aeto
620 367 718 398 rius
743 363 1000 397 cotbusianus.
1043 365 1146 397 Anno

171 412 279 449 155³.
308 414 366 448 die
396 417 521 459 quinio
544 416 661 456 Maii,
707 425 772 458 quo
797 419 885 448 ante
909 425 1027 447 (annos
1052 414 1149 449 1520

166 463 266 510 filius
276 467 349 499 Dei
365 464 587 499 admirando
606 464 794 508 triumpho
808 469 1000 508 spectante
1015 475 1147 511 magno

166 519 268 550 coela
292 517 550 559 Apostolorum
572 520 607 550 et
631 516 911 559 Discipulorum
939 518 977 549 ἱη
1008 518 1148 550 coelum

567 566 750 600 ascendit.

169 638 213 678 In
233 648 329 680 omni
348 661 426 682 vera
445 649 665 683 invocatione
676 647 741 681 Dei
760 648 982 690 cogitandum
1001 655 1050 682 est
1066 649 1149 693 quid

171 697 411 742 alloquamur,
439 707 471 733 et
495 712 598 744 quem
616 698 751 739 Deum,
778 699 837 730 ubi
863 699 1070 741 patefactum
1097 699 1152 731 in·-

171 759 352 786 vocemns,
377 756 409 782 et
427 750 538 794 qualis
562 749 624 789 sit,
652 761 695 781 an
723 755 755 781 et
778 760 885 793 quare
908 749 1085 789 exaudiat,
1121 757 1152 783 et

173 800 380 839 segreganda
397 807 444 832 est
461 799 635 832 invocatio
651 805 769 831 nostra
788 799 824 830 in
842 796 997 831 Ecclesia
1016 799 1059 831 ab
1077 797 1152 832 eth-

173 847 247 879 nica
263 855 295 880 et
312 849 355 881 ab
373 850 461 889 aliis,
488 856 520 882 et
537 849 744 891 cogitatione
761 849 990 881 discernenda
1008 856 1056 882 est
1074 862 1152 883 vera

172 895 325 930 Ecclesia
342 900 384 931 ab
405 900 482 932 aliis
506 900 615 933 sectis.
670 898 789 940 Quare
807 905 838 931 et
853 899 958 941 gratis
976 900 1154 933 mentibus

174 946 361 981 intuendae
378 956 458 982 sunt
475 949 721 993 patefactiones
741 949 899 988 divinae,
927 956 960 982 et
978 946 1035 982 hic
1051 962 1154 983 verus

174 995 267 1030 Deus
286 999 503 1033 invocandus
520 1006 587 1039 est,
622 999 681 1043 qui
702 1010 736 1031 se
756 998 915 1041 patefecit
943 999 1047 1032 misso
1070 1001 1154 1037 silio,

176 1054 205 1079 et
222 1048 312 1081 edita
329 1049 420 1091 lege,
448 1057 480 1083 et
497 1050 590 1082 edito
602 1047 794 1090 Evangelio
806 1075 814 1088 ,
842 1049 931 1081 sicut
950 1049 1065 1093 inquit
1082 1049 1156 1083 Do-

176 1098 306 1130 minus:
333 1098 515 1144 Quidquid
534 1099 656 1143 petetis
679 1106 811 1141 patrem
838 1098 876 1131 in
899 1099 1043 1131 nomine
1067 1111 1156 1138 meo,

174 1148 271 1180 dabit
296 1149 404 1182 vobis.
458 1149 560 1183 Item:
596 1148 705 1181 Nemo
730 1148 825 1181 venit
848 1149 888 1180 ad
907 1155 1061 1192 patrem,
1088 1150 1157 1182 nisi

175 1208 236 1240 per
251 1197 363 1231 filium
383 1206 444 1234 etc.

276 1257 309 1291 2.
340 1257 406 1291 Hic
430 1270 508 1292 cum
528 1259 772 1291 discernantur
796 1269 981 1302 personae,
1017 1269 1157 1291 necesse

178 1312 228 1339 est
244 1306 404 1349 intelligi,
428 1309 560 1353 etquid
579 1307 703 1341 sithoc
721 1310 795 1342 loco
808 1308 975 1348 Persona,
1003 1315 1035 1341 et
1051 1320 1158 1352 quare

179 1362 247 1388 tres
266 1368 327 1389 nee
353 1358 486 1401 plures,
525 1370 588 1390 nec
614 1359 793 1401 pauciores
817 1359 1055 1400 agnoscendae
1079 1359 1157 1391 sint.

180 1404 225 1439 Ut
249 1407 354 1449 igitur
375 1408 411 1440 in
425 1406 579 1441 Ecclesia
604 1408 799 1452 loquimur,
826 1408 979 1440 Persona
1004 1415 1053 1440 est
1075 1409 1155 1440 sul)-

179 1457 303 1489 stantia
328 1457 532 1499 individua,
560 1459 776 1500 intelligens,
804 1458 1160 1498 incommunicabilis,

180 1518 251 1538 non
275 1514 463 1541 sustentata
488 1509 524 1540 in
552 1509 633 1541 alio.
694 1507 818 1540 Graeci
848 1508 956 1549 magis
980 1509 1159 1551 perspicue

181 1557 343 1590 dixerunt
360 1556 562 1602 hypostasin
575 1584 584 1597 ,
611 1569 669 1590 seu
688 1554 949 1603 &wavinarum
988 1557 1077 1589 Nam
1094 1555 1160 1589 hoc

181 1607 355 1650 queritur:
383 1607 440 1640 An
457 1606 563 1655 λόγος
576 1614 656 1640 ante
671 1608 890 1640 nativitatem
909 1619 948 1639 ex
966 1607 1101 1649 virgine
1118 1608 1161 1640 sit

183 1656 293 1699 imago
312 1658 442 1690 aeterni
468 1659 574 1701 patris
596 1656 844 1702 ὑφισταμένη,
873 1664 933 1690 aut
955 1668 1162 1690 evanescens

182 1707 362 1749 cogitatio,
389 1719 448 1741 seu
476 1721 558 1748 vox,
582 1715 642 1740 aut
667 1708 902 1751 propositum,
937 1719 1009 1739 non
1032 1707 1162 1745 vivum,

182 1768 254 1788 non
275 1758 495 1800 intelligens?
548 1758 649 1791 Item:
678 1755 735 1790 An
752 1759 897 1800 avelina
916 1758 959 1790 sit
977 1758 1050 1800 ipse
1068 1764 1164 1800 pater

183 1818 344 1849 movens,
382 1819 441 1840 seu
466 1815 582 1842 motus
609 1815 759 1847 creatuS,
793 1814 852 1840 aut
877 1819 920 1839 an
945 1807 988 1840 sit
1011 1808 1164 1848 agitatio,

182 1867 241 1890 seu
256 1857 394 1890 flamma
410 1856 659 1904 ὑφισταμένη,
687 1858 765 1890 viva
783 1864 816 1890 et
829 1857 1053 1900 intelligens?

286 1915 320 1948 3.
357 1915 454 1948 Talis
474 1924 522 1950 est
538 1924 652 1950 autem
672 1916 818 1949 essentia
838 1916 978 1956 divina,
1013 1915 1164 1959 sapiens,

184 1971 216 1998 et
232 1966 352 1998 voleus
370 1967 449 1999 talia
461 1993 469 2007 ‚
497 1968 613 2011 qualia
633 1966 800 2010 praecipit
817 1967 852 1998 in
870 1966 957 2008 lege,
981 1972 1013 1998 et
1029 1966 1165 1998 miseri-

185 2027 280 2055 cors,
307 2016 395 2050 sicut
410 2029 445 2049 se
460 2017 496 2049 in
516 2016 707 2060 Evangelio
729 2017 900 2059 patefecit.
954 2014 999 2048 Et
1016 2016 1164 2048 sciamus

184 2066 367 2099 essentiam
385 2067 540 2100 divinam
560 2067 840 2109 distinguendam
858 2078 928 2099 esse
942 2067 985 2098 ab
1000 2065 1166 2099 omnibus

185 2117 366 2156 creaturiS,
393 2123 425 2150 et
445 2119 680 2161 repudiandas
699 2128 769 2148 csse
792 2114 1053 2160 philosophicas
1077 2116 1165 2148 ima-

186 2166 399 2207 ginationes,
439 2180 527 2212 quae
550 2169 686 2211 fingunt
711 2165 824 2199 Deum
849 2178 920 2199 esse
943 2164 1165 2209 ἐνδελέχειαν

187 2216 334 2248 infusam
357 2218 522 2251 omnihus
542 2217 723 2256 creaturis,
757 2217 822 2256 ita,
855 2223 893 2249 ut
915 2218 990 2248 sine
1014 2213 1069 2248 his
1092 2227 1165 2248 non

187 2266 296 2309 possit
316 2277 400 2300 esse.
452 2267 521 2301 Sed
547 2269 643 2302 adest
663 2267 830 2300 creaturis
852 2266 1050 2305 liberrime,
1076 2266 1165 2299 sicut

189 2315 281 2354 vult,
308 2322 340 2348 et
357 2323 526 2360 quatenus
541 2319 635 2358 vult,
662 2329 700 2350 ac
722 2317 778 2360 pia
797 2317 1006 2359 cogitatione
1034 2316 1165 2349 discer-

188 2377 310 2398 namus
326 2365 437 2399 Deum
453 2369 497 2400 ab
517 2369 680 2401 omnibus
702 2367 803 2399 malis
824 2374 857 2400 et
882 2366 1074 2399 immundis
1102 2377 1165 2399 na-

186 2415 291 2455 turis,
317 2415 351 2448 id
368 2423 434 2455 est,
461 2430 607 2462 quarum
626 2419 789 2451 voluntas
803 2429 875 2450 non
899 2417 1060 2459 congruit
1085 2428 1163 2450 cum

187 2466 328 2505 ordine,
350 2467 408 2509 qui
426 2467 460 2498 in
480 2469 551 2510 lege
567 2468 788 2512 proponitur.

284 2515 320 2549 4.
348 2514 394 2548 Et
411 2528 506 2549 mens
522 2519 702 2562 alloquens
711 2517 824 2550 Deum
841 2517 1057 2549 conditorem
1069 2543 1078 2556 ,
1105 2528 1164 2548 co-

186 2565 269 2606 gitet
287 2572 464 2599 aeteruum
484 2574 614 2610 patrem
634 2567 777 2600 Domini
801 2568 909 2600 nostri
929 2566 1003 2599 lesu
1020 2563 1164 2607 Christi,

187 2617 393 2658 patefactum
419 2629 502 2650 voce
526 2629 605 2655 sua,
646 2624 684 2650 ut
716 2618 750 2649 in
777 2618 951 2660 baptismo
972 2614 1105 2650 Christi
1130 2623 1163 2649 et

185 2667 289 2707 alibi,
315 2673 348 2702 et
371 2667 493 2710 cogitet
514 2668 624 2711 ipsum
641 2666 788 2705 Filium,
817 2667 1003 2710 imaginem
1022 2664 1083 2701 καὶ
1100 2663 1160 2701 λό-

919 123 1401 163 DISPUTATIONES

2101 125 2175 160 612

1199 223 1266 258 γον
1285 210 1415 243 aeterni
1439 209 1564 253 patriS,
1595 210 1803 254 patefactum
1821 210 1856 242 in
1874 210 2176 253 promissionibus,

1200 262 1284 297 et,in
1302 262 1459 292 adsumta
1476 258 1627 293 humana
1646 267 1769 294 natura
1787 268 1819 294 et
1837 260 2026 300 miraculis,
2053 260 2176 303 etSpi-

1200 311 1304 343 ritum
1329 316 1486 343 sanctum
1508 311 1717 354 patefactum
1742 311 1780 345 iu
1802 310 2004 344 Pentecoste
2026 317 2058 343 et
2082 310 2178 344 alibi.

1202 362 1339 394 Deinde
1355 360 1439 393 sciat
1457 356 1568 406 λόγον
1585 372 1657 393 esse
1676 372 1860 403 personam
1884 361 2023 393 missam
2051 361 2091 392 ad
2109 357 2179 392 Ec-

1202 411 1339 443 clesiam
1373 411 1416 443 ab
1446 410 1566 450 initio,
1609 417 1641 443 et
1673 411 1856 453 protulisse
1882 410 2114 453 Evangelium
2139 421 2179 441 ex

1203 463 1281 493 sinu
1309 461 1438 493 aeterni
1465 461 1590 504 patris,
1622 467 1655 493 et
1679 471 1814 503 semper
1838 461 1988 493 adfuisse
2003 459 2180 493 Ecclesiae

1205 524 1265 555 pro
1282 523 1318 543 ea
1346 513 1567 554 deprecatum
1589 522 1676 548 esse,
1709 517 1742 543 et
1763 511 1920 543 adsumta
1943 509 2096 543 humana
2119 521 2180 541 na-

1204 569 1289 601 tura,
1318 562 1466 603 placasse
1482 562 1569 593 iram
1584 560 1717 594 aeterni
1737 561 1855 604 patris,
1883 567 1914 593 et
1931 566 2073 604 propter
2089 557 2183 592 hunc

1205 613 1429 644 mediatorem
1454 612 1569 644 Deum
1594 618 1627 644 et
1652 610 1851 651 hominem,
1888 622 1952 643 nos
1979 617 2070 643 certo
2092 610 2182 641 acci-

1204 674 1282 705 pere
1301 662 1540 694 remissionem
1558 669 1788 704 peccatorum,
1814 667 1845 694 et
1862 660 2185 694 reconciliationem

1205 721 1233 744 et
1253 712 1419 751 exaudiri,
1446 724 1484 744 ac
1501 723 1595 745 nunc
1611 724 1749 757 quoque
1767 713 1985 746 sacerdotum
2003 722 2074 744 esse
2090 708 2185 743 hunc

1206 763 1314 794 filium
1347 769 1609 795 conservantem
1646 763 1880 797 ministerium
1910 760 2112 804 Evangelii,
2152 768 2186 793 et

1206 813 1424 854 colligentem
1447 825 1485 844 ac
1511 819 1704 845 servantem
1720 811 1911 846 Ecclesiam
1934 823 1994 845 sua
2019 811 2187 855 potentia,

1206 869 1237 895 et
1253 863 1533 906 interpellantem
1552 875 1614 905 pro
1635 863 1754 901 nobis,
1783 870 1816 896 et
1832 875 1914 896 voce
1929 860 2113 904 Evangelii
2132 862 2187 894 di-

1207 925 1281 945 cere
1305 925 1379 945 eam
1405 913 1681 946 consolationem
1704 920 1737 946 et
1758 920 1952 947 monstrare
1975 919 2128 956 patrem,
2153 918 2187 944 et

1209 975 1268 1005 per
1286 974 1363 996 eum
1381 963 1455 995 dari
1472 962 1642 1006 Spiritum
1660 970 1819 996 sanctum
1835 964 1872 996 in
1890 963 2013 1002 corda,
2040 961 2101 1006 qui
2117 961 2189 993 lae-

1208 1013 1318 1044 titiam
1338 1019 1370 1045 et
1387 1013 1642 1046 invocationem
1659 1014 1837 1051 exuscitat‚
1862 1020 1901 1046 ut
1910 1012 2041 1045 Paulus
2057 1011 2187 1056 inquit:

1210 1061 1310 1094 Misit
1326 1063 1423 1095 Deus
1438 1062 1608 1105 Spiritum
1628 1063 1691 1094 filii
1707 1064 1762 1096 sui
1780 1064 1817 1095 in
1836 1065 1952 1096 corda.

1309 1121 1343 1155 5.
1371 1119 1464 1152 Haec
1482 1120 1657 1153 invocatio
1673 1121 1739 1154 fuit
1755 1128 1836 1154 nota
1847 1121 2022 1159 Patribus,
2048 1127 2088 1153 ut
2105 1121 2190 1152 scri-

1210 1177 1308 1214 ptum
1326 1177 1392 1203 est:
1421 1167 1600 1203 Abraham
1620 1170 1707 1204 vidit
1725 1171 1817 1203 diem
1835 1183 1969 1212 meum,
1996 1177 2029 1203 et
2045 1171 2191 1203 laetatus

1211 1228 1271 1255 est.
1341 1219 1589 1262 intelligebant
1616 1221 1709 1253 enim
1734 1221 1896 1255 traditam
1923 1220 2190 1265 promissionem

1211 1273 1253 1303 de
1270 1271 1378 1314 gratia
1396 1277 1429 1303 et
1446 1271 1488 1302 de
1507 1270 1610 1303 bonis
1628 1271 1789 1306 aeternis.

1315 1329 1348 1363 6,
1392 1327 1509 1370 Quare
1534 1327 1702 1361 Latomus
1724 1327 1955 1361 Lovaniensis
1979 1329 2083 1372 impie
2108 1329 2193 1361 scri-

1213 1379 1299 1422 psit,
1326 1391 1398 1410 non
1421 1379 1524 1409 aliam
1550 1378 1655 1410 fuisse
1679 1378 1844 1411 noticiam
1861 1377 1925 1411 Dei
1949 1379 1986 1411 in
2003 1377 2194 1418 Abraham,

1213 1441 1315 1473 quam
1334 1428 1447 1472 qualis
1460 1428 1525 1460 suit
1546 1427 1582 1459 in
1592 1426 1827 1471 Xenophonte
1845 1436 1877 1462 et
1887 1427 2067 1463 Cicerone.
2121 1428 2193 1460 Ta-

1213 1480 1255 1511 lis
1270 1478 1428 1510 confusio
1443 1476 1617 1510 Ecclesiae
1632 1485 1664 1510 et
1674 1476 1908 1511 Ethnicorum
1925 1479 2114 1511 execranda
2131 1486 2191 1510 est.

1315 1544 1350 1577 7.
1403 1541 1606 1575 Execranda
1643 1550 1694 1576 est
1728 1543 1830 1576 etiam
1867 1544 2043 1584 confusio,
2087 1557 2192 1589 quam

1214 1591 1447 1626 Thammerus
1468 1593 1566 1631 facit,
1602 1593 1661 1636 qui
1687 1605 1822 1637 semper
1843 1594 1910 1634 ait,
1942 1601 2064 1626 notum
2088 1595 2194 1627 fuisse

1215 1643 1379 1676 omnibus
1402 1643 1562 1685 gentibus
1586 1641 1788 1686 Christum,
1828 1644 1909 1687 quia
1934 1644 1987 1675 lex
2010 1650 2091 1676 nota
2115 1645 2193 1677 suit.

1214 1692 1259 1726 Et
1274 1691 1328 1726 his
1345 1693 1538 1737 praestigiis
1555 1704 1652 1725 snam
1672 1693 1885 1735 impietatem
1911 1693 2115 1726 confirmare
2138 1706 2196 1727 co-

1216 1751 1332 1777 natur.
1391 1742 1480 1776 Cum
1505 1742 1634 1775 Paulus
1657 1743 1701 1774 ad
1726 1742 1907 1776 Romanos
1931 1743 2038 1776 dicat:
2065 1743 2196 1776 Poten-

1218 1794 1299 1828 tiam
1326 1792 1391 1826 Dei
1415 1799 1532 1825 notam
1558 1792 1662 1825 fuisse
1687 1793 1868 1835 gentibus,
1896 1791 2057 1826 Christus
2080 1801 2195 1827 autem

1218 1844 1421 1876 nominetur
1438 1843 1592 1886 potentia
1603 1841 1666 1875 Dei
1683 1844 1725 1875 ad
1736 1841 1957 1883 Corinthios,
1976 1844 2075 1888 sequi
2089 1842 2195 1877 Chri-

1218 1901 1308 1927 stum
1327 1900 1448 1926 notum
1466 1893 1582 1926 fuisse.
1636 1892 1677 1925 ln
1692 1890 1758 1926 hoc
1774 1900 1978 1936 argumento
2003 1905 2075 1926 non
2099 1895 2195 1928 videt

1218 1944 1366 1976 Paulum
1384 1945 1426 1976 ad
1446 1942 1627 1981 Romanos
1650 1943 1748 1987 loqui
1768 1944 1809 1976 de
1832 1944 1987 1986 potentia
2004 1950 2139 1977 ostensa
2158 1945 2195 1977 in

1219 1994 1357 2037 opificio
1377 1994 1572 2026 creationis.
1625 1991 1681 2026 Ad
1701 1991 1905 2027 Corinthios
1924 2007 2005 2026 vero
2030 1996 2196 2028 nomina—

1219 2052 1275 2077 tur
1292 2042 1471 2081 Christus,
1499 2042 1658 2077 Potentia
1683 2055 1755 2076 non
1782 2044 1889 2077 solius
1906 2044 2109 2085 creationis,
2136 2047 2195 2078 sed

1219 2094 1446 2138 reparationis
1468 2099 1499 2126 et
1516 2093 1721 2127 salvationis
1738 2092 1935 2130 hominum.

1323 2152 1357 2187 8.
1394 2149 1598 2185 Execranda
1624 2158 1674 2185 est
1698 2158 1731 2185 et
1754 2151 1972 2186 Samosateni
2004 2160 2036 2186 et
2061 2152 2194 2187 Serveti

1219 2203 1399 2246 impietas,
1425 2201 1549 2234 similis
1560 2199 1833 2242 Mahometicae‚
1859 2203 1918 2247 qui
1936 2209 2061 2245 negant
2078 2203 2114 2234 in
2129 2201 2196 2237 hoc

1219 2254 1329 2286 dicto:
1357 2252 1396 2286 ἐν
1416 2250 1510 2296 ἀρχῇ
1526 2247 1572 2296 ἦν
1589 2249 1608 2285 ὅ
1626 2250 1742 2299 λόγος,
1769 2260 1929 2296 oportere
1947 2252 2107 2295 intelligi,
2130 2252 2196 2287 τὸν

1218 2300 1329 2350 λόγον
1345 2314 1527 2346 personam
1548 2313 1619 2335 esse
1638 2313 1699 2335 seu
1717 2298 1980 2348 irptozoiflcsvov.
2014 2301 2197 2336 Damnan-

1218 2356 1284 2387 dus
1301 2360 1351 2387 est
1367 2359 1400 2386 et
1416 2352 1524 2386 Arius
1535 2377 1544 2391 ,
1571 2353 1632 2397 qui
1649 2360 1751 2396 negat
1768 2352 1878 2385 filium
1902 2363 1973 2386 esse
1998 2349 2196 2396 ὁμοούσιον

1217 2404 1319 2449 patri.

1319 2462 1399 2496 Sint
1424 2461 1531 2504 igitur
1554 2467 1635 2495 nota
1658 2459 1859 2493 discrimina
1885 2455 2130 2505 personarum,
2164 2472 2197 2498 et

1217 2513 1253 2546 in
1284 2512 1505 2547 invocatione
1535 2511 1744 2554 cogitentur.
1809 2509 1913 2544 Pater
1950 2520 2110 2547 aeternus
2146 2523 2197 2549 est

1217 2564 1328 2607 prima
1359 2574 1506 2607 persona
1538 2560 1750 2601 divinitatis,
1790 2572 1902 2605 neque
1934 2569 2014 2596 nata
2042 2564 2196 2605 aliunde,

1217 2626 1329 2658 neque
1345 2614 1489 2646 aliunde
1506 2611 1717 2654 procedenS,
1744 2622 1857 2655 neque
1871 2619 1982 2646 creata
1995 2639 2004 2653 ,
2031 2615 2089 2647 sed
2108 2627 2196 2660 quae

1216 2665 1260 2698 ab
1278 2670 1418 2698 aeterno
1437 2662 1546 2695 filium
1565 2660 1918 2705 genuit‚-imaginem
1933 2673 2030 2696 suam
2042 2688 2050 2702 ‚
2077 2671 2110 2698 et
2124 2675 2195 2698 una
