2324 2955
141 86 216 121 937
714 87 742 124 1-

139 173 268 205 fectum
287 172 481 214 praetorio,
509 172 569 216 qui
587 180 689 206 autor
707 173 819 207 suerat
835 174 929 207 necis
939 173 1127 230 Commodi

139 227 172 254 et
186 219 391 258 Pertinacis,
444 222 577 256 Iudicia
596 223 767 263 restituit,
799 231 832 258 et
856 237 938 268 pace
963 225 1000 257 in
1019 221 1125 257 Occi-

138 272 244 304 dente
262 273 471 311 constituta,
499 273 536 304 in
552 270 739 306 Orientem
763 275 940 318 profectus
967 282 1016 308 est
1040 286 1126 307 con-

137 328 191 355 tra
215 321 420 354 Pesceninm
445 322 612 365 Nigrum,
655 324 716 369 qni
750 337 768 357 a
797 324 941 370 Syriaco
973 325 1123 358 exercitu

136 371 329 415 imperator
346 372 541 414 adpellatus
559 381 641 408 erat.
679 373 767 407 Cum
788 373 854 408 hoc
871 383 969 409 vetus
987 376 1017 408 ei
1035 375 1122 407 ami-

135 422 216 455 citia
240 422 276 454 in
295 421 412 455 Gallia
434 422 561 457 fuerat:
589 431 620 457 ct
637 436 710 457 non
737 425 849 459 defuit
873 426 984 459 virtus
999 425 1121 458 Pesce-

133 472 206 505 nio.
263 471 356 505 Vicit
372 480 486 506 autem
508 474 619 506 tribus
639 475 775 518 magnis
802 476 941 518 praeliis
960 476 1120 510 Severus.

132 520 254 555 Primo
276 523 319 555 ad
336 522 513 568 Cizycum.
564 523 702 558 Deinde
728 526 769 558 ad
787 525 941 559 Niceam.
994 525 1119 559 Tertio

132 573 176 605 ad
199 571 310 605 lssum
333 573 369 605 in
387 573 510 607 Cilicia
523 601 531 613 ‚
560 575 620 607 ubi
639 573 787 608 Darium
806 576 890 609 vicit
907 575 1118 610 Alexander.

130 620 292 667 Cumque
316 623 351 655 in
370 624 520 657 exercitu
539 623 697 658 Pescenii
723 626 847 669 viginti
872 627 982 659 millia
1008 626 1117 683 truci-

130 673 209 706 data
240 680 374 713 essent,
415 675 552 717 fugiens
585 675 772 709 Pescenius
803 674 1028 710 Antiochiam
1065 677 1114 708 ib1

129 722 333 756 interfectus
366 732 433 764 est,
476 732 509 758 et
531 733 634 769 caput
659 727 730 770 pilo
758 727 903 759 infixum
928 727 1114 759 circumla-

129 781 202 807 tum
224 780 286 809 est.

231 847 339 882 Initio
375 849 459 881 belli
496 858 724 893 occupaverat
752 850 938 884 Pescenius
973 851 1110 896 Byzan—

125 898 234 940 tium,
262 900 354 944 qnod
373 899 522 932 Severus
541 900 724 933 obsidione
742 901 849 934 cinxit
866 908 977 934 totum
1002 902 1109 934 trien-

125 949 243 982 nium:
280 948 331 983 Ac
357 950 538 982 defensum
563 957 612 983 est
634 958 728 983 tanta
753 951 960 993 pertinacia,
1001 959 1039 985 ut
1066 953 1107 984 ad

122 996 310 1032 humanas
351 1010 476 1031 carnes
514 1006 657 1031 ventum
697 1000 750 1032 sit.
828 1000 991 1034 Tandem
1025 1014 1107 1035 vero

123 1061 202 1082 cum
219 1048 378 1094 Byzantii
398 1055 429 1082 et
447 1050 536 1081 fame
554 1056 585 1082 et
601 1051 864 1093 tempestatibus
881 1052 990 1083 coacti
1008 1052 1107 1084 dedi-

124 1099 258 1133 tionem
283 1100 454 1142 facerent,
491 1098 640 1132 Severus
663 1100 763 1133 iussit
785 1101 947 1133 demoliri
973 1114 1106 1135 muros.

122 1148 174 1183 lta
193 1150 277 1182 urbs
297 1162 314 1181 a
330 1147 667 1191 Carthaginensibus
682 1150 821 1182 condita
837 1177 845 1190 ,
876 1158 907 1184 et
933 1164 1021 1196 qnae
1045 1153 1104 1184 din

121 1200 307 1238 floruerat,
335 1199 447 1232 deleta
464 1206 525 1234 est.
579 1198 667 1232 Nam
685 1212 702 1232 a
721 1198 889 1244 Philippo
909 1201 1104 1235 Macedone

121 1251 340 1294 (quanquam
358 1250 443 1282 urbs
458 1250 569 1282 multo
593 1250 764 1283 vetustior
786 1250 852 1293 est)
875 1252 915 1283 ad
936 1251 1102 1285 Severum

119 1300 381 1343 imperatorem,
400 1308 481 1333 sunt
497 1300 580 1332 anni
598 1300 735 1333 circiter
750 1301 946 1344 quingenti.
980 1301 1102 1336 Postea

119 1362 138 1383 a
157 1348 391 1383 Constantino
420 1350 609 1383 instaurata
635 1357 695 1382 est.
750 1349 979 1384 Intervallum
1004 1365 1022 1385 a
1040 1353 1103 1386 Se-

119 1412 201 1433 vero
219 1401 259 1433 ad
281 1401 572 1433 instaurationem
592 1407 673 1434 sunt
692 1401 776 1433 anni
802 1408 941 1435 centnm
970 1409 1002 1435 et
1029 1415 1102 1435 am-

117 1450 210 1495 plius
228 1451 385 1493 triginta.

218 1524 307 1559 Cum
333 1532 447 1558 antem
471 1524 621 1558 Severus
644 1524 711 1556 iam
739 1526 925 1558 maximam
946 1526 1099 1560 Romani

114 1575 256 1619 imperii
279 1583 411 1619 partem
436 1581 588 1613 teneret,
616 1575 755 1607 rediens
778 1576 814 1607 in
833 1576 990 1617 Italiam,
1026 1578 1100 1609 bel-

114 1627 189 1658 lnm
209 1626 320 1658 movit
337 1626 503 1658 adversus
521 1622 718 1663 Albinum,
745 1637 848 1669 quem
873 1632 974 1659 antea
993 1627 1101 1659 colle-
1124 1650 1126 1657 .

114 1688 191 1718 gam
223 1676 360 1709 fecerat.
426 1674 578 1708 Rexerat
606 1674 828 1708 Britanniam
858 1674 1030 1716 Albinus,
1066 1683 1099 1710 et

114 1725 247 1759 Frisios
263 1726 464 1763 domuerat,
489 1736 527 1756 ac
553 1732 697 1768 propter
723 1726 943 1758 nobilitatem
961 1726 1098 1760 Romae

113 1775 345 1810 Senatoribns
361 1785 461 1807 carus
481 1774 556 1808 suit.
611 1774 740 1818 Fitque
759 1776 910 1818 primum
931 1777 965 1808 in
983 1775 1097 1808 histo-

113 1827 165 1860 ria
193 1825 353 1860 Romana
390 1823 582 1856 Frisiorum
618 1825 750 1856 mentio
786 1825 821 1856 in
856 1826 958 1858 rebus
994 1827 1097 1868 gestis

112 1875 219 1911 huius
244 1874 382 1910 Albini.
450 1872 593 1907 Obiecit
626 1881 740 1906 antem
773 1873 922 1908 Severus
952 1874 1097 1930 Albino,

112 1928 207 1972 quod
233 1927 431 1959 societatem
457 1937 527 1956 non
553 1925 643 1957 bona
669 1924 734 1956 fide
760 1925 933 1959 coluisset.
1004 1925 1095 1960 &icit

111 1976 286 2012 Albinum
314 1977 355 2009 ad
383 1975 596 2018 Lugdunum
626 1986 752 2017 magno
777 1975 925 2017 praelio,
967 1976 1003 2007 in
1027 1989 1095 2021 qno
1119 1967 1122 2033 1

112 2029 186 2072 ipse
216 2027 367 2061 Severus
396 2026 482 2058 ictus
505 2026 548 2057 de
573 2038 663 2069 equo
689 2025 836 2065 decidit,
868 2033 896 2058 et
923 2026 1094 2059 extinctus

110 2078 310 2123 putabatur.
382 2076 502 2109 Victor
526 2074 648 2109 Albini
675 2083 776 2119 caput
803 2076 995 2119 praecisum
1019 2076 1091 2110 Ro-

110 2141 202 2161 mam
221 2128 325 2161 misit.
379 2125 517 2160 Deinde
541 2127 635 2159 solus
662 2133 783 2158 tenens
809 2126 994 2169 imperinm
1020 2140 1092 2159 ma-

110 2190 213 2222 gnam
232 2179 475 2212 crudelitatem
502 2176 667 2211 exercuit.
726 2176 901 2210 Interfecit
927 2178 1089 2210 adversa-

109 2230 244 2263 riorum
274 2229 420 2267 amicos,
461 2234 493 2260 et
528 2228 658 2260 multos
690 2227 776 2260 alios
808 2228 956 2270 praedae
979 2240 1090 2260 causa.

110 2279 263 2314 Uxorem
294 2277 413 2312 habuit
444 2278 592 2322 primam
611 2277 796 2318 Martiam,
832 2290 935 2322 quam
956 2277 1090 2312 Romae

109 2330 209 2363 duxit
224 2336 381 2373 tempore
399 2327 452 2362 M.
470 2327 666 2367 Antonini,
694 2340 732 2360 ex
750 2340 816 2372 qna
833 2329 861 2360 ei
883 2327 973 2362 lilius
990 2335 1090 2361 natus

110 2387 160 2414 est
183 2379 382 2416 Bassianus.
796 2426 806 2436 Ι
1065 2430 1072 2436 ·

109 2443 207 2470 cere,
233 2431 300 2463 nisi
325 2442 412 2475 quae
435 2427 579 2462 haberet
607 2429 735 2470 regiam
760 2440 930 2486 ywwn‘,
962 2436 999 2486 nt
1018 2430 1088 2486 ‘suli

109 2482 286 2515 studiosus
316 2487 347 2513 et
376 2480 508 2524 peritus
538 2478 770 2521 Astrologiae.
838 2479 946 2513 Duxit
982 2486 1088 2522 igitur

109 2533 146 2564 in
176 2531 276 2577 Syria
304 2530 448 2569 luliam,
489 2542 529 2563 cx
563 2542 630 2575 qua
664 2537 766 2562 natus
803 2537 851 2562 est
879 2530 968 2563 alins
996 2531 1115 2570 tilius5

111 2581 201 2615 Geta
214 2607 222 2620 ‚
250 2594 366 2627 quem,
394 2589 431 2615 nt
449 2587 565 2625 postea
584 2581 740 2613 dicemus
753 2606 761 2617 ‚
792 2581 964 2615 interfecit
982 2581 1088 2614 frater

108 2631 307 2666 Bassianus.

160 2684 334 2714 Mem-ivri«.
360 2684 460 2714 Ormi.
482 2683 562 2713 Vox..
579 2683 655 2714 ΧΠ.

447 2378 521 2412 llac
554 2386 690 2412 mortua
716 2378 832 2412 noluit
856 2391 998 2411 uxorem
1023 2380 1088 2411 dn-
1113 2396 1115 2404 ·

788 87 1078 124 CHRONICON
1106 87 1350 124 CARlONIS.
1404 91 1529 128 PARS
1557 93 1602 130 Il.

2093 106 2167 143 938

1283 172 1498 209 Postremam
1519 180 1775 222 expeditionem
1792 183 1942 219 Severus
1960 187 1996 220 in
2014 187 2158 224 Britan-

1183 216 1274 255 niam
1305 227 1472 269 suscepit,
1501 229 1560 261 ubi
1589 239 1748 265 mortuus
1776 241 1825 267 est
1842 233 2004 271 Eboraci.
2063 239 2158 275 Vixit

1180 285 1291 306 annos
1311 277 1485 319 sexaginta
1504 280 1672 325 quinque,
1693 295 1828 316 menses
1846 298 1983 328 novem,
2011 290 2084 322 dies
2105 292 2156 323 vi-

1178 323 1265 364 ginti
1302 326 1470 370 quinque.
1532 329 1730 365 Morituros
1760 335 1948 378 deplorans
1984 336 2155 374 humanas

1178 374 1333 407 miserias
1358 377 1461 410 dixit:
1499 376 1638 413 Omnia
1655 381 1740 429 sui,
1772 388 1802 416 el
1828 383 1930 420 nihil
1951 386 2049 423 mihi
2067 402 2153 435 pro-

1177 420 1268 456 dest:
1297 423 1433 460 Πάντα
1464 427 1665 475 ἐγεινάμην,
1706 431 1768 467 καὶ
1799 433 1910 471 οὐδὲν
1941 437 2022 481 ἐμοὶ
2051 443 2152 475 λυσι-

1173 483 1274 508 τέλει.

1273 531 1375 566 Filiis
1405 536 1499 569 misit
1531 538 1713 581 legendam
1741 541 1910 587 Micipsae
1943 548 2149 592 orationem,

1171 594 1258 625 quae
1274 590 1365 617 extat
1384 588 1477 628 apud
1497 586 1702 629 Salustium,
1731 591 1766 623 in
1785 605 1852 636 qua
1873 593 1956 629 haec
1973 607 2053 632 sunt
2071 613 2149 633 ver-

1170 633 1229 664 ba:
1264 629 1474 667 Concordia
1493 648 1630 681 parvae
1656 651 1710 672 res
1739 649 1916 686 crescunt,
1960 645 2146 684 discordia

1168 683 1356 716 maa‘imae
1376 682 1610 721 dilabuntur.

1268 741 1373 785 Apud
1395 742 1546 777 Dionem
1574 744 1657 781 haec
1682 751 1724 782 de
1751 763 1790 784 eo
1809 754 1914 786 verba
1933 763 2032 789 sunt:
2061 755 2147 792 Erat

1167 802 1310 833 corpore
1327 794 1510 835 robustus,
1539 797 1604 829 nisi
1632 802 1724 843 qnod
1750 813 1851 835 senex
1878 807 2026 847 podagra
2049 808 2146 841 labo-

1167 841 1275 880 ravit,
1311 843 1401 876 acies
1428 846 1556 878 mentis
1576 848 1642 881 suit
1667 852 1834 885 acerrima
1862 863 1893 887 et
1919 857 2145 898 validissima,

1164 890 1340 924 doctrinas
1365 895 1533 937 appetivit
1563 905 1594 930 et
1622 899 1815 942 intellexit,
1846 916 1908 937 nec
1931 913 2046 939 tamen
2063 920 2143 951 gar-

1164 941 1261 973 rulus
1276 942 1353 976 suit.
1412 943 1492 976 Non
1520 946 1677 989 ingratus
1703 954 1845 993 amicis,
1884 958 1942 987 sed
1976 959 2142 991 adversus

1164 989 1327 1023 inimicos
1353 995 1556 1029 acerrimus.
1613 997 1771 1033 intentus
1796 1004 1832 1035 in
1850 1017 1886 1037 ea
1903 1019 1991 1049 qnae
2009 1011 2140 1049 agr-uda

1160 1049 1276 1079 erant,
1317 1039 1408 1074 nihil
1440 1046 1645 1080 morabatur
1677 1050 1822 1085 fabellas
1847 1062 1877 1087 et
1910 1059 2140 1093 rumusculos,

1161 1091 1220 1134 qui
1239 1092 1281 1123 de
1298 1092 1374 1135 ipso
1392 1096 1656 1137 spargebantur.

1262 1148 1302 1181 In
1323 1150 1396 1182 eius
1421 1149 1565 1186 historia
1592 1159 1788 1201 exemplum
1814 1169 1864 1195 est
1882 1163 2019 1207 insigne
2035 1168 2138 1201 aulici

1158 1194 1376 1238 Pluuciani,
1408 1202 1468 1245 qui
1493 1215 1667 1240 summam
1692 1212 1882 1251 potentiam
1908 1222 2046 1256 nactus,
2075 1230 2138 1261 po—

1157 1255 1227 1281 stea
1247 1261 1283 1281 ea
1304 1251 1482 1293 abutitur,
1507 1260 1539 1286 et
1564 1267 1582 1287 a
1607 1257 1752 1291 domino
1776 1262 1924 1299 tollitur.

1257 1306 1470 1343 Plancianus
1494 1313 1587 1345 enim
1606 1314 1693 1348 Afer
1716 1330 1754 1350 ex
1777 1322 1874 1354 tenui
1898 1323 1974 1355 loco
1999 1334 2137 1360 evectus

1155 1363 1205 1390 est
1226 1358 1269 1390 ad
1294 1370 1466 1392 summam
1491 1365 1684 1404 potentiam
1703 1375 1736 1401 et
1753 1371 1919 1405 maximas
1935 1386 2017 1417 opes
2035 1389 2052 1408 a
2072 1376 2135 1409 Se-

1154 1419 1254 1440 vero:
1283 1409 1440 1454 adeoque
1456 1423 1554 1445 carus
1571 1415 1599 1446 ei
1621 1415 1685 1449 fuit
1698 1441 1706 1455 ‚
1731 1426 1769 1452 ut
1786 1420 1892 1454 filiam
1912 1424 1984 1457 eius
2000 1427 2134 1462 dederit

1155 1458 1304 1491 Severus
1319 1458 1500 1494 Bassiano.
1555 1463 1622 1497 Sed
1649 1467 1770 1502 scribit
1792 1469 1887 1504 Dion
1915 1474 1957 1506 de
1976 1475 2134 1510 Plancia-

1153 1519 1218 1539 no:
1247 1506 1379 1542 Omnia
1401 1513 1686 1557 concupiscebat,
1712 1521 1829 1554 omnia
1848 1525 1997 1565 petebat,
2015 1528 2132 1560 omnia

1153 1558 1363 1601 accipiebat,
1392 1572 1455 1593 nec
1480 1571 1636 1605 gentem,
1662 1579 1725 1601 nec
1751 1571 1872 1604 urbem
1897 1574 2006 1607 ullam
2024 1578 2132 1610 relin-

1153 1610 1280 1652 quebat
1299 1621 1371 1642 non
1391 1612 1575 1654 spoliatam
1589 1643 1596 1654 ,
1623 1618 1682 1649 sed
1703 1621 1821 1654 omnia
1846 1630 1876 1656 et
1896 1627 2131 1672 undecunque

1153 1658 1320 1700 rapiebat.
1380 1660 1543 1696 Caeterea
1574 1668 1684 1708 magis
1721 1676 1807 1704 tetra
1840 1675 1979 1708 omitto.
2034 1676 2131 1711 Talis

1151 1719 1229 1740 cum
1256 1716 1361 1749 esset,
1400 1723 1471 1743 non
1499 1715 1612 1755 potuit
1644 1717 1811 1753 diuturna
1846 1735 1917 1756 esse
1950 1726 2131 1761 foelicitas.

1123 1767 1125 1785 t
1153 1757 1219 1790 Sed
1241 1759 1393 1800 primum
1415 1759 1479 1793 hoc
1495 1763 1614 1797 furore
1633 1769 1776 1809 punitus
1797 1779 1865 1810 est,
1895 1782 1931 1808 nt
1957 1777 2047 1808 vitae
2067 1779 2129 1811 Se-

1150 1807 1222 1839 veri
1251 1815 1280 1841 et
1298 1808 1456 1843 Bassiani
1484 1813 1629 1848 insidias
1656 1824 1824 1862 strueret,
1853 1825 1981 1867 quibus
2006 1828 2129 1870 depre-

1151 1855 1267 1890 bensis
1284 1858 1495 1895 Plancianns
1520 1876 1538 1896 a
1566 1864 1695 1899 Severo
1725 1871 1760 1901 in
1785 1870 1959 1907 Palatium
1985 1885 2128 1911 vocatus

1120 1916 1122 1925 ¹
1150 1907 1197 1939 ibi
1226 1908 1426 1944 interfectus
1453 1920 1516 1946 est:
1546 1921 1577 1947 et
1601 1918 1749 1951 cadaver
1767 1930 1998 1959 monstratum
2020 1926 2127 1960 lnliae

1149 1964 1184 1989 nt
1206 1958 1412 2000 laetaretur,
1441 1970 1472 1995 et
1490 1964 1580 1996 filiae
1592 1964 1785 2011 I‘tauciani,
1810 1981 1846 2006 nt
1862 1975 1983 2008 dolore
2001 1977 2126 2010 adfice—

1149 2014 1254 2041 retur.
1307 2008 1373 2043 Hic
1390 2012 1454 2045 snit
1472 2014 1582 2047 exitus
1601 2013 1754 2052 hominis
1775 2023 1893 2062 aulici,
1920 2027 1979 2070 qni
1999 2027 2123 2061 fidncia

1120 2077 1122 2080 >
1149 2060 1301 2100 potentia
1327 2072 1408 2093 suae
1436 2064 1580 2097 nimiam
1613 2067 1789 2103 licentiam
1825 2074 1891 2106 sibi
1919 2086 2124 2120 sumpserat,

1146 2109 1277 2142 oblitus
1320 2108 1424 2145 liuius
1460 2117 1652 2159 praecepti:
1696 2119 1889 2156 Fortunam
1924 2136 2124 2162 reverenter

1146 2156 1251 2200 habe,
1279 2161 1435 2207 quinque
1455 2173 1596 2208 repente
1615 2166 1720 2202 Dives
1738 2173 1781 2204 ab
1800 2175 1880 2207 exili
1898 2179 2120 2219 progrediere

1145 2210 1231 2243 loco.

1246 2267 1411 2304 Exercuit
1457 2272 1607 2307 Severus
1643 2278 1746 2311 etiam
1786 2283 1969 2317 saeviciam
2000 2293 2119 2320 contra

1114 2342 1116 2345 .
1143 2316 1372 2360 Christianos,
1399 2321 1433 2353 in
1454 2335 1519 2366 qna
1539 2320 1721 2360 Leonides
1743 2338 1839 2372 pater
1853 2332 2022 2377 Origenis
2040 2349 2120 2380 pro-

1144 2376 1218 2411 pter
1235 2371 1488 2404 consessionem
1508 2376 1680 2418 supplicio
1700 2381 1853 2416 adfectus
1873 2392 1934 2425 est,
1961 2387 2020 2431 qui
2040 2389 2118 2432 qni-

1141 2422 1218 2452 dem
1236 2420 1346 2453 filium
1368 2433 1490 2464 magna
1510 2436 1591 2458 cura
1612 2428 1729 2461 doceri
1748 2434 1894 2467 curavit.

1243 2477 1304 2512 Est
1331 2480 1436 2521 igitur
1453 2480 1627 2525 Origenes
1645 2487 1752 2521 sactus
1768 2490 1957 2527 catecbetes
1983 2496 2016 2528 in
2036 2495 2118 2529 Ale-

1141 2530 1311 2561 xandrina
1336 2529 1505 2571 Ecclesia,
1539 2547 1643 2574 agens
1665 2551 1796 2573 annum
1821 2544 1994 2577 decimum
2022 2554 2114 2578 orta-

1142 2592 1235 2614 vum,
1290 2579 1431 2613 Vsu-iam
1457 2580 1638 2618 historiam
1666 2591 1820 2626 continet
1845 2601 1914 2627 tota
1942 2597 2015 2628 eius
2032 2596 2113 2632 vitu.

1140 2642 1227 2674 quae
1245 2630 1377 2672 legatur
1398 2634 1489 2676 apud
1509 2632 1711 2672 Eusebium.

1531 2686 1579 2719 60
