2324 2955
187 124 256 158 231

192 219 269 240 rum
287 214 326 240 ut
340 206 409 239 vita
437 204 566 248 profuit
591 202 836 246 tranquillitati
852 200 1027 235 Ecclesiae
1050 209 1081 236 et
1103 214 1165 246 pa-

191 258 298 295 triac‚
333 257 378 288 ita
403 265 495 286 mors
521 252 575 284 vel
602 252 756 293 signum,
782 252 839 284 vel
864 252 980 296 aliqua
1005 264 1045 284 ex
1068 259 1165 296 parte

193 318 294 339 causa
321 306 385 336 suit
415 301 643 334 maximarum
669 302 901 334 mutationum
928 309 960 334 et
988 302 1167 335 calamita-—

193 364 286 394 tum,
320 353 447 396 quibus
473 349 586 383 adhuc
612 363 795 393 urgemur,
832 358 864 384 et
887 363 1035 396 quarum
1061 352 1165 384 finem

194 416 295 437 nemo
315 402 511 446 prospicere
530 408 649 444 potest.
691 400 780 433 Nam
799 408 836 434 ut
852 402 894 433 de
911 402 1003 434 hello
1021 412 1092 434 non
1110 401 1166 434 di-

194 465 287 492 cam,
315 453 406 496 quod
433 459 547 484 tamen
568 451 647 483 vivo
671 448 826 483 Luthero
850 451 1028 483 neminem
1052 458 1167 484 motu-

194 515 273 536 rum
297 503 401 534 fuisse
428 501 599 544 sapientes
621 500 836 540 existimant,
872 508 962 534 certe
982 501 1011 533 si
1028 500 1167 534 vixisset

193 551 381 591 hactenus,
414 558 453 584 ut
480 558 552 583 erat
581 557 704 583 natura
727 562 798 582 non
824 551 1015 591 imbecilla,
1050 550 1167 583 minus

196 603 422 635 dissidiorum
445 601 483 633 in
507 599 671 633 Ecclesiis
697 608 793 633 esset.
852 600 955 633 Nunc
983 607 1022 633 ut
1047 599 1170 645 Ulysse

197 652 411 691 dormiente,
437 663 514 683 cum
532 651 616 683 socii
631 657 743 683 utrem
766 651 803 682 in
821 662 924 694 quem
940 649 1070 683 Aeolus
1085 661 1170 682 ven-

197 710 249 736 tos
275 702 480 740 incluserat,
508 701 686 743 aperiunt,
712 707 903 743 eruperunt
926 700 961 732 in
980 700 1171 733 contrarias

198 763 296 792 oras,
324 750 452 783 Boreas
475 757 507 782 et
522 749 651 790 Notus,
677 748 794 783 Eurus
811 757 842 783 et
863 750 1042 793 Argestes,
1067 756 1099 782 et
1114 750 1171 781 in-

196 809 250 835 ter
274 812 344 833 sese
369 807 537 833 certantes
561 812 600 832 ex
623 800 692 832 imo
719 801 808 833 mari
830 800 1024 833 contrarios
1045 800 1171 832 fluctus

197 852 401 889 excitarunt,
429 850 555 893 quibus
571 856 727 892 quassata
744 850 842 882 navis
858 857 973 893 postea
989 851 1095 883 fracta
1111 856 1172 889 est,

196 903 244 933 ita
279 900 505 932 scribentium
535 899 688 931 dissidiis
722 907 903 944 quassatur
934 907 967 933 et
998 900 1172 933 laceratur

199 949 366 983 Ecclesia.
419 947 466 981 Et
489 949 645 993 quotidie
668 950 789 983 crescit
814 950 943 990 rabies,
978 961 1045 994 qua
1070 961 1109 982 ex
1136 961 1171 981 re

198 1000 282 1045 quid
307 1000 403 1031 aliud
425 999 626 1031 ratiocinari
648 1011 847 1042 possumus,
880 1012 985 1044 quam
1011 1000 1106 1044 quod
1135 999 1172 1031 in

198 1047 394 1093 Sophocleo
412 1049 565 1081 carmine
587 1049 788 1091 gravissime
810 1050 954 1083 dicitur:

281 1114 358 1144 ὅπου
382 1110 414 1142 θ’
439 1110 586 1151 ’ἶ-,ῗρι’ζειν,
609 1112 719 1155 &ptine
742 1111 906 1149 ιῖβούλεται
929 1113 1013 1154 πάρα

280 1160 396 1200 ταύτην
418 1160 517 1199 νόμιζε
540 1162 596 1200 τὴν
619 1161 705 1192 πόλιν
726 1159 829 1203 χρόνῳ
850 1175 922 1193 ποτε

281 1213 312 1248 ἔξ
335 1207 434 1252 οἶρων
455 1212 654 1252 ὁραμοῦσαν,
677 1213 717 1247 εἷς
739 1211 842 1249 ,Ji-3012
865 1218 976 1243 πεσεῖν.

283 1276 341 1305 [bi
356 1278 521 1314 petulanter
535 1277 630 1304 facere
648 1276 729 1314 quod
749 1277 840 1312 libet,
868 1279 948 1314 licet,

280 1325 461 1364 Legumque
476 1336 538 1353 vox
557 1332 584 1353 et
600 1327 642 1352 ira
658 1326 784 1353 vindicis
800 1324 857 1352 Dei

279 1374 427 1404 Ridentur
439 1398 446 1410 ,
474 1385 506 1403 ac
520 1376 606 1402 inane
621 1385 731 1402 nomen
754 1380 797 1402 est
811 1374 919 1412 pudor,

278 1424 388 1464 Magno
409 1431 473 1452 ruet
490 1426 583 1452 ventis
599 1424 732 1452 secundis
747 1426 861 1462 impetu

277 1474 354 1505 Mox
371 1477 402 1503 in
418 1475 602 1513 profundum
616 1485 709 1502 mersa
729 1481 791 1502 tota
807 1476 919 1503 civitas-

199 1541 268 1574 Sed
291 1537 382 1572 hane
408 1537 680 1571 consolationem
714 1535 834 1568 multis
860 1534 1068 1568 tristissimis
1093 1547 1170 1578 spe-

197 1590 339 1623 ctaculis
364 1597 600 1631 opponamuS,
631 1586 725 1630 quod
751 1592 884 1618 certum
908 1592 958 1617 est
978 1585 1088 1617 filium
1103 1585 1169 1618 Dei

198 1639 382 1672 dominum
410 1643 569 1669 nostrum
603 1634 715 1668 lesum
737 1633 934 1674 Christum,
975 1631 1086 1681 λόγον
1107 1633 1168 1668 καὶ

199 1686 323 1723 εἰκόνα
355 1685 478 1721 ἀΐδιον
514 1683 637 1719 ἀϊδίου
677 1683 832 1729 πατρὸς,
876 1696 959 1717 voce
984 1683 1196 1727 Evangelii,

197 1750 333 1781 semper
347 1745 521 1770 aeternam
537 1735 726 1768 Ecclesiam
744 1735 923 1778 colligere,
950 1735 1052 1767 etiam
1078 1736 1169 1768 inter
1193 1725 1197 1780 Ι

194 1787 384 1821 horribiles
400 1786 620 1820 confusiones
635 1786 769 1828 generis
784 1783 942 1818 humani.
993 1784 1097 1817 Hunc
1113 1797 1170 1817 ar-

197 1838 361 1871 dentibus
378 1837 467 1869 votis
482 1847 680 1879 precemur,
706 1842 745 1868 ut
772 1847 834 1868 nos
849 1836 1034 1877 gubernet,
1062 1842 1094 1867 et
1111 1836 1168 1867 in-

195 1895 250 1922 ter
265 1899 329 1920 nos
348 1887 486 1929 colligat
503 1893 533 1918 et
548 1892 657 1918 servet
672 1883 874 1923 Ecclesiam,
902 1892 934 1918 ct
954 1885 990 1916 in
1009 1886 1166 1918 docendo

195 1945 228 1971 et
246 1938 409 1971 discendo
430 1936 574 1979 gloriam
590 1934 666 1974 Dei,
682 1935 870 1973 ‚veritatem
886 1942 918 1968 et
939 1935 1082 1968 salutern
1100 1947 1169 1968 no-
1192 1927 1195 1948 ¹

193 1996 300 2022 stram
318 1995 348 2020 et
366 1987 513 2019 aliorum
531 1996 754 2029 quaeramuS,
782 1997 854 2017 non
873 1993 1047 2029 captemus
1068 1997 1167 2018 auras

193 2038 379 2081 populares
403 2033 654 2080 sophismatum
679 2036 874 2078 praestigiis
906 2043 937 2069 et
971 2034 1167 2080 sycophan-

191 2089 268 2122 tica.

294 2144 335 2177 In
351 2141 416 2177 hac
431 2150 543 2176 autem
561 2142 768 2185 cogitatione
786 2143 828 2174 de
841 2139 896 2175 his
911 2143 1167 2185 praestantibus

192 2195 296 2235 viris,
337 2196 378 2226 de
401 2193 498 2227 Duce
518 2191 667 2225 Ernesto
685 2199 717 2225 et
733 2190 910 2232 Luthero,
938 2193 1090 2225 iudicavi
1110 2206 1165 2227 me

191 2251 281 2277 recte
304 2244 474 2276 facturum
505 2254 594 2281 esse,
629 2243 657 2275 si
683 2241 790 2275 Ducis
812 2240 952 2276 Ernesti
982 2239 1163 2276 historiam

190 2294 391 2332 recitarem,
418 2306 489 2325 non
514 2305 553 2326 eo
577 2300 729 2332 tantum,
757 2293 836 2337 quia
863 2292 936 2336 ipse
952 2292 1117 2335 privatim
1132 2294 1163 2326 ei

190 2343 439 2387 gratitudinem
460 2343 586 2382 debeo,
611 2354 689 2375 cum
707 2343 812 2376 fuerit
828 2354 924 2375 meae
941 2343 1071 2386 patriae
1089 2342 1163 2376 Do-

185 2394 320 2431 minus,
347 2402 379 2426 et
403 2393 544 2437 quidem
569 2392 737 2435 singulari
768 2393 1014 2426 benevolentia
1043 2404 1159 2426 meum

184 2451 316 2488 patrem
341 2443 538 2486 complexus
560 2443 684 2482 fuerit,
719 2445 777 2476 sed
811 2444 914 2477 etiam
947 2443 1029 2489 quia
1057 2443 1158 2476 nobis

182 2494 347 2527 omnibus
365 2494 476 2525 danda
500 2500 547 2526 est
568 2505 689 2536 opera,
716 2500 754 2527 ut
777 2494 863 2527 sciat
890 2493 1072 2536 posteritas
1094 2494 1158 2527 do-

180 2545 327 2578 ctrinam
369 2541 602 2576 Ecclesiarum
639 2550 838 2577 nostrarum
874 2551 1044 2588 receptam
1085 2555 1157 2577 esse

177 2594 390 2638 gravissimis
420 2593 556 2625 iudiciis
582 2593 775 2636 sapientum
809 2601 840 2628 et
856 2594 1033 2627 bonorum
1048 2592 1155 2627 Prin-

174 2646 310 2690 cipum,
338 2645 430 2678 inter
452 2655 539 2689 quos
555 2655 633 2676 cum
653 2643 846 2678 fueritDux
861 2642 1045 2686 Ernestus,
1070 2656 1153 2689 pro-

664 118 820 154 DECL.
852 117 926 153 DE
957 116 1232 154 ERNEsTo
1266 115 1418 154 DUCE
1456 109 1702 155 BRUNS‘V.

2116 122 2192 156 232

1216 204 1291 236 dest
1306 202 1452 247 posteris
1466 203 1540 235 eius
1554 201 1737 237 historiam
1753 204 1889 236 tradere
1914 205 2052 248 plenam
2078 202 2192 238 hone-

1214 253 1446 286 stissimorum
1487 254 1736 296 exemplorum.
1806 253 1966 286 Primum
2000 262 2115 287 autem
2151 256 2194 287 de

1215 303 1288 335 eius
1312 302 1420 345 patria
1444 301 1569 334 dicam,
1619 301 1700 335 Non
1723 303 1869 336 dubium
1894 310 1943 335 est
1976 304 2012 335 in
2036 310 2190 337 veterum

1216 351 1510 395 descriptionibus
1535 351 1579 384 ab
1604 351 1704 384 Albis
1730 353 1832 386 initio
1848 352 2119 385 Hermunduros
2142 359 2194 385 te-

1217 402 1333 434 nuisse
1349 412 1511 443 magnam
1534 407 1665 444 partem
1677 425 1686 439 ,
1713 414 1799 445 quae
1817 414 1911 436 nunc
1929 402 2113 447 Mysorum
2133 409 2197 441 est,

1217 451 1343 484 deinde
1366 452 1409 482 ad
1439 449 1557 483 Albim
1587 462 1660 482 eam
1684 452 1883 493 regionem,
1916 464 2003 497 quae
2027 463 2122 484 nunc
2144 457 2196 484 est

1218 508 1316 534 vetus
1332 497 1493 533 Marchia
1510 500 1667 534 Senones
1696 501 1812 533 fuisse.

1319 574 1403 608 Post
1426 574 1581 608 Senones
1607 575 1695 608 circa
1728 576 1851 607 urbem
1888 575 2073 619 inclytam,
2107 589 2195 621 quae

1220 637 1314 658 nunc
1336 624 1530 667 Brunsviga
1554 631 1623 665 est,
1648 626 1790 658 fuerunt
1815 624 1976 658 Bructeri
2001 627 2043 657 ad
2068 625 2194 658 Harci-

1223 676 1318 708 niam
1334 686 1463 719 usque,
1490 681 1568 717 post
1583 674 1772 708 Bructeros
1790 675 1881 708 inter
1892 674 2009 707 Albim
2029 682 2061 708 et
2071 674 2196 708 Visur-

1224 726 1295 769 gim
1313 723 1445 769 Caycos
1463 725 1568 757 fuisse
1586 723 1836 757 nihildubium
1855 731 1920 764 est',
1948 725 2006 769 qui
2026 737 2102 757 cnm
2117 726 2196 757 fue-

1222 776 1296 808 rint
1322 775 1358 806 in
1381 774 1483 814 Asia,
1518 775 1561 807 ab
1584 772 1741 807 Homero
1763 775 1926 807 celebrati
1949 782 2039 808 sunt.
2094 774 2197 808 [nde

1223 825 1412 869 progressi,
1439 831 1478 857 ut
1503 824 1590 856 aliae
1616 830 1734 866 gentes
1757 825 1888 857 multae
1910 825 2002 857 inter
2019 825 2139 857 Albim
2163 831 2196 857 et

1225 874 1402 917 Visurgim
1421 875 1663 908 consederunt.
1715 873 1810 906 Haec
1825 886 1883 906 ora
1901 886 1994 907 nunc
2010 875 2104 916 regio
2123 873 2197 907 Lu-

1223 925 1451 966 neburgensis
1466 924 1604 958 dicitur.
1628 923 1765 956 Ducum
1781 936 1862 956 vero
1879 924 2194 957 Brunsviccnsium

1224 981 1257 1008 et
1278 974 1608 1016 Luneburgensium
1631 973 1734 1017 stirps
1757 980 1807 1006 est
1830 975 1968 1012 eadem,
1995 980 2070 1006 orta
2099 986 2116 1006 a
2140 973 2196 1005 fa-

1224 1025 1320 1057 milia
1341 1023 1494 1057 Guelfica
1509 1051 1518 1064 ‚
1542 1024 1640 1056 cuius
1658 1030 1707 1056 est
1725 1024 1810 1056 adeo
1828 1030 1959 1056 vetusta
1976 1024 2142 1056 nobilitas
2157 1023 2196 1055 in

1226 1073 1436 1114 Germania,
1476 1081 1514 1107 ut
1547 1073 1748 1106 Ludovicus
1781 1072 1885 1114 Pius,
1921 1072 2039 1106 Caroli
2074 1072 2197 1115 Magni

1225 1125 1334 1164 fitius,
1367 1136 1510 1156 uxorem
1536 1135 1575 1156 ex
1601 1135 1640 1156 ea
1662 1123 1793 1155 familia
1821 1123 1975 1162 duxerit,
2013 1129 2045 1154 et
2069 1134 2197 1156 monu-

1226 1181 1339 1205 menta
1354 1174 1396 1205 ab
1412 1185 1450 1205 eo
1462 1180 1618 1215 tempore
1629 1179 1709 1205 sunt
1724 1185 1794 1205 non
1812 1173 1930 1214 procul
1945 1171 2146 1215 abAlpibus
2159 1173 2197 1204 in

1225 1223 1354 1265 templo
1375 1222 1636 1265 XVingartensi.
1688 1221 1795 1255 Dedit
1820 1223 1911 1254 enim
1936 1220 2122 1254 [otharius
2144 1233 2198 1254 sa-

1224 1273 1323 1314 piens
1350 1271 1542 1312 Imperator
1572 1272 1697 1310 filiam,
1737 1284 1839 1315 quam
1871 1269 2021 1304 hab-ebat
2054 1271 2195 1304 unicam

1223 1320 1377 1352 Henrico
1405 1318 1533 1352 Guelfo
1565 1318 1656 1351 Duci
1678 1319 1863 1359 Bas-ariae,
1898 1328 1931 1353 et
1954 1321 2113 1353 attribuit
2138 1331 2197 1363 ge-

1224 1381 1308 1401 nero
1323 1368 1495 1401 Ducatum
1515 1368 1697 1403 Saxoniae.
1758 1368 1811 1402 Ex
1837 1368 1891 1402 his
1916 1371 2107 1403 maioribus
2131 1383 2197 1404 no-

1223 1419 1419 1458 bilissimis,
1464 1418 1591 1451 Guelfo
1616 1425 1648 1451 et
1677 1419 1747 1451 filia
1771 1418 1930 1452 Lotharii
1956 1420 2199 1463 Imperatoris,

1223 1475 1298 1501 orta
1317 1475 1367 1501 est
1381 1469 1512 1500 familia
1530 1468 1670 1501 Ducum
1687 1469 1999 1502 Brunsx‘icensium
2028 1477 2059 1502 et
2077 1470 2195 1503 Lune-

1221 1519 1459 1561 burgensium.
1514 1517 1585 1550 Nec
1609 1531 1689 1551 vero
1718 1515 1820 1551 huius
1837 1526 1886 1552 cst
1904 1520 2069 1562 temporis
2086 1517 2197 1554 histo-

1221 1568 1288 1600 rias
1314 1566 1442 1600 horum
1468 1568 1670 1610 Principum
1700 1569 1873 1610 longiores
1896 1567 1953 1602 bic
1979 1570 2141 1610 recitare,
2164 1578 2197 1604 et

1195 1632 1197 1641 ¹
1222 1619 1399 1662 quomodo
1434 1618 1599 1661 paulatim
1630 1616 1824 1652 haereditas
1852 1619 1961 1651 divisa
1993 1620 2048 1654 sit.
2100 1619 2194 1653 Illud

1194 1660 1197 1698 ἶ
1220 1668 1407 1711 praeterire
1425 1681 1496 1701 non
1517 1680 1672 1711 possum,
1701 1670 1744 1700 al»
1762 1670 1830 1701 illis
1846 1668 2003 1702 Lotharii
2021 1682 2195 1703 successo-

1220 1718 1317 1750 ribus
1336 1729 1462 1760 genero
1481 1725 1513 1751 et
1529 1718 1599 1750 filio
1618 1719 1707 1750 filiae
1728 1730 1780 1751 res
1797 1717 2057 1752 honestissimas
2075 1728 2105 1753 et
2124 1722 2194 1754 uti-

1220 1769 1268 1801 les
1284 1769 1401 1810 generi
1420 1766 1572 1801 humano
1589 1775 1697 1809 gestas
1714 1780 1795 1803 esse.
1849 1768 1989 1811 Magnis
2012 1771 2104 1803 enim
2121 1771 2195 1804 bel-

1219 1819 1262 1850 lis
1289 1826 1528 1861 represserunt
1551 1819 1701 1859 vicinos,
1729 1819 1790 1864 qui
1816 1821 1976 1853 nondum
1994 1829 2194 1863 receperant

1220 1869 1414 1901 doctrinam
1431 1868 1624 1909 Ecclesiae,
1652 1876 1682 1902 et
1707 1869 1850 1902 domitis
1874 1871 2067 1904 doctrinam
2085 1872 2193 1904 tradi-

1219 1919 1356 1953 derunt.

1193 1785 1196 1820 i

1318 1992 1418 2025 Talia
1438 1991 1642 2037 Principum
1666 1994 1809 2027 consilia
1837 2001 1870 2028 et
1887 1995 1974 2028 facta
2001 2008 2079 2028 cum
2105 1997 2193 2040 legi-

1217 2054 1313 2083 mus,
1347 2054 1572 2085 agnoscamus
1595 2043 1658 2077 Dei
1691 2045 1896 2078 beneficium
1927 2046 2052 2086 fuisse,
2095 2049 2191 2091 quod

1218 2094 1302 2126 tales
1315 2093 1495 2136 Principes
1511 2093 1719 2127 Germaniae
1744 2096 1851 2128 dedit.
1904 2094 2063 2139 Ipsorum
2086 2098 2191 2129 etiam

1218 2145 1381 2177 virtutem
1398 2144 1597 2184 laudemus,
1622 2145 1681 2189 qui
1700 2157 1763 2189 pro
1784 2146 1858 2189 lege
1874 2153 1907 2179 et
1924 2158 1986 2189 pro
2007 2157 2124 2189 grege,
2152 2147 2190 2179 id

1219 2201 1286 2234 est,
1306 2201 1345 2228 ut
1368 2195 1410 2227 ad
1426 2192 1490 2226 Dei
1515 2195 1727 2236 agnitionem
1753 2197 1880 2229 multos
1895 2194 2058 2239 homines
2073 2197 2187 2230 addu—

1217 2251 1351 2285 cerent,
1379 2251 1411 2277 et
1424 2245 1603 2278 munirent
1619 2258 1738 2289 pacem
1755 2246 1934 2289 religione,
1960 2246 2105 2288 legibus,
2132 2248 2188 2280 iu-

1216 2295 1314 2327 diciis
1327 2322 1336 2335 ‚
1363 2294 1565 2338 disciplina,
1588 2296 1678 2328 bella
1694 2303 1887 2338 gesserunt,
1915 2302 1946 2328 et
1964 2308 2186 2330 communem

1213 2345 1392 2387 religionis
1408 2351 1441 2378 et
1451 2344 1663 2379 Germaniae
1681 2346 1963 2379 coniunctionem
1978 2347 2080 2380 tutati
2092 2355 2187 2389 sunt,

1213 2407 1284 2428 non
1301 2395 1536 2428 dilacerarunt
1555 2397 1699 2439 privatis
1715 2395 1976 2438 cupiditatibus.
2030 2396 2099 2430 Sed
2124 2410 2186 2431 ve-

1211 2452 1324 2478 terum
1340 2443 1519 2486 historias,
1547 2447 1610 2479 etsi
1635 2447 1742 2479 multa
1759 2443 1904 2479 honesta
1929 2446 2084 2490 exempla
2101 2460 2185 2481 con-

1210 2495 1341 2535 tinent,
1374 2496 1507 2529 omitto.
1559 2495 1626 2528 Hic
1641 2494 1808 2529 Ernestus
1822 2495 1903 2528 Dux
1918 2495 2186 2533 Brunsvicensis

1209 2551 1241 2579 et
1255 2544 1540 2589 Luneburgensis
1554 2552 1656 2579 natus
1671 2553 1722 2579 est
1740 2557 1779 2578 ex
1797 2553 1892 2589 patre
1907 2545 2004 2580 Duce
2024 2545 2182 2582 Hem-ico

1208 2602 1241 2628 et
1270 2603 1380 2629 matre
1411 2597 1482 2630 filia
1506 2594 1646 2629 Ernesti
1669 2593 1775 2629 Ducis
1798 2595 1970 2629 Saxoniae
1993 2594 2182 2634 Electoris.

1206 2644 1249 2678 In
1270 2653 1367 2690 patre
1391 2647 1560 2680 excellens
1581 2645 1764 2689 ingenium
1784 2646 1874 2688 fuit,
1896 2653 1936 2681 ut
1958 2647 2062 2680 multi
2074 2645 2182 2682 Prin-
