2324 2955
132 102 206 139 913
691 101 719 137 1.

182 184 290 221 Anno
308 183 433 219 mundi
455 182 781 230 quater'millesimo
799 186 926 230 primo.

184 235 291 270 Anno
344 235 479 271 Romae
523 235 829 280 septingentesimo
875 233 1108 280 octuagesimo

336 298 447 320 nono·

183 333 291 370 Anno
310 334 443 370 Christi
466 334 641 369 tricesimo
664 348 775 372 nono·

233 391 350 429 Caius
375 389 558 439 Caligula
582 396 744 430 successit
769 394 925 429 Tiberio.
978 392 1108 427 Tenuit

131 445 318 489 imperium
341 456 452 478 annos
478 452 565 486 tres,
597 457 733 478 menses
758 446 889 481 decem.
939 443 981 477 In
1010 444 1108 477 cuius

131 492 278 528 historia
302 501 479 540 utrunque
505 496 763 539 deplorandum
786 502 853 536 est,
878 496 972 540 quod
990 491 1107 527 horri-

128 544 249 579 biliter
262 546 474 588 degenerant
491 546 563 579 nati
582 557 621 578 ex
638 546 843 590 parentibus
861 545 921 590 qui
936 545 1107 577 excellue-

129 601 214 628 runt
231 602 376 629 naturae
393 595 510 635 honis,
536 602 570 629 et
584 597 678 640 quod
698 596 736 629 in
752 596 889 639 fastigio
906 606 1022 628 rerum
1040 591 1106 626 hu-

127 656 313 678 manarum
329 657 430 689 saepe
448 651 535 678 tetra
558 653 719 689 portenta
743 646 983 680 dominantur.
1035 643 1107 677 Na·-

127 700 184 727 tus
201 695 268 729 fuit
284 692 323 729 C.
336 694 495 738 Caligula
512 708 552 728 ex
574 696 814 730 laudatissima
831 696 955 739 stirpe:

651 751 782 783 Antonia,
803 751 930 781 coniunx,
949 748 1002 774 filia
1021 748 1105 774 Anto-

126 750 242 780 Drusus,
260 749 469 785 tram-Tiberii,
488 760 566 776 mor-

772 785 811 810 nii
823 783 985 812 exOctavia.

126 788 189 810 tuus
222 784 250 809 in
277 783 426 810 Germania
453 790 565 820 accepto

280 818 404 846 vulnere.

128 875 262 900 Claudius

126 907 288 942 Imperator.

332 876 516 901 Germanicus
539 883 661 902 mortuus
684 877 711 901 in
731 877 785 909 Sy·
828 877 984 908 Agrfppina
1039 883 1105 899 uxor

331 909 369 935 ria
382 929 388 939 ,
407 919 512 936 veneno
533 910 691 936 interfectus
710 919 723 934 a
738 911 785 935 Pi-
828 909 994 940 Germanici,
1004 908 1104 941 Agrip-

331 952 397 969 sone
414 944 487 968 iussu
507 944 618 969 Tiberii.
654 944 874 980 Excelluitvpae
893 948 918 968 et
939 942 1022 968 lutiae
1039 941 1102 973 fitia,

331 977 443 1010 virtute,
461 977 526 1002 rexit
546 977 734 1008 Germaniam,
759 981 784 1001 et
828 977 899 1001 unde
932 985 1032 1001 nomen
1066 980 1104 1000 est

330 1011 428 1035 deinde
447 1011 605 1035 Armeniam
628 1015 652 1035 et
665 1009 782 1043 Syriam.
828 1012 958 1036 Coloniae
974 1009 1102 1042 Agrippi-

328 1043 427 1069 Latino
439 1043 560 1070 carmine
573 1043 690 1070 reddidit
704 1045 782 1070 Ara-u
825 1053 876 1069 nae
895 1044 927 1069 ad
946 1043 1079 1069 Rhenum.

329 1081 397 1103 tum.

122 1110 175 1147 Ex
190 1110 247 1146 his
263 1119 366 1146 natus
383 1118 433 1146 est
451 1106 633 1158 Caligula
649 1114 827 1148 teterrima
849 1114 964 1147 belua.

224 1162 349 1197 Voluit
365 1175 401 1196 se
417 1164 568 1197 adorari.
620 1164 778 1198 Statuam
801 1175 900 1197 suam
921 1163 1016 1197 misit
1030 1162 1102 1195 col-

123 1213 310 1246 locandam
341 1214 380 1246 in
415 1214 586 1258 templum
613 1213 857 1259 lerosolymae.
911 1213 1001 1247 Tres
1023 1223 1102 1245 suas

122 1274 258 1296 sorores
275 1263 460 1308 stupravit.
513 1263 648 1297 Multos
664 1264 849 1298 Senatores
866 1271 899 1298 et
917 1264 1005 1296 alios
1022 1274 1102 1295 cru-

121 1312 249 1346 deliter
267 1313 463 1352 interfecit,
489 1314 588 1347 cuius
602 1314 735 1347 dictum
752 1321 817 1348 est:
841 1310 998 1347 Oderint
1015 1311 1101 1345 dum

120 1366 295 1398 metuant.
345 1362 503 1397 Conatus
527 1370 577 1396 est
599 1364 738 1397 abolere
756 1363 951 1398 Homerum
968 1372 1000 1398 et
1016 1363 1101 1397 Vir-

118 1413 264 1456 gilium,
306 1418 340 1446 et
374 1414 484 1447 libros
514 1412 864 1450 Iurisconsultorum.
917 1414 986 1448 Sed
1021 1426 1099 1446 cum

118 1474 193 1495 non
215 1463 278 1497 diu
301 1470 497 1507 regnasset,
525 1464 728 1498 interfectus
751 1471 802 1498 est
821 1476 841 1498 a
860 1463 997 1498 Phereo
1016 1463 1103 1498 Tri-

118 1513 217 1547 buno
232 1513 399 1548 militum.

169 1624 275 1655 Anno
295 1620 420 1655 mundi
437 1628 560 1667 quater
583 1621 771 1655 millesimo
796 1621 934 1667 quinto,

172 1670 279 1705 Anno
298 1670 434 1704 Romae
459 1672 767 1716 septingentesimo
790 1672 1017 1716 nonagesimo
1033 1679 1103 1707 ter-

321 1721 384 1754 tio.

168 1769 277 1805 Anno
296 1768 430 1804 Christi
449 1770 715 1815 quadragesimo
731 1772 846 1806 tertio.

220 1826 403 1863 Claudius·
423 1831 588 1864 successit
603 1829 795 1873 Caligulae.
839 1829 974 1865 Tenuit
991 1831 1102 1874 impe-

116 1881 211 1914 rium
227 1891 340 1914 annos
355 1880 521 1913 tredecim
534 1907 544 1922 ‚
567 1892 703 1913 menses
719 1887 797 1914 octo
824 1887 856 1913 et
873 1881 946 1914 dies
966 1881 1101 1923 viginti.

115 1930 229 1966 Natus
251 1937 348 1974 patre
371 1927 514 1963 Druso.
567 1929 682 1973 Quem
704 1943 808 1974 supra
830 1931 984 1964 diximus
1008 1931 1102 1964 inter

118 1980 239 2014 Salam
257 1987 291 2014 et
306 1978 475 2015 Rhenum
495 1981 624 2014 vulnus
649 1981 840 2024 accepisse,
867 1988 1014 2024 patruus
1032 1980 1100 2014 Ca-

114 2030 246 2074 ligulae
262 2042 407 2074 regnare
423 2031 536 2075 coepit
550 2042 629 2064 cum
644 2043 779 2064 annum
793 2038 907 2074 ageret
923 2031 1099 2078 quinqua-

116 2080 299 2124 gesimum.
351 2079 385 2113 A
409 2081 582 2115 militibus
605 2093 646 2113 ex
670 2081 813 2114 latebris
838 2088 889 2115 est
914 2088 1099 2122 extractus,

115 2142 156 2165 ac
187 2131 323 2175 primus
354 2131 541 2174 imperium
573 2139 745 2165 mercatus
777 2139 846 2173 est,
890 2132 1098 2175 promittens

116 2181 265 2225 singulis
289 2181 462 2214 militibus
488 2188 612 2227 quater
638 2182 728 2215 dena
761 2183 937 2223 sestertia,
964 2183 1001 2215 id
1036 2189 1097 2221 est,

116 2231 292 2265 trecentos
318 2238 503 2265 coronatos
529 2238 562 2265 et
585 2231 851 2277 quinquaginta.
906 2231 946 2265 ln
972 2232 1098 2266 studiis

116 2282 336 2326 eloquentiae
361 2293 400 2315 eo
426 2282 613 2326 processit,
653 2290 692 2315 ut
720 2280 884 2316 historias
909 2283 1098 2327 scripserit,

115 2343 185 2377 qua
203 2332 240 2364 in
258 2343 294 2364 re
310 2332 514 2375 magistrum
533 2330 654 2365 habuit
666 2332 818 2367 Livium.
871 2333 938 2367 Sed
959 2333 1097 2366 fatuitas

114 2382 189 2417 eius
204 2382 447 2425 multipliciter
462 2383 630 2425 exagitata
646 2390 714 2423 est,
742 2396 820 2416 rum
838 2384 1023 2428 praecipue
1042 2395 1097 2416 re-

112 2438 255 2476 geretur
276 2443 294 2465 a
315 2431 486 2472 Libertis,
514 2445 664 2478 quorum
688 2434 842 2476 ingentia
867 2434 959 2468 furta
983 2441 1015 2467 et
1040 2446 1096 2478 sy-

113 2480 358 2526 cophanticam
374 2484 524 2527 populus
541 2484 795 2517 detestabatur:
815 2482 966 2528 Fuitque
985 2485 1020 2517 in
1039 2496 1096 2517 eos

113 2533 368 2578 pronunciatus
392 2544 512 2567 versus
535 2535 573 2567 in
597 2532 749 2568 theatro:
786 2531 971 2580 ἀφόρητος
996 2532 1095 2568 ἐστὶν

113 2581 281 2626 εὐτυχῶν
307 2580 523 2630 μαστιγίας,
552 2591 592 2618 ut
618 2585 722 2628 vulgo
746 2586 896 2619 dicitur:
925 2583 1094 2630 Asperius

112 2630 204 2669 nihil
222 2639 272 2667 est
287 2633 414 2667 misero
429 2646 506 2667 cum
521 2635 631 2679 surgit
658 2635 695 2669 in
714 2636 837 2672 altum.

771 95 1061 137 CIIRONICON
1087 94 1333 136 CARIONIS.
1383 98 1506 134 PARS
1534 97 1580 135 ΙΙ.

2066 99 2138 133 914

1264 182 1404 217 Claudii
1425 191 1580 229 tempore
1606 185 1683 218 dira
1706 185 1814 218 sames
1837 183 1902 218 fuit
1934 183 1972 216 In
1995 181 2079 216 Asia
2104 192 2137 218 et

1160 231 1322 277 Europa,
1349 242 1387 268 ut
1409 247 1512 278 supra
1537 235 1707 276 diximus,
1735 236 1771 267 in
1797 246 1864 279 qua
1891 235 1980 267 fame
1997 234 2136 267 modius

1160 284 1328 318 frumenti
1349 292 1484 328 emptus
1501 292 1550 318 est
1565 297 1621 318 sex
1639 283 1834 324 drachmis,
1863 297 1941 318 cum
1957 284 2042 317 alias
2059 295 2134 316 me—

1160 334 1338 367 diocribus
1354 336 1454 367 annis
1472 335 1637 368 usitatum
1654 336 1810 379 precium
1831 342 1899 368 tres
1916 334 2064 368 sestertii
2080 345 2133 367 es-

1159 390 1253 425 sent,
1284 385 1319 417 id
1346 392 1413 424 est,
1449 392 1620 418 nostrates
1655 385 1792 418 nummi
1822 385 1947 427 viginti
1972 391 2134 429 quatuor.

1157 431 1244 467 Eius
1259 435 1359 468 samis
1374 435 1515 469 initium
1531 436 1636 470 fuisse
1652 447 1745 469 anno
1762 434 1884 480 quinto
1895 434 2034 468 Claudii
2051 434 2135 468 scri-

1157 484 1264 519 bitur.

1258 542 1300 576 ln
1326 541 1481 578 Ecclesia
1507 543 1592 578 haec
1617 545 1706 578 facta
1732 550 1829 578 sunt:
1862 540 1996 576 ῘΙΙαι-ιά
2021 544 2130 586 virgo,

1157 599 1268 626 mater
1286 589 1450 635 Christi,
1483 606 1523 627 ex
1545 593 1609 628 hac
1627 595 1697 628 vita
1717 594 1873 627 discessit
1890 592 2030 626 Claudii
2047 603 2135 627 tem-

1158 654 1258 686 pore,
1284 655 1382 685 cum,
1408 651 1447 677 ut
1463 642 1682 688 Nicephorus
1699 644 1838 684 scribit,
1862 655 1994 676 annum
2020 650 2134 686 ageret

1158 705 1291 727 nonum
1313 701 1344 727 et
1361 694 1704 738 quinquagesimum.
1755 693 1839 726 Fuit
1865 704 1944 736 ergo
1963 699 2134 736 superstes

1158 750 1235 785 post
1260 745 1550 777 resurrectionem
1575 744 1640 776 filii
1665 755 1777 777 annos
1799 743 1957 787 aliquot,
1988 749 2021 775 et
2046 742 2134 778 vidit

1157 792 1257 826 initia
1274 791 1451 827 Ecclesiae
1468 794 1541 827 eius
1557 794 1742 838 temporis,
1769 794 1879 826 multa
1896 793 2051 835 ingentia
2068 792 2136 824 mi-

1156 843 1273 876 racula
1291 851 1323 877 et
1340 843 1510 888 supplicia
1525 851 1738 885 sanctorum,
1765 850 1798 877 et
1817 843 1974 877 consiliis
1990 843 2060 876 suis
2078 853 2134 875 re-

1155 892 1207 926 xit
1223 893 1425 937 Apostolos.

1257 949 1364 994 Apud
1400 952 1546 984 unicum
1573 950 1790 985 Clementem
1824 951 1952 994 legitur
1981 958 2013 985 et
2037 947 2137 985 Petri

1155 1000 1311 1034 coniunx
1329 1001 1463 1034 adfecta
1482 1012 1554 1033 esse
1570 1002 1743 1044 supplicio
1756 1028 1764 1040 ‚
1798 1002 1859 1034 ubi
1877 1002 2024 1041 dicitur,
2052 1012 2136 1033 voce

1155 1049 1251 1083 Petri
1285 1051 1492 1083 confirmata
1526 1058 1599 1092 est,
1632 1051 1693 1095 qui
1727 1051 1826 1083 iussit
1860 1062 1935 1082 eam
1958 1050 2136 1083 recordari

1153 1098 1324 1135 Domini.
1380 1100 1418 1132 ld
1439 1101 1467 1133 si
1483 1112 1604 1134 verum
1621 1107 1691 1138 est,
1719 1100 1857 1133 circiter
1880 1100 1973 1133 idem
2000 1106 2136 1144 tempus

1153 1151 1283 1184 sactum
1299 1162 1370 1183 esse
1392 1151 1555 1191 videtur,
1583 1162 1654 1195 quo
1669 1149 1786 1183 Maria
1814 1150 1971 1184 decessit.

1255 1207 1330 1242 Sub
1350 1206 1500 1241 Claudio
1517 1215 1550 1243 et
1561 1206 1738 1241 Iacobum
1756 1208 1929 1242 interfecit
1947 1220 2004 1241 rex
2021 1206 2136 1240 Hero-

1153 1259 1213 1291 des
1232 1256 1407 1302 Agrippa,
1436 1258 1496 1302 qui
1514 1265 1546 1291 et
1563 1259 1636 1302 ipse
1654 1270 1727 1291 non
1744 1259 1857 1292 multo
1875 1264 1952 1302 post
1975 1256 2136 1301 phtiriasi

1153 1309 1270 1352 periit.
1322 1307 1461 1341 Deinde
1477 1306 1649 1341 Claudius
1666 1307 1832 1342 Iudaeam
1859 1319 1979 1341 rursus
2002 1307 2040 1340 in
2062 1308 2136 1341 sor-

1153 1371 1247 1391 mam
1266 1358 1471 1402 provinciae
1496 1359 1642 1401 redegit.

1253 1423 1326 1457 Nec
1353 1424 1466 1457 multo
1491 1430 1569 1467 post
1592 1423 1759 1468 Synodus
1785 1424 1851 1457 fuit
1868 1422 2134 1468 Apostolorum,

1153 1486 1246 1507 anno
1272 1481 1350 1518 post
1375 1473 1670 1507 resurrectionem
1694 1472 1828 1507 Christi
1851 1474 2044 1513 sedecimo,
2072 1474 2134 1518 qui

1153 1525 1219 1557 fuit
1246 1535 1359 1556 annus
1384 1523 1525 1557 Claudii
1550 1529 1712 1565 octavus,
1747 1531 1807 1558 aut
1831 1524 1979 1557 circiter.
2034 1523 2074 1556 ln
2098 1535 2136 1557 ea

1153 1574 1298 1619 Synodo
1316 1575 1477 1607 doctrina
1500 1575 1543 1606 de
1561 1574 1670 1616 gratia
1693 1580 1726 1607 et
1747 1573 1816 1607 fide
1841 1574 1988 1618 repetita
2006 1580 2075 1613 est,
2103 1581 2136 1608 et

1153 1624 1361 1657 asseveratio
1402 1624 1530 1658 tradita
1574 1630 1643 1662 est,
1686 1636 1759 1657 non
1799 1635 1870 1657 esse
1906 1624 2135 1657 necessariam

1153 1674 1435 1706 observationem
1453 1674 1732 1706 ceremoniarum
1747 1673 1998 1707 Mosaicarum.
2033 1673 2135 1706 lianc

1153 1723 1446 1757 asseverationem
1470 1723 1633 1767 Apostoli
1655 1735 1729 1756 non
1761 1724 1950 1757 autoritate
1981 1721 2135 1756 humana

1153 1774 1408 1813 condiderunt,
1442 1775 1500 1806 sed
1527 1785 1607 1806 cum
1631 1773 1760 1806 scirent
1784 1773 1980 1806 doctrinam
2005 1774 2048 1805 de
2068 1773 2136 1805 fine

1152 1823 1296 1866 politiae
1320 1823 1501 1865 Iudaicae,
1531 1830 1563 1856 et
1587 1824 1630 1856 de
1656 1823 1858 1856 discrimine
1881 1824 1980 1866 regni
2001 1823 2136 1867 politici

1152 1879 1184 1905 et
1202 1874 1300 1916 regni
1318 1871 1473 1911 Christi,
1501 1879 1534 1906 et
1557 1873 1714 1906 iusticiae
1731 1874 2010 1906 ceremoniarum
2030 1880 2061 1906 et
2081 1873 2136 1906 iu-

1151 1922 1271 1956 sticiae
1295 1930 1457 1956 aeternae
1482 1935 1500 1956 a
1531 1921 1606 1955 Deo
1640 1934 1701 1965 per
1722 1920 1916 1966 Prophetas
1946 1924 2134 1956 revelatam

1150 1984 1245 2013 esse,
1287 1970 1349 2006 has
1375 1972 1513 2007 divinas
1546 1972 1804 2016 praedictiones
1838 1973 2076 2017 repetiverunt
2103 1980 2135 2006 et

1151 2023 1428 2057 illustraverunt.

1249 2080 1318 2115 Sed
1339 2079 1374 2114 hi
1393 2080 1453 2125 qui
1472 2081 1693 2115 contendunt
1704 2079 1868 2126 Synodos
1888 2087 1921 2114 et
1940 2078 2135 2124 Episcopos

1148 2130 1278 2165 habere
1301 2132 1524 2165 autoritatem
1551 2131 1729 2164 condendi
1764 2142 1874 2164 novas
1905 2131 2013 2173 leges,
2049 2143 2134 2176 quas

1148 2182 1309 2226 amplecti
1336 2179 1529 2214 Ecclesiam
1556 2193 1694 2215 necesse
1719 2182 1782 2223 sit,
1825 2181 1932 2214 citant
1956 2182 2134 2214 decretum

1148 2233 1185 2265 in
1212 2245 1249 2265 ea
1269 2231 1413 2277 Synodo
1439 2232 1569 2265 factum
1595 2233 1638 2264 de
1655 2229 1883 2276 idolothytis,
1911 2232 2133 2272 scortatione,

1146 2283 1316 2316 suffocato
1342 2289 1374 2316 et
1401 2282 1584 2324 sanguine.
1636 2279 1694 2314 Ad
1712 2279 1803 2313 hanc
1823 2280 2056 2314 obiectioncm
2074 2293 2130 2314 re-

1147 2333 1392 2377 spondendnm
1412 2339 1478 2364 cst:
1508 2331 1767 2365 Scortationem
1785 2338 1818 2365 et
1842 2342 1937 2364 esum
1955 2329 2134 2376 idolothy-

1146 2390 1262 2417 torum
1290 2380 1470 2426 prohiberi
1497 2381 1745 2415 universaliter
1774 2382 1940 2415 omnibus
1966 2382 2133 2426 tempori-

1146 2435 1233 2472 bus,
1261 2433 1449 2466 autoritate
1465 2431 1643 2474 Decalogi.
1695 2430 1790 2474 Ergo
1811 2432 1906 2476 quod
1933 2432 1975 2464 ad
1998 2432 2061 2465 ista
2079 2440 2131 2465 at-

1146 2484 1244 2524 tinet,
1271 2481 1361 2515 nihil
1381 2482 1464 2515 novi
1485 2482 1745 2516 constituerunt
1763 2482 1939 2526 Apostoli,
1968 2483 2027 2514 sed
2054 2489 2130 2514 tan-

1146 2541 1219 2568 tum
1244 2534 1482 2577 repetiverunt
1500 2531 1734 2575 Decalugum,
1772 2533 1832 2577 qui
1857 2539 1906 2566 est
1923 2532 1975 2564 lex
1993 2538 2130 2564 aeterna

1145 2592 1177 2617 et
1197 2584 1437 2617 immutabilis.
1474 2582 1543 2615 Sed
1564 2584 1607 2615 de
1624 2582 1793 2626 sanguine
1810 2589 1843 2616 et
1861 2582 2029 2615 sunm-ato
2046 2592 2129 2612 con-

1146 2634 1368 2669 suetudinem
1389 2640 1539 2668 veterem
1558 2633 1722 2668 traditam
1738 2644 1757 2666 a
1773 2632 1849 2667 Noe
1862 2660 1870 2674 ,
1898 2632 2130 2666 retinuerunt.
