2324 2955
182 134 254 168 415

189 225 368 251 cernemus
394 222 456 245 nos
481 221 550 242 non
574 205 726 240 accusari
749 216 767 237 a
786 210 944 248 peccato,
972 210 1005 237 et
1020 215 1091 236 esse
1107 203 1162 236 iu-

189 276 278 306 stos,
307 275 376 296 non
404 262 495 302 lege,
525 258 584 290 sed
611 255 799 299 sapientia,
833 254 969 287 iusticia
993 253 1163 286 divinitus

189 320 223 350 in
240 314 340 347 nobis
356 321 508 348 accensa,
524 306 750 340 sicutPaulus
764 305 877 348 inquit
897 301 1102 337 2.Corint'n.
1114 302 1162 335 3.:

193 359 454 398 'transformari
473 366 637 402 tanquam
655 368 671 388 a
683 354 836 388 Domino
853 355 989 398 spiritu.
1042 353 1110 387 Sed
1127 353 1164 384 in

191 415 253 447 bac
279 412 347 444 vita
371 409 579 442 durantibus
604 405 763 449 reliquiis
784 405 937 448 peccati,'
958 402 1041 437 haec
1057 404 1165 435 liber-

190 473 242 497 tas
262 463 397 493 incoata
412 465 480 498 est,
501 464 536 491 et
554 458 684 490 interea
702 455 883 487 retinenda
908 461 957 487 est
974 453 1164 486 consolatio

191 522 333 557 prorsus
358 508 567 547 necessaria,
601 517 800 551 quanquam
826 505 863 536 in
890 505 992 537 nobis
1016 504 1165 536 multum

189 570 238 596 est
265 560 424 603 caliginis
448 565 480 591 et
501 557 679 596 sordium,
720 556 809 588 sicut
842 555 958 598 inquit
982 552 1166 592 Iohannes,

193 618 222 647 1.
241 609 363 645 lohan.
386 610 436 643 1.:
471 607 509 641 Si
537 607 685 640 dicimus
709 606 802 650 quod
820 612 997 648 peccatum
1016 616 1089 636 non
1105 601 1167 635 lia-

189 665 328 701 hemus,
363 670 426 691 nos
452 659 545 702 ipsos
569 656 783 695 seducimus,
818 661 882 689 etc.
931 654 1099 688 Conversi
1124 653 1166 685 ad

189 712 304 746 Deum
329 710 487 753 placeant
511 708 584 740 sola
609 707 693 746 fide,
733 717 794 748 per
819 705 984 747 gratiam,
1027 709 1169 748 propter

189 762 415 794 mediatorem
433 757 546 792 Deum
565 763 599 790 et
615 754 806 795 hominem,
829 755 923 788 iuxta
938 753 1004 788 hoc
1020 755 1166 788 dictum:

191 813 268 844 Non
286 810 367 842 estis
384 809 449 842 sub
466 809 557 850 lege,
586 808 643 839 sed
664 807 728 838 sub
745 805 866 848 gratia.

295 858 389 893 Llll.
415 857 521 890 Plura
539 858 581 889 de
599 856 807 889 liberatione
824 867 843 887 a
871 855 960 896 lege,
988 859 1171 886 sumantur

191 924 230 943 ex
249 910 325 942 aliis
347 908 483 950 scriptis
501 906 735 949 longioribus.
787 904 889 938 Nunc
906 904 1065 949 'breviter
1091 914 1171 946 per-

190 960 337 993 texenda
361 965 462 998 sunt,
489 969 576 1002 quae
598 957 641 989 de
667 955 896 988 renovatione
922 954 1037 986 dicere
1055 953 1171 997 coepi-

191 1022 286 1049 mus,
313 1021 351 1041 ac
376 1008 575 1051 plerunque
599 1005 748 1038 docendi
775 1016 875 1038 causa
890 1004 1063 1037 distribuo
1081 1001 1171 1036 hanc

192 1059 371 1093 materiam
391 1058 428 1090 in
447 1055 511 1089 hos
529 1056 685 1100 quinque
704 1055 840 1088 titulos:

244 1116 277 1161 l)
306 1115 412 1158 Quod
440 1113 633 1147 necessaria
648 1113 691 1145 sit
710 1111 808 1145 Nova
827 1110 1037 1144 obedientia.

244 1174 295 1214 ll)
320 1173 508 1215 Quomodo
532 1171 606 1203 fieri
629 1170 736 1213 possit
760 1170 796 1201 in
818 1166 882 1202 hac
907 1175 1003 1202 tanta
1022 1167 1171 1200 infirmi-

292 1231 361 1257 tate
387 1220 560 1255 humanae
585 1227 738 1253 naturae.

244 1280 319 1326 Ill)
347 1280 536 1322 Quomodo
555 1278 685 1321 placeat
708 1276 793 1310 Deo.

240 1338 311 1382 IV)
338 1337 389 1371 De
405 1335 579 1380 praemiis.

243 1396 295 1442 V)
329 1394 382 1428 De
398 1393 600 1427 discrimine
623 1399 861 1435 peccatorum,
890 1401 977 1434 quae
1003 1402 1076 1423 non
1095 1397 1176 1423 sunt

295 1448 332 1478 in
351 1444 500 1484 renatis,
525 1449 559 1475 et
577 1453 664 1486 quae
683 1447 848 1473 maneant
875 1440 912 1471 in
929 1440 988 1475 eis.

193 1506 246 1541 De
262 1502 463 1538 necessitate
477 1500 608 1532 dictum
623 1505 690 1531 est:
717 1496 761 1531 Et
774 1497 951 1541 quomodo
968 1496 1040 1528 fieri
1057 1496 1175 1538 possit,

195 1568 255 1589 seu
273 1551 406 1586 incoari
425 1561 515 1583 nova
535 1547 732 1580 obedientia
745 1571 754 1585 ,
782 1547 973 1579 ostendunt
997 1546 1098 1578 etiam
1117 1556 1176 1577 su-

195 1617 257 1649 pra
283 1603 391 1636 dicta:
427 1599 510 1632 Ideo
536 1598 628 1630 filius
653 1596 718 1630 Dei
743 1597 922 1640 apparuit,
958 1602 996 1628 ut
1020 1597 1175 1628 destruat

197 1665 302 1698 opera
319 1650 479 1689 Diaboli,
505 1654 683 1692 peccatum
700 1653 733 1679 et
749 1653 908 1679 mortem.
950 1645 1094 1688 Colligit
1112 1645 1177 1687 igi-

197 1713 255 1738 tur
270 1701 461 1737 Ecclesiam
479 1710 562 1731 voce
582 1695 787 1739 Evangelii,
815 1702 846 1729 et
863 1695 998 1739 Spiritu
1014 1707 1075 1728 suo
1093 1707 1176 1727 san-

198 1762 252 1788 cto
268 1751 423 1786 accendit
440 1750 477 1782 in
494 1747 595 1780 nobis
616 1747 727 1779 lucem
753 1746 851 1786 fidei,
879 1752 912 1779 et
934 1752 1049 1779 motus
1067 1756 1178 1778 novos

198 1805 237 1836 in
256 1802 440 1838 cordibus,
467 1798 528 1843 qui
545 1797 780 1838 sunt}incoata
797 1796 1015 1835 obedientia,
1042 1802 1074 1828 et
1102 1806 1178 1827 sus-

197 1859 307 1887 tentat
333 1849 542 1887 Ecclesiam,
570 1854 603 1880 et
629 1846 772 1889 depellit
799 1846 967 1880 Diabolos
992 1843 1178 1879 horribili-

200 1913 253 1937 ter
271 1907 463 1946 grassantes
482 1909 543 1942 per
561 1909 595 1930 se
615 1903 646 1930 et
662 1908 724 1940 per
740 1908 799 1929 sua
816 1907 957 1939 organa.

298 1951 498 1992 Cogitemus
515 1947 622 1990 igitur
637 1947 887 1990 promissiones
903 1946 1041 1978 divinas
1057 1946 1100 1978 de
1117 1957 1178 1977 au-

199 2004 302 2041 xilio,
331 1997 458 2033 Matth.
484 1999 554 2030 11.:
592 1996 718 2029 Venite
735 1997 778 2029 ad
795 2009 849 2028 me
876 2008 1016 2036 omnes,
1044 1995 1105 2040 qui
1130 1995 1181 2027 la-

198 2052 332 2087 boratis
361 2057 393 2083 et
420 2047 554 2082 onerati
580 2047 678 2086 estis,
705 2058 767 2089 ego
794 2047 945 2079 reficiam
969 2057 1041 2079 vos.
1094 2044 1179 2078 Item

200 2101 325 2136 Iollan.
352 2100 427 2133 10.:
469 2097 580 2130 Nemo
605 2097 715 2139 rapiet
736 2108 816 2129 oves
838 2108 931 2129 meas
957 2108 997 2129 ex
1019 2095 1182 2128 manibus

200 2153 299 2186 meis.
351 2150 437 2183 Item
463 2144 679 2181 Iohan.15.:
714 2145 814 2179 Dabo
841 2146 941 2179 vobis
957 2145 1182 2190 paracletum,

203 2202 263 2246 qui
280 2200 435 2244 procedit
452 2210 469 2230 a
488 2204 595 2241 patre.
649 2195 734 2229 Item
754 2194 963 2230 lolian.14.:
993 2195 1182 2228 Veniemus

203 2253 245 2284 ad
269 2262 366 2289 eum,
393 2256 424 2283 ct
445 2247 663 2280 mansionem
686 2247 777 2289 apud
804 2258 882 2278 eum
910 2246 1085 2279 faciemus,
1136 2243 1183 2277 Et

204 2301 297 2344 apud
315 2298 453 2332 Esaiam
482 2297 590 2340 capite
608 2295 641 2329 7.
667 2296 870 2329 nominatur
889 2296 980 2328 filius
998 2293 1182 2335 Emanuel,

204 2352 240 2383 id
259 2357 326 2387 est,
354 2348 536 2380 nobiscum
554 2346 666 2386 Deus,
694 2358 773 2378 vere
794 2347 908 2383 adest,
937 2345 1098 2385 exaudit,
1128 2346 1184 2377 iu—

205 2400 348 2438 stificat,
377 2396 545 2440 protegit,
579 2397 768 2438 gubernat,
797 2396 967 2435 vivificat,
995 2396 1120 2428 liberat
1145 2407 1183 2427 ex

204 2456 317 2483 morte
337 2455 367 2480 et
388 2446 522 2482 inseris,
551 2446 639 2478 sicut
657 2447 791 2490 inquit:
820 2443 853 2478 Ο
875 2457 986 2484 mors,
1014 2457 1073 2477 ero
1091 2457 1184 2477 mors

206 2509 276 2534 tua.
329 2497 598 2532 Consideremus
626 2496 862 2529 infirmitatem
888 2503 921 2529 et
946 2495 1099 2540 pericula
1120 2507 1185 2527 no-

206 2559 288 2583 stra.
344 2547 502 2580 Sciamus
518 2543 631 2576 Deum
655 2545 823 2578 immensa
849 2546 1007 2579 bonitate
1034 2544 1184 2577 voluisse

206 2591 261 2633 'his
280 2598 379 2630 malis
404 2606 582 2639 opponere
606 2591 689 2626 haec
716 2606 777 2627 sua
801 2596 984 2635 beneficia,
1014 2607 1102 2639 quae
1126 2606 1185 2638 per

206 2650 315 2682 filium
336 2652 503 2691 praestat,
532 2651 563 2678 et
580 2643 609 2676 ei
629 2644 755 2685 gratias
769 2656 927 2687 agamus,
954 2653 985 2678 et
1003 2657 1040 2678 ea
1059 2645 1185 2679 arden-

934 114 1430 154 PROPOSITIONES.

1209 2679 1213 2686 .
1239 2657 1335 2686 rum,
1362 2658 1430 2690 quo
1447 2645 1635 2679 clamamus
1653 2643 1751 2678 Abba
1769 2651 1866 2688 pater
1879 2671 1887 2685 ‚
1913 2644 2039 2680 Roma.
2057 2645 2088 2678 8.

2110 117 2184 154 416

1212 203 1306 237 tibus
1336 200 1426 233 votis
1453 199 1492 231 in
1521 199 1726 244 quotidiana
1762 200 1982 234 invocatione
2015 207 2183 245 petamus,

1212 252 1313 286 Hanc
1336 249 1593 283 invocationem
1618 250 1835 294 experiemur
1856 262 1893 283 re
1916 250 1991 294 ipsa
2018 262 2091 284 non
2113 262 2186 284 esse

1213 303 1366 338 irritam,
1397 307 1430 333 et
1454 299 1491 331 in
1516 297 1569 332 his
1591 300 1762 334 exercitiis
1784 306 1938 334 crescant
1961 300 2090 343 agnitio
2107 300 2187 341 Dei,

1214 354 1272 386 lux
1296 350 1394 391 fidei,
1420 361 1497 393 spes
1521 356 1555 383 et
1570 349 1656 382 aliae
1672 351 1835 393 virtutes,
1861 351 1950 385 sicut
1966 350 2098 384 dicitur
2112 350 2185 384 Lu—

1214 414 1271 436 cae
1291 402 1365 435 19.:
1400 399 1556 433 Habenti
1572 400 1724 435 dabitur.

1290 451 1385 484 Ilaec
1400 451 1442 483 de
1459 450 1689 493 possibilitate
1704 449 1856 482 breviter
1870 449 1961 482 dicta
1979 449 2060 485 sint.
2087 447 2188 482 Alibi

1215 513 1314 544 saepe
1330 500 1473 544 repetita
1489 506 1540 533 est
1557 499 1736 533 distinctio
1752 499 1795 531 de
1811 498 1922 532 libero
1940 499 2104 539 arbitrio,
2130 497 2189 532 hic

1216 551 1427 584 loromotiva
1443 550 1560 594 aliquo
1578 550 1684 582 modo
1703 549 1846 592 regitur,
1871 548 1973 581 etiam
1988 549 2025 581 in
2043 560 2115 581 non
2132 561 2190 582 re-

1217 602 1307 635 natis
1318 628 1326 641 ,
1353 608 1392 634 ut
1407 601 1573 643 regebant
1587 607 1746 633 externos
1766 605 1880 642 gestus
1895 595 2087 638 Aristides,
2113 597 2190 632 Sci-

1216 653 1274 697 pio
1298 659 1331 685 et
1355 650 1495 683 similes.
1549 649 1619 684 Sed
1643 650 1717 683 sine
1740 660 1824 683 voce
1845 647 2030 691 Evangelii
2055 653 2090 681 et
2115 647 2191 681 sine

1218 702 1352 746 Spiritu
1368 707 1486 734 sancto
1502 711 1576 734 non
1591 700 1629 733 fit
1642 700 1794 734 incoatio
1810 699 1894 741 legis
1911 697 1978 732 Dei
1992 698 2030 731 in
2049 698 2164 733 corde.

1318 750 1412 784 LIV.
1441 750 1628 793 Quomodo
1647 751 1780 795 placeat
1794 750 1832 782 in
1847 747 1911 782 hac
1926 755 2023 783 tanta
2043 748 2193 781 infirmi-

1218 810 1287 836 tate
1313 799 1497 834 hominum
1524 801 1562 833 in
1589 798 1655 834 hac
1680 800 1771 841 vita,
1811 806 1846 833 et
1870 800 1963 832 inter
1985 797 2048 832 has
2075 798 2194 831 sordes

1219 864 1310 885 nova
1338 850 1557 891 obedientia,
1591 862 1651 884 seu
1674 849 1840 883 renatus?
1889 848 1965 882 Hac
1989 848 2194 894 quaestione

1220 902 1321 935 anxie
1336 902 1578 934 excruciantur
1592 898 1773 941 homines,
1798 907 1836 934 ut
1852 910 1973 932 omnes
1986 899 2196 942 experimur,

1221 959 1253 985 et
1274 952 1404 985 multae
1427 963 1547 984 causae
1572 957 1654 984 sunt
1675 950 1956 989 dubitationum,
1987 949 2193 991 magnitudo

1221 1002 1488 1046 praeteritorum
1506 1001 1679 1044 lapsuum,
1696 1007 1730 1034 et
1744 1005 1948 1044 conspectus
1961 998 2196 1042 praesentium

1222 1052 1394 1085 sordium.
1472 1051 1590 1084 David
1618 1051 1775 1084 intuetur
1800 1049 2027 1094 praeteritum
2050 1049 2199 1093 lapsum,

1223 1101 1350 1134 deinde
1365 1112 1511 1143 poenas,
1540 1102 1578 1133 in
1594 1101 1722 1144 quibus
1737 1100 1899 1133 accidunt
1926 1105 1979 1132 tot
1993 1104 2080 1132 tetra
2098 1110 2198 1131 scan-

1223 1151 1320 1190 dala,
1352 1151 1492 1191 caedes,
1525 1149 1655 1183 incesta
1669 1149 1927 1183 'contaminatio
1950 1148 2139 1191 coniugum
2167 1154 2200 1180 et

1224 1201 1311 1233 aliae
1327 1200 1566 1237 confusiones,
1592 1206 1684 1233 retro
1703 1200 1807 1232 etiam
1826 1198 2025 1232 considerat
2043 1198 2199 1241 exempla

1225 1250 1424 1293 superiora,
1447 1249 1563 1283 Saulis
1586 1250 1734 1289 exitum,
1760 1255 1793 1282 et
1816 1249 2010 1282 multorum
2038 1247 2201 1281 aliorum.

1224 1300 1319 1331 Ilaec
1335 1300 1470 1331 obiecta
1486 1305 1518 1331 et
1535 1299 1602 1330 alia
1624 1299 1735 1331 multa
1760 1298 1966 1331 concutiunt
1989 1308 2070 1329 eum
2096 1297 2203 1330 dubi-

1225 1348 1437 1388 tationibus,
1470 1360 1672 1392 quanquam
1696 1354 1747 1382 est
1769 1348 1807 1380 in
1829 1359 1868 1380 eo
1895 1347 2032 1380 incoata
2054 1347 2204 1380 novitas.

1226 1398 1269 1431 In
1283 1396 1346 1431 hac
1360 1398 1563 1442 quaestione
1574 1405 1763 1442 utrumque
1777 1397 2030 1437 consideretur,
2043 1395 2202 1429 Primum

1226 1459 1452 1490 agnoscamus
1468 1454 1623 1480 nostram
1643 1447 1915 1481 immunditiem.
1967 1445 2128 1479 Secundo
2150 1452 2203 1478 te-

1226 1508 1372 1530 neamus
1388 1507 1504 1529 veram
1522 1496 1796 1529 consolationem
1816 1495 1853 1528 in
1862 1493 2055 1538 Evangelio
2071 1507 2203 1540 propo—

1226 1553 1339 1579 sitam.

1329 1595 1528 1628 Fatendum
1544 1595 1646 1628 estin
1666 1595 1843 1628 conversis
1867 1595 1910 1628 ad
1926 1593 2059 1635 Deum,
2083 1595 2118 1628 id
2142 1603 2204 1635 est,

1229 1646 1359 1679 renatis
1382 1645 1419 1677 in
1441 1642 1506 1678 hac
1528 1645 1618 1685 vita,
1644 1645 1821 1689 reliquum
1846 1656 1916 1678 esse
1931 1646 2084 1685 malum,
2109 1647 2204 1689 quod

1228 1696 1411 1729 nobiscum
1439 1694 1594 1728 nascitur
1606 1722 1615 1735 ,
1648 1706 1808 1738 pugnans
1838 1707 1916 1728 curn
1948 1695 2040 1738 lege,
2075 1695 2207 1729 scilicet

1228 1757 1388 1788 magnam
1404 1745 1584 1787 caliginem
1605 1750 1638 1777 et
1654 1756 1777 1788 pravas
1794 1745 2052 1785 inclinationes,
2075 1751 2108 1778 et
2122 1742 2205 1778 hinc

1230 1796 1394 1829 oriuntur
1418 1795 1547 1827 multae
1578 1794 1738 1827 flammae
1769 1795 1980 1828 viciosorum
2008 1795 2206 1835 affectuum,

1230 1846 1333 1879 multi
1350 1856 1495 1884 errores,
1510 1845 1613 1877 multi
1632 1845 1749 1888 lapsus
1764 1844 1983 1887 ignorantiae
1999 1851 2031 1879 et
2045 1845 2205 1879 omissio-

1231 1897 1299 1929 nis,
1352 1894 1447 1928 Haec
1471 1894 1588 1927 omnia
1612 1902 1692 1928 sunt
1718 1907 1797 1928 vere
1818 1901 1953 1938 peccata
1976 1906 2039 1928 suo
2071 1906 2205 1938 genere.

1233 1946 1315 1980 ldeo
1329 1945 1459 1978 dicitur
1476 1944 1513 1977 in
1523 1944 1661 1977 Psalmo
1683 1944 1778 1978 143:
1806 1944 1887 1978 Non
1906 1945 2151 1979 iustificabitur
2167 1946 2205 1978 in

1233 2001 1420 2039 conspectu
1436 2002 1496 2028 tuo
1513 1995 1628 2027 omnis
1647 1996 1778 2030 vivens.
1807 1993 1853 2029 Et
1868 1993 2129 2041 MoysesExod.
2148 1995 2208 2029 34.

1234 2059 1271 2080 ac
1284 2045 1346 2078 Iob
1358 2044 1390 2078 9.
1408 2045 1535 2089 capite:
1552 2044 1631 2077 Non
1649 2045 1894 2079 iustificabitur
1908 2057 2024 2079 coram
2039 2052 2071 2079 te
2089 2043 2206 2079 homo.

1233 2095 1281 2130 Et
1302 2095 1431 2128 Paulus
1454 2094 1580 2129 Roma.
1606 2095 1657 2130 3.:
1693 2094 1741 2129 Ut
1761 2107 1841 2129 reus
1864 2096 1908 2129 sit
1934 2102 2026 2129 totus
2055 2097 2207 2128 mundns

1234 2145 1326 2186 Deo,
1355 2151 1388 2179 et
1411 2146 1613 2178 obstruatur
1638 2157 1742 2178 omne
1764 2157 1814 2180 os.
1863 2144 1952 2179 Cum
1971 2145 2078 2188 igitur
2093 2146 2206 2177 mani-

1235 2197 1361 2230 festum
1385 2195 1448 2233 sit,
1476 2195 1650 2239 reliquum
1677 2206 1748 2228 esse
1771 2202 1949 2240 peccatum
1973 2196 2010 2227 in
2026 2206 2105 2227 vere
2123 2208 2209 2228 con-

1237 2247 1345 2279 versis
1366 2246 1403 2278 in
1426 2243 1491 2278 hac
1515 2245 1602 2286 vita,
1633 2252 1666 2279 et
1682 2244 1776 2279 Deus
1805 2257 1868 2278 nos
1891 2245 1926 2277 id
1943 2245 2028 2278 velit
2044 2257 2125 2278 vero
2143 2247 2207 2278 do-

1238 2298 1311 2329 lore
1327 2307 1512 2338 agnoscere
1524 2322 1532 2336 ‚
1560 2302 1592 2328 et
1609 2296 1769 2328 ostendat
1785 2295 2047 2333 consolationes,
2073 2307 2208 2329 necesse

1238 2354 1288 2380 est
1304 2344 1463 2379 homines
1481 2346 1523 2378 de
1539 2343 1603 2378 hac
1619 2352 1712 2379 tanta
1728 2357 1766 2378 re
1781 2352 1871 2378 recte
1887 2345 2015 2379 doceri.

1338 2395 1405 2428 Hic
1420 2396 1572 2439 primum
1591 2393 1656 2428 hoc
1672 2395 1870 2439 planissime
1885 2395 2113 2435 affirmamus,
2130 2408 2208 2428 cum

1238 2446 1276 2480 in
1292 2446 1520 2479 conversione
1538 2443 1642 2478 homo
1659 2445 1781 2488 accipit
1797 2445 2035 2477 remissionem
2052 2452 2209 2488 peccato-

1239 2508 1316 2528 rum
1337 2497 1420 2536 fide,
1460 2503 1493 2529 et
1516 2495 1620 2528 sentit
1649 2506 1683 2527 se
1710 2494 1926 2539 acquiescere
1948 2495 1984 2527 in
2010 2495 2211 2536 mediatore,

1239 2553 1323 2579 tunc
1342 2547 1379 2578 in
1397 2544 1539 2578 homine
1556 2546 1624 2576 iam
1652 2542 1783 2577 habitat
1800 2543 1913 2583 Deus,
1941 2552 1973 2577 et
1988 2545 2207 2578 verissimum

1239 2603 1289 2629 cst
1319 2597 1467 2629 dictum:
1494 2594 1683 2637 Accepistis
1700 2594 1870 2637 Spiritum
1895 2595 2094 2638 adoptionis
2118 2595 2207 2628 filio-

2142 2645 2208 2678 Hic
