2324 2955
139 124 233 160 1009
685 123 714 158 l.

134 220 332 253 progressos
358 219 430 242 esse
450 214 623 253 posteros,
650 220 714 241 nec
736 209 890 253 primum
915 217 1015 244 natos
1038 220 1110 242 esse

133 261 170 292 in
185 259 337 303 scopulis
359 259 471 293 nostri
492 259 617 300 maris,
642 265 680 292 ut
703 260 846 304 quidam
870 260 987 304 inepte
1008 260 1110 293 fabu-

133 310 262 346 lantur.

232 360 435 393 Alexander
451 369 523 391 non
541 359 663 401 procul
678 360 722 392 ab
741 359 854 393 insula
866 359 994 401 Peuce,
1020 371 1109 404 quae

130 410 311 444 notissima
335 415 402 450 est,
435 408 619 454 paululum
644 421 747 453 supra
765 409 977 455 Byzantium
1003 410 1108 443 dimi-

129 461 220 493 cavit
243 471 321 492 cum
353 470 434 502 rege
457 459 581 493 Getico
606 457 762 504 Syr-mo,
806 462 900 494 unde
926 460 1106 506 Syrmium

128 510 260 543 dictum
286 516 347 543 est.
407 507 603 555 Aliquanto
630 516 708 554 post
731 509 962 555 Lysimachus
987 523 1006 543 a
1028 521 1107 552 rege

128 558 253 594 Getico
278 559 350 594 acie
375 559 487 594 victus
519 566 551 593 et
584 566 704 603 captus
737 568 807 601 est,
849 568 882 596 et
916 561 1107 594 liberaliter

126 610 291 643 dimissus
309 611 496 648 concessit,
522 616 561 642 ut
582 611 625 642 ad
647 609 772 643 Istrum
793 610 903 644 Getae
923 612 1018 644 sedes
1042 608 1105 643 ha-

126 661 268 700 herent,
296 667 328 694 et
349 660 421 703 regi
440 658 610 693 Getarum
628 660 734 692 filiam
756 662 852 695 dedit
876 673 1039 701 uxorem,
1066 667 1105 693 ut

125 716 244 743 narrat
260 709 461 744 Pausanias.
514 709 617 743 Tunc
634 710 740 752 igitur
756 711 932 754 regionem
953 711 1103 744 vicinam

125 758 294 805 Byzantio
322 761 365 793 ad
393 760 520 794 Istrum
555 766 763 799 tenuerunt,
798 769 831 795 et
856 760 1001 794 Graecis
1028 760 1103 794 noti

123 810 282 851 suerunt,
310 816 342 844 et
365 811 534 854 paulatim
556 810 661 844 latius
685 811 858 845 dominati
883 818 976 846 sunt.
1028 810 1104 845 No—

122 860 235 893 minat
261 860 354 892 enim
381 860 508 894 Strabo
533 861 657 893 ducem
675 859 845 894 Getarum
865 861 1102 899 VVarsestum‚

121 910 182 954 qui
201 907 388 943 Thraciam
408 909 580 945 Romanis
595 911 812 954 temporibus
832 912 1017 954 populatus
1042 918 1103 945 est.

120 959 258 993 Deinde
275 961 496 994 notissimum
516 967 586 1000 est,
610 959 792 994 Romanos
812 961 1039 1003 imperatores
1065 961 1101 993 in

120 1010 234 1043 vicina
259 1022 319 1044 ora
344 1010 550 1043 Pannoniae
577 1021 654 1042 cum
681 1009 783 1043 Getis
808 1017 841 1043 et
859 1010 977 1043 Gottis
1001 1021 1101 1054 saepe

119 1060 312 1092 dimicasse.
365 1059 516 1092 Narrant
532 1065 564 1092 et
582 1056 688 1091 hodie
707 1058 833 1092 Gottos
851 1067 970 1093 tenere
991 1058 1100 1094 Cher-

119 1121 281 1143 sonesum
292 1109 500 1149 Tauricam,
527 1120 616 1153 quae
635 1120 707 1141 non
725 1109 845 1152 procul
867 1110 961 1143 abest
976 1122 994 1143 a
1005 1109 1100 1143 Con-

118 1159 347 1202 stantinopoli
359 1183 367 1196 ‚
395 1165 428 1192 et
445 1158 564 1201 lingua
580 1169 637 1191 eos
654 1165 772 1192 nostra
796 1159 893 1204 loqui
912 1160 1099 1194 affirmant.

117 1208 188 1242 Diu
206 1209 313 1252 igitur
334 1208 503 1241 Getarum
526 1210 642 1241 sedem
666 1209 772 1242 fuisse
795 1221 850 1242 eas
874 1210 1032 1252 regiones
1056 1212 1099 1243 ad

118 1258 250 1305 Tyram
271 1266 304 1292 et
318 1260 361 1291 ad
379 1259 508 1292 Istrum
524 1264 676 1296 constat,
704 1271 792 1302 quae
809 1271 904 1293 nunc
921 1267 1003 1294 sunt
1018 1272 1099 1305 par—

116 1309 178 1342 tim
200 1306 409 1349 Walachia,
433 1309 558 1352 partim
576 1308 753 1351 Bulgaria.

220 1358 350 1392 Valens
370 1359 560 1402 imperator
578 1370 649 1391 non
672 1359 793 1402 procul
809 1371 827 1392 a
844 1358 1098 1393 Constantino·

115 1409 187 1454 poli
207 1409 250 1442 ab
268 1409 317 1443 eis
335 1409 446 1442 victus
463 1415 523 1441 est.
576 1407 713 1442 Deinde
728 1410 890 1453 repressit
908 1422 965 1443 eos
976 1408 1097 1444 Theo-

116 1459 247 1492 dosius.
289 1457 432 1492 Auxilia
451 1459 555 1492 etiam
574 1470 693 1491 eorum
712 1459 778 1492 sibi
796 1460 958 1494 adiunxit
975 1467 1095 1494 contra

114 1509 311 1543 Maximum
337 1516 370 1542 ct
390 1508 610 1551 Eugenium,
648 1516 679 1541 et
707 1510 880 1553 stipendia
909 1511 958 1543 eis
988 1511 1096 1546 dedit.

113 1558 210 1592 Haec
236 1571 313 1592 cum
341 1559 469 1591 deinde
488 1557 661 1591 Arcadius
687 1566 720 1592 et
738 1558 920 1593 Honorius
943 1562 1095 1604 pendere

113 1609 260 1652 nollent,
288 1608 420 1642 bellum
436 1615 555 1641 contra
575 1620 632 1641 eos
646 1616 843 1643 moverunt.
877 1608 963 1644 Erat
978 1617 1093 1644 autem

113 1659 250 1692 Stillico
284 1665 382 1691 ortus
406 1671 445 1690 ex
470 1665 572 1700 gente
597 1657 752 1698 Heneta,
794 1659 935 1692 inimica
963 1659 1094 1696 Gonis.

112 1708 194 1742 Ideo
212 1714 331 1741 contra
350 1706 478 1740 Gnuos
496 1714 527 1740 et
543 1707 695 1740 Francos
712 1710 855 1741 attraxit
881 1710 917 1740 in
937 1709 1092 1741 Galliam

111 1758 343 1801 Burguudos,
370 1756 514 1796 Suevos,
543 1757 675 1788 Alanos
694 1764 726 1789 et
744 1758 829 1789 alias
845 1764 964 1799 gentes
981 1758 1091 1791 littori

111 1808 246 1842 Baltico
265 1807 407 1840 vicinas.
448 1805 523 1838 Hae
542 1806 682 1838 suerunt
699 1807 898 1840 occasiones
915 1808 1089 1840 bellorum

111 1858 335 1892 Gotticorum
370 1863 402 1890 et
428 1855 724 1895 vandalicoruni,
766 1857 896 1900 quibus
921 1857 957 1889 in
983 1855 1090 1891 Occi-

110 1910 214 1943 dente
233 1907 420 1951 imperium
439 1907 664 1938 dilaceratum
682 1913 742 1939 est.

211 1956 318 1991 Anno
343 1963 456 1990 autem
476 1955 625 1988 Honorii
650 1955 785 1988 decimo
810 1962 953 1997 octavo,
992 1968 1086 1989 anno

108 2006 240 2042 Christi
259 2006 604 2052 quadringentesimo
622 2018 716 2038 nono
728 2004 924 2049 liadagisus
940 2008 1087 2040 ducenta

108 2059 219 2092 millia
232 2058 422 2091 Gottorum
441 2056 475 2088 in
496 2055 628 2088 ltaliam
646 2056 754 2090 duxit.
790 2056 858 2089 Sed
877 2069 953 2090 cum
973 2063 1087 2089 traus-

108 2109 190 2142 isset
207 2107 409 2152 Apeninum
426 2108 468 2139 ad
493 2106 651 2138 Fesulam
664 2132 673 2146 ‚
701 2106 892 2140 multitudo
910 2108 999 2139 same
1014 2108 1085 2140 dis-

108 2160 217 2203 sipata
237 2170 255 2191 a
272 2158 456 2192 Stillicone
470 2156 624 2190 Consule
646 2168 809 2200 oppressa
835 2164 867 2190 et
891 2158 1003 2190 deleta
1023 2164 1084 2191 est.

107 2208 305 2251 Radagisus
345 2208 482 2250 fugiens
522 2212 643 2250 captus
678 2213 711 2240 et
750 2208 986 2249 strangulatus
1025 2215 1085 2248 est,

107 2255 325 2302 captivorum
357 2268 476 2300 greges
508 2257 654 2297 singulis
687 2257 801 2290 aureis
833 2258 965 2291 venditi
991 2265 1083 2293 sunt.

106 2308 182 2343 Etsi
200 2316 313 2343 autem
335 2306 419 2340 haec
437 2307 535 2340 initia
547 2306 665 2340 Gottis
683 2307 717 2338 in
739 2306 838 2341 ltalia
854 2320 925 2340 non
941 2309 1084 2342 suerunt

107 2360 216 2400 laeta,
242 2365 281 2392 ut
299 2359 515 2402 plaerunque
531 2355 625 2390 Deus
644 2357 771 2390 scelera
796 2358 979 2402 utriusque
1004 2370 1083 2401 par-

107 2410 152 2444 tis
181 2409 286 2442 variis
314 2408 487 2441 bellorum
519 2407 654 2440 vicibus
685 2407 804 2450 punit:
853 2414 968 2441 tamen
1010 2421 1081 2441 non

108 2472 187 2493 mox
210 2460 288 2492 finis
306 2458 372 2491 fuit
392 2456 518 2491 horum
540 2458 725 2490 bellorum.
776 2456 964 2502 Reliquiae
987 2470 1082 2491 crea-

106 2517 190 2544 runt
207 2521 321 2551 regem
341 2506 539 2547 Alaricum,
565 2508 624 2552 qui
644 2509 767 2540 ductor
783 2508 895 2542 suerat
912 2509 1082 2541 exercitus

106 2561 198 2604 apud
226 2558 467 2593 Theodosium
491 2566 611 2592 contra
633 2556 842 2600 Eugenium.
905 2557 994 2591 Cum
1026 2556 1080 2591 his

107 2610 291 2654 paciscitur
317 2608 472 2647 stillico,
502 2614 539 2640 ut
564 2609 600 2640 in
625 2608 759 2641 Gallias
786 2609 984 2649 discedant,
1017 2609 1079 2642 ubi
1103 2631 1105 2642 .

64 2690 68 2694 .
105 2661 292 2694 simulabat
308 2670 342 2692 se
360 2670 418 2692 eos
427 2658 569 2692 Francis
582 2660 826 2702 oppositurum
844 2671 924 2692 esse.
959 2659 1079 2694 Disce·
1101 2682 1104 2692 .

768 122 1058 161 CHRONICON
1084 121 1332 162 CARIONIS.
1384 123 1509 160 PARS
1537 123 1583 162 11.

1128 765 1129 776 ¹
1155 762 1286 803 gesimo
1326 767 1474 805 quartO,

2044 129 2140 161 1010

1163 209 1252 243 dunt
1270 209 1376 253 igitur
1393 210 1435 242 ad
1457 208 1582 253 Alpes,
1609 209 1657 242 ibi
1676 209 1731 243 die
1742 208 1920 252 Pascatos,
1948 223 2026 244 cum
2045 212 2140 245 iussu

1162 259 1358 293 Stilliconis
1387 260 1528 305 quidam
1566 273 1604 292 ex
1643 260 1717 293 eius
1748 261 1895 294 ducibus
1924 262 2047 295 fraude
2081 274 2139 295 eos

1161 310 1302 343 adortus
1320 318 1423 350 esset,
1452 310 1551 343 Gotti
1569 311 1709 344 fuerunt
1728 311 1887 344 victores.
1941 311 2135 356 Aliquanto

1160 366 1235 402 post
1252 359 1432 394 Honorius
1449 372 1509 393 seu
1533 372 1612 393 vere
1633 372 1693 394 seu
1716 361 1802 394 salso
1829 361 2008 406 suspicans
2023 362 2138 396 Stilli-

1160 421 1281 443 conem
1303 411 1491 454 imperium
1518 412 1559 443 ad
1584 423 1618 444 se
1641 411 1891 444 translaturum
1916 423 2007 453 esse,
2040 412 2137 446 iubet

1160 471 1237 493 eum
1255 468 1287 494 et
1304 461 1415 493 filium
1432 461 1505 493 eius
1521 459 1735 493 Eucherium
1754 461 1913 496 interfici.

1259 509 1348 544 Cum
1366 511 1472 553 igitur
1484 510 1584 543 Italia
1601 512 1688 543 duce
1706 512 1826 544 orbata
1843 518 1942 552 esset,
1969 510 2132 546 Alaricus

1158 561 1284 594 omissa
1308 560 1425 593 Gallia
1456 562 1569 604 pergit
1598 559 1770 599 Romam,
1814 568 1847 594 et
1876 561 2136 595 circumsessam

1158 611 1301 643 hiennio
1319 611 1408 654 capit
1427 609 1591 643 Calendis
1602 608 1735 652 Aprilis
1755 622 1848 643 anno
1864 611 1997 643 decimo
2013 619 2135 645 octavo

1157 660 1331 701 Honorii,
1366 673 1461 693 anno
1478 657 1613 693 Christi
1635 660 1981 704 quadringentesimo
2000 662 2134 694 decimo

1156 718 1299 755 quarto,
1333 721 1428 743 anno
1452 709 1588 744 Romae
1613 710 1802 742 millesimo
1827 711 2013 743 centesimo
2040 722 2136 744 sexa-

1526 771 1621 793 anno
1660 766 1738 804 post
1778 759 1945 803 Radagisi
1985 768 2134 794 montem

1157 812 1295 856 quinto.

1257 861 1350 895 Urbs
1366 873 1438 894 non
1454 867 1503 894 est
1521 861 1655 900 deleta,
1681 861 1872 895 multitudo
1895 861 2018 900 etiam,
2044 872 2133 904 quae

1154 911 1191 943 in
1211 909 1413 944 Christiana
1441 911 1569 953 templa
1593 911 1817 953 confugerat,
1855 923 1927 943 non
1952 911 2132 943 interfecta

1155 967 1223 999 est,
1250 962 1308 992 sed
1335 973 1372 992 ex
1400 961 1538 1003 templis
1565 967 1598 993 et
1621 972 1660 992 ex
1684 961 1762 993 aliis
1785 959 1956 994 thesauris
1982 961 2132 1004 publicis

1155 1017 1187 1043 et
1207 1010 1352 1053 privatis
1376 1010 1499 1051 ingens
1524 1011 1649 1051 praeda
1678 1018 1839 1052 congesta
1865 1018 1932 1049 est,
1967 1017 1998 1043 et
2018 1010 2131 1042 Placi-

1153 1060 1210 1092 dia
1248 1059 1350 1092 Galla
1384 1060 1454 1091 iilia
1488 1059 1593 1101 primi
1622 1057 1836 1101 Theodosii,
1879 1060 2131 1102 imperatorum

1152 1109 1296 1142 Arcadii
1321 1116 1354 1142 et
1374 1107 1525 1141 Ilonorii
1549 1120 1648 1140 soror
1668 1116 1766 1152 capta
1793 1116 1842 1142 est
1866 1116 1899 1142 et
1923 1111 2129 1152 desponsata

1151 1166 1299 1201 cognato
1333 1157 1465 1192 Alarici
1499 1156 1708 1202 Adaulpho:
1751 1171 1833 1192 nam
1865 1157 2028 1192 Alaricus
2061 1159 2130 1191 iam

1151 1221 1254 1242 senex
1282 1216 1366 1244 erat.

1254 1258 1301 1292 [It
1318 1265 1433 1291 autem
1458 1258 1629 1302 reliquam
1647 1257 1781 1292 Italiam
1799 1266 1981 1302 occuparet
1999 1266 2032 1292 et
2049 1271 2129 1302 spo-

1150 1309 1250 1342 liaret
1277 1307 1456 1348 Alaricus,
1494 1309 1593 1341 duxit
1618 1309 1805 1342 exercitum
1828 1309 1865 1343 in
1890 1308 2129 1352 Campaniam,

1150 1365 1183 1391 et
1204 1360 1246 1392 ad
1266 1358 1423 1391 Siciliam
1440 1370 1549 1402 usque
1570 1359 1728 1402 accessit,
1762 1359 1824 1391 ubi
1851 1359 1887 1391 in
1914 1359 2037 1392 ultima
2059 1358 2127 1392 lta-

1149 1409 1216 1442 liae
1239 1420 1299 1442 ora
1326 1409 1447 1441 morbo
1473 1408 1644 1441 extinctus
1668 1415 1716 1442 est
1743 1421 1800 1441 rex
1819 1408 1992 1444 Gotticus.
2044 1408 2126 1442 Post

1149 1471 1227 1491 eum
1247 1460 1357 1492 factus
1376 1465 1424 1492 est
1444 1456 1654 1502 Adaulphus
1675 1470 1754 1497 rex,
1782 1459 1843 1503 qui
1868 1460 2057 1492 exercitum
2088 1460 2124 1491 in

1148 1508 1285 1542 Italiam
1310 1509 1467 1548 reduxit,
1492 1509 1554 1541 ubi
1574 1508 1749 1542 l'lacidiae
1769 1509 2016 1542 intercessione
2035 1509 2124 1541 leni-

1146 1565 1202 1592 tus
1235 1571 1306 1592 non
1341 1559 1470 1592 delevit
1503 1560 1646 1596 urbem,
1690 1566 1726 1592 ut
1758 1559 1897 1592 fueraut
1928 1557 2123 1592 hortatores

1147 1607 1267 1649 Gotti,
1295 1616 1328 1642 et
1346 1621 1426 1653 pace
1450 1610 1537 1641 facta
1563 1621 1640 1641 cum
1659 1608 1819 1642 Ilonorio
1846 1616 1986 1652 propter
2008 1609 2124 1641 affini-

1145 1665 1251 1691 tatem
1270 1659 1426 1691 discessit
1444 1659 1478 1690 in
1498 1659 1668 1699 Galliam,
1703 1666 1733 1692 et
1754 1660 1834 1691 inde
1854 1660 1887 1691 in
1907 1659 2123 1701 Hispaniam,

1145 1708 1244 1739 cuius
1261 1718 1383 1750 magna
1404 1719 1481 1750 pars
1505 1708 1571 1739 iam
1595 1719 1613 1739 a
1631 1708 1774 1748 Suevis‚
1803 1708 1970 1741 Vandalis
1988 1715 2020 1742 et
2038 1707 2123 1741 Ala-

1145 1757 1199 1789 nis
1216 1764 1382 1800 occupata
1401 1763 1492 1796 erat,
1517 1757 1576 1800 qui
1591 1769 1628 1788 ex
1642 1757 1758 1790 Gallia
1776 1757 2012 1791 aCoustantio
2030 1759 2119 1802 pulsi

1143 1813 1252 1841 eraut.
1306 1807 1412 1839 Anno
1428 1813 1541 1839 autem
1558 1807 1661 1840 tertio
1682 1814 1758 1851 post
1782 1808 1970 1841 discessum
1996 1821 2035 1840 ex
2053 1808 2121 1841 lta-

1141 1857 1187 1889 lia
1212 1855 1422 1900 Adaulphus
1446 1857 1481 1888 in
1503 1856 1673 1900 llispania
1696 1869 1714 1890 a
1738 1858 1809 1890 suis
1834 1858 2035 1891 interfectus
2059 1866 2120 1892 est.

1142 1906 1320 1939 Adversus
1353 1904 1447 1939 hunc
1477 1906 1570 1939 misit
1595 1906 1778 1940 llonorius
1800 1908 1922 1940 ducem
1946 1906 2119 1941 Constan-

1141 1957 1228 1989 tium
1256 1956 1439 1999 patricium
1466 1955 1688 1997 Romanum,
1721 1958 1779 2002 qui
1805 1957 1958 1990 Galliam
1980 1957 2117 1990 Narbo-

1140 2018 1285 2039 nensem
1311 2013 1342 2039 et
1370 2006 1517 2038 vicinam
1544 2013 1674 2048 parwm
1702 2008 1857 2049 regebat,
1891 2014 1922 2040 et
1949 2008 2117 2041 foeliciter

1140 2057 1221 2089 inde
1247 2056 1426 2089 Vaudalos
1451 2056 1639 2099 expulerat.
1707 2056 1811 2090 llunc
1842 2058 1939 2090 iussit
1963 2065 2117 2101 repetere

1138 2105 1341 2147 Placidhnn,
1368 2118 1462 2149 spem
1480 2107 1509 2138 ei
1529 2113 1559 2139 et
1577 2106 1730 2149 coniugii
1750 2115 1781 2141 et
1800 2108 1935 2152 imperii
1954 2109 2091 2143 faciens.

1238 2155 1350 2190 Erant.
1384 2163 1498 2189 autem
1534 2157 1569 2188 in
1596 2156 1766 2200 llispania
1801 2158 1994 2191 discordiae
2024 2158 2115 2191 iuter

1137 2205 1265 2239 Gottos
1288 2214 1321 2240 et
1339 2207 1535 2246 Vandalus,
1563 2214 1595 2240 et
1612 2206 1840 2241 Constantius
1867 2209 2016 2241 malebat
2040 2210 2113 2241 soe-

1135 2257 1216 2289 ‹lera
1234 2269 1310 2290 cum
1332 2257 1449 2290 Gottis
1465 2257 1645 2297 renovari,
1672 2269 1716 2289 ne
1734 2270 1863 2291 novum
1883 2259 2013 2291 bellum
2026 2257 2113 2290 (ial-

1136 2304 1202 2339 liae
1228 2314 1261 2340 et
1286 2306 1405 2339 Italiae
1428 2305 1628 2341 attraheret.
1696 2306 1830 2341 lit-ddit
1861 2308 1967 2350 igitur
1990 2310 2111 2341 volens

1134 2356 1324 2390 I'lacidiam
1336 2384 1344 2397 ‚
1371 2369 1474 2401 quam
1494 2356 1674 2389 llonorius
1690 2358 1785 2391 dedit
1799 2357 2007 2392 Constantio
2024 2371 2111 2392 uxo-

1135 2418 1225 2447 rem,
1252 2414 1284 2440 et
1306 2407 1420 2452 ipsum
1444 2414 1639 2440 consortem
1663 2408 1798 2450 imperii
1824 2409 1916 2443 fecit.
1978 2407 2029 2442 Ex
2056 2407 2109 2442 his

1134 2457 1294 2490 videlicet
1312 2470 1350 2490 ex
1367 2456 1574 2490 Constantio
1598 2464 1630 2490 et
1650 2456 1804 2492 Placidia
1829 2459 1899 2492 lilia
1916 2457 2107 2492 Theodosii

1133 2507 1237 2550 primi
1263 2515 1364 2541 natus
1398 2514 1446 2540 est
1474 2506 1744 2541 Valentinianus
1777 2510 1916 2548 tertius,
1964 2510 2107 2542 ultimus

1132 2558 1322 2601 imperator
1337 2556 1541 2590 Occidentis
1560 2569 1669 2602 usque
1687 2560 1728 2590 ad
1747 2558 1912 2592 Carolum
1925 2559 2105 2601 Magnum.

1235 2608 1371 2640 &Vallia
1400 2609 1434 2640 in
1454 2607 1624 2651 llispauia
1653 2609 1782 2642 bellum
1801 2609 1968 2642 Vandalis
1992 2609 2103 2641 insert.

1130 2658 1254 2692 Franci
1280 2660 1473 2704 procedunt
1496 2659 1533 2690 in
1557 2657 1718 2702 liclgico,
1754 2660 1789 2692 in
1812 2659 1907 2693 ltalia
1935 2666 1965 2692 et
1988 2658 2103 2691 Gallia
