<?xml version="1.0" encoding="UTF-8"?>
<!DOCTYPE html PUBLIC "-//W3C//DTD XHTML 1.0 Transitional//EN"
    "http://www.w3.org/TR/xhtml1/DTD/xhtml1-transitional.dtd">
<html xmlns="http://www.w3.org/1999/xhtml" xml:lang="en" lang="en">
 <head>
  <title>
</title>
<meta http-equiv="Content-Type" content="text/html;charset=utf-8" />
  <meta name='ocr-system' content='tesseract 3.04.00' />
  <meta name='ocr-capabilities' content='ocr_page ocr_carea ocr_par ocr_line ocrx_word'/>
</head>
<body>
  <div class='ocr_page' id='page_1' title='image "./operaquaesupersu12melauoft/operaquaesupersu12melauoft_0519.png"; bbox 0 0 2324 2955; ppageno 0'>
   <div class='ocr_carea' id='block_1_1' title="bbox 138 106 722 144">
    <p class='ocr_par' dir='ltr' id='par_1_1' title="bbox 138 106 722 144">
     <span class='ocr_line' id='line_1_1' title="bbox 138 106 722 144; baseline 0.002 -2"><span class='ocrx_word' id='word_1_1' title='bbox 138 107 234 142; x_wconf 83' lang='lat'>1013</span> <span class='ocrx_word' id='word_1_2' title='bbox 693 106 722 144; x_wconf 87' lang='lat' dir='ltr'>l.</span> 
     </span>
    </p>
   </div>
   <div class='ocr_carea' id='block_1_2' title="bbox 102 190 1111 2688">
    <p class='ocr_par' dir='ltr' id='par_1_2' title="bbox 134 190 1111 385">
     <span class='ocr_line' id='line_1_2' title="bbox 135 190 1111 236; baseline 0 -12"><span class='ocrx_word' id='word_1_3' title='bbox 135 192 341 233; x_wconf 86' lang='lat' dir='ltr'>voluerunt,</span> <span class='ocrx_word' id='word_1_4' title='bbox 368 190 428 236; x_wconf 89' lang='lat' dir='ltr'>qui</span> <span class='ocrx_word' id='word_1_5' title='bbox 446 197 562 225; x_wconf 88' lang='lat' dir='ltr'>tamen</span> <span class='ocrx_word' id='word_1_6' title='bbox 585 191 642 224; x_wconf 82' lang='lat' dir='ltr'>vix</span> <span class='ocrx_word' id='word_1_7' title='bbox 666 191 822 235; x_wconf 85' lang='lat' dir='ltr'>exiguam</span> <span class='ocrx_word' id='word_1_8' title='bbox 841 199 973 236; x_wconf 87' lang='lat' dir='ltr'>partem</span> <span class='ocrx_word' id='word_1_9' title='bbox 990 191 1111 226; x_wconf 90' lang='lat' dir='ltr'>Italiae</span> 
     </span>
     <span class='ocr_line' id='line_1_3' title="bbox 135 239 1110 277; baseline 0.001 -3"><span class='ocrx_word' id='word_1_10' title='bbox 135 239 345 277; x_wconf 86' lang='lat' dir='ltr'>habuerunt.</span> <span class='ocrx_word' id='word_1_11' title='bbox 400 241 534 275; x_wconf 86' lang='lat' dir='ltr'>Poenas</span> <span class='ocrx_word' id='word_1_12' title='bbox 552 248 667 274; x_wconf 87' lang='lat' dir='ltr'>autem</span> <span class='ocrx_word' id='word_1_13' title='bbox 685 243 911 276; x_wconf 79' lang='lat' dir='ltr'>cumularunt</span> <span class='ocrx_word' id='word_1_14' title='bbox 931 249 964 276; x_wconf 87' lang='lat' dir='ltr'>et</span> <span class='ocrx_word' id='word_1_15' title='bbox 980 241 1110 275; x_wconf 85' lang='lat' dir='ltr'>Valen-</span> 
     </span>
     <span class='ocr_line' id='line_1_4' title="bbox 135 289 1110 336; baseline 0 -12"><span class='ocrx_word' id='word_1_16' title='bbox 135 291 263 325; x_wconf 90' lang='lat' dir='ltr'>tiniani</span> <span class='ocrx_word' id='word_1_17' title='bbox 289 303 422 332; x_wconf 89' lang='lat' dir='ltr'>mores,</span> <span class='ocrx_word' id='word_1_18' title='bbox 453 292 514 336; x_wconf 92' lang='lat' dir='ltr'>qui</span> <span class='ocrx_word' id='word_1_19' title='bbox 539 289 723 333; x_wconf 87' lang='lat' dir='ltr'>moechus,</span> <span class='ocrx_word' id='word_1_20' title='bbox 758 303 897 335; x_wconf 84' lang='lat' dir='ltr'>magus,</span> <span class='ocrx_word' id='word_1_21' title='bbox 927 299 959 326; x_wconf 89' lang='lat' dir='ltr'>et</span> <span class='ocrx_word' id='word_1_22' title='bbox 982 293 1110 326; x_wconf 91' lang='lat' dir='ltr'>ducum</span> 
     </span>
     <span class='ocr_line' id='line_1_5' title="bbox 134 341 735 385; baseline 0.002 -10"><span class='ocrx_word' id='word_1_23' title='bbox 134 341 223 375; x_wconf 87' lang='lat' dir='ltr'>bene</span> <span class='ocrx_word' id='word_1_24' title='bbox 237 342 442 374; x_wconf 89' lang='lat' dir='ltr'>meritorum</span> <span class='ocrx_word' id='word_1_25' title='bbox 468 341 639 385; x_wconf 86' lang='lat' dir='ltr'>parricida</span> <span class='ocrx_word' id='word_1_26' title='bbox 657 342 735 376; x_wconf 87' lang='lat' dir='ltr'>fuit.</span> 
     </span>
    </p>

    <p class='ocr_par' dir='ltr' id='par_1_3' title="bbox 121 389 1110 1086">
     <span class='ocr_line' id='line_1_6' title="bbox 233 389 1110 435; baseline 0 -10"><span class='ocrx_word' id='word_1_27' title='bbox 233 390 313 425; x_wconf 91' lang='lat' dir='ltr'>Duo</span> <span class='ocrx_word' id='word_1_28' title='bbox 336 398 419 424; x_wconf 91' lang='lat' dir='ltr'>tunc</span> <span class='ocrx_word' id='word_1_29' title='bbox 445 392 622 435; x_wconf 79' lang='lat' dir='ltr'>praecipui</span> <span class='ocrx_word' id='word_1_30' title='bbox 648 393 751 425; x_wconf 88' lang='lat' dir='ltr'>duces</span> <span class='ocrx_word' id='word_1_31' title='bbox 768 391 806 425; x_wconf 90' lang='lat' dir='ltr'>in</span> <span class='ocrx_word' id='word_1_32' title='bbox 825 389 1017 426; x_wconf 83' lang='lat' dir='ltr'>Occidente</span> <span class='ocrx_word' id='word_1_33' title='bbox 1033 392 1110 425; x_wconf 86' lang='lat' dir='ltr'>fue-</span> 
     </span>
     <span class='ocr_line' id='line_1_7' title="bbox 133 438 1108 488; baseline 0.001 -14"><span class='ocrx_word' id='word_1_34' title='bbox 133 447 232 476; x_wconf 85' lang='lat' dir='ltr'>runt:</span> <span class='ocrx_word' id='word_1_35' title='bbox 260 438 504 488; x_wconf 76' lang='lat' dir='ltr'>Bomsacius,</span> <span class='ocrx_word' id='word_1_36' title='bbox 531 454 633 486; x_wconf 84' lang='lat' dir='ltr'>quem</span> <span class='ocrx_word' id='word_1_37' title='bbox 658 442 816 476; x_wconf 89' lang='lat' dir='ltr'>scribunt</span> <span class='ocrx_word' id='word_1_38' title='bbox 832 439 1004 476; x_wconf 79' lang='lat' dir='ltr'>Thracem</span> <span class='ocrx_word' id='word_1_39' title='bbox 1022 443 1108 475; x_wconf 87' lang='lat' dir='ltr'>fuis-</span> 
     </span>
     <span class='ocr_line' id='line_1_8' title="bbox 131 489 1107 536; baseline 0.001 -12"><span class='ocrx_word' id='word_1_40' title='bbox 131 503 184 529; x_wconf 87' lang='lat' dir='ltr'>se,</span> <span class='ocrx_word' id='word_1_41' title='bbox 212 491 272 536; x_wconf 79' lang='lat' dir='ltr'>qui</span> <span class='ocrx_word' id='word_1_42' title='bbox 299 492 388 525; x_wconf 89' lang='lat' dir='ltr'>rexit</span> <span class='ocrx_word' id='word_1_43' title='bbox 407 491 580 532; x_wconf 82' lang='lat' dir='ltr'>Africam,</span> <span class='ocrx_word' id='word_1_44' title='bbox 608 498 641 526; x_wconf 88' lang='lat' dir='ltr'>et</span> <span class='ocrx_word' id='word_1_45' title='bbox 658 489 784 525; x_wconf 59' lang='lat' dir='ltr'>Aelius</span> <span class='ocrx_word' id='word_1_46' title='bbox 803 499 904 525; x_wconf 90' lang='lat' dir='ltr'>natus</span> <span class='ocrx_word' id='word_1_47' title='bbox 921 493 958 525; x_wconf 86' lang='lat' dir='ltr'>in</span> <span class='ocrx_word' id='word_1_48' title='bbox 976 492 1107 525; x_wconf 84' lang='lat' dir='ltr'>Wala-</span> 
     </span>
     <span class='ocr_line' id='line_1_9' title="bbox 130 538 1107 586; baseline 0.001 -12"><span class='ocrx_word' id='word_1_49' title='bbox 130 538 226 582; x_wconf 87' lang='lat' dir='ltr'>chia,</span> <span class='ocrx_word' id='word_1_50' title='bbox 251 541 312 586; x_wconf 91' lang='lat' dir='ltr'>qui</span> <span class='ocrx_word' id='word_1_51' title='bbox 337 542 425 575; x_wconf 88' lang='lat' dir='ltr'>rexit</span> <span class='ocrx_word' id='word_1_52' title='bbox 448 541 713 575; x_wconf 82' lang='lat' dir='ltr'>Narbonensem</span> <span class='ocrx_word' id='word_1_53' title='bbox 733 541 909 583; x_wconf 78' lang='lat' dir='ltr'>Galliam,</span> <span class='ocrx_word' id='word_1_54' title='bbox 936 543 1027 576; x_wconf 89' lang='lat' dir='ltr'>inter</span> <span class='ocrx_word' id='word_1_55' title='bbox 1044 540 1107 575; x_wconf 89' lang='lat' dir='ltr'>hos</span> 
     </span>
     <span class='ocr_line' id='line_1_10' title="bbox 129 591 1107 636; baseline 0 -12"><span class='ocrx_word' id='word_1_56' title='bbox 129 602 209 624; x_wconf 85' lang='lat' dir='ltr'>cum</span> <span class='ocrx_word' id='word_1_57' title='bbox 237 592 394 625; x_wconf 90' lang='lat' dir='ltr'>simultas</span> <span class='ocrx_word' id='word_1_58' title='bbox 418 599 521 632; x_wconf 88' lang='lat' dir='ltr'>esset,</span> <span class='ocrx_word' id='word_1_59' title='bbox 547 591 751 625; x_wconf 72' lang='lat' dir='ltr'>Bonifatius</span> <span class='ocrx_word' id='word_1_60' title='bbox 767 599 861 625; x_wconf 90' lang='lat' dir='ltr'>metu</span> <span class='ocrx_word' id='word_1_61' title='bbox 887 592 1107 636; x_wconf 89' lang='lat' dir='ltr'>imperatoris</span> 
     </span>
     <span class='ocr_line' id='line_1_11' title="bbox 128 641 1105 678; baseline 0 -4"><span class='ocrx_word' id='word_1_62' title='bbox 128 642 258 674; x_wconf 85' lang='lat' dir='ltr'>dicitur</span> <span class='ocrx_word' id='word_1_63' title='bbox 285 642 462 676; x_wconf 73' lang='lat' dir='ltr'>attraxisse</span> <span class='ocrx_word' id='word_1_64' title='bbox 487 641 716 675; x_wconf 87' lang='lat' dir='ltr'>Gensericum</span> <span class='ocrx_word' id='word_1_65' title='bbox 749 642 785 674; x_wconf 92' lang='lat' dir='ltr'>in</span> <span class='ocrx_word' id='word_1_66' title='bbox 812 642 980 678; x_wconf 80' lang='lat' dir='ltr'>Africam.</span> <span class='ocrx_word' id='word_1_67' title='bbox 1032 642 1105 675; x_wconf 79' lang='lat' dir='ltr'>Alii</span> 
     </span>
     <span class='ocr_line' id='line_1_12' title="bbox 127 691 1104 736; baseline 0.002 -13"><span class='ocrx_word' id='word_1_68' title='bbox 127 692 235 734; x_wconf 88' lang='lat' dir='ltr'>magis</span> <span class='ocrx_word' id='word_1_69' title='bbox 259 692 455 735; x_wconf 85' lang='lat' dir='ltr'>significant</span> <span class='ocrx_word' id='word_1_70' title='bbox 482 691 710 725; x_wconf 88' lang='lat' dir='ltr'>Gensericum</span> <span class='ocrx_word' id='word_1_71' title='bbox 735 692 951 736; x_wconf 84' lang='lat' dir='ltr'>possessione</span> <span class='ocrx_word' id='word_1_72' title='bbox 973 691 1104 735; x_wconf 84' lang='lat' dir='ltr'>Hispa-</span> 
     </span>
     <span class='ocr_line' id='line_1_13' title="bbox 126 741 1105 787; baseline 0 -13"><span class='ocrx_word' id='word_1_73' title='bbox 126 741 205 774; x_wconf 86' lang='lat' dir='ltr'>niae</span> <span class='ocrx_word' id='word_1_74' title='bbox 221 742 359 785; x_wconf 87' lang='lat' dir='ltr'>pulsum</span> <span class='ocrx_word' id='word_1_75' title='bbox 374 754 393 776; x_wconf 84' lang='lat' dir='ltr'>a</span> <span class='ocrx_word' id='word_1_76' title='bbox 412 741 551 775; x_wconf 88' lang='lat' dir='ltr'>VVallia</span> <span class='ocrx_word' id='word_1_77' title='bbox 568 753 647 785; x_wconf 87' lang='lat' dir='ltr'>rege</span> <span class='ocrx_word' id='word_1_78' title='bbox 665 741 805 775; x_wconf 88' lang='lat' dir='ltr'>Gottico</span> <span class='ocrx_word' id='word_1_79' title='bbox 824 742 1034 787; x_wconf 85' lang='lat' dir='ltr'>quaesivisse</span> <span class='ocrx_word' id='word_1_80' title='bbox 1051 754 1105 775; x_wconf 89' lang='lat' dir='ltr'>se-</span> 
     </span>
     <span class='ocr_line' id='line_1_14' title="bbox 125 791 1102 837; baseline 0 -13"><span class='ocrx_word' id='word_1_81' title='bbox 125 792 185 824; x_wconf 90' lang='lat' dir='ltr'>des</span> <span class='ocrx_word' id='word_1_82' title='bbox 202 791 238 824; x_wconf 89' lang='lat' dir='ltr'>in</span> <span class='ocrx_word' id='word_1_83' title='bbox 258 792 388 825; x_wconf 86' lang='lat' dir='ltr'>Africa.</span> <span class='ocrx_word' id='word_1_84' title='bbox 441 792 680 837; x_wconf 88' lang='lat' dir='ltr'>Quaecunque</span> <span class='ocrx_word' id='word_1_85' title='bbox 704 804 803 825; x_wconf 88' lang='lat' dir='ltr'>causa</span> <span class='ocrx_word' id='word_1_86' title='bbox 820 792 884 825; x_wconf 89' lang='lat' dir='ltr'>fuit</span> <span class='ocrx_word' id='word_1_87' title='bbox 904 792 1048 834; x_wconf 83' lang='lat' dir='ltr'>ingressi</span> <span class='ocrx_word' id='word_1_88' title='bbox 1066 792 1102 824; x_wconf 90' lang='lat' dir='ltr'>in</span> 
     </span>
     <span class='ocr_line' id='line_1_15' title="bbox 124 839 1103 876; baseline 0.001 -2"><span class='ocrx_word' id='word_1_89' title='bbox 124 839 280 874; x_wconf 86' lang='lat' dir='ltr'>Africam</span> <span class='ocrx_word' id='word_1_90' title='bbox 291 841 442 875; x_wconf 79' lang='lat' dir='ltr'>Vandali</span> <span class='ocrx_word' id='word_1_91' title='bbox 457 842 615 876; x_wconf 88' lang='lat' dir='ltr'>vicerunt</span> <span class='ocrx_word' id='word_1_92' title='bbox 632 841 855 875; x_wconf 89' lang='lat' dir='ltr'>Bonifacium</span> <span class='ocrx_word' id='word_1_93' title='bbox 874 849 907 876; x_wconf 87' lang='lat' dir='ltr'>et</span> <span class='ocrx_word' id='word_1_94' title='bbox 924 843 1011 875; x_wconf 89' lang='lat' dir='ltr'>alios</span> <span class='ocrx_word' id='word_1_95' title='bbox 1026 841 1103 876; x_wconf 88' lang='lat' dir='ltr'>Ro-</span> 
     </span>
     <span class='ocr_line' id='line_1_16' title="bbox 123 890 1102 936; baseline 0.003 -12"><span class='ocrx_word' id='word_1_96' title='bbox 123 903 247 924; x_wconf 84' lang='lat' dir='ltr'>manos</span> <span class='ocrx_word' id='word_1_97' title='bbox 289 893 475 932; x_wconf 88' lang='lat' dir='ltr'>exercitus,</span> <span class='ocrx_word' id='word_1_98' title='bbox 525 899 558 925; x_wconf 92' lang='lat' dir='ltr'>et</span> <span class='ocrx_word' id='word_1_99' title='bbox 593 890 838 934; x_wconf 76' lang='lat' dir='ltr'>Carthaginem</span> <span class='ocrx_word' id='word_1_100' title='bbox 876 898 1102 936; x_wconf 84' lang='lat' dir='ltr'>occuparunt.</span> 
     </span>
     <span class='ocr_line' id='line_1_17' title="bbox 124 939 1101 986; baseline -0.001 -12"><span class='ocrx_word' id='word_1_101' title='bbox 124 942 229 974; x_wconf 76' lang='lat' dir='ltr'>Anno</span> <span class='ocrx_word' id='word_1_102' title='bbox 246 939 440 975; x_wconf 86' lang='lat' dir='ltr'>Theodosii</span> <span class='ocrx_word' id='word_1_103' title='bbox 463 943 606 975; x_wconf 85' lang='lat' dir='ltr'>secundi</span> <span class='ocrx_word' id='word_1_104' title='bbox 631 941 806 974; x_wconf 89' lang='lat' dir='ltr'>tricesimo</span> <span class='ocrx_word' id='word_1_105' title='bbox 833 949 978 986; x_wconf 87' lang='lat' dir='ltr'>quarto,</span> <span class='ocrx_word' id='word_1_106' title='bbox 1007 953 1101 975; x_wconf 88' lang='lat' dir='ltr'>anno</span> 
     </span>
     <span class='ocr_line' id='line_1_18' title="bbox 123 989 1101 1034; baseline -0.001 -10"><span class='ocrx_word' id='word_1_107' title='bbox 123 991 366 1025; x_wconf 77' lang='lat' dir='ltr'>Valentiniani</span> <span class='ocrx_word' id='word_1_108' title='bbox 398 992 492 1026; x_wconf 89' lang='lat' dir='ltr'>tertii</span> <span class='ocrx_word' id='word_1_109' title='bbox 518 992 654 1024; x_wconf 89' lang='lat' dir='ltr'>decimo</span> <span class='ocrx_word' id='word_1_110' title='bbox 681 991 848 1034; x_wconf 87' lang='lat' dir='ltr'>septimo,</span> <span class='ocrx_word' id='word_1_111' title='bbox 879 1002 974 1024; x_wconf 89' lang='lat' dir='ltr'>anno</span> <span class='ocrx_word' id='word_1_112' title='bbox 998 989 1101 1025; x_wconf 87' lang='lat' dir='ltr'>Chri-</span> 
     </span>
     <span class='ocr_line' id='line_1_19' title="bbox 121 1041 963 1086; baseline -0.001 -12"><span class='ocrx_word' id='word_1_113' title='bbox 121 1041 164 1076; x_wconf 89' lang='lat' dir='ltr'>sti</span> <span class='ocrx_word' id='word_1_114' title='bbox 180 1042 524 1086; x_wconf 86' lang='lat' dir='ltr'>quadringentesimo</span> <span class='ocrx_word' id='word_1_115' title='bbox 545 1041 809 1085; x_wconf 85' lang='lat' dir='ltr'>quadragesimo</span> <span class='ocrx_word' id='word_1_116' title='bbox 827 1041 963 1085; x_wconf 89' lang='lat' dir='ltr'>quinto.</span> 
     </span>
    </p>

    <p class='ocr_par' dir='ltr' id='par_1_4' title="bbox 102 1090 1099 2688">
     <span class='ocr_line' id='line_1_20' title="bbox 221 1090 1099 1125; baseline -0.001 -1"><span class='ocrx_word' id='word_1_117' title='bbox 221 1090 311 1124; x_wconf 92' lang='lat' dir='ltr'>Cum</span> <span class='ocrx_word' id='word_1_118' title='bbox 335 1099 449 1125; x_wconf 90' lang='lat' dir='ltr'>autem</span> <span class='ocrx_word' id='word_1_119' title='bbox 468 1090 680 1124; x_wconf 84' lang='lat' dir='ltr'>Gensericus</span> <span class='ocrx_word' id='word_1_120' title='bbox 705 1091 866 1123; x_wconf 87' lang='lat' dir='ltr'>defensor</span> <span class='ocrx_word' id='word_1_121' title='bbox 892 1097 977 1123; x_wconf 85' lang='lat' dir='ltr'>esset</span> <span class='ocrx_word' id='word_1_122' title='bbox 996 1090 1099 1123; x_wconf 86' lang='lat' dir='ltr'>Aria-</span> 
     </span>
     <span class='ocr_line' id='line_1_21' title="bbox 120 1140 1099 1184; baseline -0.002 -10"><span class='ocrx_word' id='word_1_123' title='bbox 120 1152 184 1174; x_wconf 86' lang='lat' dir='ltr'>nae</span> <span class='ocrx_word' id='word_1_124' title='bbox 202 1141 402 1184; x_wconf 87' lang='lat' dir='ltr'>impietatis,</span> <span class='ocrx_word' id='word_1_125' title='bbox 424 1152 584 1183; x_wconf 83' lang='lat' dir='ltr'>magnam</span> <span class='ocrx_word' id='word_1_126' title='bbox 602 1140 840 1173; x_wconf 82' lang='lat' dir='ltr'>crudelitatem</span> <span class='ocrx_word' id='word_1_127' title='bbox 858 1140 894 1173; x_wconf 91' lang='lat' dir='ltr'>in</span> <span class='ocrx_word' id='word_1_128' title='bbox 912 1141 988 1184; x_wconf 91' lang='lat' dir='ltr'>pios</span> <span class='ocrx_word' id='word_1_129' title='bbox 1002 1152 1099 1173; x_wconf 87' lang='lat' dir='ltr'>exer-</span> 
     </span>
     <span class='ocr_line' id='line_1_22' title="bbox 120 1190 1097 1233; baseline -0.002 -9"><span class='ocrx_word' id='word_1_130' title='bbox 120 1191 200 1224; x_wconf 90' lang='lat' dir='ltr'>cuit.</span> <span class='ocrx_word' id='word_1_131' title='bbox 256 1190 420 1225; x_wconf 89' lang='lat' dir='ltr'>Metuens</span> <span class='ocrx_word' id='word_1_132' title='bbox 443 1191 549 1233; x_wconf 80' lang='lat' dir='ltr'>igitur</span> <span class='ocrx_word' id='word_1_133' title='bbox 572 1190 652 1223; x_wconf 88' lang='lat' dir='ltr'>odia</span> <span class='ocrx_word' id='word_1_134' title='bbox 677 1201 818 1222; x_wconf 90' lang='lat' dir='ltr'>suorum</span> <span class='ocrx_word' id='word_1_135' title='bbox 837 1203 914 1223; x_wconf 91' lang='lat' dir='ltr'>cum</span> <span class='ocrx_word' id='word_1_136' title='bbox 938 1190 1097 1223; x_wconf 83' lang='lat' dir='ltr'>Valenti-</span> 
     </span>
     <span class='ocr_line' id='line_1_23' title="bbox 118 1240 1098 1286; baseline -0.002 -12"><span class='ocrx_word' id='word_1_137' title='bbox 118 1242 226 1274; x_wconf 88' lang='lat' dir='ltr'>niano</span> <span class='ocrx_word' id='word_1_138' title='bbox 249 1253 366 1286; x_wconf 81' lang='lat' dir='ltr'>pacem</span> <span class='ocrx_word' id='word_1_139' title='bbox 393 1241 487 1281; x_wconf 86' lang='lat' dir='ltr'>fecit,</span> <span class='ocrx_word' id='word_1_140' title='bbox 515 1241 575 1283; x_wconf 88' lang='lat' dir='ltr'>qui</span> <span class='ocrx_word' id='word_1_141' title='bbox 600 1240 768 1274; x_wconf 83' lang='lat' dir='ltr'>concessit</span> <span class='ocrx_word' id='word_1_142' title='bbox 789 1240 818 1272; x_wconf 90' lang='lat' dir='ltr'>ei</span> <span class='ocrx_word' id='word_1_143' title='bbox 844 1248 976 1285; x_wconf 89' lang='lat' dir='ltr'>partem</span> <span class='ocrx_word' id='word_1_144' title='bbox 1001 1241 1098 1273; x_wconf 86' lang='lat' dir='ltr'>Afri-</span> 
     </span>
     <span class='ocr_line' id='line_1_24' title="bbox 119 1289 1098 1336; baseline 0.001 -12"><span class='ocrx_word' id='word_1_145' title='bbox 119 1303 195 1330; x_wconf 88' lang='lat' dir='ltr'>cae,</span> <span class='ocrx_word' id='word_1_146' title='bbox 223 1302 328 1336; x_wconf 88' lang='lat' dir='ltr'>quam</span> <span class='ocrx_word' id='word_1_147' title='bbox 343 1303 454 1336; x_wconf 88' lang='lat' dir='ltr'>usque</span> <span class='ocrx_word' id='word_1_148' title='bbox 470 1292 512 1324; x_wconf 87' lang='lat' dir='ltr'>ad</span> <span class='ocrx_word' id='word_1_149' title='bbox 530 1289 692 1324; x_wconf 86' lang='lat' dir='ltr'>Belisarii</span> <span class='ocrx_word' id='word_1_150' title='bbox 715 1297 852 1334; x_wconf 88' lang='lat' dir='ltr'>tempus</span> <span class='ocrx_word' id='word_1_151' title='bbox 875 1291 1098 1325; x_wconf 85' lang='lat' dir='ltr'>retinuerunt</span> 
     </span>
     <span class='ocr_line' id='line_1_25' title="bbox 117 1339 1097 1383; baseline 0 -9"><span class='ocrx_word' id='word_1_152' title='bbox 117 1353 231 1375; x_wconf 89' lang='lat' dir='ltr'>annos</span> <span class='ocrx_word' id='word_1_153' title='bbox 248 1342 440 1383; x_wconf 81' lang='lat' dir='ltr'>nonaginta</span> <span class='ocrx_word' id='word_1_154' title='bbox 457 1353 524 1374; x_wconf 90' lang='lat' dir='ltr'>sex.</span> <span class='ocrx_word' id='word_1_155' title='bbox 580 1339 732 1374; x_wconf 85' lang='lat' dir='ltr'>Attraxit</span> <span class='ocrx_word' id='word_1_156' title='bbox 751 1348 865 1374; x_wconf 88' lang='lat' dir='ltr'>antem</span> <span class='ocrx_word' id='word_1_157' title='bbox 885 1341 1097 1375; x_wconf 89' lang='lat' dir='ltr'>Gensericus</span> 
     </span>
     <span class='ocr_line' id='line_1_26' title="bbox 117 1390 1095 1435; baseline 0 -10"><span class='ocrx_word' id='word_1_158' title='bbox 117 1390 265 1425; x_wconf 80' lang='lat' dir='ltr'>Attilam</span> <span class='ocrx_word' id='word_1_159' title='bbox 291 1398 324 1426; x_wconf 85' lang='lat' dir='ltr'>et</span> <span class='ocrx_word' id='word_1_160' title='bbox 347 1391 498 1425; x_wconf 90' lang='lat' dir='ltr'>Hunuos</span> <span class='ocrx_word' id='word_1_161' title='bbox 523 1398 642 1424; x_wconf 87' lang='lat' dir='ltr'>contra</span> <span class='ocrx_word' id='word_1_162' title='bbox 664 1391 790 1424; x_wconf 85' lang='lat' dir='ltr'>Gottos</span> <span class='ocrx_word' id='word_1_163' title='bbox 815 1391 850 1424; x_wconf 92' lang='lat' dir='ltr'>iu</span> <span class='ocrx_word' id='word_1_164' title='bbox 875 1391 1095 1435; x_wconf 83' lang='lat' dir='ltr'>Hispaniam.</span> 
     </span>
     <span class='ocr_line' id='line_1_27' title="bbox 115 1440 1095 1487; baseline -0.001 -12"><span class='ocrx_word' id='word_1_165' title='bbox 115 1441 322 1484; x_wconf 80' lang='lat' dir='ltr'>Progressus</span> <span class='ocrx_word' id='word_1_166' title='bbox 346 1442 453 1485; x_wconf 84' lang='lat' dir='ltr'>igitur</span> <span class='ocrx_word' id='word_1_167' title='bbox 476 1440 585 1475; x_wconf 82' lang='lat' dir='ltr'>Attila</span> <span class='ocrx_word' id='word_1_168' title='bbox 615 1454 653 1474; x_wconf 86' lang='lat' dir='ltr'>ex</span> <span class='ocrx_word' id='word_1_169' title='bbox 678 1441 860 1474; x_wconf 83' lang='lat' dir='ltr'>Pannonia</span> <span class='ocrx_word' id='word_1_170' title='bbox 884 1454 962 1475; x_wconf 92' lang='lat' dir='ltr'>cum</span> <span class='ocrx_word' id='word_1_171' title='bbox 989 1442 1095 1487; x_wconf 87' lang='lat' dir='ltr'>quin-</span> 
     </span>
     <span class='ocr_line' id='line_1_28' title="bbox 114 1490 1095 1536; baseline 0 -12"><span class='ocrx_word' id='word_1_172' title='bbox 114 1492 226 1536; x_wconf 86' lang='lat' dir='ltr'>gentis</span> <span class='ocrx_word' id='word_1_173' title='bbox 244 1492 402 1525; x_wconf 90' lang='lat' dir='ltr'>millibus</span> <span class='ocrx_word' id='word_1_174' title='bbox 423 1493 457 1524; x_wconf 94' lang='lat' dir='ltr'>in</span> <span class='ocrx_word' id='word_1_175' title='bbox 479 1490 704 1524; x_wconf 85' lang='lat' dir='ltr'>Germaniam</span> <span class='ocrx_word' id='word_1_176' title='bbox 726 1499 757 1525; x_wconf 89' lang='lat' dir='ltr'>et</span> <span class='ocrx_word' id='word_1_177' title='bbox 780 1491 914 1525; x_wconf 84' lang='lat' dir='ltr'>ltaliam</span> <span class='ocrx_word' id='word_1_178' title='bbox 935 1493 1095 1536; x_wconf 88' lang='lat' dir='ltr'>pervenit</span> 
     </span>
     <span class='ocr_line' id='line_1_29' title="bbox 113 1541 1094 1587; baseline -0.001 -12"><span class='ocrx_word' id='word_1_179' title='bbox 113 1544 156 1575; x_wconf 89' lang='lat' dir='ltr'>ad</span> <span class='ocrx_word' id='word_1_180' title='bbox 175 1541 340 1575; x_wconf 82' lang='lat' dir='ltr'>Tolosam</span> <span class='ocrx_word' id='word_1_181' title='bbox 359 1554 489 1587; x_wconf 85' lang='lat' dir='ltr'>usque,</span> <span class='ocrx_word' id='word_1_182' title='bbox 523 1542 572 1573; x_wconf 83' lang='lat' dir='ltr'>ibi</span> <span class='ocrx_word' id='word_1_183' title='bbox 590 1541 714 1574; x_wconf 71' lang='lat' dir='ltr'>Ae&#39;tius</span> <span class='ocrx_word' id='word_1_184' title='bbox 732 1543 864 1585; x_wconf 87' lang='lat' dir='ltr'>optimo</span> <span class='ocrx_word' id='word_1_185' title='bbox 882 1543 1029 1575; x_wconf 88' lang='lat' dir='ltr'>consilio</span> <span class='ocrx_word' id='word_1_186' title='bbox 1050 1543 1094 1575; x_wconf 87' lang='lat' dir='ltr'>ad</span> 
     </span>
     <span class='ocr_line' id='line_1_30' title="bbox 112 1590 1093 1636; baseline 0 -11"><span class='ocrx_word' id='word_1_187' title='bbox 112 1592 309 1626; x_wconf 74' lang='lat' dir='ltr'>societatem</span> <span class='ocrx_word' id='word_1_188' title='bbox 343 1593 423 1624; x_wconf 88' lang='lat' dir='ltr'>belli</span> <span class='ocrx_word' id='word_1_189' title='bbox 456 1591 614 1623; x_wconf 84' lang='lat' dir='ltr'>adiunxit</span> <span class='ocrx_word' id='word_1_190' title='bbox 647 1590 818 1631; x_wconf 84' lang='lat' dir='ltr'>Francos,</span> <span class='ocrx_word' id='word_1_191' title='bbox 853 1604 1001 1636; x_wconf 89' lang='lat' dir='ltr'>quorum</span> <span class='ocrx_word' id='word_1_192' title='bbox 1034 1604 1093 1625; x_wconf 84' lang='lat' dir='ltr'>rex</span> 
     </span>
     <span class='ocr_line' id='line_1_31' title="bbox 111 1640 1094 1683; baseline 0 -8"><span class='ocrx_word' id='word_1_193' title='bbox 111 1650 196 1676; x_wconf 88' lang='lat' dir='ltr'>tunc</span> <span class='ocrx_word' id='word_1_194' title='bbox 219 1642 284 1674; x_wconf 85' lang='lat' dir='ltr'>suit</span> <span class='ocrx_word' id='word_1_195' title='bbox 309 1641 494 1674; x_wconf 66' lang='lat' dir='ltr'>lWeroveus</span> <span class='ocrx_word' id='word_1_196' title='bbox 521 1652 628 1683; x_wconf 85' lang='lat' dir='ltr'>nepos</span> <span class='ocrx_word' id='word_1_197' title='bbox 653 1640 920 1679; x_wconf 63' lang='lat' dir='ltr'>VVararnundi,</span> <span class='ocrx_word' id='word_1_198' title='bbox 947 1649 980 1674; x_wconf 87' lang='lat' dir='ltr'>et</span> <span class='ocrx_word' id='word_1_199' title='bbox 1003 1641 1094 1675; x_wconf 81' lang='lat' dir='ltr'>Got-</span> 
     </span>
     <span class='ocr_line' id='line_1_32' title="bbox 111 1688 1092 1735; baseline -0.003 -11"><span class='ocrx_word' id='word_1_200' title='bbox 111 1699 185 1732; x_wconf 86' lang='lat' dir='ltr'>tos‚</span> <span class='ocrx_word' id='word_1_201' title='bbox 211 1703 361 1735; x_wconf 87' lang='lat' dir='ltr'>quorum</span> <span class='ocrx_word' id='word_1_202' title='bbox 387 1703 443 1723; x_wconf 86' lang='lat' dir='ltr'>rex</span> <span class='ocrx_word' id='word_1_203' title='bbox 469 1691 534 1723; x_wconf 89' lang='lat' dir='ltr'>fuit</span> <span class='ocrx_word' id='word_1_204' title='bbox 559 1688 817 1730; x_wconf 80' lang='lat' dir='ltr'>Theodericus,</span> <span class='ocrx_word' id='word_1_205' title='bbox 845 1691 905 1734; x_wconf 88' lang='lat' dir='ltr'>qui</span> <span class='ocrx_word' id='word_1_206' title='bbox 931 1691 1092 1722; x_wconf 82' lang='lat' dir='ltr'>VValliae</span> 
     </span>
     <span class='ocr_line' id='line_1_33' title="bbox 112 1739 1092 1784; baseline -0.004 -9"><span class='ocrx_word' id='word_1_207' title='bbox 112 1747 333 1775; x_wconf 76' lang='lat' dir='ltr'>successerat.</span> <span class='ocrx_word' id='word_1_208' title='bbox 369 1740 557 1784; x_wconf 85' lang='lat' dir='ltr'>Nunquam</span> <span class='ocrx_word' id='word_1_209' title='bbox 576 1741 663 1772; x_wconf 88' lang='lat' dir='ltr'>duos</span> <span class='ocrx_word' id='word_1_210' title='bbox 681 1740 830 1772; x_wconf 81' lang='lat' dir='ltr'>maiores</span> <span class='ocrx_word' id='word_1_211' title='bbox 848 1739 1018 1772; x_wconf 86' lang='lat' dir='ltr'>exercitus</span> <span class='ocrx_word' id='word_1_212' title='bbox 1036 1740 1092 1771; x_wconf 90' lang='lat' dir='ltr'>in-</span> 
     </span>
     <span class='ocr_line' id='line_1_34' title="bbox 111 1788 1091 1834; baseline -0.005 -8"><span class='ocrx_word' id='word_1_213' title='bbox 111 1799 163 1826; x_wconf 89' lang='lat' dir='ltr'>ter</span> <span class='ocrx_word' id='word_1_214' title='bbox 184 1802 257 1824; x_wconf 88' lang='lat' dir='ltr'>sese</span> <span class='ocrx_word' id='word_1_215' title='bbox 280 1790 460 1834; x_wconf 80' lang='lat' dir='ltr'>oppositos</span> <span class='ocrx_word' id='word_1_216' title='bbox 493 1789 598 1821; x_wconf 86' lang='lat' dir='ltr'>fuisse</span> <span class='ocrx_word' id='word_1_217' title='bbox 627 1789 801 1821; x_wconf 86' lang='lat' dir='ltr'>scribitur.</span> <span class='ocrx_word' id='word_1_218' title='bbox 855 1788 974 1831; x_wconf 85' lang='lat' dir='ltr'>Pugna</span> <span class='ocrx_word' id='word_1_219' title='bbox 1002 1789 1091 1821; x_wconf 87' lang='lat' dir='ltr'>facta</span> 
     </span>
     <span class='ocr_line' id='line_1_35' title="bbox 109 1837 1091 1878; baseline -0.004 -3"><span class='ocrx_word' id='word_1_220' title='bbox 109 1854 204 1876; x_wconf 86' lang='lat' dir='ltr'>anuo</span> <span class='ocrx_word' id='word_1_221' title='bbox 227 1841 380 1874; x_wconf 87' lang='lat' dir='ltr'>secundo</span> <span class='ocrx_word' id='word_1_222' title='bbox 397 1839 586 1878; x_wconf 82' lang='lat' dir='ltr'>Martiani,</span> <span class='ocrx_word' id='word_1_223' title='bbox 621 1850 715 1870; x_wconf 85' lang='lat' dir='ltr'>anno</span> <span class='ocrx_word' id='word_1_224' title='bbox 735 1837 973 1871; x_wconf 87' lang='lat' dir='ltr'>Valentiniani</span> <span class='ocrx_word' id='word_1_225' title='bbox 997 1839 1091 1871; x_wconf 84' lang='lat' dir='ltr'>tertii</span> 
     </span>
     <span class='ocr_line' id='line_1_36' title="bbox 113 1886 1090 1934; baseline -0.002 -10"><span class='ocrx_word' id='word_1_226' title='bbox 113 1892 279 1927; x_wconf 91' lang='lat' dir='ltr'>vicesimo</span> <span class='ocrx_word' id='word_1_227' title='bbox 311 1890 458 1934; x_wconf 87' lang='lat' dir='ltr'>septimo</span> <span class='ocrx_word' id='word_1_228' title='bbox 487 1901 594 1932; x_wconf 85' lang='lat' dir='ltr'>prope</span> <span class='ocrx_word' id='word_1_229' title='bbox 617 1887 783 1920; x_wconf 85' lang='lat' dir='ltr'>Tolosam</span> <span class='ocrx_word' id='word_1_230' title='bbox 805 1888 850 1921; x_wconf 88' lang='lat' dir='ltr'>ab</span> <span class='ocrx_word' id='word_1_231' title='bbox 882 1886 970 1922; x_wconf 84' lang='lat' dir='ltr'>hora</span> <span class='ocrx_word' id='word_1_232' title='bbox 998 1900 1090 1922; x_wconf 87' lang='lat' dir='ltr'>nona</span> 
     </span>
     <span class='ocr_line' id='line_1_37' title="bbox 110 1937 1087 1985; baseline -0.005 -10"><span class='ocrx_word' id='word_1_233' title='bbox 110 1942 180 1977; x_wconf 88' lang='lat' dir='ltr'>diei</span> <span class='ocrx_word' id='word_1_234' title='bbox 198 1948 266 1975; x_wconf 90' lang='lat' dir='ltr'>tota</span> <span class='ocrx_word' id='word_1_235' title='bbox 292 1948 394 1974; x_wconf 90' lang='lat' dir='ltr'>nocte</span> <span class='ocrx_word' id='word_1_236' title='bbox 409 1952 519 1985; x_wconf 87' lang='lat' dir='ltr'>usque</span> <span class='ocrx_word' id='word_1_237' title='bbox 544 1940 586 1971; x_wconf 86' lang='lat' dir='ltr'>ad</span> <span class='ocrx_word' id='word_1_238' title='bbox 605 1944 805 1982; x_wconf 83' lang='lat' dir='ltr'>sequentem</span> <span class='ocrx_word' id='word_1_239' title='bbox 824 1937 937 1977; x_wconf 88' lang='lat' dir='ltr'>diem,</span> <span class='ocrx_word' id='word_1_240' title='bbox 962 1945 995 1971; x_wconf 87' lang='lat' dir='ltr'>et</span> <span class='ocrx_word' id='word_1_241' title='bbox 1016 1945 1087 1973; x_wconf 81' lang='lat' dir='ltr'>tru-</span> 
     </span>
     <span class='ocr_line' id='line_1_38' title="bbox 110 1985 1088 2031; baseline -0.005 -4"><span class='ocrx_word' id='word_1_242' title='bbox 110 1994 221 2027; x_wconf 82' lang='lat' dir='ltr'>cidata</span> <span class='ocrx_word' id='word_1_243' title='bbox 241 1998 323 2025; x_wconf 91' lang='lat' dir='ltr'>sunt</span> <span class='ocrx_word' id='word_1_244' title='bbox 340 1997 478 2024; x_wconf 88' lang='lat' dir='ltr'>centum</span> <span class='ocrx_word' id='word_1_245' title='bbox 503 1996 535 2022; x_wconf 86' lang='lat' dir='ltr'>et</span> <span class='ocrx_word' id='word_1_246' title='bbox 555 1989 729 2031; x_wconf 84' lang='lat' dir='ltr'>octoginta</span> <span class='ocrx_word' id='word_1_247' title='bbox 756 1988 865 2020; x_wconf 89' lang='lat' dir='ltr'>millia</span> <span class='ocrx_word' id='word_1_248' title='bbox 892 1985 1088 2022; x_wconf 86' lang='lat' dir='ltr'>hominurn.</span> 
     </span>
     <span class='ocr_line' id='line_1_39' title="bbox 107 2036 1087 2078; baseline -0.006 0"><span class='ocrx_word' id='word_1_249' title='bbox 107 2042 218 2078; x_wconf 83' lang='lat' dir='ltr'>Attila</span> <span class='ocrx_word' id='word_1_250' title='bbox 242 2043 370 2076; x_wconf 88' lang='lat' dir='ltr'>fractus</span> <span class='ocrx_word' id='word_1_251' title='bbox 396 2038 459 2073; x_wconf 76' lang='lat' dir='ltr'>liae</span> <span class='ocrx_word' id='word_1_252' title='bbox 488 2040 584 2072; x_wconf 83' lang='lat' dir='ltr'>clade</span> <span class='ocrx_word' id='word_1_253' title='bbox 607 2046 640 2071; x_wconf 86' lang='lat' dir='ltr'>et</span> <span class='ocrx_word' id='word_1_254' title='bbox 666 2044 822 2071; x_wconf 82' lang='lat' dir='ltr'>metuens</span> <span class='ocrx_word' id='word_1_255' title='bbox 842 2038 951 2071; x_wconf 79' lang='lat' dir='ltr'>filium</span> <span class='ocrx_word' id='word_1_256' title='bbox 970 2036 1087 2072; x_wconf 71' lang='lat' dir='ltr'>&#39;l&#39;lieo-</span> 
     </span>
     <span class='ocr_line' id='line_1_40' title="bbox 107 2089 1089 2135; baseline -0.006 -9"><span class='ocrx_word' id='word_1_257' title='bbox 107 2092 218 2127; x_wconf 87' lang='lat' dir='ltr'>dorici</span> <span class='ocrx_word' id='word_1_258' title='bbox 237 2092 325 2135; x_wconf 87' lang='lat' dir='ltr'>regis</span> <span class='ocrx_word' id='word_1_259' title='bbox 344 2090 494 2131; x_wconf 85' lang='lat' dir='ltr'>Gottici,</span> <span class='ocrx_word' id='word_1_260' title='bbox 522 2089 686 2134; x_wconf 72' lang='lat' dir='ltr'>reliquias</span> <span class='ocrx_word' id='word_1_261' title='bbox 713 2089 882 2121; x_wconf 80' lang='lat' dir='ltr'>exercitus</span> <span class='ocrx_word' id='word_1_262' title='bbox 907 2089 958 2121; x_wconf 91' lang='lat' dir='ltr'>sui</span> <span class='ocrx_word' id='word_1_263' title='bbox 976 2090 1089 2121; x_wconf 86' lang='lat' dir='ltr'>abdu-</span> 
     </span>
     <span class='ocr_line' id='line_1_41' title="bbox 106 2138 1087 2184; baseline -0.007 -7"><span class='ocrx_word' id='word_1_264' title='bbox 106 2144 174 2184; x_wconf 86' lang='lat' dir='ltr'>xit,</span> <span class='ocrx_word' id='word_1_265' title='bbox 202 2143 252 2176; x_wconf 87' lang='lat' dir='ltr'>Ita</span> <span class='ocrx_word' id='word_1_266' title='bbox 270 2143 418 2175; x_wconf 88' lang='lat' dir='ltr'>victores</span> <span class='ocrx_word' id='word_1_267' title='bbox 437 2139 622 2174; x_wconf 84' lang='lat' dir='ltr'>existimati</span> <span class='ocrx_word' id='word_1_268' title='bbox 645 2146 724 2172; x_wconf 88' lang='lat' dir='ltr'>sunt</span> <span class='ocrx_word' id='word_1_269' title='bbox 741 2139 883 2178; x_wconf 59' lang='lat' dir='ltr'>Aetius,</span> <span class='ocrx_word' id='word_1_270' title='bbox 912 2138 1036 2171; x_wconf 81' lang='lat' dir='ltr'>Franci</span> <span class='ocrx_word' id='word_1_271' title='bbox 1055 2146 1087 2173; x_wconf 84' lang='lat' dir='ltr'>et</span> 
     </span>
     <span class='ocr_line' id='line_1_42' title="bbox 107 2187 1086 2235; baseline -0.004 -8"><span class='ocrx_word' id='word_1_272' title='bbox 107 2189 222 2227; x_wconf 82' lang='lat' dir='ltr'>Gotti.</span> <span class='ocrx_word' id='word_1_273' title='bbox 256 2190 302 2227; x_wconf 82' lang='lat' dir='ltr'>Et</span> <span class='ocrx_word' id='word_1_274' title='bbox 318 2193 407 2235; x_wconf 83' lang='lat' dir='ltr'>regis</span> <span class='ocrx_word' id='word_1_275' title='bbox 424 2190 555 2225; x_wconf 84' lang='lat' dir='ltr'>Gottici</span> <span class='ocrx_word' id='word_1_276' title='bbox 575 2187 786 2223; x_wconf 83' lang='lat' dir='ltr'>Theoderici</span> <span class='ocrx_word' id='word_1_277' title='bbox 808 2189 976 2222; x_wconf 82' lang='lat' dir='ltr'>interfecti</span> <span class='ocrx_word' id='word_1_278' title='bbox 996 2189 1086 2223; x_wconf 86' lang='lat' dir='ltr'>lilius</span> 
     </span>
     <span class='ocr_line' id='line_1_43' title="bbox 105 2237 1085 2282; baseline -0.006 -5"><span class='ocrx_word' id='word_1_279' title='bbox 105 2243 369 2278; x_wconf 83' lang='lat' dir='ltr'>Dorismundus</span> <span class='ocrx_word' id='word_1_280' title='bbox 389 2243 515 2274; x_wconf 88' lang='lat' dir='ltr'>ardens</span> <span class='ocrx_word' id='word_1_281' title='bbox 540 2241 626 2273; x_wconf 86' lang='lat' dir='ltr'>iusta</span> <span class='ocrx_word' id='word_1_282' title='bbox 654 2240 702 2272; x_wconf 91' lang='lat' dir='ltr'>ira</span> <span class='ocrx_word' id='word_1_283' title='bbox 730 2240 918 2282; x_wconf 78' lang='lat' dir='ltr'>fugientem</span> <span class='ocrx_word' id='word_1_284' title='bbox 938 2237 1085 2272; x_wconf 82' lang='lat' dir='ltr'>Attilam</span> 
     </span>
     <span class='ocr_line' id='line_1_44' title="bbox 106 2287 1085 2338; baseline -0.004 -11"><span class='ocrx_word' id='word_1_285' title='bbox 106 2295 322 2338; x_wconf 84' lang='lat' dir='ltr'>sequendum</span> <span class='ocrx_word' id='word_1_286' title='bbox 345 2304 416 2326; x_wconf 90' lang='lat' dir='ltr'>esse</span> <span class='ocrx_word' id='word_1_287' title='bbox 434 2290 579 2325; x_wconf 79' lang='lat' dir='ltr'>censuit.</span> <span class='ocrx_word' id='word_1_288' title='bbox 631 2289 707 2323; x_wconf 76' lang='lat' dir='ltr'>Etsi</span> <span class='ocrx_word' id='word_1_289' title='bbox 723 2296 836 2322; x_wconf 87' lang='lat' dir='ltr'>autem</span> <span class='ocrx_word' id='word_1_290' title='bbox 855 2287 978 2322; x_wconf 69' lang='lat' dir='ltr'>Aetius</span> <span class='ocrx_word' id='word_1_291' title='bbox 996 2290 1085 2323; x_wconf 81' lang='lat' dir='ltr'>vidit</span> 
     </span>
     <span class='ocr_line' id='line_1_45' title="bbox 105 2336 1085 2388; baseline -0.006 -11"><span class='ocrx_word' id='word_1_292' title='bbox 105 2344 192 2378; x_wconf 86' lang='lat' dir='ltr'>utile</span> <span class='ocrx_word' id='word_1_293' title='bbox 208 2355 280 2376; x_wconf 88' lang='lat' dir='ltr'>esse</span> <span class='ocrx_word' id='word_1_294' title='bbox 297 2343 462 2388; x_wconf 88' lang='lat' dir='ltr'>reliquias</span> <span class='ocrx_word' id='word_1_295' title='bbox 480 2341 648 2375; x_wconf 85' lang='lat' dir='ltr'>exercitus</span> <span class='ocrx_word' id='word_1_296' title='bbox 667 2340 793 2380; x_wconf 87' lang='lat' dir='ltr'>deleri,</span> <span class='ocrx_word' id='word_1_297' title='bbox 820 2352 862 2372; x_wconf 89' lang='lat' dir='ltr'>ne</span> <span class='ocrx_word' id='word_1_298' title='bbox 879 2340 988 2372; x_wconf 71' lang='lat' dir='ltr'>Attila</span> <span class='ocrx_word' id='word_1_299' title='bbox 1015 2336 1085 2372; x_wconf 85' lang='lat' dir='ltr'>Ita-</span> 
     </span>
     <span class='ocr_line' id='line_1_46' title="bbox 105 2389 1083 2435; baseline -0.007 -7"><span class='ocrx_word' id='word_1_300' title='bbox 105 2396 186 2429; x_wconf 87' lang='lat' dir='ltr'>liam</span> <span class='ocrx_word' id='word_1_301' title='bbox 219 2394 414 2426; x_wconf 87' lang='lat' dir='ltr'>invaderet:</span> <span class='ocrx_word' id='word_1_302' title='bbox 450 2399 565 2426; x_wconf 89' lang='lat' dir='ltr'>tamen</span> <span class='ocrx_word' id='word_1_303' title='bbox 588 2391 685 2435; x_wconf 87' lang='lat' dir='ltr'>sequi</span> <span class='ocrx_word' id='word_1_304' title='bbox 711 2402 788 2423; x_wconf 90' lang='lat' dir='ltr'>eum</span> <span class='ocrx_word' id='word_1_305' title='bbox 818 2389 950 2430; x_wconf 84' lang='lat' dir='ltr'>noluit,</span> <span class='ocrx_word' id='word_1_306' title='bbox 984 2390 1083 2422; x_wconf 89' lang='lat' dir='ltr'>cuius</span> 
     </span>
     <span class='ocr_line' id='line_1_47' title="bbox 103 2438 1084 2488; baseline -0.011 -9"><span class='ocrx_word' id='word_1_307' title='bbox 103 2444 240 2480; x_wconf 91' lang='lat' dir='ltr'>consilii</span> <span class='ocrx_word' id='word_1_308' title='bbox 261 2455 365 2488; x_wconf 84' lang='lat' dir='ltr'>quam</span> <span class='ocrx_word' id='word_1_309' title='bbox 384 2441 543 2477; x_wconf 84' lang='lat' dir='ltr'>habuerit</span> <span class='ocrx_word' id='word_1_310' title='bbox 563 2453 698 2474; x_wconf 82' lang='lat' dir='ltr'>causam</span> <span class='ocrx_word' id='word_1_311' title='bbox 716 2452 786 2472; x_wconf 89' lang='lat' dir='ltr'>non</span> <span class='ocrx_word' id='word_1_312' title='bbox 805 2441 957 2483; x_wconf 84' lang='lat' dir='ltr'>‹lisput0.</span> <span class='ocrx_word' id='word_1_313' title='bbox 995 2438 1084 2473; x_wconf 84' lang='lat' dir='ltr'>For..</span> 
     </span>
     <span class='ocr_line' id='line_1_48' title="bbox 103 2490 1082 2537; baseline -0.008 -7"><span class='ocrx_word' id='word_1_314' title='bbox 103 2496 203 2531; x_wconf 87' lang='lat' dir='ltr'>tassis</span> <span class='ocrx_word' id='word_1_315' title='bbox 222 2501 261 2527; x_wconf 88' lang='lat' dir='ltr'>ut</span> <span class='ocrx_word' id='word_1_316' title='bbox 285 2494 456 2537; x_wconf 85' lang='lat' dir='ltr'>sapientes</span> <span class='ocrx_word' id='word_1_317' title='bbox 479 2494 612 2527; x_wconf 89' lang='lat' dir='ltr'>dicunt.</span> <span class='ocrx_word' id='word_1_318' title='bbox 663 2490 764 2523; x_wconf 90' lang='lat' dir='ltr'>llosti</span> <span class='ocrx_word' id='word_1_319' title='bbox 788 2490 933 2533; x_wconf 81' lang='lat' dir='ltr'>fugienti</span> <span class='ocrx_word' id='word_1_320' title='bbox 959 2502 1082 2531; x_wconf 73' lang='lat' dir='ltr'>argen-</span> 
     </span>
     <span class='ocr_line' id='line_1_49' title="bbox 103 2540 1082 2588; baseline -0.008 -8"><span class='ocrx_word' id='word_1_321' title='bbox 103 2554 196 2580; x_wconf 81' lang='lat' dir='ltr'>teum</span> <span class='ocrx_word' id='word_1_322' title='bbox 222 2550 363 2588; x_wconf 77' lang='lat' dir='ltr'>pontem</span> <span class='ocrx_word' id='word_1_323' title='bbox 392 2544 588 2576; x_wconf 80' lang='lat' dir='ltr'>faciendum</span> <span class='ocrx_word' id='word_1_324' title='bbox 613 2553 703 2581; x_wconf 88' lang='lat' dir='ltr'>esse,</span> <span class='ocrx_word' id='word_1_325' title='bbox 731 2541 893 2581; x_wconf 71' lang='lat' dir='ltr'>cogitavit</span> <span class='ocrx_word' id='word_1_326' title='bbox 917 2552 988 2572; x_wconf 84' lang='lat' dir='ltr'>non</span> <span class='ocrx_word' id='word_1_327' title='bbox 1007 2540 1082 2573; x_wconf 85' lang='lat' dir='ltr'>sine</span> 
     </span>
     <span class='ocr_line' id='line_1_50' title="bbox 102 2593 1079 2638; baseline -0.006 -9"><span class='ocrx_word' id='word_1_328' title='bbox 102 2596 233 2629; x_wconf 85' lang='lat' dir='ltr'>maiore</span> <span class='ocrx_word' id='word_1_329' title='bbox 260 2594 415 2638; x_wconf 85' lang='lat' dir='ltr'>periculo</span> <span class='ocrx_word' id='word_1_330' title='bbox 442 2605 562 2626; x_wconf 88' lang='lat' dir='ltr'>rursus</span> <span class='ocrx_word' id='word_1_331' title='bbox 585 2593 810 2626; x_wconf 88' lang='lat' dir='ltr'>dimicaturos</span> <span class='ocrx_word' id='word_1_332' title='bbox 841 2603 875 2624; x_wconf 90' lang='lat' dir='ltr'>se</span> <span class='ocrx_word' id='word_1_333' title='bbox 902 2602 992 2631; x_wconf 87' lang='lat' dir='ltr'>esse,</span> <span class='ocrx_word' id='word_1_334' title='bbox 1021 2597 1079 2624; x_wconf 89' lang='lat' dir='ltr'>aut</span> 
     </span>
     <span class='ocr_line' id='line_1_51' title="bbox 103 2640 1079 2688; baseline -0.007 -8"><span class='ocrx_word' id='word_1_335' title='bbox 103 2646 391 2681; x_wconf 83' lang='lat' dir='ltr'>Valentinianum</span> <span class='ocrx_word' id='word_1_336' title='bbox 425 2650 567 2688; x_wconf 86' lang='lat' dir='ltr'>propter</span> <span class='ocrx_word' id='word_1_337' title='bbox 596 2644 706 2676; x_wconf 87' lang='lat' dir='ltr'>malos</span> <span class='ocrx_word' id='word_1_338' title='bbox 737 2653 849 2675; x_wconf 88' lang='lat' dir='ltr'>mores</span> <span class='ocrx_word' id='word_1_339' title='bbox 881 2641 965 2676; x_wconf 84' lang='lat' dir='ltr'>odit.</span> <span class='ocrx_word' id='word_1_340' title='bbox 1020 2640 1079 2674; x_wconf 86' lang='lat' dir='ltr'>lu-</span> 
     </span>
    </p>
   </div>
   <div class='ocr_carea' id='block_1_3' title="bbox 773 104 1591 148">
    <p class='ocr_par' dir='ltr' id='par_1_5' title="bbox 773 104 1591 148">
     <span class='ocr_line' id='line_1_52' title="bbox 773 104 1591 148; baseline 0.009 -7"><span class='ocrx_word' id='word_1_341' title='bbox 773 104 1065 143; x_wconf 84' lang='lat' dir='ltr'>CHRONICON</span> <span class='ocrx_word' id='word_1_342' title='bbox 1093 104 1338 142; x_wconf 83' lang='lat' dir='ltr'><strong>CARIONIS.</strong></span> <span class='ocrx_word' id='word_1_343' title='bbox 1391 108 1515 147; x_wconf 77' lang='lat' dir='ltr'>PARS</span> <span class='ocrx_word' id='word_1_344' title='bbox 1545 109 1591 148; x_wconf 89' lang='lat' dir='ltr'>IL</span> 
     </span>
    </p>
   </div>
   <div class='ocr_carea' id='block_1_4' title="bbox 2049 118 2144 152">
    <p class='ocr_par' dir='ltr' id='par_1_6' title="bbox 2049 118 2144 152">
     <span class='ocr_line' id='line_1_53' title="bbox 2049 118 2144 152; baseline 0.011 -1"><span class='ocrx_word' id='word_1_345' title='bbox 2049 118 2144 152; x_wconf 67' lang='lat'>1014</span> 
     </span>
    </p>
   </div>
   <div class='ocr_carea' id='block_1_5' title="bbox 1132 192 2142 2683">
    <p class='ocr_par' dir='ltr' id='par_1_7' title="bbox 1163 192 2142 284">
     <span class='ocr_line' id='line_1_54' title="bbox 1165 192 2142 243; baseline 0.012 -20"><span class='ocrx_word' id='word_1_346' title='bbox 1165 198 1257 225; x_wconf 84' lang='lat' dir='ltr'>terea</span> <span class='ocrx_word' id='word_1_347' title='bbox 1282 192 1375 225; x_wconf 88' lang='lat' dir='ltr'>enim</span> <span class='ocrx_word' id='word_1_348' title='bbox 1402 194 1484 227; x_wconf 87' lang='lat' dir='ltr'>dum</span> <span class='ocrx_word' id='word_1_349' title='bbox 1511 193 1576 230; x_wconf 90' lang='lat' dir='ltr'>hae</span> <span class='ocrx_word' id='word_1_350' title='bbox 1594 207 1649 229; x_wconf 87' lang='lat' dir='ltr'>res</span> <span class='ocrx_word' id='word_1_351' title='bbox 1673 208 1818 240; x_wconf 86' lang='lat' dir='ltr'>magnae</span> <span class='ocrx_word' id='word_1_352' title='bbox 1834 198 1877 231; x_wconf 88' lang='lat' dir='ltr'>ab</span> <span class='ocrx_word' id='word_1_353' title='bbox 1894 198 1997 233; x_wconf 68' lang='lat' dir='ltr'>Aetio</span> <span class='ocrx_word' id='word_1_354' title='bbox 2014 211 2142 243; x_wconf 84' lang='lat' dir='ltr'>gerun-</span> 
     </span>
     <span class='ocr_line' id='line_1_55' title="bbox 1163 240 2038 284; baseline 0.009 -9"><span class='ocrx_word' id='word_1_355' title='bbox 1163 248 1238 284; x_wconf 82' lang='lat' dir='ltr'>tur,</span> <span class='ocrx_word' id='word_1_356' title='bbox 1266 240 1533 278; x_wconf 79' lang='lat' dir='ltr'>Valentinianus</span> <span class='ocrx_word' id='word_1_357' title='bbox 1551 245 1685 280; x_wconf 81' lang='lat' dir='ltr'>Romae</span> <span class='ocrx_word' id='word_1_358' title='bbox 1702 248 1871 282; x_wconf 89' lang='lat' dir='ltr'>adulteria</span> <span class='ocrx_word' id='word_1_359' title='bbox 1894 258 2038 283; x_wconf 85' lang='lat' dir='ltr'>exercet.</span> 
     </span>
    </p>

    <p class='ocr_par' dir='ltr' id='par_1_8' title="bbox 1149 290 2139 1376">
     <span class='ocr_line' id='line_1_56' title="bbox 1264 290 2139 340; baseline 0.013 -16"><span class='ocrx_word' id='word_1_360' title='bbox 1264 290 1346 325; x_wconf 85' lang='lat' dir='ltr'>Fuit</span> <span class='ocrx_word' id='word_1_361' title='bbox 1366 292 1458 326; x_wconf 88' lang='lat' dir='ltr'>inter</span> <span class='ocrx_word' id='word_1_362' title='bbox 1473 296 1677 340; x_wconf 84' lang='lat' dir='ltr'>praecipuos</span> <span class='ocrx_word' id='word_1_363' title='bbox 1693 298 1786 331; x_wconf 77' lang='lat' dir='ltr'>viros</span> <span class='ocrx_word' id='word_1_364' title='bbox 1807 305 1890 332; x_wconf 88' lang='lat' dir='ltr'>tunc</span> <span class='ocrx_word' id='word_1_365' title='bbox 1906 299 2043 334; x_wconf 85' lang='lat' dir='ltr'>Romae</span> <span class='ocrx_word' id='word_1_366' title='bbox 2059 299 2139 337; x_wconf 81' lang='lat' dir='ltr'>Ma.-</span> 
     </span>
     <span class='ocr_line' id='line_1_57' title="bbox 1162 340 2137 393; baseline 0.011 -20"><span class='ocrx_word' id='word_1_367' title='bbox 1162 340 1295 382; x_wconf 82' lang='lat' dir='ltr'>ximus,</span> <span class='ocrx_word' id='word_1_368' title='bbox 1321 354 1360 374; x_wconf 86' lang='lat' dir='ltr'>ex</span> <span class='ocrx_word' id='word_1_369' title='bbox 1386 343 1459 376; x_wconf 87' lang='lat' dir='ltr'>eius</span> <span class='ocrx_word' id='word_1_370' title='bbox 1475 344 1621 378; x_wconf 85' lang='lat' dir='ltr'>Maximi</span> <span class='ocrx_word' id='word_1_371' title='bbox 1643 348 1768 391; x_wconf 86' lang='lat' dir='ltr'>stirpe,</span> <span class='ocrx_word' id='word_1_372' title='bbox 1794 361 1896 393; x_wconf 91' lang='lat' dir='ltr'>quem</span> <span class='ocrx_word' id='word_1_373' title='bbox 1915 347 2137 384; x_wconf 81' lang='lat' dir='ltr'>Theodosius</span> 
     </span>
     <span class='ocr_line' id='line_1_58' title="bbox 1161 394 2136 438; baseline 0.011 -15"><span class='ocrx_word' id='word_1_374' title='bbox 1161 398 1242 425; x_wconf 86' lang='lat' dir='ltr'>ante</span> <span class='ocrx_word' id='word_1_375' title='bbox 1269 403 1380 425; x_wconf 90' lang='lat' dir='ltr'>annos</span> <span class='ocrx_word' id='word_1_376' title='bbox 1414 394 1546 438; x_wconf 87' lang='lat' dir='ltr'>aliquot</span> <span class='ocrx_word' id='word_1_377' title='bbox 1577 397 1669 429; x_wconf 87' lang='lat' dir='ltr'>bello</span> <span class='ocrx_word' id='word_1_378' title='bbox 1707 398 1802 433; x_wconf 73' lang='lat' dir='ltr'>vicit.</span> <span class='ocrx_word' id='word_1_379' title='bbox 1855 398 1947 432; x_wconf 87' lang='lat' dir='ltr'>Huic</span> <span class='ocrx_word' id='word_1_380' title='bbox 1978 400 2136 434; x_wconf 81' lang='lat' dir='ltr'>Maximo</span> 
     </span>
     <span class='ocr_line' id='line_1_59' title="bbox 1161 441 2134 492; baseline 0.011 -19"><span class='ocrx_word' id='word_1_381' title='bbox 1161 453 1238 474; x_wconf 89' lang='lat' dir='ltr'>cum</span> <span class='ocrx_word' id='word_1_382' title='bbox 1266 441 1303 474; x_wconf 90' lang='lat' dir='ltr'>in</span> <span class='ocrx_word' id='word_1_383' title='bbox 1328 442 1411 475; x_wconf 87' lang='lat' dir='ltr'>ludo</span> <span class='ocrx_word' id='word_1_384' title='bbox 1435 446 1605 478; x_wconf 90' lang='lat' dir='ltr'>annulum</span> <span class='ocrx_word' id='word_1_385' title='bbox 1631 448 1834 481; x_wconf 81' lang='lat' dir='ltr'>detraxisset</span> <span class='ocrx_word' id='word_1_386' title='bbox 1850 448 2134 492; x_wconf 59' lang='lat' dir='ltr'>Valentinianus,</span> 
     </span>
     <span class='ocr_line' id='line_1_60' title="bbox 1161 491 2135 540; baseline 0.01 -16"><span class='ocrx_word' id='word_1_387' title='bbox 1161 491 1267 525; x_wconf 83' lang='lat' dir='ltr'>mittit</span> <span class='ocrx_word' id='word_1_388' title='bbox 1290 504 1369 525; x_wconf 89' lang='lat' dir='ltr'>eum</span> <span class='ocrx_word' id='word_1_389' title='bbox 1393 494 1435 525; x_wconf 90' lang='lat' dir='ltr'>ad</span> <span class='ocrx_word' id='word_1_390' title='bbox 1455 493 1602 527; x_wconf 83' lang='lat' dir='ltr'>Maximi</span> <span class='ocrx_word' id='word_1_391' title='bbox 1622 497 1823 540; x_wconf 84' lang='lat' dir='ltr'>coniugem,</span> <span class='ocrx_word' id='word_1_392' title='bbox 1851 506 1883 533; x_wconf 89' lang='lat' dir='ltr'>et</span> <span class='ocrx_word' id='word_1_393' title='bbox 1901 511 1993 540; x_wconf 87' lang='lat' dir='ltr'>eam,</span> <span class='ocrx_word' id='word_1_394' title='bbox 2025 501 2135 534; x_wconf 84' lang='lat' dir='ltr'>simu-</span> 
     </span>
     <span class='ocr_line' id='line_1_61' title="bbox 1159 540 2136 592; baseline 0.01 -19"><span class='ocrx_word' id='word_1_395' title='bbox 1159 541 1235 575; x_wconf 86' lang='lat' dir='ltr'>lans</span> <span class='ocrx_word' id='word_1_396' title='bbox 1249 542 1413 575; x_wconf 88' lang='lat' dir='ltr'>maritnm</span> <span class='ocrx_word' id='word_1_397' title='bbox 1431 540 1514 576; x_wconf 82' lang='lat' dir='ltr'>haec</span> <span class='ocrx_word' id='word_1_398' title='bbox 1533 556 1650 586; x_wconf 88' lang='lat' dir='ltr'>agere,</span> <span class='ocrx_word' id='word_1_399' title='bbox 1678 554 1778 580; x_wconf 80' lang='lat' dir='ltr'>vocat</span> <span class='ocrx_word' id='word_1_400' title='bbox 1796 548 1840 580; x_wconf 90' lang='lat' dir='ltr'>ad</span> <span class='ocrx_word' id='word_1_401' title='bbox 1866 549 2047 592; x_wconf 85' lang='lat' dir='ltr'>coniugem</span> <span class='ocrx_word' id='word_1_402' title='bbox 2066 550 2136 583; x_wconf 55' lang='lat' dir='ltr'>imm</span> 
     </span>
     <span class='ocr_line' id='line_1_62' title="bbox 1158 591 2132 635; baseline 0.009 -11"><span class='ocrx_word' id='word_1_403' title='bbox 1158 592 1339 635; x_wconf 86' lang='lat' dir='ltr'>peratoris.</span> <span class='ocrx_word' id='word_1_404' title='bbox 1391 591 1465 625; x_wconf 86' lang='lat' dir='ltr'>Hac</span> <span class='ocrx_word' id='word_1_405' title='bbox 1482 594 1617 628; x_wconf 83' lang='lat' dir='ltr'>fallacia</span> <span class='ocrx_word' id='word_1_406' title='bbox 1635 596 1819 629; x_wconf 87' lang='lat' dir='ltr'>adductam</span> <span class='ocrx_word' id='word_1_407' title='bbox 1836 598 1872 630; x_wconf 91' lang='lat' dir='ltr'>in</span> <span class='ocrx_word' id='word_1_408' title='bbox 1889 599 2002 631; x_wconf 87' lang='lat' dir='ltr'>aulam</span> <span class='ocrx_word' id='word_1_409' title='bbox 2016 599 2132 633; x_wconf 67' lang='lat' dir='ltr'>&#39;Maxi—</span> 
     </span>
     <span class='ocr_line' id='line_1_63' title="bbox 1158 641 2131 688; baseline 0.009 -15"><span class='ocrx_word' id='word_1_410' title='bbox 1158 641 1205 673; x_wconf 88' lang='lat' dir='ltr'>mi</span> <span class='ocrx_word' id='word_1_411' title='bbox 1227 641 1410 684; x_wconf 87' lang='lat' dir='ltr'>coniugem</span> <span class='ocrx_word' id='word_1_412' title='bbox 1432 643 1466 674; x_wconf 88' lang='lat' dir='ltr'>vi</span> <span class='ocrx_word' id='word_1_413' title='bbox 1489 645 1701 688; x_wconf 79' lang='lat' dir='ltr'>comprimit.</span> <span class='ocrx_word' id='word_1_414' title='bbox 1752 645 1804 679; x_wconf 91' lang='lat' dir='ltr'>De</span> <span class='ocrx_word' id='word_1_415' title='bbox 1828 645 1892 680; x_wconf 86' lang='lat' dir='ltr'>hac</span> <span class='ocrx_word' id='word_1_416' title='bbox 1908 648 2036 682; x_wconf 89' lang='lat' dir='ltr'>iniuria</span> <span class='ocrx_word' id='word_1_417' title='bbox 2053 661 2131 682; x_wconf 87' lang='lat' dir='ltr'>cum</span> 
     </span>
     <span class='ocr_line' id='line_1_64' title="bbox 1157 691 2133 742; baseline 0.009 -19"><span class='ocrx_word' id='word_1_418' title='bbox 1157 692 1249 734; x_wconf 89' lang='lat' dir='ltr'>apud</span> <span class='ocrx_word' id='word_1_419' title='bbox 1267 691 1431 725; x_wconf 91' lang='lat' dir='ltr'>maritum</span> <span class='ocrx_word' id='word_1_420' title='bbox 1448 692 1506 725; x_wconf 90' lang='lat' dir='ltr'>illa</span> <span class='ocrx_word' id='word_1_421' title='bbox 1523 695 1698 738; x_wconf 86' lang='lat' dir='ltr'>queritur,</span> <span class='ocrx_word' id='word_1_422' title='bbox 1725 697 1838 740; x_wconf 85' lang='lat' dir='ltr'>coepit</span> <span class='ocrx_word' id='word_1_423' title='bbox 1864 697 1893 729; x_wconf 87' lang='lat' dir='ltr'>is</span> <span class='ocrx_word' id='word_1_424' title='bbox 1910 704 1943 730; x_wconf 90' lang='lat' dir='ltr'>et</span> <span class='ocrx_word' id='word_1_425' title='bbox 1958 699 2000 731; x_wconf 92' lang='lat' dir='ltr'>de</span> <span class='ocrx_word' id='word_1_426' title='bbox 2021 699 2133 742; x_wconf 88' lang='lat' dir='ltr'>impe-</span> 
     </span>
     <span class='ocr_line' id='line_1_65' title="bbox 1157 741 2132 791; baseline 0.008 -18"><span class='ocrx_word' id='word_1_427' title='bbox 1157 741 1208 774; x_wconf 90' lang='lat' dir='ltr'>rio</span> <span class='ocrx_word' id='word_1_428' title='bbox 1227 741 1415 784; x_wconf 84' lang='lat' dir='ltr'>rapiendo,</span> <span class='ocrx_word' id='word_1_429' title='bbox 1443 749 1476 776; x_wconf 84' lang='lat' dir='ltr'>et</span> <span class='ocrx_word' id='word_1_430' title='bbox 1498 744 1540 776; x_wconf 91' lang='lat' dir='ltr'>de</span> <span class='ocrx_word' id='word_1_431' title='bbox 1559 743 1809 779; x_wconf 85' lang='lat' dir='ltr'>Valentiniano</span> <span class='ocrx_word' id='word_1_432' title='bbox 1827 749 1984 781; x_wconf 88' lang='lat' dir='ltr'>necando</span> <span class='ocrx_word' id='word_1_433' title='bbox 2002 749 2132 791; x_wconf 86' lang='lat' dir='ltr'>cogita-</span> 
     </span>
     <span class='ocr_line' id='line_1_66' title="bbox 1155 789 2131 842; baseline 0.009 -19"><span class='ocrx_word' id='word_1_434' title='bbox 1155 802 1204 826; x_wconf 86' lang='lat' dir='ltr'>re.</span> <span class='ocrx_word' id='word_1_435' title='bbox 1255 789 1399 825; x_wconf 87' lang='lat' dir='ltr'>Alienat</span> <span class='ocrx_word' id='word_1_436' title='bbox 1422 792 1496 826; x_wconf 88' lang='lat' dir='ltr'>eius</span> <span class='ocrx_word' id='word_1_437' title='bbox 1518 794 1675 828; x_wconf 88' lang='lat' dir='ltr'>animum</span> <span class='ocrx_word' id='word_1_438' title='bbox 1699 796 1743 829; x_wconf 91' lang='lat' dir='ltr'>ab</span> <span class='ocrx_word' id='word_1_439' title='bbox 1763 796 1886 838; x_wconf 68' lang='lat' dir='ltr'>Aetio,</span> <span class='ocrx_word' id='word_1_440' title='bbox 1912 810 2015 842; x_wconf 88' lang='lat' dir='ltr'>quem</span> <span class='ocrx_word' id='word_1_441' title='bbox 2033 798 2131 842; x_wconf 83' lang='lat' dir='ltr'>fingit</span> 
     </span>
     <span class='ocr_line' id='line_1_67' title="bbox 1155 841 2130 891; baseline 0.008 -18"><span class='ocrx_word' id='word_1_442' title='bbox 1155 848 1316 885; x_wconf 88' lang='lat' dir='ltr'>appetere</span> <span class='ocrx_word' id='word_1_443' title='bbox 1334 841 1532 886; x_wconf 78' lang='lat' dir='ltr'>imperium.</span> <span class='ocrx_word' id='word_1_444' title='bbox 1583 843 1683 878; x_wconf 86' lang='lat' dir='ltr'>Falsa</span> <span class='ocrx_word' id='word_1_445' title='bbox 1707 846 1814 888; x_wconf 88' lang='lat' dir='ltr'>igitur</span> <span class='ocrx_word' id='word_1_446' title='bbox 1833 848 2029 891; x_wconf 86' lang='lat' dir='ltr'>suspicione</span> <span class='ocrx_word' id='word_1_447' title='bbox 2050 861 2130 881; x_wconf 92' lang='lat' dir='ltr'>mo-</span> 
     </span>
     <span class='ocr_line' id='line_1_68' title="bbox 1155 890 2130 942; baseline 0.008 -18"><span class='ocrx_word' id='word_1_448' title='bbox 1155 897 1209 924; x_wconf 91' lang='lat' dir='ltr'>tus</span> <span class='ocrx_word' id='word_1_449' title='bbox 1235 890 1522 930; x_wconf 71' lang='lat' dir='ltr'>Valentinianus,</span> <span class='ocrx_word' id='word_1_450' title='bbox 1549 893 1645 928; x_wconf 88' lang='lat' dir='ltr'>iubet</span> <span class='ocrx_word' id='word_1_451' title='bbox 1670 896 1816 929; x_wconf 88' lang='lat' dir='ltr'>interfici</span> <span class='ocrx_word' id='word_1_452' title='bbox 1835 898 1975 931; x_wconf 66' lang='lat' dir='ltr'>Aenum</span> <span class='ocrx_word' id='word_1_453' title='bbox 1999 900 2130 942; x_wconf 86' lang='lat' dir='ltr'>optime</span> 
     </span>
     <span class='ocr_line' id='line_1_69' title="bbox 1154 941 2128 982; baseline 0.008 -10"><span class='ocrx_word' id='word_1_454' title='bbox 1154 941 1338 978; x_wconf 83' lang='lat' dir='ltr'>meritum,</span> <span class='ocrx_word' id='word_1_455' title='bbox 1365 948 1404 975; x_wconf 89' lang='lat' dir='ltr'>ut</span> <span class='ocrx_word' id='word_1_456' title='bbox 1427 943 1626 977; x_wconf 80' lang='lat' dir='ltr'>Alexander</span> <span class='ocrx_word' id='word_1_457' title='bbox 1650 944 1919 980; x_wconf 85' lang='lat' dir='ltr'>Parmenionem</span> <span class='ocrx_word' id='word_1_458' title='bbox 1945 948 2128 982; x_wconf 85' lang='lat' dir='ltr'>interfecit.</span> 
     </span>
     <span class='ocr_line' id='line_1_70' title="bbox 1154 989 2127 1042; baseline 0.009 -20"><span class='ocrx_word' id='word_1_459' title='bbox 1154 989 1276 1023; x_wconf 89' lang='lat' dir='ltr'>Postea</span> <span class='ocrx_word' id='word_1_460' title='bbox 1299 1002 1378 1023; x_wconf 91' lang='lat' dir='ltr'>cum</span> <span class='ocrx_word' id='word_1_461' title='bbox 1400 991 1628 1034; x_wconf 85' lang='lat' dir='ltr'>interrogaret</span> <span class='ocrx_word' id='word_1_462' title='bbox 1648 993 1913 1030; x_wconf 86' lang='lat' dir='ltr'>Valentinianus</span> <span class='ocrx_word' id='word_1_463' title='bbox 1937 1000 2127 1042; x_wconf 87' lang='lat' dir='ltr'>quendam:</span> 
     </span>
     <span class='ocr_line' id='line_1_71' title="bbox 1154 1040 2128 1080; baseline 0.011 -10"><span class='ocrx_word' id='word_1_464' title='bbox 1154 1040 1210 1072; x_wconf 76' lang='lat' dir='ltr'>An</span> <span class='ocrx_word' id='word_1_465' title='bbox 1224 1040 1435 1073; x_wconf 86' lang='lat' dir='ltr'>existimaret</span> <span class='ocrx_word' id='word_1_466' title='bbox 1453 1041 1540 1074; x_wconf 90' lang='lat' dir='ltr'>iuste</span> <span class='ocrx_word' id='word_1_467' title='bbox 1558 1043 1776 1077; x_wconf 87' lang='lat' dir='ltr'>interfectum</span> <span class='ocrx_word' id='word_1_468' title='bbox 1788 1058 1859 1078; x_wconf 89' lang='lat' dir='ltr'>esse</span> <span class='ocrx_word' id='word_1_469' title='bbox 1871 1046 2034 1079; x_wconf 71' lang='lat' dir='ltr'>Aetium?</span> <span class='ocrx_word' id='word_1_470' title='bbox 2059 1047 2128 1080; x_wconf 79' lang='lat' dir='ltr'>Ne-</span> 
     </span>
     <span class='ocr_line' id='line_1_72' title="bbox 1152 1089 2127 1137; baseline 0.01 -17"><span class='ocrx_word' id='word_1_471' title='bbox 1152 1089 1242 1128; x_wconf 86' lang='lat' dir='ltr'>scio,</span> <span class='ocrx_word' id='word_1_472' title='bbox 1271 1089 1385 1134; x_wconf 86' lang='lat' dir='ltr'>inquit</span> <span class='ocrx_word' id='word_1_473' title='bbox 1407 1090 1482 1131; x_wconf 89' lang='lat' dir='ltr'>ille,</span> <span class='ocrx_word' id='word_1_474' title='bbox 1517 1104 1561 1124; x_wconf 90' lang='lat' dir='ltr'>an</span> <span class='ocrx_word' id='word_1_475' title='bbox 1585 1092 1674 1125; x_wconf 85' lang='lat' dir='ltr'>iuste</span> <span class='ocrx_word' id='word_1_476' title='bbox 1698 1105 1776 1126; x_wconf 90' lang='lat' dir='ltr'>eum</span> <span class='ocrx_word' id='word_1_477' title='bbox 1805 1096 2035 1137; x_wconf 88' lang='lat' dir='ltr'>interfeceris,</span> <span class='ocrx_word' id='word_1_478' title='bbox 2062 1095 2127 1130; x_wconf 81' lang='lat' dir='ltr'>hoe</span> 
     </span>
     <span class='ocr_line' id='line_1_73' title="bbox 1151 1139 2128 1188; baseline 0.008 -17"><span class='ocrx_word' id='word_1_479' title='bbox 1151 1139 1241 1178; x_wconf 90' lang='lat' dir='ltr'>scio,</span> <span class='ocrx_word' id='word_1_480' title='bbox 1268 1146 1301 1172; x_wconf 83' lang='lat' dir='ltr'>te</span> <span class='ocrx_word' id='word_1_481' title='bbox 1324 1141 1478 1172; x_wconf 86' lang='lat' dir='ltr'>dextram</span> <span class='ocrx_word' id='word_1_482' title='bbox 1503 1149 1596 1174; x_wconf 90' lang='lat' dir='ltr'>tuam</span> <span class='ocrx_word' id='word_1_483' title='bbox 1623 1143 1762 1176; x_wconf 86' lang='lat' dir='ltr'>sinistra</span> <span class='ocrx_word' id='word_1_484' title='bbox 1787 1146 2004 1188; x_wconf 85' lang='lat' dir='ltr'>praecidisse.</span> <span class='ocrx_word' id='word_1_485' title='bbox 2057 1145 2128 1180; x_wconf 73' lang='lat' dir='ltr'>&#39;Nee</span> 
     </span>
     <span class='ocr_line' id='line_1_74' title="bbox 1150 1190 2128 1235; baseline 0.009 -14"><span class='ocrx_word' id='word_1_486' title='bbox 1150 1190 1261 1222; x_wconf 89' lang='lat' dir='ltr'>multo</span> <span class='ocrx_word' id='word_1_487' title='bbox 1277 1196 1353 1232; x_wconf 82' lang='lat' dir='ltr'>post</span> <span class='ocrx_word' id='word_1_488' title='bbox 1370 1190 1492 1224; x_wconf 88' lang='lat' dir='ltr'>incitat</span> <span class='ocrx_word' id='word_1_489' title='bbox 1509 1191 1684 1225; x_wconf 84' lang='lat' dir='ltr'>Maximus</span> <span class='ocrx_word' id='word_1_490' title='bbox 1699 1194 1786 1227; x_wconf 89' lang='lat' dir='ltr'>duos</span> <span class='ocrx_word' id='word_1_491' title='bbox 1802 1196 1931 1229; x_wconf 85' lang='lat' dir='ltr'>milites</span> <span class='ocrx_word' id='word_1_492' title='bbox 1946 1197 2041 1230; x_wconf 76' lang='lat' dir='ltr'>Ae&#39;tii</span> <span class='ocrx_word' id='word_1_493' title='bbox 2053 1221 2062 1235; x_wconf 93' lang='lat'>,</span> <span class='ocrx_word' id='word_1_494' title='bbox 2090 1203 2128 1230; x_wconf 84' lang='lat' dir='ltr'>nt</span> 
     </span>
     <span class='ocr_line' id='line_1_75' title="bbox 1151 1238 2126 1285; baseline 0.009 -14"><span class='ocrx_word' id='word_1_495' title='bbox 1151 1238 1441 1272; x_wconf 85' lang='lat' dir='ltr'>Valentinianum</span> <span class='ocrx_word' id='word_1_496' title='bbox 1491 1241 1734 1285; x_wconf 82' lang='lat' dir='ltr'>imperatorem</span> <span class='ocrx_word' id='word_1_497' title='bbox 1777 1244 1997 1280; x_wconf 83' lang='lat' dir='ltr'>interficiant.</span> <span class='ocrx_word' id='word_1_498' title='bbox 2076 1246 2126 1280; x_wconf 81' lang='lat' dir='ltr'>lta</span> 
     </span>
     <span class='ocr_line' id='line_1_76' title="bbox 1151 1290 2125 1337; baseline 0.007 -15"><span class='ocrx_word' id='word_1_499' title='bbox 1151 1301 1278 1331; x_wconf 90' lang='lat' dir='ltr'>poenas</span> <span class='ocrx_word' id='word_1_500' title='bbox 1295 1291 1354 1323; x_wconf 91' lang='lat' dir='ltr'>dat</span> <span class='ocrx_word' id='word_1_501' title='bbox 1372 1290 1579 1330; x_wconf 87' lang='lat' dir='ltr'>libidinum,</span> <span class='ocrx_word' id='word_1_502' title='bbox 1604 1293 1736 1336; x_wconf 84' lang='lat' dir='ltr'>magiae</span> <span class='ocrx_word' id='word_1_503' title='bbox 1751 1301 1784 1328; x_wconf 86' lang='lat' dir='ltr'>et</span> <span class='ocrx_word' id='word_1_504' title='bbox 1801 1296 1894 1328; x_wconf 67' lang='lat' dir='ltr'>neeis</span> <span class='ocrx_word' id='word_1_505' title='bbox 1913 1295 2026 1337; x_wconf 72' lang='lat' dir='ltr'>A&#39;e‘zii,</span> <span class='ocrx_word' id='word_1_506' title='bbox 2055 1296 2125 1329; x_wconf 75' lang='lat' dir='ltr'>Va-</span> 
     </span>
     <span class='ocr_line' id='line_1_77' title="bbox 1149 1341 1517 1376; baseline 0.011 -4"><span class='ocrx_word' id='word_1_507' title='bbox 1149 1341 1363 1374; x_wconf 83' lang='lat' dir='ltr'>lentinianus</span> <span class='ocrx_word' id='word_1_508' title='bbox 1383 1342 1517 1376; x_wconf 85' lang='lat' dir='ltr'>tertius.</span> 
     </span>
    </p>

    <p class='ocr_par' dir='ltr' id='par_1_9' title="bbox 1142 1389 2125 2132">
     <span class='ocr_line' id='line_1_78' title="bbox 1250 1389 2125 1440; baseline 0.009 -18"><span class='ocrx_word' id='word_1_509' title='bbox 1250 1389 1386 1424; x_wconf 89' lang='lat' dir='ltr'>Deinde</span> <span class='ocrx_word' id='word_1_510' title='bbox 1410 1391 1587 1425; x_wconf 85' lang='lat' dir='ltr'>Maximus</span> <span class='ocrx_word' id='word_1_511' title='bbox 1611 1394 1702 1436; x_wconf 88' lang='lat' dir='ltr'>rapit</span> <span class='ocrx_word' id='word_1_512' title='bbox 1734 1395 1937 1440; x_wconf 88' lang='lat' dir='ltr'>imperium,</span> <span class='ocrx_word' id='word_1_513' title='bbox 1972 1404 2003 1431; x_wconf 83' lang='lat' dir='ltr'>et</span> <span class='ocrx_word' id='word_1_514' title='bbox 2029 1397 2125 1430; x_wconf 83' lang='lat' dir='ltr'>ducit</span> 
     </span>
     <span class='ocr_line' id='line_1_79' title="bbox 1146 1440 2123 1490; baseline 0.008 -17"><span class='ocrx_word' id='word_1_515' title='bbox 1146 1452 1290 1473; x_wconf 84' lang='lat' dir='ltr'>uxorem</span> <span class='ocrx_word' id='word_1_516' title='bbox 1314 1440 1510 1475; x_wconf 87' lang='lat' dir='ltr'>Eudoxiam</span> <span class='ocrx_word' id='word_1_517' title='bbox 1535 1446 1741 1486; x_wconf 86' lang='lat' dir='ltr'>secundam,</span> <span class='ocrx_word' id='word_1_518' title='bbox 1777 1459 1863 1490; x_wconf 90' lang='lat' dir='ltr'>quae</span> <span class='ocrx_word' id='word_1_519' title='bbox 1896 1449 2006 1481; x_wconf 87' lang='lat' dir='ltr'>fuerat</span> <span class='ocrx_word' id='word_1_520' title='bbox 2039 1460 2123 1480; x_wconf 82' lang='lat' dir='ltr'>con—</span> 
     </span>
     <span class='ocr_line' id='line_1_80' title="bbox 1148 1490 2123 1540; baseline 0.008 -17"><span class='ocrx_word' id='word_1_521' title='bbox 1148 1491 1233 1523; x_wconf 86' lang='lat' dir='ltr'>iunx</span> <span class='ocrx_word' id='word_1_522' title='bbox 1258 1490 1499 1525; x_wconf 85' lang='lat' dir='ltr'>Valentiniani</span> <span class='ocrx_word' id='word_1_523' title='bbox 1525 1494 1629 1529; x_wconf 85' lang='lat' dir='ltr'>tertii.</span> <span class='ocrx_word' id='word_1_524' title='bbox 1683 1495 1787 1540; x_wconf 76' lang='lat' dir='ltr'>Apud</span> <span class='ocrx_word' id='word_1_525' title='bbox 1816 1495 1903 1529; x_wconf 82' lang='lat' dir='ltr'>hauc</span> <span class='ocrx_word' id='word_1_526' title='bbox 1920 1510 1997 1530; x_wconf 92' lang='lat' dir='ltr'>cum</span> <span class='ocrx_word' id='word_1_527' title='bbox 2017 1498 2123 1531; x_wconf 84' lang='lat' dir='ltr'>iacta·</span> 
     </span>
     <span class='ocr_line' id='line_1_81' title="bbox 1147 1540 2123 1590; baseline 0.007 -17"><span class='ocrx_word' id='word_1_528' title='bbox 1147 1548 1199 1574; x_wconf 90' lang='lat' dir='ltr'>ret</span> <span class='ocrx_word' id='word_1_529' title='bbox 1215 1540 1407 1582; x_wconf 85' lang='lat' dir='ltr'>Maximus,</span> <span class='ocrx_word' id='word_1_530' title='bbox 1434 1554 1468 1575; x_wconf 91' lang='lat' dir='ltr'>se</span> <span class='ocrx_word' id='word_1_531' title='bbox 1492 1555 1608 1576; x_wconf 88' lang='lat' dir='ltr'>amore</span> <span class='ocrx_word' id='word_1_532' title='bbox 1626 1544 1733 1588; x_wconf 86' lang='lat' dir='ltr'>ipsius</span> <span class='ocrx_word' id='word_1_533' title='bbox 1750 1553 1782 1579; x_wconf 89' lang='lat' dir='ltr'>et</span> <span class='ocrx_word' id='word_1_534' title='bbox 1798 1558 1856 1590; x_wconf 89' lang='lat' dir='ltr'>spe</span> <span class='ocrx_word' id='word_1_535' title='bbox 1880 1544 1984 1580; x_wconf 79' lang='lat' dir='ltr'>liuius</span> <span class='ocrx_word' id='word_1_536' title='bbox 2001 1548 2123 1580; x_wconf 85' lang='lat' dir='ltr'>coniu-</span> 
     </span>
     <span class='ocr_line' id='line_1_82' title="bbox 1146 1591 2123 1638; baseline 0.007 -15"><span class='ocrx_word' id='word_1_537' title='bbox 1146 1591 1194 1633; x_wconf 79' lang='lat' dir='ltr'>gii</span> <span class='ocrx_word' id='word_1_538' title='bbox 1217 1599 1350 1625; x_wconf 88' lang='lat' dir='ltr'>motum</span> <span class='ocrx_word' id='word_1_539' title='bbox 1377 1592 1590 1626; x_wconf 85' lang='lat' dir='ltr'>interfecisse</span> <span class='ocrx_word' id='word_1_540' title='bbox 1615 1596 1765 1638; x_wconf 90' lang='lat' dir='ltr'>priorem</span> <span class='ocrx_word' id='word_1_541' title='bbox 1784 1598 1946 1629; x_wconf 81' lang='lat' dir='ltr'>maritum</span> <span class='ocrx_word' id='word_1_542' title='bbox 1964 1597 2123 1630; x_wconf 62' lang='lat' dir='ltr'>Valenti-</span> 
     </span>
     <span class='ocr_line' id='line_1_83' title="bbox 1146 1641 2121 1681; baseline 0.008 -9"><span class='ocrx_word' id='word_1_543' title='bbox 1146 1641 1311 1681; x_wconf 89' lang='lat' dir='ltr'>nianum,</span> <span class='ocrx_word' id='word_1_544' title='bbox 1349 1642 1435 1675; x_wconf 86' lang='lat' dir='ltr'>irata</span> <span class='ocrx_word' id='word_1_545' title='bbox 1475 1644 1602 1676; x_wconf 87' lang='lat' dir='ltr'>mulier</span> <span class='ocrx_word' id='word_1_546' title='bbox 1638 1646 1781 1679; x_wconf 86' lang='lat' dir='ltr'>accersit</span> <span class='ocrx_word' id='word_1_547' title='bbox 1820 1646 2048 1680; x_wconf 81' lang='lat' dir='ltr'>Gensericum</span> <span class='ocrx_word' id='word_1_548' title='bbox 2083 1660 2121 1680; x_wconf 82' lang='lat' dir='ltr'>ex</span> 
     </span>
     <span class='ocr_line' id='line_1_84' title="bbox 1147 1690 2121 1738; baseline 0.009 -18"><span class='ocrx_word' id='word_1_549' title='bbox 1147 1691 1264 1721; x_wconf 82' lang='lat' dir='ltr'>Africa</span> <span class='ocrx_word' id='word_1_550' title='bbox 1280 1690 1450 1729; x_wconf 85' lang='lat' dir='ltr'>Romam,</span> <span class='ocrx_word' id='word_1_551' title='bbox 1476 1690 1542 1724; x_wconf 87' lang='lat' dir='ltr'>hoc</span> <span class='ocrx_word' id='word_1_552' title='bbox 1561 1695 1721 1726; x_wconf 84' lang='lat' dir='ltr'>veniente</span> <span class='ocrx_word' id='word_1_553' title='bbox 1736 1695 1912 1729; x_wconf 78' lang='lat' dir='ltr'>Maximus</span> <span class='ocrx_word' id='word_1_554' title='bbox 1930 1709 2006 1729; x_wconf 89' lang='lat' dir='ltr'>cum</span> <span class='ocrx_word' id='word_1_555' title='bbox 2024 1697 2121 1738; x_wconf 79' lang='lat' dir='ltr'>fuge·</span> 
     </span>
     <span class='ocr_line' id='line_1_85' title="bbox 1145 1740 2122 1782; baseline 0.012 -12"><span class='ocrx_word' id='word_1_556' title='bbox 1145 1750 1182 1771; x_wconf 89' lang='lat' dir='ltr'>re</span> <span class='ocrx_word' id='word_1_557' title='bbox 1197 1746 1402 1778; x_wconf 82' lang='lat' dir='ltr'>conaretur,</span> <span class='ocrx_word' id='word_1_558' title='bbox 1438 1740 1645 1775; x_wconf 84' lang='lat' dir='ltr'>interficitur</span> <span class='ocrx_word' id='word_1_559' title='bbox 1665 1755 1684 1775; x_wconf 87' lang='lat' dir='ltr'>a</span> <span class='ocrx_word' id='word_1_560' title='bbox 1701 1743 1863 1778; x_wconf 72' lang='lat' dir='ltr'>Romano</span> <span class='ocrx_word' id='word_1_561' title='bbox 1885 1747 1996 1778; x_wconf 87' lang='lat' dir='ltr'>milite</span> <span class='ocrx_word' id='word_1_562' title='bbox 2012 1745 2122 1782; x_wconf 79' lang='lat' dir='ltr'>Urso.</span> 
     </span>
     <span class='ocr_line' id='line_1_86' title="bbox 1146 1787 2122 1836; baseline 0.009 -16"><span class='ocrx_word' id='word_1_563' title='bbox 1146 1787 1358 1821; x_wconf 77' lang='lat' dir='ltr'>GenserIcus</span> <span class='ocrx_word' id='word_1_564' title='bbox 1375 1788 1525 1823; x_wconf 87' lang='lat' dir='ltr'>Romam</span> <span class='ocrx_word' id='word_1_565' title='bbox 1552 1791 1726 1834; x_wconf 85' lang='lat' dir='ltr'>ingressus</span> <span class='ocrx_word' id='word_1_566' title='bbox 1748 1806 1825 1827; x_wconf 90' lang='lat' dir='ltr'>cum</span> <span class='ocrx_word' id='word_1_567' title='bbox 1844 1795 1974 1836; x_wconf 82' lang='lat' dir='ltr'>ingenti</span> <span class='ocrx_word' id='word_1_568' title='bbox 1994 1797 2122 1829; x_wconf 74' lang='lat' dir='ltr'>exerci-</span> 
     </span>
     <span class='ocr_line' id='line_1_87' title="bbox 1144 1839 2121 1887; baseline 0.007 -15"><span class='ocrx_word' id='word_1_569' title='bbox 1144 1845 1202 1876; x_wconf 85' lang='lat' dir='ltr'>tu,</span> <span class='ocrx_word' id='word_1_570' title='bbox 1234 1839 1384 1872; x_wconf 76' lang='lat' dir='ltr'>flectitur</span> <span class='ocrx_word' id='word_1_571' title='bbox 1415 1852 1434 1872; x_wconf 86' lang='lat' dir='ltr'>a</span> <span class='ocrx_word' id='word_1_572' title='bbox 1464 1840 1582 1873; x_wconf 88' lang='lat' dir='ltr'>Leone</span> <span class='ocrx_word' id='word_1_573' title='bbox 1603 1840 1779 1887; x_wconf 88' lang='lat' dir='ltr'>Episcopo</span> <span class='ocrx_word' id='word_1_574' title='bbox 1805 1852 1838 1878; x_wconf 88' lang='lat' dir='ltr'>et</span> <span class='ocrx_word' id='word_1_575' title='bbox 1862 1843 2044 1886; x_wconf 85' lang='lat' dir='ltr'>Eudoxia,</span> <span class='ocrx_word' id='word_1_576' title='bbox 2078 1858 2121 1880; x_wconf 85' lang='lat' dir='ltr'>ne</span> 
     </span>
     <span class='ocr_line' id='line_1_88' title="bbox 1143 1888 2121 1938; baseline 0.008 -18"><span class='ocrx_word' id='word_1_577' title='bbox 1143 1889 1266 1920; x_wconf 87' lang='lat' dir='ltr'>urbem</span> <span class='ocrx_word' id='word_1_578' title='bbox 1291 1888 1474 1927; x_wconf 84' lang='lat' dir='ltr'>incendat,</span> <span class='ocrx_word' id='word_1_579' title='bbox 1509 1891 1584 1923; x_wconf 88' lang='lat' dir='ltr'>dies</span> <span class='ocrx_word' id='word_1_580' title='bbox 1620 1898 1734 1925; x_wconf 87' lang='lat' dir='ltr'>tamen</span> <span class='ocrx_word' id='word_1_581' title='bbox 1767 1896 2031 1938; x_wconf 83' lang='lat' dir='ltr'>quatuordecim</span> <span class='ocrx_word' id='word_1_582' title='bbox 2065 1897 2121 1928; x_wconf 87' lang='lat' dir='ltr'>di-</span> 
     </span>
     <span class='ocr_line' id='line_1_89' title="bbox 1143 1938 2120 1984; baseline 0.008 -14"><span class='ocrx_word' id='word_1_583' title='bbox 1143 1938 1295 1981; x_wconf 85' lang='lat' dir='ltr'>reptioni</span> <span class='ocrx_word' id='word_1_584' title='bbox 1314 1945 1344 1971; x_wconf 88' lang='lat' dir='ltr'>et</span> <span class='ocrx_word' id='word_1_585' title='bbox 1363 1941 1581 1983; x_wconf 81' lang='lat' dir='ltr'>quaerendae</span> <span class='ocrx_word' id='word_1_586' title='bbox 1599 1944 1746 1984; x_wconf 84' lang='lat' dir='ltr'>praedae</span> <span class='ocrx_word' id='word_1_587' title='bbox 1765 1944 1898 1984; x_wconf 85' lang='lat' dir='ltr'>tribuit,</span> <span class='ocrx_word' id='word_1_588' title='bbox 1925 1943 2120 1978; x_wconf 80' lang='lat' dir='ltr'>Eudoxiam</span> 
     </span>
     <span class='ocr_line' id='line_1_90' title="bbox 1143 1988 2120 2031; baseline 0.008 -11"><span class='ocrx_word' id='word_1_589' title='bbox 1143 1988 1255 2021; x_wconf 82' lang='lat' dir='ltr'>avexit</span> <span class='ocrx_word' id='word_1_590' title='bbox 1286 2000 1363 2020; x_wconf 85' lang='lat' dir='ltr'>cum</span> <span class='ocrx_word' id='word_1_591' title='bbox 1398 1989 1466 2021; x_wconf 73' lang='lat' dir='ltr'>filia</span> <span class='ocrx_word' id='word_1_592' title='bbox 1504 1988 1663 2024; x_wconf 86' lang='lat' dir='ltr'>Eudoxia</span> <span class='ocrx_word' id='word_1_593' title='bbox 1695 1995 1813 2031; x_wconf 82' lang='lat' dir='ltr'>tertia,</span> <span class='ocrx_word' id='word_1_594' title='bbox 1847 2001 1990 2027; x_wconf 86' lang='lat' dir='ltr'>matrem</span> <span class='ocrx_word' id='word_1_595' title='bbox 2020 1996 2120 2029; x_wconf 79' lang='lat' dir='ltr'>duxit</span> 
     </span>
     <span class='ocr_line' id='line_1_91' title="bbox 1143 2037 2118 2078; baseline 0.009 -9"><span class='ocrx_word' id='word_1_596' title='bbox 1143 2037 1374 2078; x_wconf 83' lang='lat' dir='ltr'>Gensericus,</span> <span class='ocrx_word' id='word_1_597' title='bbox 1405 2038 1478 2072; x_wconf 80' lang='lat' dir='ltr'>filio</span> <span class='ocrx_word' id='word_1_598' title='bbox 1513 2047 1627 2073; x_wconf 81' lang='lat' dir='ltr'>autem</span> <span class='ocrx_word' id='word_1_599' title='bbox 1660 2043 1755 2078; x_wconf 80' lang='lat' dir='ltr'>dedit</span> <span class='ocrx_word' id='word_1_600' title='bbox 1786 2045 1892 2076; x_wconf 74' lang='lat' dir='ltr'>filiam</span> <span class='ocrx_word' id='word_1_601' title='bbox 1922 2042 2118 2078; x_wconf 71' lang='lat' dir='ltr'>Eudoxiana</span> 
     </span>
     <span class='ocr_line' id='line_1_92' title="bbox 1142 2088 1663 2132; baseline 0.008 -12"><span class='ocrx_word' id='word_1_602' title='bbox 1142 2088 1299 2131; x_wconf 83' lang='lat' dir='ltr'>tertiam,</span> <span class='ocrx_word' id='word_1_603' title='bbox 1328 2096 1364 2121; x_wconf 85' lang='lat' dir='ltr'>ut</span> <span class='ocrx_word' id='word_1_604' title='bbox 1384 2096 1498 2132; x_wconf 88' lang='lat' dir='ltr'>postea</span> <span class='ocrx_word' id='word_1_605' title='bbox 1518 2091 1663 2127; x_wconf 88' lang='lat' dir='ltr'>dicetur.</span> 
     </span>
    </p>

    <p class='ocr_par' dir='ltr' id='par_1_10' title="bbox 1132 2137 2117 2683">
     <span class='ocr_line' id='line_1_93' title="bbox 1241 2137 2117 2190; baseline 0.011 -20"><span class='ocrx_word' id='word_1_606' title='bbox 1241 2137 1521 2172; x_wconf 86' lang='lat' dir='ltr'>Considerentur</span> <span class='ocrx_word' id='word_1_607' title='bbox 1550 2148 1664 2174; x_wconf 89' lang='lat' dir='ltr'>autem</span> <span class='ocrx_word' id='word_1_608' title='bbox 1695 2139 1752 2175; x_wconf 78' lang='lat' dir='ltr'>bic</span> <span class='ocrx_word' id='word_1_609' title='bbox 1781 2142 1930 2185; x_wconf 78' lang='lat' dir='ltr'>iusignia</span> <span class='ocrx_word' id='word_1_610' title='bbox 1961 2146 2117 2190; x_wconf 79' lang='lat' dir='ltr'>exempla</span> 
     </span>
     <span class='ocr_line' id='line_1_94' title="bbox 1141 2188 2117 2233; baseline 0.009 -13"><span class='ocrx_word' id='word_1_611' title='bbox 1141 2188 1262 2221; x_wconf 86' lang='lat' dir='ltr'>iudicii</span> <span class='ocrx_word' id='word_1_612' title='bbox 1287 2189 1398 2221; x_wconf 82' lang='lat' dir='ltr'>divini</span> <span class='ocrx_word' id='word_1_613' title='bbox 1425 2190 1461 2221; x_wconf 90' lang='lat' dir='ltr'>in</span> <span class='ocrx_word' id='word_1_614' title='bbox 1490 2189 1739 2224; x_wconf 74' lang='lat' dir='ltr'>Valentiniano</span> <span class='ocrx_word' id='word_1_615' title='bbox 1764 2200 1796 2225; x_wconf 87' lang='lat' dir='ltr'>et</span> <span class='ocrx_word' id='word_1_616' title='bbox 1821 2192 1994 2233; x_wconf 71' lang='lat' dir='ltr'>Maximo,</span> <span class='ocrx_word' id='word_1_617' title='bbox 2024 2196 2117 2229; x_wconf 88' lang='lat' dir='ltr'>iuxta</span> 
     </span>
     <span class='ocr_line' id='line_1_95' title="bbox 1138 2237 2116 2288; baseline 0.005 -17"><span class='ocrx_word' id='word_1_618' title='bbox 1138 2239 1309 2279; x_wconf 74' lang='lat' dir='ltr'>regulam:</span> <span class='ocrx_word' id='word_1_619' title='bbox 1345 2237 1475 2272; x_wconf 85' lang='lat' dir='ltr'>Omnis</span> <span class='ocrx_word' id='word_1_620' title='bbox 1506 2241 1565 2285; x_wconf 90' lang='lat' dir='ltr'>qui</span> <span class='ocrx_word' id='word_1_621' title='bbox 1593 2242 1747 2283; x_wconf 82' lang='lat' dir='ltr'>gladium</span> <span class='ocrx_word' id='word_1_622' title='bbox 1778 2245 1965 2286; x_wconf 83' lang='lat' dir='ltr'>acceperit,</span> <span class='ocrx_word' id='word_1_623' title='bbox 1999 2246 2116 2288; x_wconf 75' lang='lat' dir='ltr'>gladio</span> 
     </span>
     <span class='ocr_line' id='line_1_96' title="bbox 1139 2288 2117 2336; baseline 0.008 -16"><span class='ocrx_word' id='word_1_624' title='bbox 1139 2289 1278 2332; x_wconf 85' lang='lat' dir='ltr'>peribit.</span> <span class='ocrx_word' id='word_1_625' title='bbox 1331 2288 1507 2333; x_wconf 82' lang='lat' dir='ltr'>Tempora</span> <span class='ocrx_word' id='word_1_626' title='bbox 1532 2291 1634 2324; x_wconf 84' lang='lat' dir='ltr'>etiam</span> <span class='ocrx_word' id='word_1_627' title='bbox 1659 2293 1901 2331; x_wconf 86' lang='lat' dir='ltr'>conferantur,</span> <span class='ocrx_word' id='word_1_628' title='bbox 1926 2302 1965 2328; x_wconf 88' lang='lat' dir='ltr'>ut</span> <span class='ocrx_word' id='word_1_629' title='bbox 1989 2295 2117 2336; x_wconf 67' lang='lat' dir='ltr'>videas,</span> 
     </span>
     <span class='ocr_line' id='line_1_97' title="bbox 1137 2339 2116 2383; baseline 0.008 -13"><span class='ocrx_word' id='word_1_630' title='bbox 1137 2350 1240 2383; x_wconf 87' lang='lat' dir='ltr'>quam</span> <span class='ocrx_word' id='word_1_631' title='bbox 1259 2339 1356 2370; x_wconf 80' lang='lat' dir='ltr'>brevi</span> <span class='ocrx_word' id='word_1_632' title='bbox 1381 2340 1497 2382; x_wconf 83' lang='lat' dir='ltr'>spacio</span> <span class='ocrx_word' id='word_1_633' title='bbox 1524 2352 1654 2381; x_wconf 85' lang='lat' dir='ltr'>poenae</span> <span class='ocrx_word' id='word_1_634' title='bbox 1673 2342 1761 2374; x_wconf 85' lang='lat' dir='ltr'>aliae</span> <span class='ocrx_word' id='word_1_635' title='bbox 1782 2343 1866 2376; x_wconf 84' lang='lat' dir='ltr'>alias</span> <span class='ocrx_word' id='word_1_636' title='bbox 1883 2352 2019 2378; x_wconf 82' lang='lat' dir='ltr'>secutae</span> <span class='ocrx_word' id='word_1_637' title='bbox 2037 2353 2116 2379; x_wconf 90' lang='lat' dir='ltr'>sunt</span> 
     </span>
     <span class='ocr_line' id='line_1_98' title="bbox 1138 2389 2117 2434; baseline 0.008 -14"><span class='ocrx_word' id='word_1_638' title='bbox 1138 2389 1173 2420; x_wconf 94' lang='lat' dir='ltr'>in</span> <span class='ocrx_word' id='word_1_639' title='bbox 1201 2389 1337 2432; x_wconf 88' lang='lat' dir='ltr'>imperii</span> <span class='ocrx_word' id='word_1_640' title='bbox 1356 2389 1482 2421; x_wconf 88' lang='lat' dir='ltr'>ruinis:</span> <span class='ocrx_word' id='word_1_641' title='bbox 1512 2389 1572 2422; x_wconf 78' lang='lat' dir='ltr'>Bis</span> <span class='ocrx_word' id='word_1_642' title='bbox 1588 2398 1685 2434; x_wconf 87' lang='lat' dir='ltr'>capta</span> <span class='ocrx_word' id='word_1_643' title='bbox 1701 2399 1748 2425; x_wconf 89' lang='lat' dir='ltr'>est</span> <span class='ocrx_word' id='word_1_644' title='bbox 1768 2391 1877 2426; x_wconf 74' lang='lat' dir='ltr'>[iouia</span> <span class='ocrx_word' id='word_1_645' title='bbox 1896 2394 1985 2428; x_wconf 85' lang='lat' dir='ltr'>intra</span> <span class='ocrx_word' id='word_1_646' title='bbox 2004 2407 2117 2428; x_wconf 76' lang='lat' dir='ltr'>anuos</span> 
     </span>
     <span class='ocr_line' id='line_1_99' title="bbox 1135 2440 2114 2484; baseline 0.007 -13"><span class='ocrx_word' id='word_1_647' title='bbox 1135 2440 1364 2484; x_wconf 81' lang='lat' dir='ltr'>quadraginta</span> <span class='ocrx_word' id='word_1_648' title='bbox 1381 2446 1541 2483; x_wconf 88' lang='lat' dir='ltr'>quatuor.</span> <span class='ocrx_word' id='word_1_649' title='bbox 1595 2440 1752 2474; x_wconf 86' lang='lat' dir='ltr'>Primum</span> <span class='ocrx_word' id='word_1_650' title='bbox 1775 2443 1818 2474; x_wconf 85' lang='lat' dir='ltr'>ab</span> <span class='ocrx_word' id='word_1_651' title='bbox 1838 2441 1978 2478; x_wconf 81' lang='lat' dir='ltr'>Alarico</span> <span class='ocrx_word' id='word_1_652' title='bbox 1998 2445 2114 2478; x_wconf 60' lang='lat' dir='ltr'>(lolli-</span> 
     </span>
     <span class='ocr_line' id='line_1_100' title="bbox 1135 2488 2113 2535; baseline 0.005 -15"><span class='ocrx_word' id='word_1_653' title='bbox 1135 2502 1174 2521; x_wconf 88' lang='lat' dir='ltr'>co</span> <span class='ocrx_word' id='word_1_654' title='bbox 1208 2501 1285 2531; x_wconf 75' lang='lat' dir='ltr'>rege</span> <span class='ocrx_word' id='word_1_655' title='bbox 1315 2501 1408 2522; x_wconf 89' lang='lat' dir='ltr'>anuo</span> <span class='ocrx_word' id='word_1_656' title='bbox 1441 2488 1569 2523; x_wconf 69' lang='lat' dir='ltr'>(ln-isti</span> <span class='ocrx_word' id='word_1_657' title='bbox 1600 2492 1944 2535; x_wconf 72' lang='lat' dir='ltr'>quadringentesimo</span> <span class='ocrx_word' id='word_1_658' title='bbox 1980 2497 2113 2528; x_wconf 80' lang='lat' dir='ltr'>decimo</span> 
     </span>
     <span class='ocr_line' id='line_1_101' title="bbox 1134 2539 2111 2583; baseline 0.006 -12"><span class='ocrx_word' id='word_1_659' title='bbox 1134 2546 1258 2583; x_wconf 84' lang='lat' dir='ltr'>quarto</span> <span class='ocrx_word' id='word_1_660' title='bbox 1290 2546 1444 2581; x_wconf 83' lang='lat' dir='ltr'>tempore</span> <span class='ocrx_word' id='word_1_661' title='bbox 1481 2539 1647 2575; x_wconf 86' lang='lat' dir='ltr'>llouorii.</span> <span class='ocrx_word' id='word_1_662' title='bbox 1709 2541 1844 2576; x_wconf 80' lang='lat' dir='ltr'>Deinde</span> <span class='ocrx_word' id='word_1_663' title='bbox 1875 2556 1892 2577; x_wconf 86' lang='lat' dir='ltr'>a</span> <span class='ocrx_word' id='word_1_664' title='bbox 1922 2545 2111 2577; x_wconf 67' lang='lat' dir='ltr'>(leuserico</span> 
     </span>
     <span class='ocr_line' id='line_1_102' title="bbox 1134 2589 2110 2639; baseline 0.005 -17"><span class='ocrx_word' id='word_1_665' title='bbox 1134 2602 1209 2631; x_wconf 67' lang='lat' dir='ltr'>rege,</span> <span class='ocrx_word' id='word_1_666' title='bbox 1230 2589 1421 2622; x_wconf 62' lang='lat' dir='ltr'>Ysunlalico</span> <span class='ocrx_word' id='word_1_667' title='bbox 1448 2602 1541 2622; x_wconf 86' lang='lat' dir='ltr'>anuo</span> <span class='ocrx_word' id='word_1_668' title='bbox 1567 2592 1910 2636; x_wconf 65' lang='lat' dir='ltr'>quadringente-simo</span> <span class='ocrx_word' id='word_1_669' title='bbox 1936 2595 2110 2639; x_wconf 78' lang='lat' dir='ltr'>quiuqua-</span> 
     </span>
     <span class='ocr_line' id='line_1_103' title="bbox 1132 2640 1821 2683; baseline 0.007 -12"><span class='ocrx_word' id='word_1_670' title='bbox 1132 2640 1260 2683; x_wconf 75' lang='lat' dir='ltr'>gesimo</span> <span class='ocrx_word' id='word_1_671' title='bbox 1278 2652 1390 2681; x_wconf 86' lang='lat' dir='ltr'>nono,</span> <span class='ocrx_word' id='word_1_672' title='bbox 1417 2653 1509 2674; x_wconf 64' lang='lat' dir='ltr'>tutuo</span> <span class='ocrx_word' id='word_1_673' title='bbox 1528 2641 1697 2675; x_wconf 81' lang='lat' dir='ltr'>Martiaui</span> <span class='ocrx_word' id='word_1_674' title='bbox 1713 2649 1821 2676; x_wconf 74' lang='lat' dir='ltr'>sexto.</span> 
     </span>
    </p>
   </div>
  </div>
 </body>
</html>
