<?xml version="1.0" encoding="UTF-8"?>
<!DOCTYPE html PUBLIC "-//W3C//DTD XHTML 1.0 Transitional//EN"
    "http://www.w3.org/TR/xhtml1/DTD/xhtml1-transitional.dtd">
<html xmlns="http://www.w3.org/1999/xhtml" xml:lang="en" lang="en">
 <head>
  <title>
</title>
<meta http-equiv="Content-Type" content="text/html;charset=utf-8" />
  <meta name='ocr-system' content='tesseract 3.04.00' />
  <meta name='ocr-capabilities' content='ocr_page ocr_carea ocr_par ocr_line ocrx_word'/>
</head>
<body>
  <div class='ocr_page' id='page_1' title='image "./operaquaesupersu12melauoft/operaquaesupersu12melauoft_0155.png"; bbox 0 0 2324 2955; ppageno 0'>
   <div class='ocr_carea' id='block_1_1' title="bbox 108 111 182 144">
    <p class='ocr_par' dir='ltr' id='par_1_1' title="bbox 108 111 182 144">
     <span class='ocr_line' id='line_1_1' title="bbox 108 111 182 144; baseline 0 0"><span class='ocrx_word' id='word_1_1' title='bbox 108 111 182 144; x_wconf 73' lang='lat'>293</span> 
     </span>
    </p>
   </div>
   <div class='ocr_carea' id='block_1_2' title="bbox 107 193 1090 279">
    <p class='ocr_par' dir='ltr' id='par_1_2' title="bbox 107 193 1090 279">
     <span class='ocr_line' id='line_1_2' title="bbox 108 193 1090 238; baseline -0.001 -9"><span class='ocrx_word' id='word_1_2' title='bbox 108 194 302 231; x_wconf 89' lang='lat' dir='ltr'>lumnensi‚</span> <span class='ocrx_word' id='word_1_3' title='bbox 331 194 390 238; x_wconf 92' lang='lat' dir='ltr'>qui</span> <span class='ocrx_word' id='word_1_4' title='bbox 415 201 447 228; x_wconf 92' lang='lat' dir='ltr'>et</span> <span class='ocrx_word' id='word_1_5' title='bbox 470 194 636 238; x_wconf 86' lang='lat' dir='ltr'>Princeps</span> <span class='ocrx_word' id='word_1_6' title='bbox 661 201 692 228; x_wconf 91' lang='lat' dir='ltr'>et</span> <span class='ocrx_word' id='word_1_7' title='bbox 717 193 916 229; x_wconf 84' lang='lat' dir='ltr'>Cardinalis</span> <span class='ocrx_word' id='word_1_8' title='bbox 937 202 1008 229; x_wconf 86' lang='lat' dir='ltr'>erat</span> <span class='ocrx_word' id='word_1_9' title='bbox 1032 207 1090 228; x_wconf 88' lang='lat' dir='ltr'>ex-</span> 
     </span>
     <span class='ocr_line' id='line_1_3' title="bbox 107 245 389 279; baseline 0.004 -1"><span class='ocrx_word' id='word_1_10' title='bbox 107 245 234 278; x_wconf 91' lang='lat' dir='ltr'>cellens</span> <span class='ocrx_word' id='word_1_11' title='bbox 250 245 389 279; x_wconf 68' lang='lat' dir='ltr'>virtute.</span> 
     </span>
    </p>
   </div>
   <div class='ocr_carea' id='block_1_3' title="bbox 103 318 1091 1624">
    <p class='ocr_par' dir='ltr' id='par_1_3' title="bbox 103 318 1091 1624">
     <span class='ocr_line' id='line_1_4' title="bbox 210 318 1089 365; baseline 0.001 -13"><span class='ocrx_word' id='word_1_12' title='bbox 210 318 249 352; x_wconf 91' lang='lat' dir='ltr'>lu</span> <span class='ocrx_word' id='word_1_13' title='bbox 276 318 329 353; x_wconf 91' lang='lat' dir='ltr'>his</span> <span class='ocrx_word' id='word_1_14' title='bbox 348 332 435 365; x_wconf 86' lang='lat' dir='ltr'>quae</span> <span class='ocrx_word' id='word_1_15' title='bbox 452 318 618 353; x_wconf 84' lang='lat' dir='ltr'>hactenus</span> <span class='ocrx_word' id='word_1_16' title='bbox 636 322 702 363; x_wconf 77' lang='lat' dir='ltr'>egit</span> <span class='ocrx_word' id='word_1_17' title='bbox 723 321 942 361; x_wconf 77' lang='lat' dir='ltr'>Ludovicus,</span> <span class='ocrx_word' id='word_1_18' title='bbox 970 322 1089 354; x_wconf 90' lang='lat' dir='ltr'>mode-</span> 
     </span>
     <span class='ocr_line' id='line_1_5' title="bbox 106 371 1088 413; baseline 0 -9"><span class='ocrx_word' id='word_1_19' title='bbox 106 371 194 404; x_wconf 81' lang='lat' dir='ltr'>ratio</span> <span class='ocrx_word' id='word_1_20' title='bbox 220 371 293 403; x_wconf 92' lang='lat' dir='ltr'>eius</span> <span class='ocrx_word' id='word_1_21' title='bbox 321 372 423 403; x_wconf 86' lang='lat' dir='ltr'>laude</span> <span class='ocrx_word' id='word_1_22' title='bbox 444 371 547 413; x_wconf 77' lang='lat' dir='ltr'>digua</span> <span class='ocrx_word' id='word_1_23' title='bbox 573 378 632 404; x_wconf 87' lang='lat' dir='ltr'>est.</span> <span class='ocrx_word' id='word_1_24' title='bbox 686 371 808 405; x_wconf 85' lang='lat' dir='ltr'>Postea</span> <span class='ocrx_word' id='word_1_25' title='bbox 828 371 962 406; x_wconf 80' lang='lat' dir='ltr'>Rornae</span> <span class='ocrx_word' id='word_1_26' title='bbox 980 372 1088 404; x_wconf 88' lang='lat' dir='ltr'>creari</span> 
     </span>
     <span class='ocr_line' id='line_1_6' title="bbox 107 420 1088 465; baseline 0.002 -12"><span class='ocrx_word' id='word_1_27' title='bbox 107 421 206 454; x_wconf 92' lang='lat' dir='ltr'>iussit</span> <span class='ocrx_word' id='word_1_28' title='bbox 237 420 451 465; x_wconf 83' lang='lat' dir='ltr'>Episcopum</span> <span class='ocrx_word' id='word_1_29' title='bbox 482 421 683 455; x_wconf 84' lang='lat' dir='ltr'>Romanum</span> <span class='ocrx_word' id='word_1_30' title='bbox 710 422 852 455; x_wconf 87' lang='lat' dir='ltr'>Petrum</span> <span class='ocrx_word' id='word_1_31' title='bbox 877 422 1088 455; x_wconf 85' lang='lat' dir='ltr'>Corbarium</span> 
     </span>
     <span class='ocr_line' id='line_1_7' title="bbox 106 471 1088 516; baseline -0.001 -11"><span class='ocrx_word' id='word_1_32' title='bbox 106 471 375 505; x_wconf 86' lang='lat' dir='ltr'>Franciscanum</span> <span class='ocrx_word' id='word_1_33' title='bbox 394 472 429 504; x_wconf 92' lang='lat' dir='ltr'>in</span> <span class='ocrx_word' id='word_1_34' title='bbox 448 484 530 516; x_wconf 86' lang='lat' dir='ltr'>agro</span> <span class='ocrx_word' id='word_1_35' title='bbox 540 472 708 513; x_wconf 83' lang='lat' dir='ltr'>Reatino,</span> <span class='ocrx_word' id='word_1_36' title='bbox 739 485 777 505; x_wconf 89' lang='lat' dir='ltr'>ac</span> <span class='ocrx_word' id='word_1_37' title='bbox 794 473 992 506; x_wconf 85' lang='lat' dir='ltr'>nominavit</span> <span class='ocrx_word' id='word_1_38' title='bbox 1009 485 1088 505; x_wconf 93' lang='lat' dir='ltr'>eum</span> 
     </span>
     <span class='ocr_line' id='line_1_8' title="bbox 105 521 1088 565; baseline 0.001 -10"><span class='ocrx_word' id='word_1_39' title='bbox 105 521 288 556; x_wconf 77' lang='lat' dir='ltr'>Nicolaum</span> <span class='ocrx_word' id='word_1_40' title='bbox 308 521 492 565; x_wconf 85' lang='lat' dir='ltr'>Quintum.</span> <span class='ocrx_word' id='word_1_41' title='bbox 547 523 580 556; x_wconf 91' lang='lat' dir='ltr'>ls</span> <span class='ocrx_word' id='word_1_42' title='bbox 603 531 634 557; x_wconf 87' lang='lat' dir='ltr'>et</span> <span class='ocrx_word' id='word_1_43' title='bbox 652 535 710 556; x_wconf 82' lang='lat' dir='ltr'>sua</span> <span class='ocrx_word' id='word_1_44' title='bbox 727 524 875 556; x_wconf 86' lang='lat' dir='ltr'>fulmina</span> <span class='ocrx_word' id='word_1_45' title='bbox 893 531 1014 557; x_wconf 84' lang='lat' dir='ltr'>contra</span> <span class='ocrx_word' id='word_1_46' title='bbox 1033 523 1088 556; x_wconf 93' lang='lat' dir='ltr'>lo-</span> 
     </span>
     <span class='ocr_line' id='line_1_9' title="bbox 105 570 1089 608; baseline 0 -3"><span class='ocrx_word' id='word_1_47' title='bbox 105 570 257 605; x_wconf 85' lang='lat' dir='ltr'>hannem</span> <span class='ocrx_word' id='word_1_48' title='bbox 274 573 483 606; x_wconf 82' lang='lat' dir='ltr'>Vicesimum</span> <span class='ocrx_word' id='word_1_49' title='bbox 500 575 692 607; x_wconf 89' lang='lat' dir='ltr'>secundum</span> <span class='ocrx_word' id='word_1_50' title='bbox 711 574 832 608; x_wconf 80' lang='lat' dir='ltr'>edidit.</span> <span class='ocrx_word' id='word_1_51' title='bbox 885 574 952 607; x_wconf 87' lang='lat' dir='ltr'>Hic</span> <span class='ocrx_word' id='word_1_52' title='bbox 970 585 1089 607; x_wconf 86' lang='lat' dir='ltr'>rursus</span> 
     </span>
     <span class='ocr_line' id='line_1_10' title="bbox 104 622 1089 668; baseline 0.002 -13"><span class='ocrx_word' id='word_1_53' title='bbox 104 624 320 667; x_wconf 85' lang='lat' dir='ltr'>disputatum</span> <span class='ocrx_word' id='word_1_54' title='bbox 344 632 410 658; x_wconf 89' lang='lat' dir='ltr'>est:</span> <span class='ocrx_word' id='word_1_55' title='bbox 438 622 494 657; x_wconf 87' lang='lat' dir='ltr'>Au</span> <span class='ocrx_word' id='word_1_56' title='bbox 513 626 553 657; x_wconf 87' lang='lat' dir='ltr'>ad</span> <span class='ocrx_word' id='word_1_57' title='bbox 574 623 825 668; x_wconf 74' lang='lat' dir='ltr'>Imperatorem</span> <span class='ocrx_word' id='word_1_58' title='bbox 846 625 899 657; x_wconf 87' lang='lat' dir='ltr'>ius</span> <span class='ocrx_word' id='word_1_59' title='bbox 918 624 1089 668; x_wconf 88' lang='lat' dir='ltr'>pertineat</span> 
     </span>
     <span class='ocr_line' id='line_1_11' title="bbox 105 674 1087 716; baseline 0 -10"><span class='ocrx_word' id='word_1_60' title='bbox 105 674 283 707; x_wconf 87' lang='lat' dir='ltr'>adimendi</span> <span class='ocrx_word' id='word_1_61' title='bbox 317 674 522 716; x_wconf 86' lang='lat' dir='ltr'>dignitatem</span> <span class='ocrx_word' id='word_1_62' title='bbox 548 674 728 715; x_wconf 81' lang='lat' dir='ltr'>Pontifici,</span> <span class='ocrx_word' id='word_1_63' title='bbox 764 682 794 708; x_wconf 88' lang='lat' dir='ltr'>et</span> <span class='ocrx_word' id='word_1_64' title='bbox 821 676 928 709; x_wconf 84' lang='lat' dir='ltr'>alium</span> <span class='ocrx_word' id='word_1_65' title='bbox 957 675 1087 708; x_wconf 87' lang='lat' dir='ltr'>consti-</span> 
     </span>
     <span class='ocr_line' id='line_1_12' title="bbox 104 724 1089 769; baseline 0 -11"><span class='ocrx_word' id='word_1_66' title='bbox 104 725 250 764; x_wconf 85' lang='lat' dir='ltr'>tuendi,</span> <span class='ocrx_word' id='word_1_67' title='bbox 286 731 317 758; x_wconf 91' lang='lat' dir='ltr'>et</span> <span class='ocrx_word' id='word_1_68' title='bbox 348 737 418 769; x_wconf 86' lang='lat' dir='ltr'>quo</span> <span class='ocrx_word' id='word_1_69' title='bbox 448 726 574 758; x_wconf 80' lang='lat' dir='ltr'>ordine</span> <span class='ocrx_word' id='word_1_70' title='bbox 598 724 663 759; x_wconf 89' lang='lat' dir='ltr'>hoc</span> <span class='ocrx_word' id='word_1_71' title='bbox 688 727 762 759; x_wconf 85' lang='lat' dir='ltr'>fieri</span> <span class='ocrx_word' id='word_1_72' title='bbox 787 726 938 759; x_wconf 76' lang='lat' dir='ltr'>debeat?</span> <span class='ocrx_word' id='word_1_73' title='bbox 991 724 1089 758; x_wconf 89' lang='lat' dir='ltr'>Sicut</span> 
     </span>
     <span class='ocr_line' id='line_1_13' title="bbox 105 772 1088 821; baseline 0.001 -13"><span class='ocrx_word' id='word_1_74' title='bbox 105 772 193 809; x_wconf 79' lang='lat' dir='ltr'>Ouo</span> <span class='ocrx_word' id='word_1_75' title='bbox 222 774 360 808; x_wconf 80' lang='lat' dir='ltr'>Primus</span> <span class='ocrx_word' id='word_1_76' title='bbox 388 774 551 809; x_wconf 75' lang='lat' dir='ltr'>Pontifici</span> <span class='ocrx_word' id='word_1_77' title='bbox 583 777 720 819; x_wconf 87' lang='lat' dir='ltr'>cognita</span> <span class='ocrx_word' id='word_1_78' title='bbox 750 789 848 810; x_wconf 86' lang='lat' dir='ltr'>causa</span> <span class='ocrx_word' id='word_1_79' title='bbox 882 777 918 808; x_wconf 89' lang='lat' dir='ltr'>iu</span> <span class='ocrx_word' id='word_1_80' title='bbox 944 775 1088 821; x_wconf 80' lang='lat' dir='ltr'>Synodo</span> 
     </span>
     <span class='ocr_line' id='line_1_14' title="bbox 103 825 1088 869; baseline 0.002 -12"><span class='ocrx_word' id='word_1_81' title='bbox 103 825 308 869; x_wconf 85' lang='lat' dir='ltr'>dignitatem</span> <span class='ocrx_word' id='word_1_82' title='bbox 341 827 482 861; x_wconf 87' lang='lat' dir='ltr'>ademit.</span> <span class='ocrx_word' id='word_1_83' title='bbox 549 826 620 860; x_wconf 90' lang='lat' dir='ltr'>Nec</span> <span class='ocrx_word' id='word_1_84' title='bbox 648 828 797 860; x_wconf 88' lang='lat' dir='ltr'>dubium</span> <span class='ocrx_word' id='word_1_85' title='bbox 825 834 874 861; x_wconf 90' lang='lat' dir='ltr'>est</span> <span class='ocrx_word' id='word_1_86' title='bbox 896 825 1088 860; x_wconf 87' lang='lat' dir='ltr'>Ecclesiam</span> 
     </span>
     <span class='ocr_line' id='line_1_15' title="bbox 103 876 1089 915; baseline 0.001 -7"><span class='ocrx_word' id='word_1_87' title='bbox 103 876 230 909; x_wconf 84' lang='lat' dir='ltr'>debere</span> <span class='ocrx_word' id='word_1_88' title='bbox 260 889 389 910; x_wconf 87' lang='lat' dir='ltr'>munus</span> <span class='ocrx_word' id='word_1_89' title='bbox 413 878 564 910; x_wconf 86' lang='lat' dir='ltr'>docendi</span> <span class='ocrx_word' id='word_1_90' title='bbox 589 878 741 911; x_wconf 75' lang='lat' dir='ltr'>adimere</span> <span class='ocrx_word' id='word_1_91' title='bbox 765 878 850 911; x_wconf 89' lang='lat' dir='ltr'>falsa</span> <span class='ocrx_word' id='word_1_92' title='bbox 874 877 1089 915; x_wconf 85' lang='lat' dir='ltr'>defendenti,</span> 
     </span>
     <span class='ocr_line' id='line_1_16' title="bbox 103 926 1088 972; baseline 0.001 -13"><span class='ocrx_word' id='word_1_93' title='bbox 103 926 210 972; x_wconf 87' lang='lat' dir='ltr'>idque</span> <span class='ocrx_word' id='word_1_94' title='bbox 233 928 357 960; x_wconf 84' lang='lat' dir='ltr'>ordine</span> <span class='ocrx_word' id='word_1_95' title='bbox 380 929 576 961; x_wconf 82' lang='lat' dir='ltr'>faciendum</span> <span class='ocrx_word' id='word_1_96' title='bbox 602 935 652 962; x_wconf 83' lang='lat' dir='ltr'>est</span> <span class='ocrx_word' id='word_1_97' title='bbox 677 940 777 961; x_wconf 84' lang='lat' dir='ltr'>causa</span> <span class='ocrx_word' id='word_1_98' title='bbox 804 929 954 971; x_wconf 86' lang='lat' dir='ltr'>cognita.</span> <span class='ocrx_word' id='word_1_99' title='bbox 1020 928 1088 962; x_wconf 83' lang='lat' dir='ltr'>Sed</span> 
     </span>
     <span class='ocr_line' id='line_1_17' title="bbox 104 976 1090 1022; baseline 0.001 -12"><span class='ocrx_word' id='word_1_100' title='bbox 104 976 323 1011; x_wconf 90' lang='lat' dir='ltr'>Ludovicum</span> <span class='ocrx_word' id='word_1_101' title='bbox 347 979 497 1022; x_wconf 88' lang='lat' dir='ltr'>optarim</span> <span class='ocrx_word' id='word_1_102' title='bbox 525 979 630 1012; x_wconf 83' lang='lat' dir='ltr'>fuisse</span> <span class='ocrx_word' id='word_1_103' title='bbox 654 986 857 1012; x_wconf 88' lang='lat' dir='ltr'>contentum</span> <span class='ocrx_word' id='word_1_104' title='bbox 878 979 1016 1011; x_wconf 89' lang='lat' dir='ltr'>iudiciis</span> <span class='ocrx_word' id='word_1_105' title='bbox 1036 991 1090 1012; x_wconf 89' lang='lat' dir='ltr'>sa—</span> 
     </span>
     <span class='ocr_line' id='line_1_18' title="bbox 104 1028 1089 1073; baseline 0.001 -13"><span class='ocrx_word' id='word_1_106' title='bbox 104 1028 260 1072; x_wconf 91' lang='lat' dir='ltr'>pientum</span> <span class='ocrx_word' id='word_1_107' title='bbox 279 1029 321 1060; x_wconf 85' lang='lat' dir='ltr'>de</span> <span class='ocrx_word' id='word_1_108' title='bbox 336 1028 395 1068; x_wconf 88' lang='lat' dir='ltr'>iis,</span> <span class='ocrx_word' id='word_1_109' title='bbox 422 1041 510 1073; x_wconf 90' lang='lat' dir='ltr'>quae</span> <span class='ocrx_word' id='word_1_110' title='bbox 525 1036 623 1062; x_wconf 89' lang='lat' dir='ltr'>antea</span> <span class='ocrx_word' id='word_1_111' title='bbox 640 1037 764 1072; x_wconf 77' lang='lat' dir='ltr'>egerat,</span> <span class='ocrx_word' id='word_1_112' title='bbox 792 1030 994 1073; x_wconf 87' lang='lat' dir='ltr'>praesertim</span> <span class='ocrx_word' id='word_1_113' title='bbox 1011 1041 1089 1061; x_wconf 89' lang='lat' dir='ltr'>cum</span> 
     </span>
     <span class='ocr_line' id='line_1_19' title="bbox 104 1077 1090 1115; baseline 0.001 -4"><span class='ocrx_word' id='word_1_114' title='bbox 104 1090 235 1112; x_wconf 89' lang='lat' dir='ltr'>novum</span> <span class='ocrx_word' id='word_1_115' title='bbox 261 1077 466 1112; x_wconf 84' lang='lat' dir='ltr'>Pontificem</span> <span class='ocrx_word' id='word_1_116' title='bbox 494 1092 566 1113; x_wconf 87' lang='lat' dir='ltr'>non</span> <span class='ocrx_word' id='word_1_117' title='bbox 590 1081 795 1113; x_wconf 84' lang='lat' dir='ltr'>defensurus</span> <span class='ocrx_word' id='word_1_118' title='bbox 817 1088 914 1115; x_wconf 88' lang='lat' dir='ltr'>esset.</span> <span class='ocrx_word' id='word_1_119' title='bbox 979 1079 1090 1113; x_wconf 83' lang='lat' dir='ltr'>Miser</span> 
     </span>
     <span class='ocr_line' id='line_1_20' title="bbox 104 1128 1089 1175; baseline 0.001 -14"><span class='ocrx_word' id='word_1_120' title='bbox 104 1129 163 1162; x_wconf 94' lang='lat' dir='ltr'>ille</span> <span class='ocrx_word' id='word_1_121' title='bbox 180 1128 347 1163; x_wconf 81' lang='lat' dir='ltr'>Nicotaus</span> <span class='ocrx_word' id='word_1_122' title='bbox 374 1137 490 1174; x_wconf 78' lang='lat' dir='ltr'>postea</span> <span class='ocrx_word' id='word_1_123' title='bbox 515 1138 634 1175; x_wconf 87' lang='lat' dir='ltr'>captus</span> <span class='ocrx_word' id='word_1_124' title='bbox 658 1131 694 1163; x_wconf 91' lang='lat' dir='ltr'>iu</span> <span class='ocrx_word' id='word_1_125' title='bbox 714 1130 868 1164; x_wconf 88' lang='lat' dir='ltr'>Galliam</span> <span class='ocrx_word' id='word_1_126' title='bbox 887 1130 1012 1163; x_wconf 89' lang='lat' dir='ltr'>missus</span> <span class='ocrx_word' id='word_1_127' title='bbox 1029 1137 1089 1167; x_wconf 86' lang='lat' dir='ltr'>est,</span> 
     </span>
     <span class='ocr_line' id='line_1_21' title="bbox 103 1180 1089 1216; baseline 0.001 -4"><span class='ocrx_word' id='word_1_128' title='bbox 103 1180 165 1213; x_wconf 90' lang='lat' dir='ltr'>ubi</span> <span class='ocrx_word' id='word_1_129' title='bbox 197 1181 233 1212; x_wconf 89' lang='lat' dir='ltr'>in</span> <span class='ocrx_word' id='word_1_130' title='bbox 264 1192 400 1214; x_wconf 83' lang='lat' dir='ltr'>carcere</span> <span class='ocrx_word' id='word_1_131' title='bbox 426 1189 585 1215; x_wconf 90' lang='lat' dir='ltr'>mortuus</span> <span class='ocrx_word' id='word_1_132' title='bbox 607 1190 664 1216; x_wconf 88' lang='lat' dir='ltr'>est.</span> <span class='ocrx_word' id='word_1_133' title='bbox 735 1182 801 1215; x_wconf 90' lang='lat' dir='ltr'>Sed</span> <span class='ocrx_word' id='word_1_134' title='bbox 829 1181 937 1214; x_wconf 82' lang='lat' dir='ltr'>animi</span> <span class='ocrx_word' id='word_1_135' title='bbox 963 1181 1089 1213; x_wconf 89' lang='lat' dir='ltr'>irritati</span> 
     </span>
     <span class='ocr_line' id='line_1_22' title="bbox 104 1231 1091 1265; baseline -0.001 -2"><span class='ocrx_word' id='word_1_136' title='bbox 104 1231 328 1264; x_wconf 85' lang='lat' dir='ltr'>contumeliis</span> <span class='ocrx_word' id='word_1_137' title='bbox 361 1232 549 1265; x_wconf 83' lang='lat' dir='ltr'>difficulter</span> <span class='ocrx_word' id='word_1_138' title='bbox 581 1233 717 1264; x_wconf 87' lang='lat' dir='ltr'>frenare</span> <span class='ocrx_word' id='word_1_139' title='bbox 744 1233 829 1265; x_wconf 83' lang='lat' dir='ltr'>iram</span> <span class='ocrx_word' id='word_1_140' title='bbox 856 1239 888 1264; x_wconf 87' lang='lat' dir='ltr'>et</span> <span class='ocrx_word' id='word_1_141' title='bbox 916 1231 1091 1264; x_wconf 86' lang='lat' dir='ltr'>vindictae</span> 
     </span>
     <span class='ocr_line' id='line_1_23' title="bbox 104 1281 1089 1323; baseline 0.001 -11"><span class='ocrx_word' id='word_1_142' title='bbox 104 1281 331 1323; x_wconf 77' lang='lat' dir='ltr'>cupiditatem</span> <span class='ocrx_word' id='word_1_143' title='bbox 362 1289 526 1322; x_wconf 81' lang='lat' dir='ltr'>possunt,</span> <span class='ocrx_word' id='word_1_144' title='bbox 571 1283 770 1322; x_wconf 67' lang='lat' dir='ltr'>pr21050rtim</span> <span class='ocrx_word' id='word_1_145' title='bbox 804 1284 915 1311; x_wconf 86' lang='lat' dir='ltr'>donec</span> <span class='ocrx_word' id='word_1_146' title='bbox 949 1283 1089 1314; x_wconf 85' lang='lat' dir='ltr'>fortuna</span> 
     </span>
     <span class='ocr_line' id='line_1_24' title="bbox 105 1329 1090 1372; baseline -0.002 -10"><span class='ocrx_word' id='word_1_147' title='bbox 105 1336 155 1362; x_wconf 92' lang='lat' dir='ltr'>est</span> <span class='ocrx_word' id='word_1_148' title='bbox 180 1330 430 1372; x_wconf 76' lang='lat' dir='ltr'>indulgentior.</span> <span class='ocrx_word' id='word_1_149' title='bbox 497 1329 567 1361; x_wconf 80' lang='lat' dir='ltr'>Nec</span> <span class='ocrx_word' id='word_1_150' title='bbox 591 1336 669 1372; x_wconf 86' lang='lat' dir='ltr'>post</span> <span class='ocrx_word' id='word_1_151' title='bbox 690 1330 841 1361; x_wconf 88' lang='lat' dir='ltr'>reditum</span> <span class='ocrx_word' id='word_1_152' title='bbox 866 1341 905 1361; x_wconf 84' lang='lat' dir='ltr'>ex</span> <span class='ocrx_word' id='word_1_153' title='bbox 928 1329 1027 1362; x_wconf 90' lang='lat' dir='ltr'>Italia</span> <span class='ocrx_word' id='word_1_154' title='bbox 1056 1330 1090 1360; x_wconf 89' lang='lat' dir='ltr'>in</span> 
     </span>
     <span class='ocr_line' id='line_1_25' title="bbox 106 1378 1091 1421; baseline -0.002 -8"><span class='ocrx_word' id='word_1_155' title='bbox 106 1378 332 1413; x_wconf 75' lang='lat' dir='ltr'>Germaniam</span> <span class='ocrx_word' id='word_1_156' title='bbox 359 1391 413 1412; x_wconf 89' lang='lat' dir='ltr'>res</span> <span class='ocrx_word' id='word_1_157' title='bbox 436 1380 602 1412; x_wconf 87' lang='lat' dir='ltr'>memoria</span> <span class='ocrx_word' id='word_1_158' title='bbox 620 1381 743 1421; x_wconf 82' lang='lat' dir='ltr'>dignas</span> <span class='ocrx_word' id='word_1_159' title='bbox 760 1379 962 1412; x_wconf 85' lang='lat' dir='ltr'>Ludovicus</span> <span class='ocrx_word' id='word_1_160' title='bbox 978 1379 1091 1421; x_wconf 79' lang='lat' dir='ltr'>gessit,</span> 
     </span>
     <span class='ocr_line' id='line_1_26' title="bbox 104 1427 1091 1473; baseline -0.002 -11"><span class='ocrx_word' id='word_1_161' title='bbox 104 1430 241 1473; x_wconf 86' lang='lat' dir='ltr'>placare</span> <span class='ocrx_word' id='word_1_162' title='bbox 257 1429 460 1468; x_wconf 79' lang='lat' dir='ltr'>Pontifices,</span> <span class='ocrx_word' id='word_1_163' title='bbox 484 1430 543 1473; x_wconf 87' lang='lat' dir='ltr'>qui</span> <span class='ocrx_word' id='word_1_164' title='bbox 561 1430 703 1462; x_wconf 90' lang='lat' dir='ltr'>suerunt</span> <span class='ocrx_word' id='word_1_165' title='bbox 720 1437 796 1472; x_wconf 89' lang='lat' dir='ltr'>post</span> <span class='ocrx_word' id='word_1_166' title='bbox 816 1427 1009 1461; x_wconf 84' lang='lat' dir='ltr'>Iohannem</span> <span class='ocrx_word' id='word_1_167' title='bbox 1030 1428 1091 1460; x_wconf 66' lang='lat' dir='ltr'>Vi-</span> 
     </span>
     <span class='ocr_line' id='line_1_27' title="bbox 104 1478 1090 1512; baseline -0.002 0"><span class='ocrx_word' id='word_1_168' title='bbox 104 1480 270 1512; x_wconf 85' lang='lat' dir='ltr'>cesimum</span> <span class='ocrx_word' id='word_1_169' title='bbox 296 1480 488 1511; x_wconf 88' lang='lat' dir='ltr'>secundum</span> <span class='ocrx_word' id='word_1_170' title='bbox 510 1486 654 1511; x_wconf 84' lang='lat' dir='ltr'>conatus</span> <span class='ocrx_word' id='word_1_171' title='bbox 671 1486 731 1512; x_wconf 84' lang='lat' dir='ltr'>est.</span> <span class='ocrx_word' id='word_1_172' title='bbox 785 1478 853 1512; x_wconf 88' lang='lat' dir='ltr'>Sed</span> <span class='ocrx_word' id='word_1_173' title='bbox 873 1478 1090 1511; x_wconf 83' lang='lat' dir='ltr'>Clementem</span> 
     </span>
     <span class='ocr_line' id='line_1_28' title="bbox 104 1526 1091 1562; baseline -0.001 0"><span class='ocrx_word' id='word_1_174' title='bbox 104 1527 230 1562; x_wconf 86' lang='lat' dir='ltr'>habuit</span> <span class='ocrx_word' id='word_1_175' title='bbox 260 1541 331 1562; x_wconf 89' lang='lat' dir='ltr'>non</span> <span class='ocrx_word' id='word_1_176' title='bbox 362 1529 622 1561; x_wconf 89' lang='lat' dir='ltr'>clementiorem</span> <span class='ocrx_word' id='word_1_177' title='bbox 649 1526 807 1561; x_wconf 87' lang='lat' dir='ltr'>Iohanne</span> <span class='ocrx_word' id='word_1_178' title='bbox 829 1528 1005 1561; x_wconf 84' lang='lat' dir='ltr'>Vicesimo</span> <span class='ocrx_word' id='word_1_179' title='bbox 1038 1540 1091 1561; x_wconf 89' lang='lat' dir='ltr'>se—</span> 
     </span>
     <span class='ocr_line' id='line_1_29' title="bbox 103 1577 980 1624; baseline -0.002 -11"><span class='ocrx_word' id='word_1_180' title='bbox 103 1580 220 1613; x_wconf 89' lang='lat' dir='ltr'>cundo</span> <span class='ocrx_word' id='word_1_181' title='bbox 232 1607 240 1620; x_wconf 90' lang='lat'>,</span> <span class='ocrx_word' id='word_1_182' title='bbox 265 1591 372 1624; x_wconf 83' lang='lat' dir='ltr'>quare</span> <span class='ocrx_word' id='word_1_183' title='bbox 389 1586 420 1612; x_wconf 89' lang='lat' dir='ltr'>et</span> <span class='ocrx_word' id='word_1_184' title='bbox 437 1581 602 1612; x_wconf 79' lang='lat' dir='ltr'>adversus</span> <span class='ocrx_word' id='word_1_185' title='bbox 618 1577 713 1612; x_wconf 93' lang='lat' dir='ltr'>hunc</span> <span class='ocrx_word' id='word_1_186' title='bbox 732 1579 841 1612; x_wconf 89' lang='lat' dir='ltr'>edicta</span> <span class='ocrx_word' id='word_1_187' title='bbox 860 1579 980 1611; x_wconf 83' lang='lat' dir='ltr'>edidit.</span> 
     </span>
    </p>
   </div>
   <div class='ocr_carea' id='block_1_4' title="bbox 104 1655 1095 2716">
    <p class='ocr_par' dir='ltr' id='par_1_4' title="bbox 104 1655 1095 2716">
     <span class='ocr_line' id='line_1_30' title="bbox 207 1655 1090 1700; baseline 0 -12"><span class='ocrx_word' id='word_1_188' title='bbox 207 1655 400 1689; x_wconf 82' lang='lat' dir='ltr'>Infeliciter</span> <span class='ocrx_word' id='word_1_189' title='bbox 421 1656 523 1689; x_wconf 86' lang='lat' dir='ltr'>etiam</span> <span class='ocrx_word' id='word_1_190' title='bbox 543 1656 716 1700; x_wconf 88' lang='lat' dir='ltr'>implicuit</span> <span class='ocrx_word' id='word_1_191' title='bbox 736 1668 770 1689; x_wconf 92' lang='lat' dir='ltr'>se</span> <span class='ocrx_word' id='word_1_192' title='bbox 790 1656 985 1689; x_wconf 87' lang='lat' dir='ltr'>discordiae</span> <span class='ocrx_word' id='word_1_193' title='bbox 1002 1657 1090 1688; x_wconf 90' lang='lat' dir='ltr'>‹luo-</span> 
     </span>
     <span class='ocr_line' id='line_1_31' title="bbox 105 1704 1091 1751; baseline -0.002 -11"><span class='ocrx_word' id='word_1_194' title='bbox 105 1719 182 1741; x_wconf 87' lang='lat' dir='ltr'>rum</span> <span class='ocrx_word' id='word_1_195' title='bbox 211 1719 329 1751; x_wconf 85' lang='lat' dir='ltr'>regum</span> <span class='ocrx_word' id='word_1_196' title='bbox 355 1705 511 1751; x_wconf 87' lang='lat' dir='ltr'>Philippi</span> <span class='ocrx_word' id='word_1_197' title='bbox 538 1706 665 1740; x_wconf 81' lang='lat' dir='ltr'>Valesii</span> <span class='ocrx_word' id='word_1_198' title='bbox 698 1714 729 1740; x_wconf 92' lang='lat' dir='ltr'>et</span> <span class='ocrx_word' id='word_1_199' title='bbox 754 1705 913 1740; x_wconf 88' lang='lat' dir='ltr'>Eduardi</span> <span class='ocrx_word' id='word_1_200' title='bbox 939 1704 1091 1749; x_wconf 83' lang='lat' dir='ltr'>Anglici,</span> 
     </span>
     <span class='ocr_line' id='line_1_32' title="bbox 104 1758 1090 1803; baseline 0 -13"><span class='ocrx_word' id='word_1_201' title='bbox 104 1758 164 1803; x_wconf 91' lang='lat' dir='ltr'>qui</span> <span class='ocrx_word' id='word_1_202' title='bbox 196 1769 273 1791; x_wconf 94' lang='lat' dir='ltr'>cum</span> <span class='ocrx_word' id='word_1_203' title='bbox 300 1764 412 1790; x_wconf 81' lang='lat' dir='ltr'>essent</span> <span class='ocrx_word' id='word_1_204' title='bbox 437 1758 655 1797; x_wconf 80' lang='lat' dir='ltr'>astutissimi,</span> <span class='ocrx_word' id='word_1_205' title='bbox 690 1758 792 1790; x_wconf 88' lang='lat' dir='ltr'>ambo</span> <span class='ocrx_word' id='word_1_206' title='bbox 817 1770 895 1790; x_wconf 90' lang='lat' dir='ltr'>eum</span> <span class='ocrx_word' id='word_1_207' title='bbox 922 1758 1090 1790; x_wconf 78' lang='lat' dir='ltr'>ludificati</span> 
     </span>
     <span class='ocr_line' id='line_1_33' title="bbox 105 1806 1088 1853; baseline -0.002 -11"><span class='ocrx_word' id='word_1_208' title='bbox 105 1815 197 1844; x_wconf 89' lang='lat' dir='ltr'>sunt.</span> <span class='ocrx_word' id='word_1_209' title='bbox 241 1808 308 1843; x_wconf 85' lang='lat' dir='ltr'>Sed</span> <span class='ocrx_word' id='word_1_210' title='bbox 327 1809 468 1853; x_wconf 89' lang='lat' dir='ltr'>utrique</span> <span class='ocrx_word' id='word_1_211' title='bbox 485 1808 609 1841; x_wconf 90' lang='lat' dir='ltr'>accidit</span> <span class='ocrx_word' id='word_1_212' title='bbox 625 1808 805 1853; x_wconf 82' lang='lat' dir='ltr'>aliquanto</span> <span class='ocrx_word' id='word_1_213' title='bbox 822 1815 899 1852; x_wconf 89' lang='lat' dir='ltr'>post</span> <span class='ocrx_word' id='word_1_214' title='bbox 914 1806 980 1840; x_wconf 91' lang='lat' dir='ltr'>hoc</span> <span class='ocrx_word' id='word_1_215' title='bbox 995 1810 1088 1852; x_wconf 87' lang='lat' dir='ltr'>quod</span> 
     </span>
     <span class='ocr_line' id='line_1_34' title="bbox 105 1855 1090 1906; baseline -0.001 -14"><span class='ocrx_word' id='word_1_216' title='bbox 105 1859 250 1893; x_wconf 89' lang='lat' dir='ltr'>dicitur:</span> <span class='ocrx_word' id='word_1_217' title='bbox 285 1857 415 1906; x_wconf 70' lang='grc' dir='ltr'><em>γεραιὰ</em></span> <span class='ocrx_word' id='word_1_218' title='bbox 444 1856 593 1903; x_wconf 74' lang='grc' dir='ltr'><em>ἀλώπηξ</em></span> <span class='ocrx_word' id='word_1_219' title='bbox 623 1855 730 1906; x_wconf 76' lang='grc' dir='ltr'><em>μόγις</em></span> <span class='ocrx_word' id='word_1_220' title='bbox 759 1856 962 1899; x_wconf 75' lang='grc' dir='ltr'><em>ἁλίσκεται,</em></span> <span class='ocrx_word' id='word_1_221' title='bbox 1000 1857 1090 1891; x_wconf 78' lang='grc' dir='ltr'><em>ἀλλὰ</em></span> 
     </span>
     <span class='ocr_line' id='line_1_35' title="bbox 105 1907 1089 1954; baseline -0.003 -10"><span class='ocrx_word' id='word_1_222' title='bbox 105 1908 205 1954; x_wconf 80' lang='grc' dir='ltr'>ὅμως</span> <span class='ocrx_word' id='word_1_223' title='bbox 229 1907 425 1944; x_wconf 78' lang='grc' dir='ltr'><strong><em>ἁλίσκεται.</em></strong></span> <span class='ocrx_word' id='word_1_224' title='bbox 482 1909 641 1943; x_wconf 78' lang='lat' dir='ltr'>Valesius</span> <span class='ocrx_word' id='word_1_225' title='bbox 665 1910 767 1943; x_wconf 87' lang='lat' dir='ltr'>etiam</span> <span class='ocrx_word' id='word_1_226' title='bbox 793 1923 832 1942; x_wconf 87' lang='lat' dir='ltr'>eo</span> <span class='ocrx_word' id='word_1_227' title='bbox 859 1910 1007 1943; x_wconf 88' lang='lat' dir='ltr'>multum</span> <span class='ocrx_word' id='word_1_228' title='bbox 1028 1922 1089 1942; x_wconf 88' lang='lat' dir='ltr'>no-</span> 
     </span>
     <span class='ocr_line' id='line_1_36' title="bbox 106 1958 1090 2006; baseline -0.003 -11"><span class='ocrx_word' id='word_1_229' title='bbox 106 1962 177 1995; x_wconf 85' lang='lat' dir='ltr'>cuit</span> <span class='ocrx_word' id='word_1_230' title='bbox 192 1961 391 2001; x_wconf 80' lang='lat' dir='ltr'>Ludovic0‚</span> <span class='ocrx_word' id='word_1_231' title='bbox 418 1961 511 2006; x_wconf 90' lang='lat' dir='ltr'>quod</span> <span class='ocrx_word' id='word_1_232' title='bbox 529 1961 572 1993; x_wconf 81' lang='lat' dir='ltr'>ab</span> <span class='ocrx_word' id='word_1_233' title='bbox 589 1973 629 1993; x_wconf 88' lang='lat' dir='ltr'>eo</span> <span class='ocrx_word' id='word_1_234' title='bbox 648 1958 841 1993; x_wconf 86' lang='lat' dir='ltr'>Iohannem</span> <span class='ocrx_word' id='word_1_235' title='bbox 861 1972 973 2003; x_wconf 78' lang='lat' dir='ltr'>regem</span> <span class='ocrx_word' id='word_1_236' title='bbox 986 1960 1090 1993; x_wconf 86' lang='lat' dir='ltr'>Boie-</span> 
     </span>
     <span class='ocr_line' id='line_1_37' title="bbox 105 2008 1090 2057; baseline -0.002 -12"><span class='ocrx_word' id='word_1_237' title='bbox 105 2012 195 2045; x_wconf 88' lang='lat' dir='ltr'>miae</span> <span class='ocrx_word' id='word_1_238' title='bbox 214 2012 392 2050; x_wconf 82' lang='lat' dir='ltr'>abstraxit,</span> <span class='ocrx_word' id='word_1_239' title='bbox 417 2012 601 2056; x_wconf 77' lang='lat' dir='ltr'>quisuerat</span> <span class='ocrx_word' id='word_1_240' title='bbox 612 2018 710 2045; x_wconf 86' lang='lat' dir='ltr'>antea</span> <span class='ocrx_word' id='word_1_241' title='bbox 729 2008 966 2057; x_wconf 74' lang='grc' dir='ltr'><em>παρασῖάιης</em></span> <span class='ocrx_word' id='word_1_242' title='bbox 983 2012 1090 2055; x_wconf 87' lang='lat' dir='ltr'>ipsius</span> 
     </span>
     <span class='ocr_line' id='line_1_38' title="bbox 106 2061 1091 2097; baseline 0 -2"><span class='ocrx_word' id='word_1_243' title='bbox 106 2061 144 2095; x_wconf 82' lang='lat' dir='ltr'>in</span> <span class='ocrx_word' id='word_1_244' title='bbox 173 2063 340 2095; x_wconf 90' lang='lat' dir='ltr'>omnibus</span> <span class='ocrx_word' id='word_1_245' title='bbox 370 2063 482 2097; x_wconf 88' lang='lat' dir='ltr'>bellis.</span> <span class='ocrx_word' id='word_1_246' title='bbox 542 2061 719 2096; x_wconf 84' lang='lat' dir='ltr'>Disiunxit</span> <span class='ocrx_word' id='word_1_247' title='bbox 750 2075 784 2095; x_wconf 92' lang='lat' dir='ltr'>se</span> <span class='ocrx_word' id='word_1_248' title='bbox 812 2075 828 2096; x_wconf 86' lang='lat' dir='ltr'>a</span> <span class='ocrx_word' id='word_1_249' title='bbox 854 2062 1034 2095; x_wconf 88' lang='lat' dir='ltr'>Ludovico</span> <span class='ocrx_word' id='word_1_250' title='bbox 1060 2069 1091 2095; x_wconf 88' lang='lat' dir='ltr'>et</span> 
     </span>
     <span class='ocr_line' id='line_1_39' title="bbox 107 2111 1091 2157; baseline 0 -11"><span class='ocrx_word' id='word_1_251' title='bbox 107 2112 331 2146; x_wconf 85' lang='lat' dir='ltr'>Trevirensis</span> <span class='ocrx_word' id='word_1_252' title='bbox 356 2111 518 2153; x_wconf 87' lang='lat' dir='ltr'>Elector,</span> <span class='ocrx_word' id='word_1_253' title='bbox 549 2113 608 2157; x_wconf 88' lang='lat' dir='ltr'>qui</span> <span class='ocrx_word' id='word_1_254' title='bbox 632 2120 730 2146; x_wconf 85' lang='lat' dir='ltr'>antea</span> <span class='ocrx_word' id='word_1_255' title='bbox 756 2114 850 2146; x_wconf 91' lang='lat' dir='ltr'>velut</span> <span class='ocrx_word' id='word_1_256' title='bbox 875 2120 993 2157; x_wconf 88' lang='lat' dir='ltr'>pectus</span> <span class='ocrx_word' id='word_1_257' title='bbox 1018 2113 1091 2146; x_wconf 88' lang='lat' dir='ltr'>eius</span> 
     </span>
     <span class='ocr_line' id='line_1_40' title="bbox 106 2163 1089 2206; baseline -0.001 -9"><span class='ocrx_word' id='word_1_258' title='bbox 106 2164 234 2204; x_wconf 86' lang='lat' dir='ltr'>fuerat,</span> <span class='ocrx_word' id='word_1_259' title='bbox 262 2171 293 2197; x_wconf 89' lang='lat' dir='ltr'>et</span> <span class='ocrx_word' id='word_1_260' title='bbox 307 2164 468 2196; x_wconf 90' lang='lat' dir='ltr'>omnium</span> <span class='ocrx_word' id='word_1_261' title='bbox 485 2164 712 2197; x_wconf 90' lang='lat' dir='ltr'>consiliorum</span> <span class='ocrx_word' id='word_1_262' title='bbox 728 2165 953 2206; x_wconf 84' lang='lat' dir='ltr'>gubernator.</span> <span class='ocrx_word' id='word_1_263' title='bbox 994 2163 1089 2197; x_wconf 88' lang='lat' dir='ltr'>Idem</span> 
     </span>
     <span class='ocr_line' id='line_1_41' title="bbox 106 2211 1090 2248; baseline -0.002 0"><span class='ocrx_word' id='word_1_264' title='bbox 106 2215 234 2248; x_wconf 84' lang='lat' dir='ltr'>deinde</span> <span class='ocrx_word' id='word_1_265' title='bbox 257 2211 420 2247; x_wconf 87' lang='lat' dir='ltr'>incitator</span> <span class='ocrx_word' id='word_1_266' title='bbox 438 2222 470 2248; x_wconf 86' lang='lat' dir='ltr'>et</span> <span class='ocrx_word' id='word_1_267' title='bbox 490 2215 630 2248; x_wconf 88' lang='lat' dir='ltr'>adiutor</span> <span class='ocrx_word' id='word_1_268' title='bbox 648 2222 695 2247; x_wconf 84' lang='lat' dir='ltr'>est.</span> <span class='ocrx_word' id='word_1_269' title='bbox 712 2215 838 2248; x_wconf 85' lang='lat' dir='ltr'>Carolo</span> <span class='ocrx_word' id='word_1_270' title='bbox 860 2214 1036 2247; x_wconf 78' lang='lat' dir='ltr'>ssoiemico</span> <span class='ocrx_word' id='word_1_271' title='bbox 1054 2216 1090 2247; x_wconf 91' lang='lat' dir='ltr'>in</span> 
     </span>
     <span class='ocr_line' id='line_1_42' title="bbox 107 2265 1092 2310; baseline -0.001 -12"><span class='ocrx_word' id='word_1_272' title='bbox 107 2266 276 2310; x_wconf 86' lang='lat' dir='ltr'>petitione</span> <span class='ocrx_word' id='word_1_273' title='bbox 299 2266 449 2309; x_wconf 81' lang='lat' dir='ltr'>imperii,</span> <span class='ocrx_word' id='word_1_274' title='bbox 502 2265 606 2298; x_wconf 82' lang='lat' dir='ltr'>Tales</span> <span class='ocrx_word' id='word_1_275' title='bbox 625 2266 815 2299; x_wconf 83' lang='lat' dir='ltr'>amicorum</span> <span class='ocrx_word' id='word_1_276' title='bbox 836 2266 1092 2299; x_wconf 89' lang='lat' dir='ltr'>inconstantiae</span> 
     </span>
     <span class='ocr_line' id='line_1_43' title="bbox 108 2317 1092 2361; baseline -0.002 -11"><span class='ocrx_word' id='word_1_277' title='bbox 108 2317 169 2350; x_wconf 83' lang='lat' dir='ltr'>etsi</span> <span class='ocrx_word' id='word_1_278' title='bbox 195 2317 228 2349; x_wconf 91' lang='lat' dir='ltr'>iu</span> <span class='ocrx_word' id='word_1_279' title='bbox 255 2317 460 2361; x_wconf 83' lang='lat' dir='ltr'>quotidiana</span> <span class='ocrx_word' id='word_1_280' title='bbox 487 2317 555 2349; x_wconf 86' lang='lat' dir='ltr'>vita</span> <span class='ocrx_word' id='word_1_281' title='bbox 574 2317 719 2349; x_wconf 75' lang='lat' dir='ltr'>usitatae,</span> <span class='ocrx_word' id='word_1_282' title='bbox 738 2324 837 2355; x_wconf 77' lang='lat' dir='ltr'>sunt,</span> <span class='ocrx_word' id='word_1_283' title='bbox 865 2324 900 2350; x_wconf 83' lang='lat' dir='ltr'>ut</span> <span class='ocrx_word' id='word_1_284' title='bbox 919 2317 1017 2349; x_wconf 84' lang='lat' dir='ltr'>Plato</span> <span class='ocrx_word' id='word_1_285' title='bbox 1039 2317 1092 2348; x_wconf 92' lang='lat' dir='ltr'>iu-</span> 
     </span>
     <span class='ocr_line' id='line_1_44' title="bbox 109 2364 1092 2413; baseline 0 -14"><span class='ocrx_word' id='word_1_286' title='bbox 109 2367 200 2412; x_wconf 84' lang='lat' dir='ltr'>quit:</span> <span class='ocrx_word' id='word_1_287' title='bbox 230 2364 326 2408; x_wconf 78' lang='grc' dir='ltr'>ζῶον</span> <span class='ocrx_word' id='word_1_288' title='bbox 343 2364 450 2413; x_wconf 61' lang='grc' dir='ltr'><em>φύσα</em></span> <span class='ocrx_word' id='word_1_289' title='bbox 467 2365 719 2413; x_wconf 65' lang='grc' dir='ltr'><em>εὐμείἅβολον</em></span> <span class='ocrx_word' id='word_1_290' title='bbox 733 2365 751 2401; x_wconf 83' lang='grc' dir='ltr'>ὁ</span> <span class='ocrx_word' id='word_1_291' title='bbox 768 2365 883 2413; x_wconf 67' lang='grc' dir='ltr'><em>φίλος.</em></span> <span class='ocrx_word' id='word_1_292' title='bbox 930 2366 972 2401; x_wconf 87' lang='lat' dir='ltr'>Et</span> <span class='ocrx_word' id='word_1_293' title='bbox 991 2368 1092 2411; x_wconf 68' lang='lat' dir='ltr'>poeta</span> 
     </span>
     <span class='ocr_line' id='line_1_45' title="bbox 109 2416 1092 2459; baseline 0 -9"><span class='ocrx_word' id='word_1_294' title='bbox 109 2418 209 2450; x_wconf 88' lang='lat' dir='ltr'>dicit:</span> <span class='ocrx_word' id='word_1_295' title='bbox 239 2416 371 2451; x_wconf 85' lang='lat' dir='ltr'>Omnia</span> <span class='ocrx_word' id='word_1_296' title='bbox 398 2425 600 2459; x_wconf 83' lang='lat' dir='ltr'>vertuntur,</span> <span class='ocrx_word' id='word_1_297' title='bbox 627 2426 718 2451; x_wconf 79' lang='lat' dir='ltr'>certe</span> <span class='ocrx_word' id='word_1_298' title='bbox 742 2426 927 2452; x_wconf 80' lang='lat' dir='ltr'>vertuntur</span> <span class='ocrx_word' id='word_1_299' title='bbox 943 2430 1092 2450; x_wconf 85' lang='lat' dir='ltr'>amores:</span> 
     </span>
     <span class='ocr_line' id='line_1_46' title="bbox 108 2468 1093 2503; baseline -0.003 0"><span class='ocrx_word' id='word_1_300' title='bbox 108 2476 225 2503; x_wconf 86' lang='lat' dir='ltr'>tamen</span> <span class='ocrx_word' id='word_1_301' title='bbox 253 2468 289 2500; x_wconf 92' lang='lat' dir='ltr'>in</span> <span class='ocrx_word' id='word_1_302' title='bbox 316 2469 595 2502; x_wconf 79' lang='lat' dir='ltr'>dissensionibus</span> <span class='ocrx_word' id='word_1_303' title='bbox 621 2470 784 2502; x_wconf 79' lang='lat' dir='ltr'>civilibus</span> <span class='ocrx_word' id='word_1_304' title='bbox 809 2470 919 2502; x_wconf 91' lang='lat' dir='ltr'>multo</span> <span class='ocrx_word' id='word_1_305' title='bbox 939 2470 1093 2501; x_wconf 87' lang='lat' dir='ltr'>crebrio-</span> 
     </span>
     <span class='ocr_line' id='line_1_47' title="bbox 109 2519 1093 2555; baseline 0 -3"><span class='ocrx_word' id='word_1_306' title='bbox 109 2531 163 2552; x_wconf 88' lang='lat' dir='ltr'>res</span> <span class='ocrx_word' id='word_1_307' title='bbox 179 2526 211 2553; x_wconf 90' lang='lat' dir='ltr'>et</span> <span class='ocrx_word' id='word_1_308' title='bbox 227 2519 399 2552; x_wconf 82' lang='lat' dir='ltr'>saeviores</span> <span class='ocrx_word' id='word_1_309' title='bbox 415 2527 497 2555; x_wconf 89' lang='lat' dir='ltr'>sunt</span> <span class='ocrx_word' id='word_1_310' title='bbox 513 2521 733 2553; x_wconf 84' lang='lat' dir='ltr'>voluutatmu</span> <span class='ocrx_word' id='word_1_311' title='bbox 750 2520 974 2552; x_wconf 77' lang='lat' dir='ltr'>mutationes·</span> <span class='ocrx_word' id='word_1_312' title='bbox 1013 2519 1093 2552; x_wconf 85' lang='lat' dir='ltr'>Non</span> 
     </span>
     <span class='ocr_line' id='line_1_48' title="bbox 110 2571 1094 2612; baseline -0.001 -8"><span class='ocrx_word' id='word_1_313' title='bbox 110 2577 245 2604; x_wconf 84' lang='lat' dir='ltr'>tantum</span> <span class='ocrx_word' id='word_1_314' title='bbox 263 2571 472 2604; x_wconf 84' lang='lat' dir='ltr'>deseruntur</span> <span class='ocrx_word' id='word_1_315' title='bbox 487 2572 585 2604; x_wconf 83' lang='lat' dir='ltr'>amici</span> <span class='ocrx_word' id='word_1_316' title='bbox 597 2599 605 2612; x_wconf 85' lang='lat'>,</span> <span class='ocrx_word' id='word_1_317' title='bbox 626 2572 683 2604; x_wconf 89' lang='lat' dir='ltr'>sed</span> <span class='ocrx_word' id='word_1_318' title='bbox 704 2572 806 2603; x_wconf 88' lang='lat' dir='ltr'>etiam</span> <span class='ocrx_word' id='word_1_319' title='bbox 824 2583 861 2603; x_wconf 75' lang='lat' dir='ltr'>ex</span> <span class='ocrx_word' id='word_1_320' title='bbox 878 2571 1094 2604; x_wconf 79' lang='lat' dir='ltr'>coniunctis—</span> 
     </span>
     <span class='ocr_line' id='line_1_49' title="bbox 109 2620 1095 2664; baseline 0.001 -11"><span class='ocrx_word' id='word_1_321' title='bbox 109 2621 205 2654; x_wconf 89' lang='lat' dir='ltr'>simis</span> <span class='ocrx_word' id='word_1_322' title='bbox 236 2621 325 2654; x_wconf 82' lang='lat' dir='ltr'>fiunt</span> <span class='ocrx_word' id='word_1_323' title='bbox 356 2621 587 2655; x_wconf 85' lang='lat' dir='ltr'>crudelissimi</span> <span class='ocrx_word' id='word_1_324' title='bbox 624 2620 749 2655; x_wconf 84' lang='lat' dir='ltr'>hostes.</span> <span class='ocrx_word' id='word_1_325' title='bbox 817 2622 935 2664; x_wconf 85' lang='lat' dir='ltr'>Quare</span> <span class='ocrx_word' id='word_1_326' title='bbox 967 2622 1095 2654; x_wconf 89' lang='lat' dir='ltr'>talibus</span> 
     </span>
     <span class='ocr_line' id='line_1_50' title="bbox 109 2672 1095 2716; baseline -0.001 -10"><span class='ocrx_word' id='word_1_327' title='bbox 109 2672 326 2716; x_wconf 82' lang='lat' dir='ltr'>temporibus</span> <span class='ocrx_word' id='word_1_328' title='bbox 359 2672 558 2716; x_wconf 83' lang='lat' dir='ltr'>saepissime</span> <span class='ocrx_word' id='word_1_329' title='bbox 584 2685 646 2706; x_wconf 90' lang='lat' dir='ltr'>uos</span> <span class='ocrx_word' id='word_1_330' title='bbox 672 2673 1027 2706; x_wconf 73' lang='lat' dir='ltr'>commom-faciamus</span> <span class='ocrx_word' id='word_1_331' title='bbox 1053 2674 1095 2706; x_wconf 90' lang='lat' dir='ltr'>de</span> 
     </span>
    </p>
   </div>
   <div class='ocr_carea' id='block_1_5' title="bbox 668 107 1563 149">
    <p class='ocr_par' dir='ltr' id='par_1_5' title="bbox 668 107 1563 149">
     <span class='ocr_line' id='line_1_51' title="bbox 668 107 1563 149; baseline 0.007 -6"><span class='ocrx_word' id='word_1_332' title='bbox 668 107 824 146; x_wconf 87' lang='lat' dir='ltr'><strong>DECL.</strong></span> <span class='ocrx_word' id='word_1_333' title='bbox 859 107 933 144; x_wconf 91' lang='lat' dir='ltr'>DE</span> <span class='ocrx_word' id='word_1_334' title='bbox 966 108 1274 146; x_wconf 88' lang='lat' dir='ltr'><strong>LUDOVICO</strong></span> <span class='ocrx_word' id='word_1_335' title='bbox 1310 112 1563 149; x_wconf 73' lang='lat' dir='ltr'><strong>BAVARO.</strong></span> 
     </span>
    </p>
   </div>
   <div class='ocr_carea' id='block_1_6' title="bbox 1114 1192 1119 2452">
    <p class='ocr_par' dir='ltr' id='par_1_6' title="bbox 1114 1192 1119 2452">
     <span class='ocr_line' id='line_1_52' title="bbox 1114 1192 1119 2452; baseline 0 0"><span class='ocrx_word' id='word_1_336' title='bbox 1114 1192 1119 2452; x_wconf 95' lang='lat' dir='ltr'> </span> 
     </span>
    </p>
   </div>
   <div class='ocr_carea' id='block_1_7' title="bbox 2049 118 2121 152">
    <p class='ocr_par' dir='ltr' id='par_1_7' title="bbox 2049 118 2121 152">
     <span class='ocr_line' id='line_1_53' title="bbox 2049 118 2121 152; baseline 0 0"><span class='ocrx_word' id='word_1_337' title='bbox 2049 118 2121 152; x_wconf 75' lang='lat'>294</span> 
     </span>
    </p>
   </div>
   <div class='ocr_carea' id='block_1_8' title="bbox 1138 196 2124 546">
    <p class='ocr_par' dir='ltr' id='par_1_8' title="bbox 1138 196 2124 546">
     <span class='ocr_line' id='line_1_54' title="bbox 1141 196 2120 246; baseline 0.007 -17"><span class='ocrx_word' id='word_1_338' title='bbox 1141 197 1233 230; x_wconf 91' lang='lat' dir='ltr'>dicto</span> <span class='ocrx_word' id='word_1_339' title='bbox 1263 196 1483 242; x_wconf 83' lang='lat' dir='ltr'>Epicharmi:</span> <span class='ocrx_word' id='word_1_340' title='bbox 1527 202 1620 246; x_wconf 57' lang='grc' dir='ltr'>νῆφε</span> <span class='ocrx_word' id='word_1_341' title='bbox 1655 199 1717 234; x_wconf 78' lang='grc' dir='ltr'>καὶ</span> <span class='ocrx_word' id='word_1_342' title='bbox 1747 200 1912 246; x_wconf 65' lang='grc' dir='ltr'>μέμνησο</span> <span class='ocrx_word' id='word_1_343' title='bbox 1945 201 2120 242; x_wconf 63' lang='grc' dir='ltr'>ἀπιστεῖν,</span> 
     </span>
     <span class='ocr_line' id='line_1_55' title="bbox 1140 246 2121 295; baseline 0.004 -14"><span class='ocrx_word' id='word_1_344' title='bbox 1140 246 1267 294; x_wconf 77' lang='grc' dir='ltr'><em>ἄρθρα</em></span> <span class='ocrx_word' id='word_1_345' title='bbox 1282 251 1400 283; x_wconf 79' lang='grc' dir='ltr'><em>ταῦτα</em></span> <span class='ocrx_word' id='word_1_346' title='bbox 1418 252 1493 283; x_wconf 70' lang='grc' dir='ltr'>τῶν</span> <span class='ocrx_word' id='word_1_347' title='bbox 1510 253 1668 295; x_wconf 63' lang='grc' dir='ltr'>([(ιειόὂν.</span> <span class='ocrx_word' id='word_1_348' title='bbox 1697 251 1766 285; x_wconf 88' lang='lat' dir='ltr'>Nec</span> <span class='ocrx_word' id='word_1_349' title='bbox 1787 253 1910 285; x_wconf 84' lang='lat' dir='ltr'>fiducia</span> <span class='ocrx_word' id='word_1_350' title='bbox 1929 254 2121 286; x_wconf 82' lang='lat' dir='ltr'>amicorum</span> 
     </span>
     <span class='ocr_line' id='line_1_56' title="bbox 1139 301 2123 340; baseline 0.006 -10"><span class='ocrx_word' id='word_1_351' title='bbox 1139 310 1193 331; x_wconf 89' lang='lat' dir='ltr'>res</span> <span class='ocrx_word' id='word_1_352' title='bbox 1223 311 1295 331; x_wconf 88' lang='lat' dir='ltr'>non</span> <span class='ocrx_word' id='word_1_353' title='bbox 1328 301 1534 332; x_wconf 76' lang='lat' dir='ltr'>necessarias</span> <span class='ocrx_word' id='word_1_354' title='bbox 1565 314 1785 340; x_wconf 80' lang='lat' dir='ltr'>moveamus,</span> <span class='ocrx_word' id='word_1_355' title='bbox 1828 315 1890 335; x_wconf 92' lang='lat' dir='ltr'>nec</span> <span class='ocrx_word' id='word_1_356' title='bbox 1921 304 2046 336; x_wconf 89' lang='lat' dir='ltr'>deserti</span> <span class='ocrx_word' id='word_1_357' title='bbox 2080 304 2123 336; x_wconf 86' lang='lat' dir='ltr'>ab</span> 
     </span>
     <span class='ocr_line' id='line_1_57' title="bbox 1139 348 2123 392; baseline 0.005 -10"><span class='ocrx_word' id='word_1_358' title='bbox 1139 348 1277 389; x_wconf 83' lang='lat' dir='ltr'>amicis,</span> <span class='ocrx_word' id='word_1_359' title='bbox 1302 350 1505 392; x_wconf 82' lang='lat' dir='ltr'>frangamur</span> <span class='ocrx_word' id='word_1_360' title='bbox 1519 352 1645 384; x_wconf 84' lang='lat' dir='ltr'>animis</span> <span class='ocrx_word' id='word_1_361' title='bbox 1662 353 1697 384; x_wconf 91' lang='lat' dir='ltr'>in</span> <span class='ocrx_word' id='word_1_362' title='bbox 1714 353 1825 386; x_wconf 86' lang='lat' dir='ltr'>causis</span> <span class='ocrx_word' id='word_1_363' title='bbox 1841 354 1939 387; x_wconf 87' lang='lat' dir='ltr'>iustis</span> <span class='ocrx_word' id='word_1_364' title='bbox 1957 361 1989 387; x_wconf 85' lang='lat' dir='ltr'>et</span> <span class='ocrx_word' id='word_1_365' title='bbox 2006 366 2123 387; x_wconf 91' lang='lat' dir='ltr'>neces-</span> 
     </span>
     <span class='ocr_line' id='line_1_58' title="bbox 1139 399 2124 447; baseline 0.005 -16"><span class='ocrx_word' id='word_1_366' title='bbox 1139 399 1257 437; x_wconf 83' lang='lat' dir='ltr'>sariis,</span> <span class='ocrx_word' id='word_1_367' title='bbox 1286 401 1344 432; x_wconf 87' lang='lat' dir='ltr'>sed</span> <span class='ocrx_word' id='word_1_368' title='bbox 1362 413 1380 433; x_wconf 84' lang='lat' dir='ltr'>a</span> <span class='ocrx_word' id='word_1_369' title='bbox 1397 399 1470 433; x_wconf 92' lang='lat' dir='ltr'>Deo</span> <span class='ocrx_word' id='word_1_370' title='bbox 1491 408 1646 445; x_wconf 84' lang='lat' dir='ltr'>petamus</span> <span class='ocrx_word' id='word_1_371' title='bbox 1663 410 1693 436; x_wconf 89' lang='lat' dir='ltr'>et</span> <span class='ocrx_word' id='word_1_372' title='bbox 1711 411 1926 447; x_wconf 84' lang='lat' dir='ltr'>expectemus</span> <span class='ocrx_word' id='word_1_373' title='bbox 1943 404 2124 444; x_wconf 83' lang='lat' dir='ltr'>auxilium,</span> 
     </span>
     <span class='ocr_line' id='line_1_59' title="bbox 1139 448 2123 500; baseline 0.006 -18"><span class='ocrx_word' id='word_1_374' title='bbox 1139 450 1227 483; x_wconf 91' lang='lat' dir='ltr'>sicut</span> <span class='ocrx_word' id='word_1_375' title='bbox 1244 448 1418 494; x_wconf 89' lang='lat' dir='ltr'>Propheta</span> <span class='ocrx_word' id='word_1_376' title='bbox 1441 451 1572 496; x_wconf 85' lang='lat' dir='ltr'>inquit:</span> <span class='ocrx_word' id='word_1_377' title='bbox 1606 452 1708 486; x_wconf 87' lang='lat' dir='ltr'>Pater</span> <span class='ocrx_word' id='word_1_378' title='bbox 1727 461 1759 487; x_wconf 86' lang='lat' dir='ltr'>et</span> <span class='ocrx_word' id='word_1_379' title='bbox 1779 461 1887 488; x_wconf 85' lang='lat' dir='ltr'>mater</span> <span class='ocrx_word' id='word_1_380' title='bbox 1904 455 2123 500; x_wconf 87' lang='lat' dir='ltr'>reliquerunt</span> 
     </span>
     <span class='ocr_line' id='line_1_60' title="bbox 1138 499 1718 546; baseline 0.005 -13"><span class='ocrx_word' id='word_1_381' title='bbox 1138 513 1212 542; x_wconf 88' lang='lat' dir='ltr'>me,</span> <span class='ocrx_word' id='word_1_382' title='bbox 1235 499 1330 534; x_wconf 91' lang='lat' dir='ltr'>Deus</span> <span class='ocrx_word' id='word_1_383' title='bbox 1350 508 1465 535; x_wconf 87' lang='lat' dir='ltr'>autem</span> <span class='ocrx_word' id='word_1_384' title='bbox 1485 503 1634 546; x_wconf 89' lang='lat' dir='ltr'>suscepit</span> <span class='ocrx_word' id='word_1_385' title='bbox 1653 516 1718 536; x_wconf 90' lang='lat' dir='ltr'>me.</span> 
     </span>
    </p>
   </div>
   <div class='ocr_carea' id='block_1_9' title="bbox 1139 573 2131 1678">
    <p class='ocr_par' dir='ltr' id='par_1_9' title="bbox 1139 573 2131 1678">
     <span class='ocr_line' id='line_1_61' title="bbox 1242 573 2124 621; baseline 0.005 -13"><span class='ocrx_word' id='word_1_386' title='bbox 1242 573 1316 608; x_wconf 83' lang='lat' dir='ltr'>Etsi</span> <span class='ocrx_word' id='word_1_387' title='bbox 1335 584 1448 609; x_wconf 86' lang='lat' dir='ltr'>autem</span> <span class='ocrx_word' id='word_1_388' title='bbox 1468 578 1548 610; x_wconf 83' lang='lat' dir='ltr'>vivo</span> <span class='ocrx_word' id='word_1_389' title='bbox 1568 577 1750 610; x_wconf 59' lang='lat' dir='ltr'>Ludos-ico</span> <span class='ocrx_word' id='word_1_390' title='bbox 1769 585 1801 611; x_wconf 89' lang='lat' dir='ltr'>et</span> <span class='ocrx_word' id='word_1_391' title='bbox 1820 580 1997 621; x_wconf 86' lang='lat' dir='ltr'>elegerunt</span> <span class='ocrx_word' id='word_1_392' title='bbox 2016 586 2047 611; x_wconf 90' lang='lat' dir='ltr'>et</span> <span class='ocrx_word' id='word_1_393' title='bbox 2065 591 2124 612; x_wconf 87' lang='lat' dir='ltr'>co-</span> 
     </span>
     <span class='ocr_line' id='line_1_62' title="bbox 1139 625 2124 672; baseline 0.004 -14"><span class='ocrx_word' id='word_1_394' title='bbox 1139 635 1311 660; x_wconf 84' lang='lat' dir='ltr'>ronarunt</span> <span class='ocrx_word' id='word_1_395' title='bbox 1331 625 1507 660; x_wconf 85' lang='lat' dir='ltr'>Electores</span> <span class='ocrx_word' id='word_1_396' title='bbox 1525 628 1668 672; x_wconf 85' lang='lat' dir='ltr'>quidam</span> <span class='ocrx_word' id='word_1_397' title='bbox 1686 627 1866 661; x_wconf 84' lang='lat' dir='ltr'>Carolum.</span> <span class='ocrx_word' id='word_1_398' title='bbox 1895 636 2007 661; x_wconf 88' lang='lat' dir='ltr'>tamen</span> <span class='ocrx_word' id='word_1_399' title='bbox 2025 636 2124 662; x_wconf 87' lang='lat' dir='ltr'>auto-</span> 
     </span>
     <span class='ocr_line' id='line_1_63' title="bbox 1140 675 2124 712; baseline 0.003 -3"><span class='ocrx_word' id='word_1_400' title='bbox 1140 678 1223 710; x_wconf 87' lang='lat' dir='ltr'>ritas</span> <span class='ocrx_word' id='word_1_401' title='bbox 1247 675 1360 710; x_wconf 87' lang='lat' dir='ltr'>adhuc</span> <span class='ocrx_word' id='word_1_402' title='bbox 1379 684 1473 711; x_wconf 86' lang='lat' dir='ltr'>tanta</span> <span class='ocrx_word' id='word_1_403' title='bbox 1493 679 1558 711; x_wconf 87' lang='lat' dir='ltr'>suit</span> <span class='ocrx_word' id='word_1_404' title='bbox 1576 678 1747 710; x_wconf 85' lang='lat' dir='ltr'>Ludovici</span> <span class='ocrx_word' id='word_1_405' title='bbox 1770 685 1801 711; x_wconf 90' lang='lat' dir='ltr'>et</span> <span class='ocrx_word' id='word_1_406' title='bbox 1819 679 1998 711; x_wconf 87' lang='lat' dir='ltr'>civitatum</span> <span class='ocrx_word' id='word_1_407' title='bbox 2019 680 2124 712; x_wconf 88' lang='lat' dir='ltr'>bene-</span> 
     </span>
     <span class='ocr_line' id='line_1_64' title="bbox 1140 727 2124 771; baseline 0.002 -12"><span class='ocrx_word' id='word_1_408' title='bbox 1140 728 1293 761; x_wconf 86' lang='lat' dir='ltr'>volentia</span> <span class='ocrx_word' id='word_1_409' title='bbox 1316 739 1394 771; x_wconf 85' lang='lat' dir='ltr'>erga</span> <span class='ocrx_word' id='word_1_410' title='bbox 1420 741 1498 762; x_wconf 88' lang='lat' dir='ltr'>eum</span> <span class='ocrx_word' id='word_1_411' title='bbox 1525 735 1635 768; x_wconf 86' lang='lat' dir='ltr'>tanta,</span> <span class='ocrx_word' id='word_1_412' title='bbox 1671 736 1706 761; x_wconf 91' lang='lat' dir='ltr'>ut</span> <span class='ocrx_word' id='word_1_413' title='bbox 1735 729 1839 761; x_wconf 84' lang='lat' dir='ltr'>armis</span> <span class='ocrx_word' id='word_1_414' title='bbox 1862 728 2009 762; x_wconf 89' lang='lat' dir='ltr'>Carolus</span> <span class='ocrx_word' id='word_1_415' title='bbox 2034 727 2124 761; x_wconf 89' lang='lat' dir='ltr'>nihil</span> 
     </span>
     <span class='ocr_line' id='line_1_65' title="bbox 1141 778 2125 821; baseline 0 -9"><span class='ocrx_word' id='word_1_416' title='bbox 1141 785 1300 812; x_wconf 86' lang='lat' dir='ltr'>tentaret.</span> <span class='ocrx_word' id='word_1_417' title='bbox 1349 778 1416 812; x_wconf 88' lang='lat' dir='ltr'>Sed</span> <span class='ocrx_word' id='word_1_418' title='bbox 1434 786 1511 821; x_wconf 87' lang='lat' dir='ltr'>post</span> <span class='ocrx_word' id='word_1_419' title='bbox 1524 779 1596 812; x_wconf 90' lang='lat' dir='ltr'>eius</span> <span class='ocrx_word' id='word_1_420' title='bbox 1610 786 1756 812; x_wconf 89' lang='lat' dir='ltr'>mortem</span> <span class='ocrx_word' id='word_1_421' title='bbox 1772 780 1958 813; x_wconf 84' lang='lat' dir='ltr'>exercitum</span> <span class='ocrx_word' id='word_1_422' title='bbox 1973 792 2010 812; x_wconf 87' lang='lat' dir='ltr'>ex</span> <span class='ocrx_word' id='word_1_423' title='bbox 2022 779 2125 812; x_wconf 88' lang='lat' dir='ltr'>Boie-</span> 
     </span>
     <span class='ocr_line' id='line_1_66' title="bbox 1141 829 2126 873; baseline 0.001 -12"><span class='ocrx_word' id='word_1_424' title='bbox 1141 830 1209 861; x_wconf 88' lang='lat' dir='ltr'>mia</span> <span class='ocrx_word' id='word_1_425' title='bbox 1228 831 1270 861; x_wconf 87' lang='lat' dir='ltr'>ad</span> <span class='ocrx_word' id='word_1_426' title='bbox 1284 830 1405 862; x_wconf 84' lang='lat' dir='ltr'>urbem</span> <span class='ocrx_word' id='word_1_427' title='bbox 1417 829 1648 872; x_wconf 81' lang='lat' dir='ltr'>Ratisponam</span> <span class='ocrx_word' id='word_1_428' title='bbox 1662 831 1816 873; x_wconf 90' lang='lat' dir='ltr'>primum</span> <span class='ocrx_word' id='word_1_429' title='bbox 1830 830 1986 865; x_wconf 85' lang='lat' dir='ltr'>adduxit.</span> <span class='ocrx_word' id='word_1_430' title='bbox 2025 829 2126 862; x_wconf 89' lang='lat' dir='ltr'>Mor-</span> 
     </span>
     <span class='ocr_line' id='line_1_67' title="bbox 1140 879 2125 924; baseline 0.002 -12"><span class='ocrx_word' id='word_1_431' title='bbox 1140 887 1221 913; x_wconf 92' lang='lat' dir='ltr'>tuus</span> <span class='ocrx_word' id='word_1_432' title='bbox 1242 886 1293 912; x_wconf 89' lang='lat' dir='ltr'>est</span> <span class='ocrx_word' id='word_1_433' title='bbox 1314 887 1428 913; x_wconf 83' lang='lat' dir='ltr'>autem</span> <span class='ocrx_word' id='word_1_434' title='bbox 1447 880 1649 913; x_wconf 89' lang='lat' dir='ltr'>Ludovicus</span> <span class='ocrx_word' id='word_1_435' title='bbox 1672 892 1765 913; x_wconf 89' lang='lat' dir='ltr'>anno</span> <span class='ocrx_word' id='word_1_436' title='bbox 1788 881 1947 924; x_wconf 90' lang='lat' dir='ltr'>proximo</span> <span class='ocrx_word' id='word_1_437' title='bbox 1966 887 2043 924; x_wconf 91' lang='lat' dir='ltr'>post</span> <span class='ocrx_word' id='word_1_438' title='bbox 2057 879 2125 914; x_wconf 85' lang='lat' dir='ltr'>Ca-</span> 
     </span>
     <span class='ocr_line' id='line_1_68' title="bbox 1141 930 2126 974; baseline -0.001 -11"><span class='ocrx_word' id='word_1_439' title='bbox 1141 931 1207 963; x_wconf 88' lang='lat' dir='ltr'>roli</span> <span class='ocrx_word' id='word_1_440' title='bbox 1240 931 1446 963; x_wconf 86' lang='lat' dir='ltr'>electionem</span> <span class='ocrx_word' id='word_1_441' title='bbox 1474 932 1597 974; x_wconf 85' lang='lat' dir='ltr'>quinto</span> <span class='ocrx_word' id='word_1_442' title='bbox 1626 931 1707 964; x_wconf 88' lang='lat' dir='ltr'>Idus</span> <span class='ocrx_word' id='word_1_443' title='bbox 1733 930 1900 964; x_wconf 88' lang='lat' dir='ltr'>Octobris</span> <span class='ocrx_word' id='word_1_444' title='bbox 1928 944 2021 964; x_wconf 85' lang='lat' dir='ltr'>anno</span> <span class='ocrx_word' id='word_1_445' title='bbox 2046 931 2126 963; x_wconf 89' lang='lat' dir='ltr'>mil-</span> 
     </span>
     <span class='ocr_line' id='line_1_69' title="bbox 1140 981 2125 1025; baseline 0.001 -12"><span class='ocrx_word' id='word_1_446' title='bbox 1140 982 1261 1014; x_wconf 86' lang='lat' dir='ltr'>lesimo</span> <span class='ocrx_word' id='word_1_447' title='bbox 1291 981 1532 1013; x_wconf 75' lang='lat' dir='ltr'>trecentesimo</span> <span class='ocrx_word' id='word_1_448' title='bbox 1558 982 1823 1025; x_wconf 83' lang='lat' dir='ltr'>quadragesimo</span> <span class='ocrx_word' id='word_1_449' title='bbox 1845 983 2011 1025; x_wconf 89' lang='lat' dir='ltr'>septimo,</span> <span class='ocrx_word' id='word_1_450' title='bbox 2047 993 2125 1014; x_wconf 92' lang='lat' dir='ltr'>cum</span> 
     </span>
     <span class='ocr_line' id='line_1_70' title="bbox 1141 1032 2127 1074; baseline -0.001 -10"><span class='ocrx_word' id='word_1_451' title='bbox 1141 1044 1251 1065; x_wconf 90' lang='lat' dir='ltr'>annos</span> <span class='ocrx_word' id='word_1_452' title='bbox 1274 1038 1341 1064; x_wconf 90' lang='lat' dir='ltr'>tres</span> <span class='ocrx_word' id='word_1_453' title='bbox 1367 1038 1399 1064; x_wconf 88' lang='lat' dir='ltr'>et</span> <span class='ocrx_word' id='word_1_454' title='bbox 1423 1032 1564 1073; x_wconf 76' lang='lat' dir='ltr'>triginta</span> <span class='ocrx_word' id='word_1_455' title='bbox 1590 1033 1681 1064; x_wconf 84' lang='lat' dir='ltr'>inter</span> <span class='ocrx_word' id='word_1_456' title='bbox 1709 1044 1849 1074; x_wconf 79' lang='lat' dir='ltr'>magnas</span> <span class='ocrx_word' id='word_1_457' title='bbox 1869 1032 2127 1065; x_wconf 70' lang='lat' dir='ltr'>adversationes</span> 
     </span>
     <span class='ocr_line' id='line_1_71' title="bbox 1142 1082 2128 1125; baseline -0.001 -11"><span class='ocrx_word' id='word_1_458' title='bbox 1142 1083 1188 1116; x_wconf 91' lang='lat' dir='ltr'>ita</span> <span class='ocrx_word' id='word_1_459' title='bbox 1207 1082 1374 1116; x_wconf 85' lang='lat' dir='ltr'>tenuisset</span> <span class='ocrx_word' id='word_1_460' title='bbox 1395 1082 1601 1125; x_wconf 88' lang='lat' dir='ltr'>imperium,</span> <span class='ocrx_word' id='word_1_461' title='bbox 1630 1089 1667 1114; x_wconf 92' lang='lat' dir='ltr'>ut</span> <span class='ocrx_word' id='word_1_462' title='bbox 1689 1083 1724 1114; x_wconf 89' lang='lat' dir='ltr'>in</span> <span class='ocrx_word' id='word_1_463' title='bbox 1745 1083 1987 1115; x_wconf 84' lang='lat' dir='ltr'>iurisdictione</span> <span class='ocrx_word' id='word_1_464' title='bbox 2008 1083 2128 1121; x_wconf 88' lang='lat' dir='ltr'>iustus,</span> 
     </span>
     <span class='ocr_line' id='line_1_72' title="bbox 1141 1130 2127 1176; baseline -0.002 -10"><span class='ocrx_word' id='word_1_465' title='bbox 1141 1140 1173 1166; x_wconf 89' lang='lat' dir='ltr'>et</span> <span class='ocrx_word' id='word_1_466' title='bbox 1207 1145 1350 1166; x_wconf 89' lang='lat' dir='ltr'>suorum</span> <span class='ocrx_word' id='word_1_467' title='bbox 1374 1133 1536 1165; x_wconf 79' lang='lat' dir='ltr'>defensor</span> <span class='ocrx_word' id='word_1_468' title='bbox 1562 1145 1632 1164; x_wconf 88' lang='lat' dir='ltr'>nou</span> <span class='ocrx_word' id='word_1_469' title='bbox 1659 1133 1773 1165; x_wconf 90' lang='lat' dir='ltr'>lentus</span> <span class='ocrx_word' id='word_1_470' title='bbox 1799 1139 1895 1167; x_wconf 84' lang='lat' dir='ltr'>esset.</span> <span class='ocrx_word' id='word_1_471' title='bbox 1962 1130 2007 1165; x_wconf 88' lang='lat' dir='ltr'>Et</span> <span class='ocrx_word' id='word_1_472' title='bbox 2033 1133 2127 1176; x_wconf 87' lang='lat' dir='ltr'>quod</span> 
     </span>
     <span class='ocr_line' id='line_1_73' title="bbox 1142 1183 2129 1225; baseline -0.002 -9"><span class='ocrx_word' id='word_1_473' title='bbox 1142 1185 1269 1216; x_wconf 88' lang='lat' dir='ltr'>mirum</span> <span class='ocrx_word' id='word_1_474' title='bbox 1296 1183 1396 1217; x_wconf 84' lang='lat' dir='ltr'>estin</span> <span class='ocrx_word' id='word_1_475' title='bbox 1418 1183 1492 1215; x_wconf 91' lang='lat' dir='ltr'>viro</span> <span class='ocrx_word' id='word_1_476' title='bbox 1514 1183 1735 1225; x_wconf 65' lang='lat' dir='ltr'>tuagnanuiuo</span> <span class='ocrx_word' id='word_1_477' title='bbox 1749 1210 1757 1222; x_wconf 85' lang='lat'>,</span> <span class='ocrx_word' id='word_1_478' title='bbox 1785 1196 1862 1215; x_wconf 86' lang='lat' dir='ltr'>cum</span> <span class='ocrx_word' id='word_1_479' title='bbox 1882 1183 1987 1216; x_wconf 85' lang='lat' dir='ltr'>tantis</span> <span class='ocrx_word' id='word_1_480' title='bbox 2005 1190 2129 1216; x_wconf 86' lang='lat' dir='ltr'>contu—</span> 
     </span>
     <span class='ocr_line' id='line_1_74' title="bbox 1142 1234 2128 1278; baseline -0.002 -12"><span class='ocrx_word' id='word_1_481' title='bbox 1142 1235 1254 1266; x_wconf 89' lang='lat' dir='ltr'>meliis</span> <span class='ocrx_word' id='word_1_482' title='bbox 1280 1234 1498 1275; x_wconf 79' lang='lat' dir='ltr'>irritaretur,</span> <span class='ocrx_word' id='word_1_483' title='bbox 1524 1234 1654 1265; x_wconf 87' lang='lat' dir='ltr'>nemini</span> <span class='ocrx_word' id='word_1_484' title='bbox 1683 1242 1797 1266; x_wconf 88' lang='lat' dir='ltr'>tamen</span> <span class='ocrx_word' id='word_1_485' title='bbox 1818 1246 1975 1278; x_wconf 86' lang='lat' dir='ltr'>unquam</span> <span class='ocrx_word' id='word_1_486' title='bbox 1997 1234 2128 1265; x_wconf 90' lang='lat' dir='ltr'>bellum</span> 
     </span>
     <span class='ocr_line' id='line_1_75' title="bbox 1142 1284 2129 1326; baseline -0.001 -10"><span class='ocrx_word' id='word_1_487' title='bbox 1142 1285 1279 1323; x_wconf 80' lang='lat' dir='ltr'>intulit,</span> <span class='ocrx_word' id='word_1_488' title='bbox 1316 1285 1372 1315; x_wconf 80' lang='lat' dir='ltr'>sed</span> <span class='ocrx_word' id='word_1_489' title='bbox 1403 1295 1539 1326; x_wconf 78' lang='lat' dir='ltr'>semper</span> <span class='ocrx_word' id='word_1_490' title='bbox 1565 1291 1698 1315; x_wconf 83' lang='lat' dir='ltr'>tautum</span> <span class='ocrx_word' id='word_1_491' title='bbox 1727 1284 1915 1316; x_wconf 81' lang='lat' dir='ltr'>inferentes</span> <span class='ocrx_word' id='word_1_492' title='bbox 1940 1284 2046 1315; x_wconf 88' lang='lat' dir='ltr'>armis</span> <span class='ocrx_word' id='word_1_493' title='bbox 2069 1284 2129 1316; x_wconf 86' lang='lat' dir='ltr'>de-</span> 
     </span>
     <span class='ocr_line' id='line_1_76' title="bbox 1144 1333 2130 1375; baseline 0.002 -12"><span class='ocrx_word' id='word_1_494' title='bbox 1144 1333 1251 1375; x_wconf 86' lang='lat' dir='ltr'>pulit,</span> <span class='ocrx_word' id='word_1_495' title='bbox 1280 1344 1347 1375; x_wconf 82' lang='lat' dir='ltr'>qua</span> <span class='ocrx_word' id='word_1_496' title='bbox 1371 1344 1410 1363; x_wconf 87' lang='lat' dir='ltr'>ex</span> <span class='ocrx_word' id='word_1_497' title='bbox 1434 1344 1468 1363; x_wconf 90' lang='lat' dir='ltr'>re</span> <span class='ocrx_word' id='word_1_498' title='bbox 1493 1334 1637 1374; x_wconf 78' lang='lat' dir='ltr'>adparet</span> <span class='ocrx_word' id='word_1_499' title='bbox 1659 1345 1736 1365; x_wconf 89' lang='lat' dir='ltr'>eum</span> <span class='ocrx_word' id='word_1_500' title='bbox 1756 1334 1880 1370; x_wconf 81' lang='lat' dir='ltr'>fuisse,</span> <span class='ocrx_word' id='word_1_501' title='bbox 1908 1340 1946 1365; x_wconf 88' lang='lat' dir='ltr'>ut</span> <span class='ocrx_word' id='word_1_502' title='bbox 1962 1334 2004 1365; x_wconf 89' lang='lat' dir='ltr'>de</span> <span class='ocrx_word' id='word_1_503' title='bbox 2020 1333 2130 1365; x_wconf 85' lang='lat' dir='ltr'>Lace-</span> 
     </span>
     <span class='ocr_line' id='line_1_77' title="bbox 1143 1379 2126 1428; baseline 0.002 -14"><span class='ocrx_word' id='word_1_504' title='bbox 1143 1379 1575 1427; x_wconf 69' lang='lat' dir='ltr'>daemoniis&#39;l&#39;bucydides</span> <span class='ocrx_word' id='word_1_505' title='bbox 1588 1383 1717 1426; x_wconf 75' lang='lat' dir='ltr'>iuquit:</span> <span class='ocrx_word' id='word_1_506' title='bbox 1744 1380 2019 1427; x_wconf 65' lang='grc' dir='ltr'>([ιλήσυχονκαὶ</span> <span class='ocrx_word' id='word_1_507' title='bbox 2036 1381 2126 1428; x_wconf 73' lang='grc' dir='ltr'>δρα-</span> 
     </span>
     <span class='ocr_line' id='line_1_78' title="bbox 1143 1430 2128 1478; baseline 0.001 -13"><span class='ocrx_word' id='word_1_508' title='bbox 1143 1430 1312 1477; x_wconf 64' lang='grc' dir='ltr'>στήριον,</span> <span class='ocrx_word' id='word_1_509' title='bbox 1341 1444 1429 1476; x_wconf 81' lang='lat' dir='ltr'>quae</span> <span class='ocrx_word' id='word_1_510' title='bbox 1449 1433 1560 1465; x_wconf 85' lang='lat' dir='ltr'>virtus</span> <span class='ocrx_word' id='word_1_511' title='bbox 1580 1434 1614 1465; x_wconf 90' lang='lat' dir='ltr'>iu</span> <span class='ocrx_word' id='word_1_512' title='bbox 1635 1433 1799 1477; x_wconf 89' lang='lat' dir='ltr'>Principe</span> <span class='ocrx_word' id='word_1_513' title='bbox 1817 1441 1945 1478; x_wconf 81' lang='lat' dir='ltr'>quanta</span> <span class='ocrx_word' id='word_1_514' title='bbox 1964 1434 2028 1473; x_wconf 90' lang='lat' dir='ltr'>sit,</span> <span class='ocrx_word' id='word_1_515' title='bbox 2056 1445 2128 1466; x_wconf 89' lang='lat' dir='ltr'>non</span> 
     </span>
     <span class='ocr_line' id='line_1_79' title="bbox 1142 1482 2130 1527; baseline 0.001 -12"><span class='ocrx_word' id='word_1_516' title='bbox 1142 1484 1330 1515; x_wconf 83' lang='lat' dir='ltr'>obscurum</span> <span class='ocrx_word' id='word_1_517' title='bbox 1357 1489 1419 1516; x_wconf 86' lang='lat' dir='ltr'>est.</span> <span class='ocrx_word' id='word_1_518' title='bbox 1473 1482 1566 1515; x_wconf 83' lang='lat' dir='ltr'>llaec</span> <span class='ocrx_word' id='word_1_519' title='bbox 1584 1484 1737 1516; x_wconf 83' lang='lat' dir='ltr'>breviter</span> <span class='ocrx_word' id='word_1_520' title='bbox 1755 1485 1796 1515; x_wconf 89' lang='lat' dir='ltr'>de</span> <span class='ocrx_word' id='word_1_521' title='bbox 1816 1484 1997 1516; x_wconf 86' lang='lat' dir='ltr'>Ludovico</span> <span class='ocrx_word' id='word_1_522' title='bbox 2017 1483 2130 1527; x_wconf 90' lang='lat' dir='ltr'>Impe-</span> 
     </span>
     <span class='ocr_line' id='line_1_80' title="bbox 1143 1532 2130 1577; baseline 0.001 -12"><span class='ocrx_word' id='word_1_523' title='bbox 1143 1540 1256 1565; x_wconf 90' lang='lat' dir='ltr'>ratore</span> <span class='ocrx_word' id='word_1_524' title='bbox 1279 1532 1368 1570; x_wconf 85' lang='lat' dir='ltr'>dixi,</span> <span class='ocrx_word' id='word_1_525' title='bbox 1397 1544 1473 1563; x_wconf 87' lang='lat' dir='ltr'>cum</span> <span class='ocrx_word' id='word_1_526' title='bbox 1502 1533 1642 1576; x_wconf 84' lang='lat' dir='ltr'>quidem</span> <span class='ocrx_word' id='word_1_527' title='bbox 1670 1534 1820 1565; x_wconf 82' lang='lat' dir='ltr'>libenter</span> <span class='ocrx_word' id='word_1_528' title='bbox 1845 1542 1876 1567; x_wconf 92' lang='lat' dir='ltr'>et</span> <span class='ocrx_word' id='word_1_529' title='bbox 1902 1535 2001 1577; x_wconf 89' lang='lat' dir='ltr'>plura</span> <span class='ocrx_word' id='word_1_530' title='bbox 2019 1532 2130 1567; x_wconf 89' lang='lat' dir='ltr'>bisto-</span> 
     </span>
     <span class='ocr_line' id='line_1_81' title="bbox 1143 1582 2131 1625; baseline 0 -9"><span class='ocrx_word' id='word_1_531' title='bbox 1143 1585 1212 1616; x_wconf 89' lang='lat' dir='ltr'>rica</span> <span class='ocrx_word' id='word_1_532' title='bbox 1239 1590 1269 1615; x_wconf 89' lang='lat' dir='ltr'>et</span> <span class='ocrx_word' id='word_1_533' title='bbox 1295 1582 1551 1624; x_wconf 86' lang='lat' dir='ltr'>disputationes</span> <span class='ocrx_word' id='word_1_534' title='bbox 1579 1583 1754 1625; x_wconf 84' lang='lat' dir='ltr'>longiores</span> <span class='ocrx_word' id='word_1_535' title='bbox 1780 1584 1964 1623; x_wconf 82' lang='lat' dir='ltr'>adderem,</span> <span class='ocrx_word' id='word_1_536' title='bbox 1991 1585 2019 1616; x_wconf 93' lang='lat' dir='ltr'>si</span> <span class='ocrx_word' id='word_1_537' title='bbox 2043 1591 2131 1617; x_wconf 88' lang='lat' dir='ltr'>tem-</span> 
     </span>
     <span class='ocr_line' id='line_1_82' title="bbox 1143 1640 1414 1678; baseline -0.004 -13"><span class='ocrx_word' id='word_1_538' title='bbox 1143 1645 1206 1678; x_wconf 88' lang='lat' dir='ltr'>pus</span> <span class='ocrx_word' id='word_1_539' title='bbox 1229 1640 1414 1677; x_wconf 81' lang='lat' dir='ltr'>pateretur.</span> 
     </span>
    </p>
   </div>
   <div class='ocr_carea' id='block_1_10' title="bbox 1142 1706 2133 2715">
    <p class='ocr_par' dir='ltr' id='par_1_10' title="bbox 1142 1706 2133 2715">
     <span class='ocr_line' id='line_1_83' title="bbox 1244 1706 2129 1741; baseline 0.001 -1"><span class='ocrx_word' id='word_1_540' title='bbox 1244 1706 1312 1740; x_wconf 88' lang='lat' dir='ltr'>Sed</span> <span class='ocrx_word' id='word_1_541' title='bbox 1344 1707 1531 1740; x_wconf 82' lang='lat' dir='ltr'>utilitatem</span> <span class='ocrx_word' id='word_1_542' title='bbox 1565 1706 1670 1740; x_wconf 87' lang='lat' dir='ltr'>huius</span> <span class='ocrx_word' id='word_1_543' title='bbox 1704 1706 1870 1740; x_wconf 86' lang='lat' dir='ltr'>historiae</span> <span class='ocrx_word' id='word_1_544' title='bbox 1901 1708 2129 1741; x_wconf 82' lang='lat' dir='ltr'>considerate.</span> 
     </span>
     <span class='ocr_line' id='line_1_84' title="bbox 1144 1756 2132 1800; baseline -0.001 -8"><span class='ocrx_word' id='word_1_545' title='bbox 1144 1758 1288 1797; x_wconf 81' lang='lat' dir='ltr'>Monet,</span> <span class='ocrx_word' id='word_1_546' title='bbox 1315 1765 1353 1791; x_wconf 89' lang='lat' dir='ltr'>ut</span> <span class='ocrx_word' id='word_1_547' title='bbox 1378 1758 1569 1800; x_wconf 85' lang='lat' dir='ltr'>cogitemus</span> <span class='ocrx_word' id='word_1_548' title='bbox 1594 1758 1630 1790; x_wconf 92' lang='lat' dir='ltr'>in</span> <span class='ocrx_word' id='word_1_549' title='bbox 1656 1758 1760 1791; x_wconf 90' lang='lat' dir='ltr'>tantis</span> <span class='ocrx_word' id='word_1_550' title='bbox 1784 1758 1933 1791; x_wconf 88' lang='lat' dir='ltr'>miseriis</span> <span class='ocrx_word' id='word_1_551' title='bbox 1957 1756 2132 1792; x_wconf 82' lang='lat' dir='ltr'>humanae</span> 
     </span>
     <span class='ocr_line' id='line_1_85' title="bbox 1143 1806 2133 1853; baseline 0.001 -12"><span class='ocrx_word' id='word_1_552' title='bbox 1143 1810 1252 1849; x_wconf 91' lang='lat' dir='ltr'>vitae,</span> <span class='ocrx_word' id='word_1_553' title='bbox 1280 1806 1346 1841; x_wconf 91' lang='lat' dir='ltr'>hoc</span> <span class='ocrx_word' id='word_1_554' title='bbox 1370 1822 1509 1853; x_wconf 85' lang='lat' dir='ltr'>quoque</span> <span class='ocrx_word' id='word_1_555' title='bbox 1535 1821 1634 1852; x_wconf 83' lang='lat' dir='ltr'>saepe</span> <span class='ocrx_word' id='word_1_556' title='bbox 1657 1809 1832 1847; x_wconf 83' lang='lat' dir='ltr'>accidere,</span> <span class='ocrx_word' id='word_1_557' title='bbox 1859 1815 1896 1840; x_wconf 95' lang='lat' dir='ltr'>ut</span> <span class='ocrx_word' id='word_1_558' title='bbox 1916 1809 2133 1842; x_wconf 85' lang='lat' dir='ltr'>tristissimae</span> 
     </span>
     <span class='ocr_line' id='line_1_86' title="bbox 1143 1859 2132 1893; baseline -0.001 0"><span class='ocrx_word' id='word_1_559' title='bbox 1143 1860 1340 1893; x_wconf 84' lang='lat' dir='ltr'>discordiae</span> <span class='ocrx_word' id='word_1_560' title='bbox 1365 1861 1408 1892; x_wconf 85' lang='lat' dir='ltr'>ab</span> <span class='ocrx_word' id='word_1_561' title='bbox 1434 1860 1626 1891; x_wconf 76' lang='lat' dir='ltr'>ambitione</span> <span class='ocrx_word' id='word_1_562' title='bbox 1650 1866 1681 1891; x_wconf 88' lang='lat' dir='ltr'>et</span> <span class='ocrx_word' id='word_1_563' title='bbox 1705 1859 1782 1892; x_wconf 82' lang='lat' dir='ltr'>aliis</span> <span class='ocrx_word' id='word_1_564' title='bbox 1808 1860 1986 1892; x_wconf 80' lang='lat' dir='ltr'>furoribus</span> <span class='ocrx_word' id='word_1_565' title='bbox 2009 1859 2132 1893; x_wconf 85' lang='lat' dir='ltr'>Ponti·</span> 
     </span>
     <span class='ocr_line' id='line_1_87' title="bbox 1144 1908 2132 1955; baseline -0.001 -11"><span class='ocrx_word' id='word_1_566' title='bbox 1144 1912 1246 1944; x_wconf 79' lang='lat' dir='ltr'>licum</span> <span class='ocrx_word' id='word_1_567' title='bbox 1273 1917 1306 1943; x_wconf 88' lang='lat' dir='ltr'>et</span> <span class='ocrx_word' id='word_1_568' title='bbox 1333 1908 1648 1955; x_wconf 84' lang='lat' dir='ltr'>sycophantarum,</span> <span class='ocrx_word' id='word_1_569' title='bbox 1677 1910 1735 1954; x_wconf 87' lang='lat' dir='ltr'>qui</span> <span class='ocrx_word' id='word_1_570' title='bbox 1760 1910 1897 1941; x_wconf 76' lang='lat' dir='ltr'>venales</span> <span class='ocrx_word' id='word_1_571' title='bbox 1915 1911 2050 1952; x_wconf 73' lang='lat' dir='ltr'>linguas</span> <span class='ocrx_word' id='word_1_572' title='bbox 2069 1908 2132 1943; x_wconf 84' lang='lat' dir='ltr'>ba-</span> 
     </span>
     <span class='ocr_line' id='line_1_88' title="bbox 1143 1958 2132 2005; baseline -0.002 -11"><span class='ocrx_word' id='word_1_573' title='bbox 1143 1963 1246 2000; x_wconf 87' lang='lat' dir='ltr'>bent,</span> <span class='ocrx_word' id='word_1_574' title='bbox 1290 1961 1409 2005; x_wconf 86' lang='lat' dir='ltr'>quales</span> <span class='ocrx_word' id='word_1_575' title='bbox 1452 1973 1544 1993; x_wconf 85' lang='lat' dir='ltr'>nuuc</span> <span class='ocrx_word' id='word_1_576' title='bbox 1584 1967 1665 1992; x_wconf 89' lang='lat' dir='ltr'>suut</span> <span class='ocrx_word' id='word_1_577' title='bbox 1706 1958 1919 2004; x_wconf 66' lang='lat' dir='ltr'>Staphylus,</span> <span class='ocrx_word' id='word_1_578' title='bbox 1959 1960 2132 1998; x_wconf 69' lang='lat' dir='ltr'>canisius,</span> 
     </span>
     <span class='ocr_line' id='line_1_89' title="bbox 1142 2009 2132 2055; baseline -0.002 -9"><span class='ocrx_word' id='word_1_579' title='bbox 1142 2012 1368 2046; x_wconf 86' lang='lat' dir='ltr'>Cressanicus</span> <span class='ocrx_word' id='word_1_580' title='bbox 1401 2018 1432 2044; x_wconf 88' lang='lat' dir='ltr'>et</span> <span class='ocrx_word' id='word_1_581' title='bbox 1458 2011 1606 2050; x_wconf 80' lang='lat' dir='ltr'>similes,</span> <span class='ocrx_word' id='word_1_582' title='bbox 1640 2010 1818 2046; x_wconf 80' lang='lat' dir='ltr'>oriantur,</span> <span class='ocrx_word' id='word_1_583' title='bbox 1852 2010 1888 2041; x_wconf 89' lang='lat' dir='ltr'>in</span> <span class='ocrx_word' id='word_1_584' title='bbox 1913 2011 2041 2055; x_wconf 82' lang='lat' dir='ltr'>quibus</span> <span class='ocrx_word' id='word_1_585' title='bbox 2066 2009 2132 2044; x_wconf 87' lang='lat' dir='ltr'>hoc</span> 
     </span>
     <span class='ocr_line' id='line_1_90' title="bbox 1143 2060 2131 2105; baseline -0.007 -9"><span class='ocrx_word' id='word_1_586' title='bbox 1143 2063 1329 2097; x_wconf 91' lang='lat' dir='ltr'>consilium</span> <span class='ocrx_word' id='word_1_587' title='bbox 1365 2062 1595 2094; x_wconf 88' lang='lat' dir='ltr'>rectissimum</span> <span class='ocrx_word' id='word_1_588' title='bbox 1623 2068 1652 2093; x_wconf 78' lang='lat' dir='ltr'>et</span> <span class='ocrx_word' id='word_1_589' title='bbox 1682 2060 1894 2093; x_wconf 87' lang='lat' dir='ltr'>tutissimum</span> <span class='ocrx_word' id='word_1_590' title='bbox 1921 2068 1990 2101; x_wconf 88' lang='lat' dir='ltr'>est,</span> <span class='ocrx_word' id='word_1_591' title='bbox 2025 2073 2131 2105; x_wconf 73' lang='lat' dir='ltr'>quae-</span> 
     </span>
     <span class='ocr_line' id='line_1_91' title="bbox 1144 2110 2130 2155; baseline -0.003 -8"><span class='ocrx_word' id='word_1_592' title='bbox 1144 2126 1219 2148; x_wconf 86' lang='lat' dir='ltr'>rere</span> <span class='ocrx_word' id='word_1_593' title='bbox 1235 2113 1415 2154; x_wconf 76' lang='lat' dir='ltr'>veritatem</span> <span class='ocrx_word' id='word_1_594' title='bbox 1433 2113 1468 2144; x_wconf 92' lang='lat' dir='ltr'>in</span> <span class='ocrx_word' id='word_1_595' title='bbox 1487 2112 1660 2148; x_wconf 86' lang='lat' dir='ltr'>sontibus,</span> <span class='ocrx_word' id='word_1_596' title='bbox 1685 2111 1845 2143; x_wconf 77' lang='lat' dir='ltr'>videlicet</span> <span class='ocrx_word' id='word_1_597' title='bbox 1865 2111 1900 2141; x_wconf 90' lang='lat' dir='ltr'>in</span> <span class='ocrx_word' id='word_1_598' title='bbox 1912 2110 2059 2155; x_wconf 90' lang='lat' dir='ltr'>Scriptis</span> <span class='ocrx_word' id='word_1_599' title='bbox 2076 2113 2130 2144; x_wconf 79' lang='lat' dir='ltr'>‹li-</span> 
     </span>
     <span class='ocr_line' id='line_1_92' title="bbox 1143 2160 2130 2204; baseline -0.002 -7"><span class='ocrx_word' id='word_1_600' title='bbox 1143 2165 1275 2197; x_wconf 89' lang='lat' dir='ltr'>vinitus</span> <span class='ocrx_word' id='word_1_601' title='bbox 1291 2163 1446 2203; x_wconf 85' lang='lat' dir='ltr'>traditis,</span> <span class='ocrx_word' id='word_1_602' title='bbox 1473 2160 1562 2195; x_wconf 84' lang='lat' dir='ltr'>hauc</span> <span class='ocrx_word' id='word_1_603' title='bbox 1582 2168 1782 2194; x_wconf 83' lang='lat' dir='ltr'>constanter</span> <span class='ocrx_word' id='word_1_604' title='bbox 1798 2161 1969 2204; x_wconf 84' lang='lat' dir='ltr'>amplecti,</span> <span class='ocrx_word' id='word_1_605' title='bbox 1998 2169 2029 2195; x_wconf 91' lang='lat' dir='ltr'>et</span> <span class='ocrx_word' id='word_1_606' title='bbox 2045 2175 2130 2195; x_wconf 77' lang='lat' dir='ltr'>con-</span> 
     </span>
     <span class='ocr_line' id='line_1_93' title="bbox 1143 2213 2132 2255; baseline -0.004 -6"><span class='ocrx_word' id='word_1_607' title='bbox 1143 2216 1221 2250; x_wconf 86' lang='lat' dir='ltr'>silia</span> <span class='ocrx_word' id='word_1_608' title='bbox 1260 2222 1292 2248; x_wconf 87' lang='lat' dir='ltr'>et</span> <span class='ocrx_word' id='word_1_609' title='bbox 1324 2214 1476 2247; x_wconf 84' lang='lat' dir='ltr'>actiones</span> <span class='ocrx_word' id='word_1_610' title='bbox 1510 2214 1660 2255; x_wconf 75' lang='lat' dir='ltr'>dirigere</span> <span class='ocrx_word' id='word_1_611' title='bbox 1693 2213 1734 2243; x_wconf 89' lang='lat' dir='ltr'>ad</span> <span class='ocrx_word' id='word_1_612' title='bbox 1766 2223 1926 2244; x_wconf 83' lang='lat' dir='ltr'>normam</span> <span class='ocrx_word' id='word_1_613' title='bbox 1959 2213 2132 2246; x_wconf 75' lang='lat' dir='ltr'>divinitus</span> 
     </span>
     <span class='ocr_line' id='line_1_94' title="bbox 1143 2262 2130 2305; baseline -0.004 -6"><span class='ocrx_word' id='word_1_614' title='bbox 1143 2272 1393 2303; x_wconf 81' lang='lat' dir='ltr'>monstratam,</span> <span class='ocrx_word' id='word_1_615' title='bbox 1420 2277 1480 2296; x_wconf 67' lang='lat' dir='ltr'>uec</span> <span class='ocrx_word' id='word_1_616' title='bbox 1504 2265 1553 2295; x_wconf 85' lang='lat' dir='ltr'>ira</span> <span class='ocrx_word' id='word_1_617' title='bbox 1578 2271 1606 2295; x_wconf 79' lang='lat' dir='ltr'>et</span> <span class='ocrx_word' id='word_1_618' title='bbox 1630 2263 1820 2305; x_wconf 79' lang='lat' dir='ltr'>cupiditate</span> <span class='ocrx_word' id='word_1_619' title='bbox 1838 2262 2013 2296; x_wconf 78' lang='lat' dir='ltr'>vindictae</span> <span class='ocrx_word' id='word_1_620' title='bbox 2031 2264 2074 2295; x_wconf 81' lang='lat' dir='ltr'>ab</span> <span class='ocrx_word' id='word_1_621' title='bbox 2093 2276 2130 2296; x_wconf 79' lang='lat' dir='ltr'>ea</span> 
     </span>
     <span class='ocr_line' id='line_1_95' title="bbox 1145 2313 2131 2353; baseline -0.006 -2"><span class='ocrx_word' id='word_1_622' title='bbox 1145 2329 1269 2351; x_wconf 87' lang='lat' dir='ltr'>norma</span> <span class='ocrx_word' id='word_1_623' title='bbox 1293 2313 1465 2353; x_wconf 75' lang='lat' dir='ltr'>abstrahi,</span> <span class='ocrx_word' id='word_1_624' title='bbox 1495 2327 1555 2346; x_wconf 81' lang='lat' dir='ltr'>nee</span> <span class='ocrx_word' id='word_1_625' title='bbox 1583 2314 1782 2345; x_wconf 76' lang='lat' dir='ltr'>curiositate</span> <span class='ocrx_word' id='word_1_626' title='bbox 1809 2324 1951 2344; x_wconf 54' lang='lat' dir='ltr'>mox-ere</span> <span class='ocrx_word' id='word_1_627' title='bbox 1976 2326 2047 2346; x_wconf 89' lang='lat' dir='ltr'>non</span> <span class='ocrx_word' id='word_1_628' title='bbox 2070 2326 2131 2345; x_wconf 89' lang='lat' dir='ltr'>ue-</span> 
     </span>
     <span class='ocr_line' id='line_1_96' title="bbox 1145 2362 2130 2408; baseline -0.005 -7"><span class='ocrx_word' id='word_1_629' title='bbox 1145 2368 1311 2406; x_wconf 84' lang='lat' dir='ltr'>cessaria,</span> <span class='ocrx_word' id='word_1_630' title='bbox 1339 2367 1442 2399; x_wconf 89' lang='lat' dir='ltr'>simul</span> <span class='ocrx_word' id='word_1_631' title='bbox 1468 2373 1582 2397; x_wconf 87' lang='lat' dir='ltr'>autem</span> <span class='ocrx_word' id='word_1_632' title='bbox 1611 2377 1628 2396; x_wconf 87' lang='lat' dir='ltr'>a</span> <span class='ocrx_word' id='word_1_633' title='bbox 1653 2362 1726 2396; x_wconf 83' lang='lat' dir='ltr'>Deo</span> <span class='ocrx_word' id='word_1_634' title='bbox 1751 2370 1865 2407; x_wconf 84' lang='lat' dir='ltr'>petere</span> <span class='ocrx_word' id='word_1_635' title='bbox 1895 2371 1924 2395; x_wconf 76' lang='lat' dir='ltr'>et</span> <span class='ocrx_word' id='word_1_636' title='bbox 1952 2373 2130 2408; x_wconf 80' lang='lat' dir='ltr'>expectare</span> 
     </span>
     <span class='ocr_line' id='line_1_97' title="bbox 1146 2413 2128 2453; baseline -0.006 -1"><span class='ocrx_word' id='word_1_637' title='bbox 1146 2419 1316 2453; x_wconf 81' lang='lat' dir='ltr'>auxilium</span> <span class='ocrx_word' id='word_1_638' title='bbox 1357 2418 1449 2449; x_wconf 82' lang='lat' dir='ltr'>iuxta</span> <span class='ocrx_word' id='word_1_639' title='bbox 1488 2416 1633 2447; x_wconf 80' lang='lat' dir='ltr'>dictum:</span> <span class='ocrx_word' id='word_1_640' title='bbox 1678 2413 1894 2446; x_wconf 79' lang='lat' dir='ltr'>Commenda</span> <span class='ocrx_word' id='word_1_641' title='bbox 1930 2413 2003 2447; x_wconf 85' lang='lat' dir='ltr'>Deo</span> <span class='ocrx_word' id='word_1_642' title='bbox 2039 2416 2128 2447; x_wconf 66' lang='lat' dir='ltr'>viam</span> 
     </span>
     <span class='ocr_line' id='line_1_98' title="bbox 1147 2464 2127 2511; baseline -0.007 -8"><span class='ocrx_word' id='word_1_643' title='bbox 1147 2478 1240 2503; x_wconf 84' lang='lat' dir='ltr'>tuam</span> <span class='ocrx_word' id='word_1_644' title='bbox 1267 2477 1298 2501; x_wconf 78' lang='lat' dir='ltr'>et</span> <span class='ocrx_word' id='word_1_645' title='bbox 1324 2480 1421 2511; x_wconf 84' lang='lat' dir='ltr'>spera</span> <span class='ocrx_word' id='word_1_646' title='bbox 1450 2467 1484 2498; x_wconf 87' lang='lat' dir='ltr'>in</span> <span class='ocrx_word' id='word_1_647' title='bbox 1508 2478 1604 2505; x_wconf 72' lang='lat' dir='ltr'>cum,</span> <span class='ocrx_word' id='word_1_648' title='bbox 1634 2472 1662 2496; x_wconf 80' lang='lat' dir='ltr'>et</span> <span class='ocrx_word' id='word_1_649' title='bbox 1690 2465 1761 2508; x_wconf 75' lang='lat' dir='ltr'>ipse</span> <span class='ocrx_word' id='word_1_650' title='bbox 1789 2464 1900 2498; x_wconf 70' lang='lat' dir='ltr'>saciet.</span> <span class='ocrx_word' id='word_1_651' title='bbox 1954 2464 2007 2497; x_wconf 72' lang='lat' dir='ltr'>Eo</span> <span class='ocrx_word' id='word_1_652' title='bbox 2026 2467 2127 2498; x_wconf 78' lang='lat' dir='ltr'>etiam</span> 
     </span>
     <span class='ocr_line' id='line_1_99' title="bbox 1147 2516 2129 2559; baseline -0.007 -5"><span class='ocrx_word' id='word_1_653' title='bbox 1147 2519 1312 2554; x_wconf 77' lang='lat' dir='ltr'>historiae</span> <span class='ocrx_word' id='word_1_654' title='bbox 1339 2517 1443 2550; x_wconf 90' lang='lat' dir='ltr'>huius</span> <span class='ocrx_word' id='word_1_655' title='bbox 1467 2516 1700 2549; x_wconf 80' lang='lat' dir='ltr'>consideratio</span> <span class='ocrx_word' id='word_1_656' title='bbox 1728 2517 1887 2559; x_wconf 78' lang='lat' dir='ltr'>prodest,</span> <span class='ocrx_word' id='word_1_657' title='bbox 1915 2516 1995 2559; x_wconf 86' lang='lat' dir='ltr'>quia</span> <span class='ocrx_word' id='word_1_658' title='bbox 2015 2523 2129 2548; x_wconf 75' lang='lat' dir='ltr'>osten—</span> 
     </span>
     <span class='ocr_line' id='line_1_100' title="bbox 1146 2566 2129 2609; baseline -0.007 -5"><span class='ocrx_word' id='word_1_659' title='bbox 1146 2572 1195 2604; x_wconf 91' lang='lat' dir='ltr'>dit</span> <span class='ocrx_word' id='word_1_660' title='bbox 1229 2570 1416 2602; x_wconf 78' lang='lat' dir='ltr'>discrimen</span> <span class='ocrx_word' id='word_1_661' title='bbox 1446 2567 1633 2600; x_wconf 80' lang='lat' dir='ltr'>miuisterii</span> <span class='ocrx_word' id='word_1_662' title='bbox 1665 2566 1856 2608; x_wconf 73' lang='lat' dir='ltr'>evangelici</span> <span class='ocrx_word' id='word_1_663' title='bbox 1889 2573 1918 2598; x_wconf 86' lang='lat' dir='ltr'>et</span> <span class='ocrx_word' id='word_1_664' title='bbox 1953 2567 2129 2609; x_wconf 78' lang='lat' dir='ltr'>potestatis</span> 
     </span>
     <span class='ocr_line' id='line_1_101' title="bbox 1147 2617 2130 2666; baseline -0.006 -12"><span class='ocrx_word' id='word_1_665' title='bbox 1147 2622 1327 2666; x_wconf 81' lang='lat' dir='ltr'>politicae,</span> <span class='ocrx_word' id='word_1_666' title='bbox 1353 2620 1447 2664; x_wconf 86' lang='lat' dir='ltr'>quod</span> <span class='ocrx_word' id='word_1_667' title='bbox 1471 2618 1692 2652; x_wconf 87' lang='lat' dir='ltr'>notissimum</span> <span class='ocrx_word' id='word_1_668' title='bbox 1711 2628 1782 2649; x_wconf 83' lang='lat' dir='ltr'>esse</span> <span class='ocrx_word' id='word_1_669' title='bbox 1801 2617 1965 2649; x_wconf 82' lang='lat' dir='ltr'>oumibus</span> <span class='ocrx_word' id='word_1_670' title='bbox 1985 2623 2130 2659; x_wconf 73' lang='lat' dir='ltr'>oportet,</span> 
     </span>
     <span class='ocr_line' id='line_1_102' title="bbox 1147 2671 1610 2715; baseline -0.006 -9"><span class='ocrx_word' id='word_1_671' title='bbox 1147 2680 1177 2706; x_wconf 90' lang='lat' dir='ltr'>ct</span> <span class='ocrx_word' id='word_1_672' title='bbox 1198 2684 1295 2715; x_wconf 84' lang='lat' dir='ltr'>saepe</span> <span class='ocrx_word' id='word_1_673' title='bbox 1311 2671 1535 2713; x_wconf 72' lang='lat' dir='ltr'>cogitandum</span> <span class='ocrx_word' id='word_1_674' title='bbox 1552 2676 1610 2703; x_wconf 85' lang='lat' dir='ltr'>est.</span> 
     </span>
    </p>
   </div>
   <div class='ocr_carea' id='block_1_11' title="bbox 1446 2716 1517 2754">
    <p class='ocr_par' dir='ltr' id='par_1_11' title="bbox 1446 2716 1517 2754">
     <span class='ocr_line' id='line_1_103' title="bbox 1446 2716 1517 2754; baseline -0.014 0"><span class='ocrx_word' id='word_1_675' title='bbox 1446 2716 1517 2754; x_wconf 73' lang='lat'>19*</span> 
     </span>
    </p>
   </div>
  </div>
 </body>
</html>
