<?xml version="1.0" encoding="UTF-8"?>
<!DOCTYPE html PUBLIC "-//W3C//DTD XHTML 1.0 Transitional//EN"
    "http://www.w3.org/TR/xhtml1/DTD/xhtml1-transitional.dtd">
<html xmlns="http://www.w3.org/1999/xhtml" xml:lang="en" lang="en">
 <head>
  <title>
</title>
<meta http-equiv="Content-Type" content="text/html;charset=utf-8" />
  <meta name='ocr-system' content='tesseract 3.04.00' />
  <meta name='ocr-capabilities' content='ocr_page ocr_carea ocr_par ocr_line ocrx_word'/>
</head>
<body>
  <div class='ocr_page' id='page_1' title='image "./operaquaesupersu12melauoft/operaquaesupersu12melauoft_0370.png"; bbox 0 0 2324 2955; ppageno 0'>
   <div class='ocr_carea' id='block_1_1' title="bbox 200 107 273 142">
    <p class='ocr_par' dir='ltr' id='par_1_1' title="bbox 200 107 273 142">
     <span class='ocr_line' id='line_1_1' title="bbox 200 107 273 142; baseline 0.055 -4"><span class='ocrx_word' id='word_1_1' title='bbox 200 107 273 142; x_wconf 81' lang='lat'>715</span> 
     </span>
    </p>
   </div>
   <div class='ocr_carea' id='block_1_2' title="bbox 204 185 1182 277">
    <p class='ocr_par' dir='ltr' id='par_1_2' title="bbox 204 185 1182 277">
     <span class='ocr_line' id='line_1_2' title="bbox 204 185 1182 230; baseline -0.004 -5"><span class='ocrx_word' id='word_1_2' title='bbox 204 190 330 230; x_wconf 85' lang='lat' dir='ltr'>Multi,</span> <span class='ocrx_word' id='word_1_3' title='bbox 358 198 390 224; x_wconf 86' lang='lat' dir='ltr'>et</span> <span class='ocrx_word' id='word_1_4' title='bbox 407 187 615 222; x_wconf 88' lang='lat' dir='ltr'>nominatim</span> <span class='ocrx_word' id='word_1_5' title='bbox 632 185 812 229; x_wconf 80' lang='lat' dir='ltr'>Pelagius,</span> <span class='ocrx_word' id='word_1_6' title='bbox 836 185 976 229; x_wconf 90' lang='lat' dir='ltr'>penitus</span> <span class='ocrx_word' id='word_1_7' title='bbox 993 186 1182 221; x_wconf 89' lang='lat' dir='ltr'>damnave-</span> 
     </span>
     <span class='ocr_line' id='line_1_3' title="bbox 205 235 1124 277; baseline -0.004 -2"><span class='ocrx_word' id='word_1_8' title='bbox 205 248 288 275; x_wconf 87' lang='lat' dir='ltr'>runt</span> <span class='ocrx_word' id='word_1_9' title='bbox 305 240 499 273; x_wconf 79' lang='lat' dir='ltr'>doctrinam</span> <span class='ocrx_word' id='word_1_10' title='bbox 516 238 558 270; x_wconf 86' lang='lat' dir='ltr'>de</span> <span class='ocrx_word' id='word_1_11' title='bbox 577 236 719 277; x_wconf 87' lang='lat' dir='ltr'>Gratia,</span> <span class='ocrx_word' id='word_1_12' title='bbox 745 243 778 270; x_wconf 89' lang='lat' dir='ltr'>et</span> <span class='ocrx_word' id='word_1_13' title='bbox 794 237 837 269; x_wconf 91' lang='lat' dir='ltr'>de</span> <span class='ocrx_word' id='word_1_14' title='bbox 853 236 992 270; x_wconf 88' lang='lat' dir='ltr'>iusticia</span> <span class='ocrx_word' id='word_1_15' title='bbox 1010 235 1124 272; x_wconf 87' lang='lat' dir='ltr'>Fidei.</span> 
     </span>
    </p>
   </div>
   <div class='ocr_carea' id='block_1_3' title="bbox 203 304 1194 1754">
    <p class='ocr_par' dir='ltr' id='par_1_3' title="bbox 203 304 1194 1754">
     <span class='ocr_line' id='line_1_4' title="bbox 308 304 1183 349; baseline -0.002 -10"><span class='ocrx_word' id='word_1_16' title='bbox 308 306 348 339; x_wconf 87' lang='lat' dir='ltr'>ln</span> <span class='ocrx_word' id='word_1_17' title='bbox 374 306 501 339; x_wconf 90' lang='lat' dir='ltr'>talibus</span> <span class='ocrx_word' id='word_1_18' title='bbox 525 304 678 337; x_wconf 87' lang='lat' dir='ltr'>materiis</span> <span class='ocrx_word' id='word_1_19' title='bbox 701 304 803 336; x_wconf 88' lang='lat' dir='ltr'>valde</span> <span class='ocrx_word' id='word_1_20' title='bbox 825 304 968 347; x_wconf 91' lang='lat' dir='ltr'>prodest</span> <span class='ocrx_word' id='word_1_21' title='bbox 991 304 1095 346; x_wconf 90' lang='lat' dir='ltr'>scire,</span> <span class='ocrx_word' id='word_1_22' title='bbox 1121 316 1183 349; x_wconf 88' lang='lat' dir='ltr'>per</span> 
     </span>
     <span class='ocr_line' id='line_1_5' title="bbox 206 354 1183 402; baseline -0.003 -12"><span class='ocrx_word' id='word_1_23' title='bbox 206 369 292 402; x_wconf 88' lang='lat' dir='ltr'>quos</span> <span class='ocrx_word' id='word_1_24' title='bbox 307 357 433 389; x_wconf 88' lang='lat' dir='ltr'>veritas</span> <span class='ocrx_word' id='word_1_25' title='bbox 449 355 590 388; x_wconf 86' lang='lat' dir='ltr'>defensa</span> <span class='ocrx_word' id='word_1_26' title='bbox 609 354 674 392; x_wconf 86' lang='lat' dir='ltr'>sit,</span> <span class='ocrx_word' id='word_1_27' title='bbox 702 354 830 398; x_wconf 88' lang='lat' dir='ltr'>quibus</span> <span class='ocrx_word' id='word_1_28' title='bbox 854 354 1069 396; x_wconf 74' lang='lat' dir='ltr'>argumentis</span> <span class='ocrx_word' id='word_1_29' title='bbox 1083 367 1183 388; x_wconf 89' lang='lat' dir='ltr'>men-</span> 
     </span>
     <span class='ocr_line' id='line_1_6' title="bbox 205 404 1183 449; baseline -0.002 -9"><span class='ocrx_word' id='word_1_30' title='bbox 205 408 303 440; x_wconf 86' lang='lat' dir='ltr'>dacia</span> <span class='ocrx_word' id='word_1_31' title='bbox 319 407 466 440; x_wconf 85' lang='lat' dir='ltr'>refutata</span> <span class='ocrx_word' id='word_1_32' title='bbox 485 405 572 445; x_wconf 85' lang='lat' dir='ltr'>sint,</span> <span class='ocrx_word' id='word_1_33' title='bbox 597 416 686 449; x_wconf 89' lang='lat' dir='ltr'>quae</span> <span class='ocrx_word' id='word_1_34' title='bbox 703 404 903 438; x_wconf 88' lang='lat' dir='ltr'>testimonia</span> <span class='ocrx_word' id='word_1_35' title='bbox 921 404 1091 439; x_wconf 89' lang='lat' dir='ltr'>divinitus</span> <span class='ocrx_word' id='word_1_36' title='bbox 1107 406 1183 438; x_wconf 88' lang='lat' dir='ltr'>edi-</span> 
     </span>
     <span class='ocr_line' id='line_1_7' title="bbox 205 452 1184 497; baseline -0.002 -6"><span class='ocrx_word' id='word_1_37' title='bbox 205 465 238 491; x_wconf 87' lang='lat' dir='ltr'>ta</span> <span class='ocrx_word' id='word_1_38' title='bbox 262 457 341 491; x_wconf 86' lang='lat' dir='ltr'>sint.</span> <span class='ocrx_word' id='word_1_39' title='bbox 402 456 464 490; x_wconf 84' lang='lat' dir='ltr'>Ut:</span> <span class='ocrx_word' id='word_1_40' title='bbox 498 453 675 488; x_wconf 89' lang='lat' dir='ltr'>Iohannes</span> <span class='ocrx_word' id='word_1_41' title='bbox 700 454 864 488; x_wconf 84' lang='lat' dir='ltr'>refutavit</span> <span class='ocrx_word' id='word_1_42' title='bbox 888 452 1117 497; x_wconf 90' lang='lat' dir='ltr'>Cerinthum,</span> <span class='ocrx_word' id='word_1_43' title='bbox 1151 462 1184 489; x_wconf 87' lang='lat' dir='ltr'>et</span> 
     </span>
     <span class='ocr_line' id='line_1_8' title="bbox 203 504 1183 549; baseline -0.001 -9"><span class='ocrx_word' id='word_1_44' title='bbox 203 505 414 540; x_wconf 89' lang='lat' dir='ltr'>Cerinthum</span> <span class='ocrx_word' id='word_1_45' title='bbox 430 506 531 539; x_wconf 90' lang='lat' dir='ltr'>ruina</span> <span class='ocrx_word' id='word_1_46' title='bbox 549 505 667 538; x_wconf 81' lang='lat' dir='ltr'>balnei</span> <span class='ocrx_word' id='word_1_47' title='bbox 685 504 868 549; x_wconf 83' lang='lat' dir='ltr'><strong>oppressit.</strong></span> <span class='ocrx_word' id='word_1_48' title='bbox 916 504 1183 539; x_wconf 89' lang='lat' dir='ltr'>Samosatenum</span> 
     </span>
     <span class='ocr_line' id='line_1_9' title="bbox 204 554 1185 598; baseline -0.002 -8"><span class='ocrx_word' id='word_1_49' title='bbox 204 557 370 590; x_wconf 84' lang='lat' dir='ltr'>refutavit</span> <span class='ocrx_word' id='word_1_50' title='bbox 386 555 579 598; x_wconf 82' lang='lat' dir='ltr'>Gregorius</span> <span class='ocrx_word' id='word_1_51' title='bbox 594 554 917 595; x_wconf 86' lang='lat' dir='ltr'>Neocaesariensis,</span> <span class='ocrx_word' id='word_1_52' title='bbox 942 556 1057 589; x_wconf 89' lang='lat' dir='ltr'>clarus</span> <span class='ocrx_word' id='word_1_53' title='bbox 1077 557 1185 589; x_wconf 90' lang='lat' dir='ltr'>mira-</span> 
     </span>
     <span class='ocr_line' id='line_1_10' title="bbox 205 603 1186 650; baseline -0.002 -9"><span class='ocrx_word' id='word_1_54' title='bbox 205 608 312 646; x_wconf 86' lang='lat' dir='ltr'>culis,</span> <span class='ocrx_word' id='word_1_55' title='bbox 348 613 381 640; x_wconf 89' lang='lat' dir='ltr'>et</span> <span class='ocrx_word' id='word_1_56' title='bbox 414 605 606 650; x_wconf 84' lang='lat' dir='ltr'>Dionysius</span> <span class='ocrx_word' id='word_1_57' title='bbox 637 603 842 650; x_wconf 82' lang='lat' dir='ltr'>Aegyptius.</span> <span class='ocrx_word' id='word_1_58' title='bbox 902 605 1120 639; x_wconf 79' lang='lat' dir='ltr'>Marcionem</span> <span class='ocrx_word' id='word_1_59' title='bbox 1152 612 1186 639; x_wconf 87' lang='lat' dir='ltr'>et</span> 
     </span>
     <span class='ocr_line' id='line_1_11' title="bbox 206 653 1185 701; baseline -0.002 -10"><span class='ocrx_word' id='word_1_60' title='bbox 206 658 393 691; x_wconf 87' lang='lat' dir='ltr'>colluviem</span> <span class='ocrx_word' id='word_1_61' title='bbox 416 653 708 689; x_wconf 68' lang='lat' dir='ltr'>Manichaeorum</span> <span class='ocrx_word' id='word_1_62' title='bbox 741 657 939 689; x_wconf 81' lang='lat' dir='ltr'>refutarunt</span> <span class='ocrx_word' id='word_1_63' title='bbox 960 656 1185 701; x_wconf 89' lang='lat' dir='ltr'>Polycarpus,</span> 
     </span>
     <span class='ocr_line' id='line_1_12' title="bbox 206 704 1186 751; baseline 0 -10"><span class='ocrx_word' id='word_1_64' title='bbox 206 708 346 742; x_wconf 83' lang='lat' dir='ltr'>auditor</span> <span class='ocrx_word' id='word_1_65' title='bbox 370 704 557 746; x_wconf 70' lang='lat' dir='ltr'>Iohannis,</span> <span class='ocrx_word' id='word_1_66' title='bbox 590 713 623 739; x_wconf 91' lang='lat' dir='ltr'>et</span> <span class='ocrx_word' id='word_1_67' title='bbox 640 705 801 747; x_wconf 88' lang='lat' dir='ltr'>Ireneus,</span> <span class='ocrx_word' id='word_1_68' title='bbox 833 707 974 739; x_wconf 78' lang='lat' dir='ltr'>auditor</span> <span class='ocrx_word' id='word_1_69' title='bbox 990 706 1186 751; x_wconf 79' lang='lat' dir='ltr'>Polycarpi.</span> 
     </span>
     <span class='ocr_line' id='line_1_13' title="bbox 207 754 1186 802; baseline -0.003 -11"><span class='ocrx_word' id='word_1_70' title='bbox 207 758 370 798; x_wconf 85' lang='lat' dir='ltr'>Manem,</span> <span class='ocrx_word' id='word_1_71' title='bbox 401 757 462 802; x_wconf 87' lang='lat' dir='ltr'>qui</span> <span class='ocrx_word' id='word_1_72' title='bbox 486 756 620 800; x_wconf 89' lang='lat' dir='ltr'>primus</span> <span class='ocrx_word' id='word_1_73' title='bbox 647 764 748 790; x_wconf 88' lang='lat' dir='ltr'>autor</span> <span class='ocrx_word' id='word_1_74' title='bbox 771 757 838 790; x_wconf 85' lang='lat' dir='ltr'>fuit</span> <span class='ocrx_word' id='word_1_75' title='bbox 865 754 1095 790; x_wconf 77' lang='lat' dir='ltr'>Manichaeae</span> <span class='ocrx_word' id='word_1_76' title='bbox 1120 757 1186 788; x_wconf 87' lang='lat' dir='ltr'>im-</span> 
     </span>
     <span class='ocr_line' id='line_1_14' title="bbox 207 806 1187 851; baseline -0.001 -11"><span class='ocrx_word' id='word_1_77' title='bbox 207 808 364 851; x_wconf 87' lang='lat' dir='ltr'>pietatis,</span> <span class='ocrx_word' id='word_1_78' title='bbox 392 807 565 840; x_wconf 75' lang='lat' dir='ltr'>interfecit</span> <span class='ocrx_word' id='word_1_79' title='bbox 587 819 645 840; x_wconf 88' lang='lat' dir='ltr'>rex</span> <span class='ocrx_word' id='word_1_80' title='bbox 662 806 845 849; x_wconf 86' lang='lat' dir='ltr'>Persicus,</span> <span class='ocrx_word' id='word_1_81' title='bbox 873 807 1027 840; x_wconf 87' lang='lat' dir='ltr'>detracta</span> <span class='ocrx_word' id='word_1_82' title='bbox 1050 807 1080 840; x_wconf 92' lang='lat' dir='ltr'>ei</span> <span class='ocrx_word' id='word_1_83' title='bbox 1099 812 1187 846; x_wconf 86' lang='lat' dir='ltr'>cute,</span> 
     </span>
     <span class='ocr_line' id='line_1_15' title="bbox 208 857 1188 903; baseline -0.003 -11"><span class='ocrx_word' id='word_1_84' title='bbox 208 859 302 903; x_wconf 90' lang='lat' dir='ltr'>quod</span> <span class='ocrx_word' id='word_1_85' title='bbox 327 858 364 890; x_wconf 89' lang='lat' dir='ltr'>in</span> <span class='ocrx_word' id='word_1_86' title='bbox 389 858 567 891; x_wconf 78' lang='lat' dir='ltr'>curatione</span> <span class='ocrx_word' id='word_1_87' title='bbox 591 857 653 889; x_wconf 88' lang='lat' dir='ltr'>filii</span> <span class='ocrx_word' id='word_1_88' title='bbox 669 857 857 900; x_wconf 88' lang='lat' dir='ltr'>comperit,</span> <span class='ocrx_word' id='word_1_89' title='bbox 884 868 963 890; x_wconf 89' lang='lat' dir='ltr'>eum</span> <span class='ocrx_word' id='word_1_90' title='bbox 987 868 1060 890; x_wconf 90' lang='lat' dir='ltr'>esse</span> <span class='ocrx_word' id='word_1_91' title='bbox 1074 857 1188 900; x_wconf 88' lang='lat' dir='ltr'>impo-</span> 
     </span>
     <span class='ocr_line' id='line_1_16' title="bbox 208 906 1188 949; baseline -0.002 -8"><span class='ocrx_word' id='word_1_92' title='bbox 208 915 356 949; x_wconf 85' lang='lat' dir='ltr'>storem,</span> <span class='ocrx_word' id='word_1_93' title='bbox 390 920 462 941; x_wconf 93' lang='lat' dir='ltr'>non</span> <span class='ocrx_word' id='word_1_94' title='bbox 486 907 671 940; x_wconf 87' lang='lat' dir='ltr'>medicum.</span> <span class='ocrx_word' id='word_1_95' title='bbox 732 906 895 940; x_wconf 79' lang='lat' dir='ltr'>Marcion</span> <span class='ocrx_word' id='word_1_96' title='bbox 926 906 1076 940; x_wconf 89' lang='lat' dir='ltr'>Diaconi</span> <span class='ocrx_word' id='word_1_97' title='bbox 1104 919 1188 939; x_wconf 93' lang='lat' dir='ltr'>con-</span> 
     </span>
     <span class='ocr_line' id='line_1_17' title="bbox 208 957 1189 1003; baseline -0.002 -12"><span class='ocrx_word' id='word_1_98' title='bbox 208 960 324 1001; x_wconf 82' lang='lat' dir='ltr'>iugem</span> <span class='ocrx_word' id='word_1_99' title='bbox 340 971 379 991; x_wconf 84' lang='lat' dir='ltr'>ex</span> <span class='ocrx_word' id='word_1_100' title='bbox 389 957 506 1003; x_wconf 88' lang='lat' dir='ltr'>Cypro</span> <span class='ocrx_word' id='word_1_101' title='bbox 524 957 680 997; x_wconf 87' lang='lat' dir='ltr'>abduxit,</span> <span class='ocrx_word' id='word_1_102' title='bbox 708 969 795 1001; x_wconf 85' lang='lat' dir='ltr'>quae</span> <span class='ocrx_word' id='word_1_103' title='bbox 810 963 926 1000; x_wconf 88' lang='lat' dir='ltr'>postea</span> <span class='ocrx_word' id='word_1_104' title='bbox 942 968 1078 990; x_wconf 88' lang='lat' dir='ltr'>reversa</span> <span class='ocrx_word' id='word_1_105' title='bbox 1095 957 1189 989; x_wconf 89' lang='lat' dir='ltr'>mul-</span> 
     </span>
     <span class='ocr_line' id='line_1_18' title="bbox 210 1005 1188 1051; baseline -0.005 -8"><span class='ocrx_word' id='word_1_106' title='bbox 210 1016 242 1043; x_wconf 78' lang='lat' dir='ltr'>ta</span> <span class='ocrx_word' id='word_1_107' title='bbox 266 1010 308 1041; x_wconf 89' lang='lat' dir='ltr'>de</span> <span class='ocrx_word' id='word_1_108' title='bbox 332 1016 441 1042; x_wconf 87' lang='lat' dir='ltr'>sectae</span> <span class='ocrx_word' id='word_1_109' title='bbox 457 1007 678 1051; x_wconf 85' lang='lat' dir='ltr'>turpitudine</span> <span class='ocrx_word' id='word_1_110' title='bbox 695 1007 863 1041; x_wconf 76' lang='lat' dir='ltr'>narravit.</span> <span class='ocrx_word' id='word_1_111' title='bbox 916 1005 1041 1039; x_wconf 88' lang='lat' dir='ltr'>Arium</span> <span class='ocrx_word' id='word_1_112' title='bbox 1060 1007 1188 1039; x_wconf 88' lang='lat' dir='ltr'>refuta-</span> 
     </span>
     <span class='ocr_line' id='line_1_19' title="bbox 209 1056 1190 1102; baseline -0.004 -11"><span class='ocrx_word' id='word_1_113' title='bbox 209 1059 260 1092; x_wconf 90' lang='lat' dir='ltr'>vit</span> <span class='ocrx_word' id='word_1_114' title='bbox 285 1066 356 1092; x_wconf 83' lang='lat' dir='ltr'>tota</span> <span class='ocrx_word' id='word_1_115' title='bbox 379 1058 510 1092; x_wconf 69' lang='lat' dir='ltr'>Ncena</span> <span class='ocrx_word' id='word_1_116' title='bbox 534 1057 717 1102; x_wconf 86' lang='lat' dir='ltr'>Synodus,</span> <span class='ocrx_word' id='word_1_117' title='bbox 745 1057 781 1088; x_wconf 93' lang='lat' dir='ltr'>in</span> <span class='ocrx_word' id='word_1_118' title='bbox 802 1068 869 1100; x_wconf 89' lang='lat' dir='ltr'>qua</span> <span class='ocrx_word' id='word_1_119' title='bbox 893 1056 996 1089; x_wconf 88' lang='lat' dir='ltr'>multi</span> <span class='ocrx_word' id='word_1_120' title='bbox 1020 1062 1190 1099; x_wconf 80' lang='lat' dir='ltr'>martyres</span> 
     </span>
     <span class='ocr_line' id='line_1_20' title="bbox 210 1105 1190 1142; baseline -0.006 0"><span class='ocrx_word' id='word_1_121' title='bbox 210 1110 362 1142; x_wconf 79' lang='lat' dir='ltr'>fuerunt.</span> <span class='ocrx_word' id='word_1_122' title='bbox 413 1106 460 1141; x_wconf 84' lang='lat' dir='ltr'>Et</span> <span class='ocrx_word' id='word_1_123' title='bbox 478 1107 632 1141; x_wconf 87' lang='lat' dir='ltr'>ostendit</span> <span class='ocrx_word' id='word_1_124' title='bbox 644 1106 738 1139; x_wconf 89' lang='lat' dir='ltr'>Deus</span> <span class='ocrx_word' id='word_1_125' title='bbox 755 1105 924 1138; x_wconf 89' lang='lat' dir='ltr'>iudicium</span> <span class='ocrx_word' id='word_1_126' title='bbox 943 1116 1044 1138; x_wconf 90' lang='lat' dir='ltr'>suum</span> <span class='ocrx_word' id='word_1_127' title='bbox 1065 1106 1190 1137; x_wconf 87' lang='lat' dir='ltr'>adver-</span> 
     </span>
     <span class='ocr_line' id='line_1_21' title="bbox 211 1153 1191 1201; baseline -0.007 -8"><span class='ocrx_word' id='word_1_128' title='bbox 211 1171 268 1193; x_wconf 83' lang='lat' dir='ltr'>sus</span> <span class='ocrx_word' id='word_1_129' title='bbox 288 1156 434 1198; x_wconf 85' lang='lat' dir='ltr'>Arium,</span> <span class='ocrx_word' id='word_1_130' title='bbox 460 1158 520 1201; x_wconf 87' lang='lat' dir='ltr'>qui</span> <span class='ocrx_word' id='word_1_131' title='bbox 548 1168 627 1189; x_wconf 92' lang='lat' dir='ltr'>cum</span> <span class='ocrx_word' id='word_1_132' title='bbox 649 1153 793 1189; x_wconf 86' lang='lat' dir='ltr'>haberet</span> <span class='ocrx_word' id='word_1_133' title='bbox 812 1166 940 1188; x_wconf 91' lang='lat' dir='ltr'>novam</span> <span class='ocrx_word' id='word_1_134' title='bbox 960 1155 1060 1187; x_wconf 87' lang='lat' dir='ltr'>aulae</span> <span class='ocrx_word' id='word_1_135' title='bbox 1083 1154 1191 1187; x_wconf 90' lang='lat' dir='ltr'>bene-</span> 
     </span>
     <span class='ocr_line' id='line_1_22' title="bbox 210 1204 1192 1248; baseline -0.007 -5"><span class='ocrx_word' id='word_1_136' title='bbox 210 1209 421 1248; x_wconf 83' lang='lat' dir='ltr'>volentiam,</span> <span class='ocrx_word' id='word_1_137' title='bbox 454 1206 654 1239; x_wconf 84' lang='lat' dir='ltr'>Bizantium</span> <span class='ocrx_word' id='word_1_138' title='bbox 686 1206 801 1239; x_wconf 90' lang='lat' dir='ltr'>iturus</span> <span class='ocrx_word' id='word_1_139' title='bbox 831 1205 874 1238; x_wconf 87' lang='lat' dir='ltr'>ad</span> <span class='ocrx_word' id='word_1_140' title='bbox 906 1204 1192 1248; x_wconf 85' lang='lat' dir='ltr'>disputationem,</span> 
     </span>
     <span class='ocr_line' id='line_1_23' title="bbox 211 1255 1192 1299; baseline -0.007 -6"><span class='ocrx_word' id='word_1_141' title='bbox 211 1260 326 1293; x_wconf 87' lang='lat' dir='ltr'>subita</span> <span class='ocrx_word' id='word_1_142' title='bbox 345 1257 627 1291; x_wconf 80' lang='lat' dir='ltr'>consternatione</span> <span class='ocrx_word' id='word_1_143' title='bbox 644 1267 850 1299; x_wconf 91' lang='lat' dir='ltr'>oppressus,</span> <span class='ocrx_word' id='word_1_144' title='bbox 876 1255 1057 1287; x_wconf 90' lang='lat' dir='ltr'>declinans</span> <span class='ocrx_word' id='word_1_145' title='bbox 1076 1255 1118 1287; x_wconf 89' lang='lat' dir='ltr'>de</span> <span class='ocrx_word' id='word_1_146' title='bbox 1136 1255 1192 1286; x_wconf 91' lang='lat' dir='ltr'>via</span> 
     </span>
     <span class='ocr_line' id='line_1_24' title="bbox 211 1305 1192 1348; baseline -0.006 -5"><span class='ocrx_word' id='word_1_147' title='bbox 211 1312 255 1343; x_wconf 84' lang='lat' dir='ltr'>ad</span> <span class='ocrx_word' id='word_1_148' title='bbox 286 1309 466 1347; x_wconf 82' lang='lat' dir='ltr'>latrinam,</span> <span class='ocrx_word' id='word_1_149' title='bbox 500 1307 549 1339; x_wconf 90' lang='lat' dir='ltr'>ibi</span> <span class='ocrx_word' id='word_1_150' title='bbox 579 1307 785 1348; x_wconf 84' lang='lat' dir='ltr'>sanguinem</span> <span class='ocrx_word' id='word_1_151' title='bbox 807 1312 840 1338; x_wconf 89' lang='lat' dir='ltr'>et</span> <span class='ocrx_word' id='word_1_152' title='bbox 861 1305 1028 1338; x_wconf 89' lang='lat' dir='ltr'>intestina</span> <span class='ocrx_word' id='word_1_153' title='bbox 1059 1305 1192 1337; x_wconf 82' lang='lat' dir='ltr'>effudit.</span> 
     </span>
     <span class='ocr_line' id='line_1_25' title="bbox 213 1353 1193 1403; baseline -0.006 -10"><span class='ocrx_word' id='word_1_154' title='bbox 213 1359 329 1403; x_wconf 80' lang='lat' dir='ltr'>Atque</span> <span class='ocrx_word' id='word_1_155' title='bbox 348 1359 394 1391; x_wconf 88' lang='lat' dir='ltr'>ita</span> <span class='ocrx_word' id='word_1_156' title='bbox 414 1368 502 1401; x_wconf 89' lang='lat' dir='ltr'>pene</span> <span class='ocrx_word' id='word_1_157' title='bbox 518 1363 556 1390; x_wconf 87' lang='lat' dir='ltr'>ut</span> <span class='ocrx_word' id='word_1_158' title='bbox 576 1355 682 1389; x_wconf 88' lang='lat' dir='ltr'>Iudas</span> <span class='ocrx_word' id='word_1_159' title='bbox 697 1363 856 1388; x_wconf 88' lang='lat' dir='ltr'>mortuus</span> <span class='ocrx_word' id='word_1_160' title='bbox 872 1362 939 1395; x_wconf 89' lang='lat' dir='ltr'>est,</span> <span class='ocrx_word' id='word_1_161' title='bbox 966 1362 1005 1388; x_wconf 88' lang='lat' dir='ltr'>ut</span> <span class='ocrx_word' id='word_1_162' title='bbox 1022 1353 1088 1387; x_wconf 89' lang='lat' dir='ltr'>hoc</span> <span class='ocrx_word' id='word_1_163' title='bbox 1105 1362 1193 1388; x_wconf 89' lang='lat' dir='ltr'>tem-</span> 
     </span>
     <span class='ocr_line' id='line_1_26' title="bbox 214 1405 1193 1453; baseline -0.004 -11"><span class='ocrx_word' id='word_1_164' title='bbox 214 1421 296 1453; x_wconf 89' lang='lat' dir='ltr'>pore</span> <span class='ocrx_word' id='word_1_165' title='bbox 315 1409 451 1452; x_wconf 86' lang='lat' dir='ltr'>aliquot</span> <span class='ocrx_word' id='word_1_166' title='bbox 471 1406 684 1452; x_wconf 86' lang='lat' dir='ltr'>Hypocritae</span> <span class='ocrx_word' id='word_1_167' title='bbox 707 1406 852 1439; x_wconf 84' lang='lat' dir='ltr'>extincti</span> <span class='ocrx_word' id='word_1_168' title='bbox 877 1411 959 1438; x_wconf 92' lang='lat' dir='ltr'>sunt</span> <span class='ocrx_word' id='word_1_169' title='bbox 981 1405 1106 1438; x_wconf 83' lang='lat' dir='ltr'>subitis</span> <span class='ocrx_word' id='word_1_170' title='bbox 1125 1412 1193 1438; x_wconf 88' lang='lat' dir='ltr'>ter-</span> 
     </span>
     <span class='ocr_line' id='line_1_27' title="bbox 211 1457 1193 1502; baseline -0.006 -9"><span class='ocrx_word' id='word_1_171' title='bbox 211 1460 375 1498; x_wconf 77' lang='lat' dir='ltr'>roribus,</span> <span class='ocrx_word' id='word_1_172' title='bbox 407 1458 468 1502; x_wconf 83' lang='lat' dir='ltr'>qui</span> <span class='ocrx_word' id='word_1_173' title='bbox 499 1457 647 1490; x_wconf 84' lang='lat' dir='ltr'>confessi</span> <span class='ocrx_word' id='word_1_174' title='bbox 675 1462 773 1494; x_wconf 88' lang='lat' dir='ltr'>sunt,</span> <span class='ocrx_word' id='word_1_175' title='bbox 810 1467 845 1488; x_wconf 91' lang='lat' dir='ltr'>se</span> <span class='ocrx_word' id='word_1_176' title='bbox 866 1462 987 1489; x_wconf 88' lang='lat' dir='ltr'>contra</span> <span class='ocrx_word' id='word_1_177' title='bbox 1012 1457 1193 1488; x_wconf 88' lang='lat' dir='ltr'>conscien-</span> 
     </span>
     <span class='ocr_line' id='line_1_28' title="bbox 214 1505 1193 1552; baseline -0.004 -10"><span class='ocrx_word' id='word_1_178' title='bbox 214 1510 297 1543; x_wconf 82' lang='lat' dir='ltr'>tiam</span> <span class='ocrx_word' id='word_1_179' title='bbox 315 1518 534 1552; x_wconf 83' lang='lat' dir='ltr'>oppugnasse</span> <span class='ocrx_word' id='word_1_180' title='bbox 558 1507 750 1539; x_wconf 88' lang='lat' dir='ltr'>veritatem.</span> <span class='ocrx_word' id='word_1_181' title='bbox 802 1505 969 1540; x_wconf 90' lang='lat' dir='ltr'>Latomus</span> <span class='ocrx_word' id='word_1_182' title='bbox 994 1505 1193 1538; x_wconf 83' lang='lat' dir='ltr'>Lovanien-</span> 
     </span>
     <span class='ocr_line' id='line_1_29' title="bbox 216 1555 1194 1598; baseline -0.004 -6"><span class='ocrx_word' id='word_1_183' title='bbox 216 1561 262 1593; x_wconf 87' lang='lat' dir='ltr'>sis</span> <span class='ocrx_word' id='word_1_184' title='bbox 296 1559 388 1591; x_wconf 87' lang='lat' dir='ltr'>inter</span> <span class='ocrx_word' id='word_1_185' title='bbox 419 1555 615 1590; x_wconf 87' lang='lat' dir='ltr'>horrendos</span> <span class='ocrx_word' id='word_1_186' title='bbox 645 1556 799 1598; x_wconf 85' lang='lat' dir='ltr'>mugitus</span> <span class='ocrx_word' id='word_1_187' title='bbox 837 1556 1014 1588; x_wconf 86' lang='lat' dir='ltr'>consessus</span> <span class='ocrx_word' id='word_1_188' title='bbox 1049 1563 1118 1596; x_wconf 88' lang='lat' dir='ltr'>est,</span> <span class='ocrx_word' id='word_1_189' title='bbox 1159 1567 1194 1588; x_wconf 89' lang='lat' dir='ltr'>se</span> 
     </span>
     <span class='ocr_line' id='line_1_30' title="bbox 216 1605 1194 1642; baseline -0.004 0"><span class='ocrx_word' id='word_1_190' title='bbox 216 1616 337 1642; x_wconf 87' lang='lat' dir='ltr'>contra</span> <span class='ocrx_word' id='word_1_191' title='bbox 354 1607 603 1640; x_wconf 84' lang='lat' dir='ltr'>conscientiam</span> <span class='ocrx_word' id='word_1_192' title='bbox 621 1607 840 1639; x_wconf 88' lang='lat' dir='ltr'>adversatum</span> <span class='ocrx_word' id='word_1_193' title='bbox 857 1618 929 1638; x_wconf 90' lang='lat' dir='ltr'>esse</span> <span class='ocrx_word' id='word_1_194' title='bbox 944 1606 1091 1640; x_wconf 84' lang='lat' dir='ltr'>veritati.</span> <span class='ocrx_word' id='word_1_195' title='bbox 1129 1605 1194 1638; x_wconf 73' lang='grc' dir='ltr'>Ρο-</span> 
     </span>
     <span class='ocr_line' id='line_1_31' title="bbox 219 1654 1194 1702; baseline -0.004 -10"><span class='ocrx_word' id='word_1_196' title='bbox 219 1660 346 1702; x_wconf 78' lang='lat' dir='ltr'>lagium</span> <span class='ocrx_word' id='word_1_197' title='bbox 373 1659 570 1691; x_wconf 82' lang='lat' dir='ltr'>refutarunt</span> <span class='ocrx_word' id='word_1_198' title='bbox 587 1654 815 1696; x_wconf 89' lang='lat' dir='ltr'>Ambrosius,</span> <span class='ocrx_word' id='word_1_199' title='bbox 841 1654 1081 1699; x_wconf 83' lang='lat' dir='ltr'>Augustinus,</span> <span class='ocrx_word' id='word_1_200' title='bbox 1106 1654 1194 1688; x_wconf 84' lang='lat' dir='ltr'>Pro-</span> 
     </span>
     <span class='ocr_line' id='line_1_32' title="bbox 217 1708 459 1754; baseline -0.004 -11"><span class='ocrx_word' id='word_1_201' title='bbox 217 1722 315 1754; x_wconf 81' lang='lat' dir='ltr'>sper,</span> <span class='ocrx_word' id='word_1_202' title='bbox 342 1716 374 1742; x_wconf 90' lang='lat' dir='ltr'>et</span> <span class='ocrx_word' id='word_1_203' title='bbox 390 1708 459 1742; x_wconf 87' lang='lat' dir='ltr'>alii.</span> 
     </span>
    </p>
   </div>
   <div class='ocr_carea' id='block_1_4' title="bbox 218 1769 1199 2521">
    <p class='ocr_par' dir='ltr' id='par_1_4' title="bbox 218 1769 1199 2521">
     <span class='ocr_line' id='line_1_33' title="bbox 318 1769 1193 1816; baseline -0.007 -8"><span class='ocrx_word' id='word_1_204' title='bbox 318 1775 400 1808; x_wconf 76' lang='lat' dir='ltr'>Post</span> <span class='ocrx_word' id='word_1_205' title='bbox 424 1786 462 1807; x_wconf 83' lang='lat' dir='ltr'>ea</span> <span class='ocrx_word' id='word_1_206' title='bbox 490 1781 644 1816; x_wconf 84' lang='lat' dir='ltr'>tempora</span> <span class='ocrx_word' id='word_1_207' title='bbox 669 1784 748 1805; x_wconf 92' lang='lat' dir='ltr'>cum</span> <span class='ocrx_word' id='word_1_208' title='bbox 773 1771 976 1806; x_wconf 79' lang='lat' dir='ltr'>Romanum</span> <span class='ocrx_word' id='word_1_209' title='bbox 1007 1769 1193 1815; x_wconf 85' lang='lat' dir='ltr'>imperium</span> 
     </span>
     <span class='ocr_line' id='line_1_34' title="bbox 218 1820 1196 1862; baseline -0.006 -3"><span class='ocrx_word' id='word_1_210' title='bbox 218 1828 445 1860; x_wconf 84' lang='lat' dir='ltr'>dilaceratum</span> <span class='ocrx_word' id='word_1_211' title='bbox 471 1830 558 1856; x_wconf 86' lang='lat' dir='ltr'>esset</span> <span class='ocrx_word' id='word_1_212' title='bbox 583 1835 601 1855; x_wconf 90' lang='lat' dir='ltr'>a</span> <span class='ocrx_word' id='word_1_213' title='bbox 627 1820 772 1862; x_wconf 84' lang='lat' dir='ltr'>Gothis,</span> <span class='ocrx_word' id='word_1_214' title='bbox 807 1822 998 1861; x_wconf 69' lang='lat' dir='ltr'>Vandalis,</span> <span class='ocrx_word' id='word_1_215' title='bbox 1036 1829 1066 1855; x_wconf 90' lang='lat' dir='ltr'>et</span> <span class='ocrx_word' id='word_1_216' title='bbox 1093 1821 1196 1854; x_wconf 89' lang='lat' dir='ltr'>Hun-</span> 
     </span>
     <span class='ocr_line' id='line_1_35' title="bbox 221 1871 1196 1916; baseline -0.005 -8"><span class='ocrx_word' id='word_1_217' title='bbox 221 1879 292 1916; x_wconf 87' lang='lat' dir='ltr'>nis,</span> <span class='ocrx_word' id='word_1_218' title='bbox 328 1876 461 1907; x_wconf 82' lang='lat' dir='ltr'>infusae</span> <span class='ocrx_word' id='word_1_219' title='bbox 488 1874 656 1907; x_wconf 85' lang='lat' dir='ltr'>barbarae</span> <span class='ocrx_word' id='word_1_220' title='bbox 681 1879 797 1914; x_wconf 85' lang='lat' dir='ltr'>gentes</span> <span class='ocrx_word' id='word_1_221' title='bbox 827 1873 863 1904; x_wconf 86' lang='lat' dir='ltr'>in</span> <span class='ocrx_word' id='word_1_222' title='bbox 891 1872 1046 1910; x_wconf 76' lang='lat' dir='ltr'>ltaliam,</span> <span class='ocrx_word' id='word_1_223' title='bbox 1083 1871 1196 1904; x_wconf 84' lang='lat' dir='ltr'>Grae-</span> 
     </span>
     <span class='ocr_line' id='line_1_36' title="bbox 220 1920 1197 1965; baseline -0.006 -6"><span class='ocrx_word' id='word_1_224' title='bbox 220 1929 307 1959; x_wconf 80' lang='lat' dir='ltr'>ciam</span> <span class='ocrx_word' id='word_1_225' title='bbox 327 1933 357 1958; x_wconf 91' lang='lat' dir='ltr'>et</span> <span class='ocrx_word' id='word_1_226' title='bbox 372 1924 489 1958; x_wconf 76' lang='lat' dir='ltr'>Asiam</span> <span class='ocrx_word' id='word_1_227' title='bbox 503 1951 512 1963; x_wconf 89' lang='lat'>,</span> <span class='ocrx_word' id='word_1_228' title='bbox 539 1929 719 1955; x_wconf 79' lang='lat' dir='ltr'>mutarunt</span> <span class='ocrx_word' id='word_1_229' title='bbox 736 1922 909 1965; x_wconf 84' lang='lat' dir='ltr'>linguam,</span> <span class='ocrx_word' id='word_1_230' title='bbox 938 1930 970 1956; x_wconf 88' lang='lat' dir='ltr'>et</span> <span class='ocrx_word' id='word_1_231' title='bbox 986 1923 1112 1954; x_wconf 86' lang='lat' dir='ltr'>multas</span> <span class='ocrx_word' id='word_1_232' title='bbox 1129 1920 1197 1954; x_wconf 84' lang='lat' dir='ltr'>Ec-</span> 
     </span>
     <span class='ocr_line' id='line_1_37' title="bbox 219 1971 1197 2017; baseline -0.004 -8"><span class='ocrx_word' id='word_1_233' title='bbox 219 1977 338 2009; x_wconf 81' lang='lat' dir='ltr'>clesias</span> <span class='ocrx_word' id='word_1_234' title='bbox 356 1982 386 2007; x_wconf 89' lang='lat' dir='ltr'>et</span> <span class='ocrx_word' id='word_1_235' title='bbox 405 1972 550 2007; x_wconf 72' lang='lat' dir='ltr'>Scholas</span> <span class='ocrx_word' id='word_1_236' title='bbox 569 1973 785 2007; x_wconf 86' lang='lat' dir='ltr'>deleverunt.</span> <span class='ocrx_word' id='word_1_237' title='bbox 830 1971 916 2005; x_wconf 89' lang='lat' dir='ltr'>Inde</span> <span class='ocrx_word' id='word_1_238' title='bbox 934 1980 1099 2017; x_wconf 82' lang='lat' dir='ltr'>sequutae</span> <span class='ocrx_word' id='word_1_239' title='bbox 1117 1979 1197 2005; x_wconf 92' lang='lat' dir='ltr'>sunt</span> 
     </span>
     <span class='ocr_line' id='line_1_38' title="bbox 221 2023 1197 2063; baseline -0.004 -4"><span class='ocrx_word' id='word_1_240' title='bbox 221 2029 254 2059; x_wconf 85' lang='lat' dir='ltr'>in</span> <span class='ocrx_word' id='word_1_241' title='bbox 274 2026 431 2059; x_wconf 81' lang='lat' dir='ltr'>doctrina</span> <span class='ocrx_word' id='word_1_242' title='bbox 448 2024 631 2063; x_wconf 75' lang='lat' dir='ltr'>tenebrae,</span> <span class='ocrx_word' id='word_1_243' title='bbox 654 2030 687 2055; x_wconf 87' lang='lat' dir='ltr'>et</span> <span class='ocrx_word' id='word_1_244' title='bbox 704 2035 793 2056; x_wconf 87' lang='lat' dir='ltr'>nova</span> <span class='ocrx_word' id='word_1_245' title='bbox 810 2023 989 2056; x_wconf 90' lang='lat' dir='ltr'>doctrinae</span> <span class='ocrx_word' id='word_1_246' title='bbox 1008 2023 1119 2055; x_wconf 89' lang='lat' dir='ltr'>forma</span> <span class='ocrx_word' id='word_1_247' title='bbox 1135 2035 1197 2055; x_wconf 92' lang='lat' dir='ltr'>na-</span> 
     </span>
     <span class='ocr_line' id='line_1_39' title="bbox 221 2073 1197 2116; baseline -0.004 -7"><span class='ocrx_word' id='word_1_248' title='bbox 221 2086 252 2109; x_wconf 89' lang='lat' dir='ltr'>ta</span> <span class='ocrx_word' id='word_1_249' title='bbox 272 2083 341 2115; x_wconf 88' lang='lat' dir='ltr'>est,</span> <span class='ocrx_word' id='word_1_250' title='bbox 368 2082 401 2108; x_wconf 85' lang='lat' dir='ltr'>et</span> <span class='ocrx_word' id='word_1_251' title='bbox 418 2075 546 2107; x_wconf 87' lang='lat' dir='ltr'>multae</span> <span class='ocrx_word' id='word_1_252' title='bbox 562 2073 826 2116; x_wconf 78' lang='lat' dir='ltr'>superstitiones</span> <span class='ocrx_word' id='word_1_253' title='bbox 848 2080 1004 2116; x_wconf 88' lang='lat' dir='ltr'>receptae</span> <span class='ocrx_word' id='word_1_254' title='bbox 1019 2081 1052 2107; x_wconf 89' lang='lat' dir='ltr'>et</span> <span class='ocrx_word' id='word_1_255' title='bbox 1071 2074 1197 2106; x_wconf 84' lang='lat' dir='ltr'>confir-</span> 
     </span>
     <span class='ocr_line' id='line_1_40' title="bbox 221 2123 1198 2167; baseline -0.004 -8"><span class='ocrx_word' id='word_1_256' title='bbox 221 2134 331 2160; x_wconf 87' lang='lat' dir='ltr'>matae</span> <span class='ocrx_word' id='word_1_257' title='bbox 350 2133 448 2163; x_wconf 86' lang='lat' dir='ltr'>sunt,</span> <span class='ocrx_word' id='word_1_258' title='bbox 476 2123 541 2164; x_wconf 88' lang='lat' dir='ltr'>Ut,</span> <span class='ocrx_word' id='word_1_259' title='bbox 567 2123 732 2156; x_wconf 80' lang='lat' dir='ltr'>sacrificia</span> <span class='ocrx_word' id='word_1_260' title='bbox 755 2136 818 2167; x_wconf 88' lang='lat' dir='ltr'>pro</span> <span class='ocrx_word' id='word_1_261' title='bbox 851 2124 1018 2164; x_wconf 86' lang='lat' dir='ltr'>mortuis,</span> <span class='ocrx_word' id='word_1_262' title='bbox 1045 2130 1077 2156; x_wconf 89' lang='lat' dir='ltr'>et</span> <span class='ocrx_word' id='word_1_263' title='bbox 1096 2124 1198 2156; x_wconf 89' lang='lat' dir='ltr'>invo-</span> 
     </span>
     <span class='ocr_line' id='line_1_41' title="bbox 222 2173 1199 2213; baseline -0.002 -4"><span class='ocrx_word' id='word_1_264' title='bbox 222 2177 310 2209; x_wconf 81' lang='lat' dir='ltr'>catio</span> <span class='ocrx_word' id='word_1_265' title='bbox 336 2174 520 2208; x_wconf 88' lang='lat' dir='ltr'>hominum</span> <span class='ocrx_word' id='word_1_266' title='bbox 546 2181 786 2213; x_wconf 89' lang='lat' dir='ltr'>mortuorum,</span> <span class='ocrx_word' id='word_1_267' title='bbox 823 2180 856 2206; x_wconf 87' lang='lat' dir='ltr'>et</span> <span class='ocrx_word' id='word_1_268' title='bbox 878 2174 978 2207; x_wconf 86' lang='lat' dir='ltr'>initia</span> <span class='ocrx_word' id='word_1_269' title='bbox 1008 2173 1199 2207; x_wconf 80' lang='lat' dir='ltr'>monacho-</span> 
     </span>
     <span class='ocr_line' id='line_1_42' title="bbox 223 2223 1199 2268; baseline -0.001 -10"><span class='ocrx_word' id='word_1_270' title='bbox 223 2239 311 2260; x_wconf 87' lang='lat' dir='ltr'>rum.</span> <span class='ocrx_word' id='word_1_271' title='bbox 363 2224 408 2259; x_wconf 90' lang='lat' dir='ltr'>Et</span> <span class='ocrx_word' id='word_1_272' title='bbox 432 2224 599 2268; x_wconf 86' lang='lat' dir='ltr'>paulatim</span> <span class='ocrx_word' id='word_1_273' title='bbox 624 2225 732 2257; x_wconf 79' lang='lat' dir='ltr'>crevit</span> <span class='ocrx_word' id='word_1_274' title='bbox 757 2223 911 2258; x_wconf 86' lang='lat' dir='ltr'>Romani</span> <span class='ocrx_word' id='word_1_275' title='bbox 938 2224 1118 2257; x_wconf 76' lang='lat' dir='ltr'>pontilicis</span> <span class='ocrx_word' id='word_1_276' title='bbox 1136 2237 1199 2268; x_wconf 91' lang='lat' dir='ltr'>po-</span> 
     </span>
     <span class='ocr_line' id='line_1_43' title="bbox 225 2272 1198 2319; baseline -0.002 -10"><span class='ocrx_word' id='word_1_277' title='bbox 225 2276 348 2313; x_wconf 80' lang='lat' dir='ltr'>tentia,</span> <span class='ocrx_word' id='word_1_278' title='bbox 375 2287 462 2319; x_wconf 87' lang='lat' dir='ltr'>quae</span> <span class='ocrx_word' id='word_1_279' title='bbox 479 2274 606 2307; x_wconf 87' lang='lat' dir='ltr'>deinde</span> <span class='ocrx_word' id='word_1_280' title='bbox 623 2272 916 2307; x_wconf 88' lang='lat' dir='ltr'>Germanicorum</span> <span class='ocrx_word' id='word_1_281' title='bbox 945 2273 1198 2317; x_wconf 77' lang='lat' dir='ltr'>Imperatorum</span> 
     </span>
     <span class='ocr_line' id='line_1_44' title="bbox 224 2324 1198 2369; baseline 0 -11"><span class='ocrx_word' id='word_1_282' title='bbox 224 2326 431 2359; x_wconf 85' lang='lat' dir='ltr'>liberalitate</span> <span class='ocrx_word' id='word_1_283' title='bbox 462 2325 630 2358; x_wconf 87' lang='lat' dir='ltr'>instructa</span> <span class='ocrx_word' id='word_1_284' title='bbox 661 2331 711 2357; x_wconf 86' lang='lat' dir='ltr'>est</span> <span class='ocrx_word' id='word_1_285' title='bbox 739 2325 874 2367; x_wconf 84' lang='lat' dir='ltr'>magnis</span> <span class='ocrx_word' id='word_1_286' title='bbox 901 2324 1046 2368; x_wconf 84' lang='lat' dir='ltr'>opibus,</span> <span class='ocrx_word' id='word_1_287' title='bbox 1082 2326 1141 2369; x_wconf 83' lang='lat' dir='ltr'>qui</span> <span class='ocrx_word' id='word_1_288' title='bbox 1169 2326 1198 2358; x_wconf 78' lang='lat' dir='ltr'>ei</span> 
     </span>
     <span class='ocr_line' id='line_1_45' title="bbox 222 2373 1199 2419; baseline -0.001 -10"><span class='ocrx_word' id='word_1_289' title='bbox 222 2377 331 2409; x_wconf 86' lang='lat' dir='ltr'>multa</span> <span class='ocrx_word' id='word_1_290' title='bbox 354 2375 479 2419; x_wconf 86' lang='lat' dir='ltr'>oppida</span> <span class='ocrx_word' id='word_1_291' title='bbox 511 2375 547 2406; x_wconf 93' lang='lat' dir='ltr'>in</span> <span class='ocrx_word' id='word_1_292' title='bbox 575 2373 674 2407; x_wconf 90' lang='lat' dir='ltr'>ltalia</span> <span class='ocrx_word' id='word_1_293' title='bbox 698 2374 946 2409; x_wconf 88' lang='lat' dir='ltr'>attribuerunt.</span> <span class='ocrx_word' id='word_1_294' title='bbox 1009 2374 1110 2408; x_wconf 83' lang='lat' dir='ltr'>Hanc</span> <span class='ocrx_word' id='word_1_295' title='bbox 1137 2388 1199 2419; x_wconf 91' lang='lat' dir='ltr'>po-</span> 
     </span>
     <span class='ocr_line' id='line_1_46' title="bbox 223 2425 1198 2469; baseline -0.001 -9"><span class='ocrx_word' id='word_1_296' title='bbox 223 2426 367 2460; x_wconf 89' lang='lat' dir='ltr'>tentiam</span> <span class='ocrx_word' id='word_1_297' title='bbox 384 2432 554 2458; x_wconf 84' lang='lat' dir='ltr'>auxerunt</span> <span class='ocrx_word' id='word_1_298' title='bbox 575 2431 693 2468; x_wconf 81' lang='lat' dir='ltr'>postea</span> <span class='ocrx_word' id='word_1_299' title='bbox 711 2425 895 2458; x_wconf 86' lang='lat' dir='ltr'>fraudibus</span> <span class='ocrx_word' id='word_1_300' title='bbox 910 2431 943 2458; x_wconf 84' lang='lat' dir='ltr'>et</span> <span class='ocrx_word' id='word_1_301' title='bbox 964 2426 1085 2469; x_wconf 85' lang='lat' dir='ltr'>bellis,</span> <span class='ocrx_word' id='word_1_302' title='bbox 1113 2433 1143 2459; x_wconf 87' lang='lat' dir='ltr'>et</span> <span class='ocrx_word' id='word_1_303' title='bbox 1160 2439 1198 2459; x_wconf 83' lang='lat' dir='ltr'>ex</span> 
     </span>
     <span class='ocr_line' id='line_1_47' title="bbox 225 2475 899 2521; baseline -0.001 -11"><span class='ocrx_word' id='word_1_304' title='bbox 225 2475 362 2521; x_wconf 89' lang='lat' dir='ltr'>imperii</span> <span class='ocrx_word' id='word_1_305' title='bbox 380 2475 538 2518; x_wconf 83' lang='lat' dir='ltr'>reliquiis</span> <span class='ocrx_word' id='word_1_306' title='bbox 553 2475 661 2507; x_wconf 88' lang='lat' dir='ltr'>multa</span> <span class='ocrx_word' id='word_1_307' title='bbox 673 2482 899 2519; x_wconf 83' lang='lat' dir='ltr'>occuparunt.</span> 
     </span>
    </p>
   </div>
   <div class='ocr_carea' id='block_1_5' title="bbox 223 2539 1199 2686">
    <p class='ocr_par' dir='ltr' id='par_1_5' title="bbox 223 2539 1199 2686">
     <span class='ocr_line' id='line_1_48' title="bbox 325 2539 1199 2576; baseline 0.001 -2"><span class='ocrx_word' id='word_1_308' title='bbox 325 2540 462 2574; x_wconf 88' lang='lat' dir='ltr'>Horum</span> <span class='ocrx_word' id='word_1_309' title='bbox 493 2539 668 2572; x_wconf 88' lang='lat' dir='ltr'>bellorum</span> <span class='ocrx_word' id='word_1_310' title='bbox 702 2551 823 2574; x_wconf 88' lang='lat' dir='ltr'>causae</span> <span class='ocrx_word' id='word_1_311' title='bbox 857 2553 896 2573; x_wconf 86' lang='lat' dir='ltr'>ex</span> <span class='ocrx_word' id='word_1_312' title='bbox 925 2542 1016 2574; x_wconf 88' lang='lat' dir='ltr'>veris</span> <span class='ocrx_word' id='word_1_313' title='bbox 1044 2540 1199 2576; x_wconf 89' lang='lat' dir='ltr'>historiis</span> 
     </span>
     <span class='ocr_line' id='line_1_49' title="bbox 226 2591 1199 2637; baseline 0.002 -12"><span class='ocrx_word' id='word_1_314' title='bbox 226 2591 372 2626; x_wconf 79' lang='lat' dir='ltr'>iudicari</span> <span class='ocrx_word' id='word_1_315' title='bbox 395 2595 559 2633; x_wconf 84' lang='lat' dir='ltr'>possunt,</span> <span class='ocrx_word' id='word_1_316' title='bbox 596 2601 683 2632; x_wconf 85' lang='lat' dir='ltr'>quae</span> <span class='ocrx_word' id='word_1_317' title='bbox 707 2591 914 2631; x_wconf 85' lang='lat' dir='ltr'>ostendunt,</span> <span class='ocrx_word' id='word_1_318' title='bbox 948 2593 1075 2637; x_wconf 89' lang='lat' dir='ltr'>quibus</span> <span class='ocrx_word' id='word_1_319' title='bbox 1099 2606 1199 2627; x_wconf 88' lang='lat' dir='ltr'>occa-</span> 
     </span>
     <span class='ocr_line' id='line_1_50' title="bbox 223 2639 1199 2686; baseline 0 -9"><span class='ocrx_word' id='word_1_320' title='bbox 223 2644 381 2678; x_wconf 79' lang='lat' dir='ltr'>sionibus</span> <span class='ocrx_word' id='word_1_321' title='bbox 398 2652 501 2684; x_wconf 81' lang='lat' dir='ltr'>regna</span> <span class='ocrx_word' id='word_1_322' title='bbox 519 2640 602 2672; x_wconf 89' lang='lat' dir='ltr'>dare</span> <span class='ocrx_word' id='word_1_323' title='bbox 625 2645 657 2672; x_wconf 90' lang='lat' dir='ltr'>et</span> <span class='ocrx_word' id='word_1_324' title='bbox 683 2639 814 2683; x_wconf 86' lang='lat' dir='ltr'>eripere</span> <span class='ocrx_word' id='word_1_325' title='bbox 829 2642 967 2684; x_wconf 84' lang='lat' dir='ltr'>regibus</span> <span class='ocrx_word' id='word_1_326' title='bbox 985 2651 1129 2678; x_wconf 85' lang='lat' dir='ltr'>conatus</span> <span class='ocrx_word' id='word_1_327' title='bbox 1146 2645 1199 2686; x_wconf 80' lang='lat' dir='ltr'>sit,</span> 
     </span>
    </p>
   </div>
   <div class='ocr_carea' id='block_1_6' title="bbox 435 97 1967 141">
    <p class='ocr_par' dir='ltr' id='par_1_6' title="bbox 435 97 1967 141">
     <span class='ocr_line' id='line_1_51' title="bbox 435 97 1967 141; baseline 0.001 -1"><span class='ocrx_word' id='word_1_328' title='bbox 435 101 642 140; x_wconf 79' lang='lat' dir='ltr'>SCRIPTA</span> <span class='ocrx_word' id='word_1_329' title='bbox 669 101 743 136; x_wconf 81' lang='lat'>1‘11.</span> <span class='ocrx_word' id='word_1_330' title='bbox 772 97 888 135; x_wconf 84' lang='lat' dir='ltr'>MEL.</span> <span class='ocrx_word' id='word_1_331' title='bbox 914 97 982 133; x_wconf 90' lang='lat' dir='ltr'>AD</span> <span class='ocrx_word' id='word_1_332' title='bbox 1009 99 1138 140; x_wconf 86' lang='lat' dir='ltr'>HIST.</span> <span class='ocrx_word' id='word_1_333' title='bbox 1163 102 1308 141; x_wconf 82' lang='lat' dir='ltr'><strong>PROF.</strong></span> <span class='ocrx_word' id='word_1_334' title='bbox 1334 100 1401 137; x_wconf 84' lang='grc' dir='ltr'>ΕΤ</span> <span class='ocrx_word' id='word_1_335' title='bbox 1429 100 1619 139; x_wconf 85' lang='lat' dir='ltr'><strong>PHILOS.</strong></span> <span class='ocrx_word' id='word_1_336' title='bbox 1647 101 1967 141; x_wconf 82' lang='lat' dir='ltr'>SPECTANTIA.</span> 
     </span>
    </p>
   </div>
   <div class='ocr_carea' id='block_1_7' title="bbox 1223 2382 1228 2473">
    <p class='ocr_par' dir='ltr' id='par_1_7' title="bbox 1223 2382 1228 2473">
     <span class='ocr_line' id='line_1_52' title="bbox 1223 2382 1228 2473; baseline 0 482"><span class='ocrx_word' id='word_1_337' title='bbox 1223 2382 1228 2473; x_wconf 95' lang='lat' dir='ltr'> </span> 
     </span>
    </p>
   </div>
   <div class='ocr_carea' id='block_1_8' title="bbox 1222 2475 1226 2565">
    <p class='ocr_par' dir='ltr' id='par_1_8' title="bbox 1222 2475 1226 2565">
     <span class='ocr_line' id='line_1_53' title="bbox 1222 2475 1226 2565; baseline 0 390"><span class='ocrx_word' id='word_1_338' title='bbox 1222 2475 1226 2565; x_wconf 95' lang='lat' dir='ltr'> </span> 
     </span>
    </p>
   </div>
   <div class='ocr_carea' id='block_1_9' title="bbox 2130 107 2204 142">
    <p class='ocr_par' dir='ltr' id='par_1_9' title="bbox 2130 107 2204 142">
     <span class='ocr_line' id='line_1_54' title="bbox 2130 107 2204 142; baseline -0.027 0"><span class='ocrx_word' id='word_1_339' title='bbox 2130 107 2204 142; x_wconf 88' lang='grc'>716</span> 
     </span>
    </p>
   </div>
   <div class='ocr_carea' id='block_1_10' title="bbox 1235 187 2212 534">
    <p class='ocr_par' dir='ltr' id='par_1_10' title="bbox 1235 187 2212 534">
     <span class='ocr_line' id='line_1_55' title="bbox 1235 187 2208 236; baseline 0.004 -15"><span class='ocrx_word' id='word_1_340' title='bbox 1235 195 1267 222; x_wconf 88' lang='lat' dir='ltr'>et</span> <span class='ocrx_word' id='word_1_341' title='bbox 1298 187 1456 229; x_wconf 85' lang='lat' dir='ltr'>finxerit,</span> <span class='ocrx_word' id='word_1_342' title='bbox 1498 199 1667 222; x_wconf 90' lang='lat' dir='ltr'>summam</span> <span class='ocrx_word' id='word_1_343' title='bbox 1698 187 1940 223; x_wconf 88' lang='lat' dir='ltr'>monarchiam</span> <span class='ocrx_word' id='word_1_344' title='bbox 1978 190 2208 236; x_wconf 88' lang='lat' dir='ltr'>imperiorum</span> 
     </span>
     <span class='ocr_line' id='line_1_56' title="bbox 1235 236 2208 284; baseline 0.005 -14"><span class='ocrx_word' id='word_1_345' title='bbox 1235 236 1311 271; x_wconf 72' lang='lat' dir='ltr'>Pet</span> <span class='ocrx_word' id='word_1_346' title='bbox 1324 250 1369 270; x_wconf 90' lang='lat' dir='ltr'>ro</span> <span class='ocrx_word' id='word_1_347' title='bbox 1395 239 1512 271; x_wconf 88' lang='lat' dir='ltr'>datam</span> <span class='ocrx_word' id='word_1_348' title='bbox 1528 250 1618 280; x_wconf 89' lang='lat' dir='ltr'>esse,</span> <span class='ocrx_word' id='word_1_349' title='bbox 1645 240 1740 273; x_wconf 88' lang='lat' dir='ltr'>iuxta</span> <span class='ocrx_word' id='word_1_350' title='bbox 1756 252 1894 273; x_wconf 88' lang='lat' dir='ltr'>versum</span> <span class='ocrx_word' id='word_1_351' title='bbox 1911 241 2077 284; x_wconf 92' lang='lat' dir='ltr'>scriptum</span> <span class='ocrx_word' id='word_1_352' title='bbox 2094 242 2132 274; x_wconf 92' lang='lat' dir='ltr'>in</span> <span class='ocrx_word' id='word_1_353' title='bbox 2148 254 2208 275; x_wconf 92' lang='lat' dir='ltr'>co-</span> 
     </span>
     <span class='ocr_line' id='line_1_57' title="bbox 1235 286 2210 335; baseline 0.002 -13"><span class='ocrx_word' id='word_1_354' title='bbox 1235 301 1321 322; x_wconf 89' lang='lat' dir='ltr'>rona</span> <span class='ocrx_word' id='word_1_355' title='bbox 1343 286 1544 332; x_wconf 82' lang='lat' dir='ltr'>Rodolphi,</span> <span class='ocrx_word' id='word_1_356' title='bbox 1572 301 1674 333; x_wconf 90' lang='lat' dir='ltr'>quem</span> <span class='ocrx_word' id='word_1_357' title='bbox 1700 289 1795 334; x_wconf 87' lang='lat' dir='ltr'>Papa</span> <span class='ocrx_word' id='word_1_358' title='bbox 1819 289 2070 335; x_wconf 90' lang='lat' dir='ltr'>Imperatorem</span> <span class='ocrx_word' id='word_1_359' title='bbox 2093 292 2210 324; x_wconf 89' lang='lat' dir='ltr'>nomi-</span> 
     </span>
     <span class='ocr_line' id='line_1_58' title="bbox 1235 338 2211 384; baseline 0.002 -12"><span class='ocrx_word' id='word_1_360' title='bbox 1235 340 1333 373; x_wconf 86' lang='lat' dir='ltr'>navit</span> <span class='ocrx_word' id='word_1_361' title='bbox 1349 345 1470 372; x_wconf 91' lang='lat' dir='ltr'>contra</span> <span class='ocrx_word' id='word_1_362' title='bbox 1484 338 1678 372; x_wconf 89' lang='lat' dir='ltr'>Henricum</span> <span class='ocrx_word' id='word_1_363' title='bbox 1701 347 1879 384; x_wconf 89' lang='lat' dir='ltr'>quartum:</span> <span class='ocrx_word' id='word_1_364' title='bbox 1909 340 2010 374; x_wconf 87' lang='lat' dir='ltr'>Petra</span> <span class='ocrx_word' id='word_1_365' title='bbox 2034 341 2131 374; x_wconf 87' lang='lat' dir='ltr'>dedit</span> <span class='ocrx_word' id='word_1_366' title='bbox 2145 341 2211 374; x_wconf 90' lang='lat' dir='ltr'>Pe-</span> 
     </span>
     <span class='ocr_line' id='line_1_59' title="bbox 1235 388 2212 435; baseline 0.003 -14"><span class='ocrx_word' id='word_1_367' title='bbox 1235 397 1308 427; x_wconf 86' lang='lat' dir='ltr'>tro,</span> <span class='ocrx_word' id='word_1_368' title='bbox 1350 388 1474 422; x_wconf 90' lang='lat' dir='ltr'>Petrus</span> <span class='ocrx_word' id='word_1_369' title='bbox 1504 390 1664 422; x_wconf 86' lang='lat' dir='ltr'>diadema</span> <span class='ocrx_word' id='word_1_370' title='bbox 1695 388 1898 435; x_wconf 88' lang='lat' dir='ltr'>Rodolpho.</span> <span class='ocrx_word' id='word_1_371' title='bbox 1959 391 2141 433; x_wconf 86' lang='lat' dir='ltr'>Leguntur</span> <span class='ocrx_word' id='word_1_372' title='bbox 2178 398 2212 425; x_wconf 80' lang='lat' dir='ltr'>et</span> 
     </span>
     <span class='ocr_line' id='line_1_60' title="bbox 1236 439 2212 485; baseline 0 -12"><span class='ocrx_word' id='word_1_373' title='bbox 1236 439 1372 485; x_wconf 72' lang='lat' dir='ltr'>Synodi</span> <span class='ocrx_word' id='word_1_374' title='bbox 1390 439 1606 484; x_wconf 87' lang='lat' dir='ltr'>pontificiae,</span> <span class='ocrx_word' id='word_1_375' title='bbox 1635 440 1672 472; x_wconf 90' lang='lat' dir='ltr'>in</span> <span class='ocrx_word' id='word_1_376' title='bbox 1695 440 1822 484; x_wconf 73' lang='lat' dir='ltr'>quibus</span> <span class='ocrx_word' id='word_1_377' title='bbox 1839 442 2034 474; x_wconf 84' lang='lat' dir='ltr'>confirmati</span> <span class='ocrx_word' id='word_1_378' title='bbox 2058 448 2139 474; x_wconf 89' lang='lat' dir='ltr'>sunt</span> <span class='ocrx_word' id='word_1_379' title='bbox 2155 452 2212 473; x_wconf 89' lang='lat' dir='ltr'>er-</span> 
     </span>
     <span class='ocr_line' id='line_1_61' title="bbox 1237 490 2211 534; baseline 0.001 -12"><span class='ocrx_word' id='word_1_380' title='bbox 1237 501 1332 523; x_wconf 88' lang='lat' dir='ltr'>rores</span> <span class='ocrx_word' id='word_1_381' title='bbox 1355 496 1387 522; x_wconf 89' lang='lat' dir='ltr'>et</span> <span class='ocrx_word' id='word_1_382' title='bbox 1407 490 1585 532; x_wconf 87' lang='lat' dir='ltr'>pontificia</span> <span class='ocrx_word' id='word_1_383' title='bbox 1613 490 1783 534; x_wconf 87' lang='lat' dir='ltr'>tyrannis.</span> <span class='ocrx_word' id='word_1_384' title='bbox 1836 490 1965 533; x_wconf 86' lang='lat' dir='ltr'>Magna</span> <span class='ocrx_word' id='word_1_385' title='bbox 1984 492 2089 534; x_wconf 86' lang='lat' dir='ltr'>igitur</span> <span class='ocrx_word' id='word_1_386' title='bbox 2112 491 2211 525; x_wconf 82' lang='lat' dir='ltr'>utili-</span> 
     </span>
    </p>
   </div>
   <div class='ocr_carea' id='block_1_11' title="bbox 1237 537 2212 626">
    <p class='ocr_par' dir='ltr' id='par_1_11' title="bbox 1237 537 2212 626">
     <span class='ocr_line' id='line_1_62' title="bbox 1237 537 2212 575; baseline -0.001 -1"><span class='ocrx_word' id='word_1_387' title='bbox 1237 548 1287 574; x_wconf 91' lang='lat' dir='ltr'>tas</span> <span class='ocrx_word' id='word_1_388' title='bbox 1314 546 1363 572; x_wconf 90' lang='lat' dir='ltr'>est</span> <span class='ocrx_word' id='word_1_389' title='bbox 1386 537 1553 574; x_wconf 86' lang='lat' dir='ltr'>historiae</span> <span class='ocrx_word' id='word_1_390' title='bbox 1578 540 1615 572; x_wconf 90' lang='lat' dir='ltr'>in</span> <span class='ocrx_word' id='word_1_391' title='bbox 1637 540 1891 574; x_wconf 88' lang='lat' dir='ltr'>diiudicatione</span> <span class='ocrx_word' id='word_1_392' title='bbox 1913 541 2104 574; x_wconf 87' lang='lat' dir='ltr'>multarum</span> <span class='ocrx_word' id='word_1_393' title='bbox 2128 553 2212 575; x_wconf 92' lang='lat' dir='ltr'>con-</span> 
     </span>
     <span class='ocr_line' id='line_1_63' title="bbox 1238 590 1501 626; baseline 0.008 -2"><span class='ocrx_word' id='word_1_394' title='bbox 1238 590 1501 626; x_wconf 82' lang='lat' dir='ltr'>troversiarum.</span> 
     </span>
    </p>
   </div>
   <div class='ocr_carea' id='block_1_12' title="bbox 1240 664 2230 2352">
    <p class='ocr_par' dir='ltr' id='par_1_12' title="bbox 1240 664 2230 2352">
     <span class='ocr_line' id='line_1_64' title="bbox 1338 664 2215 710; baseline 0.002 -12"><span class='ocrx_word' id='word_1_395' title='bbox 1338 665 1519 699; x_wconf 86' lang='lat' dir='ltr'>Postremo</span> <span class='ocrx_word' id='word_1_396' title='bbox 1544 674 1575 700; x_wconf 91' lang='lat' dir='ltr'>et</span> <span class='ocrx_word' id='word_1_397' title='bbox 1598 664 1681 699; x_wconf 90' lang='lat' dir='ltr'>haec</span> <span class='ocrx_word' id='word_1_398' title='bbox 1700 667 1823 710; x_wconf 85' lang='lat' dir='ltr'>ingens</span> <span class='ocrx_word' id='word_1_399' title='bbox 1845 667 1979 701; x_wconf 88' lang='lat' dir='ltr'>utilitas</span> <span class='ocrx_word' id='word_1_400' title='bbox 1995 667 2140 701; x_wconf 86' lang='lat' dir='ltr'>adsidue</span> <span class='ocrx_word' id='word_1_401' title='bbox 2156 678 2215 700; x_wconf 91' lang='lat' dir='ltr'>co-</span> 
     </span>
     <span class='ocr_line' id='line_1_65' title="bbox 1240 715 2217 760; baseline 0 -10"><span class='ocrx_word' id='word_1_402' title='bbox 1240 717 1380 760; x_wconf 85' lang='lat' dir='ltr'>gitanda</span> <span class='ocrx_word' id='word_1_403' title='bbox 1405 723 1471 756; x_wconf 89' lang='lat' dir='ltr'>est,</span> <span class='ocrx_word' id='word_1_404' title='bbox 1504 717 1542 749; x_wconf 92' lang='lat' dir='ltr'>in</span> <span class='ocrx_word' id='word_1_405' title='bbox 1575 717 1762 750; x_wconf 90' lang='lat' dir='ltr'>collatione</span> <span class='ocrx_word' id='word_1_406' title='bbox 1800 715 2026 751; x_wconf 88' lang='lat' dir='ltr'>historiarum</span> <span class='ocrx_word' id='word_1_407' title='bbox 2058 715 2217 750; x_wconf 89' lang='lat' dir='ltr'>ethnica—</span> 
     </span>
     <span class='ocr_line' id='line_1_66' title="bbox 1240 764 2216 808; baseline -0.002 -8"><span class='ocrx_word' id='word_1_408' title='bbox 1240 780 1317 800; x_wconf 91' lang='lat' dir='ltr'>rum</span> <span class='ocrx_word' id='word_1_409' title='bbox 1342 774 1375 800; x_wconf 90' lang='lat' dir='ltr'>et</span> <span class='ocrx_word' id='word_1_410' title='bbox 1398 773 1609 800; x_wconf 89' lang='lat' dir='ltr'>nostrarum.</span> <span class='ocrx_word' id='word_1_411' title='bbox 1661 765 1718 799; x_wconf 88' lang='lat' dir='ltr'>In</span> <span class='ocrx_word' id='word_1_412' title='bbox 1749 764 1982 808; x_wconf 77' lang='lat' dir='ltr'>historiis</span> <span class='ocrx_word' id='word_1_413' title='bbox 2017 764 2216 799; x_wconf 75' lang='lat' dir='ltr'>ethnicis</span> 
     </span>
     <span class='ocr_line' id='line_1_67' title="bbox 1240 816 2217 861; baseline -0.002 -10"><span class='ocrx_word' id='word_1_414' title='bbox 1240 824 1376 851; x_wconf 88' lang='lat' dir='ltr'>tantum</span> <span class='ocrx_word' id='word_1_415' title='bbox 1396 824 1589 850; x_wconf 90' lang='lat' dir='ltr'>cernuntur</span> <span class='ocrx_word' id='word_1_416' title='bbox 1607 818 1762 861; x_wconf 87' lang='lat' dir='ltr'>exempla</span> <span class='ocrx_word' id='word_1_417' title='bbox 1787 818 1857 850; x_wconf 92' lang='lat' dir='ltr'>irae</span> <span class='ocrx_word' id='word_1_418' title='bbox 1874 816 1959 857; x_wconf 90' lang='lat' dir='ltr'>Dei,</span> <span class='ocrx_word' id='word_1_419' title='bbox 1986 824 2106 850; x_wconf 88' lang='lat' dir='ltr'>contra</span> <span class='ocrx_word' id='word_1_420' title='bbox 2122 824 2217 851; x_wconf 87' lang='lat' dir='ltr'>atro-</span> 
     </span>
     <span class='ocr_line' id='line_1_68' title="bbox 1241 866 2221 911; baseline 0 -11"><span class='ocrx_word' id='word_1_421' title='bbox 1241 868 1291 900; x_wconf 87' lang='lat' dir='ltr'>cia</span> <span class='ocrx_word' id='word_1_422' title='bbox 1310 867 1456 907; x_wconf 78' lang='lat' dir='ltr'>scelera,</span> <span class='ocrx_word' id='word_1_423' title='bbox 1483 868 1579 900; x_wconf 87' lang='lat' dir='ltr'>iuxta</span> <span class='ocrx_word' id='word_1_424' title='bbox 1597 868 1749 910; x_wconf 83' lang='lat' dir='ltr'>regulas:</span> <span class='ocrx_word' id='word_1_425' title='bbox 1778 866 1850 910; x_wconf 85' lang='lat' dir='ltr'>Qui</span> <span class='ocrx_word' id='word_1_426' title='bbox 1867 868 2022 910; x_wconf 83' lang='lat' dir='ltr'>gladium</span> <span class='ocrx_word' id='word_1_427' title='bbox 2039 867 2221 911; x_wconf 89' lang='lat' dir='ltr'>acceperit,</span> 
     </span>
     <span class='ocr_line' id='line_1_69' title="bbox 1241 915 2220 961; baseline -0.001 -11"><span class='ocrx_word' id='word_1_428' title='bbox 1241 918 1357 960; x_wconf 88' lang='lat' dir='ltr'>gladio</span> <span class='ocrx_word' id='word_1_429' title='bbox 1375 917 1515 960; x_wconf 83' lang='lat' dir='ltr'>peribit.</span> <span class='ocrx_word' id='word_1_430' title='bbox 1569 916 1656 951; x_wconf 88' lang='lat' dir='ltr'>Item</span> <span class='ocrx_word' id='word_1_431' title='bbox 1673 924 1792 951; x_wconf 88' lang='lat' dir='ltr'>contra</span> <span class='ocrx_word' id='word_1_432' title='bbox 1810 918 1985 961; x_wconf 87' lang='lat' dir='ltr'>periuros:</span> <span class='ocrx_word' id='word_1_433' title='bbox 2014 917 2094 950; x_wconf 80' lang='lat' dir='ltr'>Non</span> <span class='ocrx_word' id='word_1_434' title='bbox 2111 915 2220 950; x_wconf 90' lang='lat' dir='ltr'>habe-</span> 
     </span>
     <span class='ocr_line' id='line_1_70' title="bbox 1242 967 2221 1012; baseline 0 -11"><span class='ocrx_word' id='word_1_435' title='bbox 1242 968 1293 1001; x_wconf 87' lang='lat' dir='ltr'>bit</span> <span class='ocrx_word' id='word_1_436' title='bbox 1308 967 1402 1001; x_wconf 91' lang='lat' dir='ltr'>Deus</span> <span class='ocrx_word' id='word_1_437' title='bbox 1420 967 1594 1000; x_wconf 85' lang='lat' dir='ltr'>insontem</span> <span class='ocrx_word' id='word_1_438' title='bbox 1606 993 1616 1007; x_wconf 93' lang='lat'>,</span> <span class='ocrx_word' id='word_1_439' title='bbox 1643 968 1704 1012; x_wconf 89' lang='lat' dir='ltr'>qui</span> <span class='ocrx_word' id='word_1_440' title='bbox 1719 979 1808 1000; x_wconf 89' lang='lat' dir='ltr'>vane</span> <span class='ocrx_word' id='word_1_441' title='bbox 1825 980 1955 1000; x_wconf 90' lang='lat' dir='ltr'>nomen</span> <span class='ocrx_word' id='word_1_442' title='bbox 1972 968 2046 1000; x_wconf 89' lang='lat' dir='ltr'>eius</span> <span class='ocrx_word' id='word_1_443' title='bbox 2063 973 2221 1011; x_wconf 84' lang='lat' dir='ltr'>usurpat.</span> 
     </span>
     <span class='ocr_line' id='line_1_71' title="bbox 1243 1014 2219 1061; baseline -0.001 -12"><span class='ocrx_word' id='word_1_444' title='bbox 1243 1017 1344 1050; x_wconf 89' lang='lat' dir='ltr'>ltem:</span> <span class='ocrx_word' id='word_1_445' title='bbox 1374 1014 1451 1049; x_wconf 77' lang='lat' dir='ltr'>Veh</span> <span class='ocrx_word' id='word_1_446' title='bbox 1474 1017 1535 1061; x_wconf 88' lang='lat' dir='ltr'>qui</span> <span class='ocrx_word' id='word_1_447' title='bbox 1559 1017 1706 1060; x_wconf 90' lang='lat' dir='ltr'>spolias,</span> <span class='ocrx_word' id='word_1_448' title='bbox 1739 1018 1820 1061; x_wconf 91' lang='lat' dir='ltr'>quia</span> <span class='ocrx_word' id='word_1_449' title='bbox 1843 1018 2064 1060; x_wconf 76' lang='lat' dir='ltr'>spoliaberis,</span> <span class='ocrx_word' id='word_1_450' title='bbox 2116 1017 2219 1050; x_wconf 84' lang='lat' dir='ltr'>Item:</span> 
     </span>
     <span class='ocr_line' id='line_1_72' title="bbox 1244 1064 2222 1110; baseline 0 -11"><span class='ocrx_word' id='word_1_451' title='bbox 1244 1065 1373 1099; x_wconf 90' lang='lat' dir='ltr'>Omnis</span> <span class='ocrx_word' id='word_1_452' title='bbox 1401 1066 1536 1106; x_wconf 88' lang='lat' dir='ltr'>anima,</span> <span class='ocrx_word' id='word_1_453' title='bbox 1570 1078 1658 1110; x_wconf 89' lang='lat' dir='ltr'>quae</span> <span class='ocrx_word' id='word_1_454' title='bbox 1688 1067 1809 1099; x_wconf 84' lang='lat' dir='ltr'>fecerit</span> <span class='ocrx_word' id='word_1_455' title='bbox 1840 1067 2119 1099; x_wconf 88' lang='lat' dir='ltr'>abominationes</span> <span class='ocrx_word' id='word_1_456' title='bbox 2146 1064 2222 1106; x_wconf 90' lang='lat' dir='ltr'>has,</span> 
     </span>
     <span class='ocr_line' id='line_1_73' title="bbox 1245 1112 2222 1148; baseline -0.002 0"><span class='ocrx_word' id='word_1_457' title='bbox 1245 1115 1481 1148; x_wconf 87' lang='lat' dir='ltr'>eradicabitur</span> <span class='ocrx_word' id='word_1_458' title='bbox 1496 1121 1559 1147; x_wconf 90' lang='lat' dir='ltr'>etc.</span> <span class='ocrx_word' id='word_1_459' title='bbox 1610 1116 1666 1147; x_wconf 78' lang='lat' dir='ltr'>At</span> <span class='ocrx_word' id='word_1_460' title='bbox 1690 1114 1735 1147; x_wconf 84' lang='lat' dir='ltr'>in</span> <span class='ocrx_word' id='word_1_461' title='bbox 1759 1112 1962 1147; x_wconf 79' lang='lat' dir='ltr'>historia</span> <span class='ocrx_word' id='word_1_462' title='bbox 1984 1114 2222 1148; x_wconf 83' lang='lat' dir='ltr'>Ecclesiae</span> 
     </span>
     <span class='ocr_line' id='line_1_74' title="bbox 1243 1164 2223 1208; baseline -0.001 -10"><span class='ocrx_word' id='word_1_463' title='bbox 1243 1165 1429 1208; x_wconf 89' lang='lat' dir='ltr'>utriusque</span> <span class='ocrx_word' id='word_1_464' title='bbox 1445 1165 1582 1206; x_wconf 86' lang='lat' dir='ltr'>generis</span> <span class='ocrx_word' id='word_1_465' title='bbox 1597 1165 1754 1208; x_wconf 88' lang='lat' dir='ltr'>exempla</span> <span class='ocrx_word' id='word_1_466' title='bbox 1766 1171 2024 1208; x_wconf 86' lang='lat' dir='ltr'>proponuntur,</span> <span class='ocrx_word' id='word_1_467' title='bbox 2051 1164 2223 1208; x_wconf 85' lang='lat' dir='ltr'>Exempla</span> 
     </span>
     <span class='ocr_line' id='line_1_75' title="bbox 1245 1214 2223 1258; baseline 0 -11"><span class='ocrx_word' id='word_1_468' title='bbox 1245 1216 1316 1247; x_wconf 90' lang='lat' dir='ltr'>irae</span> <span class='ocrx_word' id='word_1_469' title='bbox 1339 1215 1377 1246; x_wconf 87' lang='lat' dir='ltr'>in</span> <span class='ocrx_word' id='word_1_470' title='bbox 1404 1214 1548 1257; x_wconf 87' lang='lat' dir='ltr'>poenis,</span> <span class='ocrx_word' id='word_1_471' title='bbox 1573 1220 1613 1247; x_wconf 89' lang='lat' dir='ltr'>ut</span> <span class='ocrx_word' id='word_1_472' title='bbox 1631 1215 1777 1255; x_wconf 82' lang='lat' dir='ltr'>diluvii,</span> <span class='ocrx_word' id='word_1_473' title='bbox 1810 1215 2093 1258; x_wconf 86' lang='lat' dir='ltr'>conflagrationis</span> <span class='ocrx_word' id='word_1_474' title='bbox 2109 1214 2223 1248; x_wconf 86' lang='lat' dir='ltr'>Sodo-</span> 
     </span>
     <span class='ocr_line' id='line_1_76' title="bbox 1245 1261 2224 1309; baseline 0 -12"><span class='ocrx_word' id='word_1_475' title='bbox 1245 1277 1338 1303; x_wconf 89' lang='lat' dir='ltr'>mae,</span> <span class='ocrx_word' id='word_1_476' title='bbox 1367 1264 1530 1297; x_wconf 80' lang='lat' dir='ltr'>interitus</span> <span class='ocrx_word' id='word_1_477' title='bbox 1544 1261 1757 1305; x_wconf 86' lang='lat' dir='ltr'>Pharaonis,</span> <span class='ocrx_word' id='word_1_478' title='bbox 1783 1271 1817 1298; x_wconf 87' lang='lat' dir='ltr'>et</span> <span class='ocrx_word' id='word_1_479' title='bbox 1833 1265 1900 1298; x_wconf 90' lang='lat' dir='ltr'>alia</span> <span class='ocrx_word' id='word_1_480' title='bbox 1918 1266 2047 1305; x_wconf 88' lang='lat' dir='ltr'>multa,</span> <span class='ocrx_word' id='word_1_481' title='bbox 2074 1276 2162 1309; x_wconf 91' lang='lat' dir='ltr'>quae</span> <span class='ocrx_word' id='word_1_482' title='bbox 2179 1265 2224 1298; x_wconf 89' lang='lat' dir='ltr'>ad</span> 
     </span>
     <span class='ocr_line' id='line_1_77' title="bbox 1245 1314 2224 1358; baseline 0 -11"><span class='ocrx_word' id='word_1_483' title='bbox 1245 1316 1355 1358; x_wconf 88' lang='lat' dir='ltr'>legem</span> <span class='ocrx_word' id='word_1_484' title='bbox 1390 1315 1596 1348; x_wconf 89' lang='lat' dir='ltr'>referantur.</span> <span class='ocrx_word' id='word_1_485' title='bbox 1660 1314 1749 1347; x_wconf 88' lang='lat' dir='ltr'>Item</span> <span class='ocrx_word' id='word_1_486' title='bbox 1781 1315 1937 1358; x_wconf 86' lang='lat' dir='ltr'>exempla</span> <span class='ocrx_word' id='word_1_487' title='bbox 1962 1315 2224 1348; x_wconf 87' lang='lat' dir='ltr'>misericordiae</span> 
     </span>
     <span class='ocr_line' id='line_1_78' title="bbox 1246 1363 2226 1410; baseline -0.002 -11"><span class='ocrx_word' id='word_1_488' title='bbox 1246 1378 1305 1399; x_wconf 90' lang='lat' dir='ltr'>seu</span> <span class='ocrx_word' id='word_1_489' title='bbox 1321 1365 1468 1408; x_wconf 73' lang='lat' dir='ltr'>gratiae,</span> <span class='ocrx_word' id='word_1_490' title='bbox 1499 1377 1587 1410; x_wconf 91' lang='lat' dir='ltr'>quae</span> <span class='ocrx_word' id='word_1_491' title='bbox 1601 1365 1653 1409; x_wconf 54' lang='lat' dir='ltr'>jad</span> <span class='ocrx_word' id='word_1_492' title='bbox 1670 1363 1901 1408; x_wconf 86' lang='lat' dir='ltr'>Evangelium</span> <span class='ocrx_word' id='word_1_493' title='bbox 1920 1365 2128 1398; x_wconf 88' lang='lat' dir='ltr'>referantur.</span> <span class='ocrx_word' id='word_1_494' title='bbox 2179 1363 2226 1397; x_wconf 89' lang='lat' dir='ltr'>Et</span> 
     </span>
     <span class='ocr_line' id='line_1_79' title="bbox 1248 1413 2226 1459; baseline -0.002 -10"><span class='ocrx_word' id='word_1_495' title='bbox 1248 1415 1444 1450; x_wconf 90' lang='lat' dir='ltr'>testimonia</span> <span class='ocrx_word' id='word_1_496' title='bbox 1459 1416 1663 1448; x_wconf 85' lang='lat' dir='ltr'>manifestae</span> <span class='ocrx_word' id='word_1_497' title='bbox 1682 1416 1896 1459; x_wconf 87' lang='lat' dir='ltr'>praesentiae</span> <span class='ocrx_word' id='word_1_498' title='bbox 1915 1414 1981 1448; x_wconf 92' lang='lat' dir='ltr'>Dei</span> <span class='ocrx_word' id='word_1_499' title='bbox 2006 1416 2043 1447; x_wconf 92' lang='lat' dir='ltr'>in</span> <span class='ocrx_word' id='word_1_500' title='bbox 2059 1413 2226 1454; x_wconf 85' lang='lat' dir='ltr'>Ecclesia,</span> 
     </span>
     <span class='ocr_line' id='line_1_80' title="bbox 1248 1465 2226 1511; baseline -0.001 -12"><span class='ocrx_word' id='word_1_501' title='bbox 1248 1478 1336 1511; x_wconf 88' lang='lat' dir='ltr'>quae</span> <span class='ocrx_word' id='word_1_502' title='bbox 1368 1467 1497 1499; x_wconf 84' lang='lat' dir='ltr'>docent</span> <span class='ocrx_word' id='word_1_503' title='bbox 1526 1478 1590 1499; x_wconf 93' lang='lat' dir='ltr'>nos</span> <span class='ocrx_word' id='word_1_504' title='bbox 1624 1466 1666 1498; x_wconf 91' lang='lat' dir='ltr'>de</span> <span class='ocrx_word' id='word_1_505' title='bbox 1696 1466 1779 1505; x_wconf 84' lang='lat' dir='ltr'>fide,</span> <span class='ocrx_word' id='word_1_506' title='bbox 1814 1467 1856 1499; x_wconf 91' lang='lat' dir='ltr'>de</span> <span class='ocrx_word' id='word_1_507' title='bbox 1884 1477 1964 1498; x_wconf 87' lang='lat' dir='ltr'>vera</span> <span class='ocrx_word' id='word_1_508' title='bbox 1992 1465 2226 1506; x_wconf 88' lang='lat' dir='ltr'>invocatione,</span> 
     </span>
     <span class='ocr_line' id='line_1_81' title="bbox 1247 1516 2226 1559; baseline -0.002 -10"><span class='ocrx_word' id='word_1_509' title='bbox 1247 1518 1289 1549; x_wconf 92' lang='lat' dir='ltr'>de</span> <span class='ocrx_word' id='word_1_510' title='bbox 1314 1516 1405 1548; x_wconf 89' lang='lat' dir='ltr'>veris</span> <span class='ocrx_word' id='word_1_511' title='bbox 1430 1516 1600 1556; x_wconf 86' lang='lat' dir='ltr'>cultibus,</span> <span class='ocrx_word' id='word_1_512' title='bbox 1628 1522 1661 1549; x_wconf 87' lang='lat' dir='ltr'>et</span> <span class='ocrx_word' id='word_1_513' title='bbox 1681 1516 1783 1548; x_wconf 86' lang='lat' dir='ltr'>valde</span> <span class='ocrx_word' id='word_1_514' title='bbox 1808 1516 2017 1549; x_wconf 85' lang='lat' dir='ltr'>confirmant</span> <span class='ocrx_word' id='word_1_515' title='bbox 2035 1516 2110 1559; x_wconf 91' lang='lat' dir='ltr'>pias</span> <span class='ocrx_word' id='word_1_516' title='bbox 2125 1527 2226 1548; x_wconf 79' lang='lat' dir='ltr'>men-</span> 
     </span>
     <span class='ocr_line' id='line_1_82' title="bbox 1248 1565 2225 1609; baseline -0.003 -9"><span class='ocrx_word' id='word_1_517' title='bbox 1248 1573 1308 1600; x_wconf 88' lang='lat' dir='ltr'>tes.</span> <span class='ocrx_word' id='word_1_518' title='bbox 1365 1565 1427 1605; x_wconf 67' lang='lat' dir='ltr'>[st,</span> <span class='ocrx_word' id='word_1_519' title='bbox 1454 1572 1532 1608; x_wconf 83' lang='lat' dir='ltr'>post</span> <span class='ocrx_word' id='word_1_520' title='bbox 1554 1567 1688 1609; x_wconf 88' lang='lat' dir='ltr'>lapsum</span> <span class='ocrx_word' id='word_1_521' title='bbox 1711 1578 1797 1598; x_wconf 89' lang='lat' dir='ltr'>voce</span> <span class='ocrx_word' id='word_1_522' title='bbox 1822 1566 1886 1598; x_wconf 84' lang='lat' dir='ltr'>filii</span> <span class='ocrx_word' id='word_1_523' title='bbox 1904 1566 2032 1609; x_wconf 82' lang='lat' dir='ltr'>recepti</span> <span class='ocrx_word' id='word_1_524' title='bbox 2050 1573 2082 1599; x_wconf 86' lang='lat' dir='ltr'>et</span> <span class='ocrx_word' id='word_1_525' title='bbox 2099 1566 2225 1598; x_wconf 85' lang='lat' dir='ltr'>servati</span> 
     </span>
     <span class='ocr_line' id='line_1_83' title="bbox 1248 1614 2227 1659; baseline -0.001 -11"><span class='ocrx_word' id='word_1_526' title='bbox 1248 1622 1330 1649; x_wconf 86' lang='lat' dir='ltr'>sunt</span> <span class='ocrx_word' id='word_1_527' title='bbox 1351 1614 1464 1648; x_wconf 91' lang='lat' dir='ltr'>Adam</span> <span class='ocrx_word' id='word_1_528' title='bbox 1484 1624 1515 1648; x_wconf 90' lang='lat' dir='ltr'>et</span> <span class='ocrx_word' id='word_1_529' title='bbox 1529 1614 1617 1650; x_wconf 88' lang='lat' dir='ltr'>Eva.</span> <span class='ocrx_word' id='word_1_530' title='bbox 1671 1615 1859 1648; x_wconf 79' lang='lat' dir='ltr'>Manifesta</span> <span class='ocrx_word' id='word_1_531' title='bbox 1880 1616 2073 1659; x_wconf 86' lang='lat' dir='ltr'>praesentia</span> <span class='ocrx_word' id='word_1_532' title='bbox 2092 1614 2158 1648; x_wconf 91' lang='lat' dir='ltr'>Dei</span> <span class='ocrx_word' id='word_1_533' title='bbox 2177 1622 2227 1647; x_wconf 91' lang='lat' dir='ltr'>est</span> 
     </span>
     <span class='ocr_line' id='line_1_84' title="bbox 1250 1663 2227 1705; baseline -0.002 -7"><span class='ocrx_word' id='word_1_534' title='bbox 1250 1667 1284 1698; x_wconf 92' lang='lat' dir='ltr'>in</span> <span class='ocrx_word' id='word_1_535' title='bbox 1310 1666 1452 1698; x_wconf 86' lang='lat' dir='ltr'>familiis</span> <span class='ocrx_word' id='word_1_536' title='bbox 1474 1663 1616 1705; x_wconf 79' lang='lat' dir='ltr'>Nohae,</span> <span class='ocrx_word' id='word_1_537' title='bbox 1648 1663 1832 1705; x_wconf 77' lang='lat' dir='ltr'>Abrahae,</span> <span class='ocrx_word' id='word_1_538' title='bbox 1862 1665 1975 1705; x_wconf 89' lang='lat' dir='ltr'>Isaac,</span> <span class='ocrx_word' id='word_1_539' title='bbox 2015 1664 2138 1705; x_wconf 84' lang='lat' dir='ltr'>Iacob,</span> <span class='ocrx_word' id='word_1_540' title='bbox 2170 1663 2227 1697; x_wconf 91' lang='lat' dir='ltr'>Io-</span> 
     </span>
     <span class='ocr_line' id='line_1_85' title="bbox 1249 1713 2228 1758; baseline 0.001 -11"><span class='ocrx_word' id='word_1_541' title='bbox 1249 1713 1350 1758; x_wconf 82' lang='lat' dir='ltr'>seph,</span> <span class='ocrx_word' id='word_1_542' title='bbox 1384 1722 1416 1747; x_wconf 88' lang='lat' dir='ltr'>et</span> <span class='ocrx_word' id='word_1_543' title='bbox 1450 1716 1576 1747; x_wconf 88' lang='lat' dir='ltr'>deinde</span> <span class='ocrx_word' id='word_1_544' title='bbox 1612 1716 1649 1746; x_wconf 91' lang='lat' dir='ltr'>in</span> <span class='ocrx_word' id='word_1_545' title='bbox 1684 1713 1840 1747; x_wconf 85' lang='lat' dir='ltr'>Ecclesia</span> <span class='ocrx_word' id='word_1_546' title='bbox 1874 1715 1982 1747; x_wconf 66' lang='lat' dir='ltr'>Israel</span> <span class='ocrx_word' id='word_1_547' title='bbox 2018 1715 2055 1747; x_wconf 92' lang='lat' dir='ltr'>in</span> <span class='ocrx_word' id='word_1_548' title='bbox 2081 1716 2228 1749; x_wconf 77' lang='lat' dir='ltr'>deserto,</span> 
     </span>
     <span class='ocr_line' id='line_1_86' title="bbox 1250 1763 2228 1808; baseline -0.001 -10"><span class='ocrx_word' id='word_1_549' title='bbox 1250 1766 1372 1798; x_wconf 80' lang='lat' dir='ltr'>Postea</span> <span class='ocrx_word' id='word_1_550' title='bbox 1390 1777 1528 1808; x_wconf 83' lang='lat' dir='ltr'>qnoque</span> <span class='ocrx_word' id='word_1_551' title='bbox 1545 1765 1580 1796; x_wconf 88' lang='lat' dir='ltr'>in</span> <span class='ocrx_word' id='word_1_552' title='bbox 1597 1765 1853 1805; x_wconf 83' lang='lat' dir='ltr'>gubernatione</span> <span class='ocrx_word' id='word_1_553' title='bbox 1869 1763 2009 1802; x_wconf 88' lang='lat' dir='ltr'>Iosuae,</span> <span class='ocrx_word' id='word_1_554' title='bbox 2039 1764 2228 1804; x_wconf 82' lang='lat' dir='ltr'>Gedeonis,</span> 
     </span>
     <span class='ocr_line' id='line_1_87' title="bbox 1250 1812 2228 1856; baseline -0.001 -7"><span class='ocrx_word' id='word_1_555' title='bbox 1250 1816 1450 1856; x_wconf 87' lang='lat' dir='ltr'>Samsonis‚</span> <span class='ocrx_word' id='word_1_556' title='bbox 1485 1814 1678 1854; x_wconf 86' lang='lat' dir='ltr'>Samuelis,</span> <span class='ocrx_word' id='word_1_557' title='bbox 1712 1812 1898 1852; x_wconf 85' lang='lat' dir='ltr'>Ionathae‚</span> <span class='ocrx_word' id='word_1_558' title='bbox 1932 1814 2099 1855; x_wconf 85' lang='lat' dir='ltr'>Davidis,</span> <span class='ocrx_word' id='word_1_559' title='bbox 2135 1814 2228 1848; x_wconf 77' lang='lat' dir='ltr'>losa-</span> 
     </span>
     <span class='ocr_line' id='line_1_88' title="bbox 1250 1862 2230 1908; baseline -0.001 -10"><span class='ocrx_word' id='word_1_560' title='bbox 1250 1864 1352 1908; x_wconf 90' lang='lat' dir='ltr'>phat,</span> <span class='ocrx_word' id='word_1_561' title='bbox 1384 1864 1504 1902; x_wconf 86' lang='lat' dir='ltr'>Eliae‚</span> <span class='ocrx_word' id='word_1_562' title='bbox 1540 1863 1690 1905; x_wconf 87' lang='lat' dir='ltr'>Elisaci,</span> <span class='ocrx_word' id='word_1_563' title='bbox 1723 1865 1846 1903; x_wconf 91' lang='lat' dir='ltr'>Ionae,</span> <span class='ocrx_word' id='word_1_564' title='bbox 1874 1862 2063 1904; x_wconf 82' lang='lat' dir='ltr'>Ezechiae,</span> <span class='ocrx_word' id='word_1_565' title='bbox 2095 1863 2230 1905; x_wconf 84' lang='lat' dir='ltr'>Esaiae,</span> 
     </span>
     <span class='ocr_line' id='line_1_89' title="bbox 1250 1914 2227 1958; baseline -0.002 -9"><span class='ocrx_word' id='word_1_566' title='bbox 1250 1915 1437 1955; x_wconf 84' lang='lat' dir='ltr'>Ieremiae,</span> <span class='ocrx_word' id='word_1_567' title='bbox 1472 1914 1651 1955; x_wconf 87' lang='lat' dir='ltr'>Danielis,</span> <span class='ocrx_word' id='word_1_568' title='bbox 1684 1916 1866 1948; x_wconf 83' lang='lat' dir='ltr'>manifesta</span> <span class='ocrx_word' id='word_1_569' title='bbox 1890 1916 2084 1958; x_wconf 79' lang='lat' dir='ltr'>praesentia</span> <span class='ocrx_word' id='word_1_570' title='bbox 2108 1914 2173 1948; x_wconf 92' lang='lat' dir='ltr'>Dei</span> <span class='ocrx_word' id='word_1_571' title='bbox 2193 1916 2227 1947; x_wconf 90' lang='lat' dir='ltr'>in</span> 
     </span>
     <span class='ocr_line' id='line_1_90' title="bbox 1250 1964 2230 2008; baseline -0.001 -9"><span class='ocrx_word' id='word_1_572' title='bbox 1250 1964 1406 1999; x_wconf 88' lang='lat' dir='ltr'>Ecclesia</span> <span class='ocrx_word' id='word_1_573' title='bbox 1429 1965 1654 2008; x_wconf 81' lang='lat' dir='ltr'>conspicitur.</span> <span class='ocrx_word' id='word_1_574' title='bbox 1708 1964 1807 1998; x_wconf 90' lang='lat' dir='ltr'>Hanc</span> <span class='ocrx_word' id='word_1_575' title='bbox 1831 1972 1937 1998; x_wconf 88' lang='lat' dir='ltr'>totam</span> <span class='ocrx_word' id='word_1_576' title='bbox 1963 1966 2086 1998; x_wconf 77' lang='lat' dir='ltr'>seriem</span> <span class='ocrx_word' id='word_1_577' title='bbox 2107 1964 2230 1998; x_wconf 90' lang='lat' dir='ltr'>Eccle-</span> 
     </span>
     <span class='ocr_line' id='line_1_91' title="bbox 1250 2015 2227 2059; baseline -0.002 -10"><span class='ocrx_word' id='word_1_578' title='bbox 1250 2017 1320 2050; x_wconf 88' lang='lat' dir='ltr'>siae</span> <span class='ocrx_word' id='word_1_579' title='bbox 1343 2016 1501 2048; x_wconf 88' lang='lat' dir='ltr'>omnium</span> <span class='ocrx_word' id='word_1_580' title='bbox 1527 2023 1724 2059; x_wconf 87' lang='lat' dir='ltr'>temporum</span> <span class='ocrx_word' id='word_1_581' title='bbox 1749 2016 1878 2048; x_wconf 86' lang='lat' dir='ltr'>intueri</span> <span class='ocrx_word' id='word_1_582' title='bbox 1897 2016 1984 2048; x_wconf 82' lang='lat' dir='ltr'>utile</span> <span class='ocrx_word' id='word_1_583' title='bbox 2003 2023 2062 2049; x_wconf 90' lang='lat' dir='ltr'>est.</span> <span class='ocrx_word' id='word_1_584' title='bbox 2115 2015 2165 2048; x_wconf 85' lang='lat' dir='ltr'>Ac</span> <span class='ocrx_word' id='word_1_585' title='bbox 2193 2016 2227 2047; x_wconf 91' lang='lat' dir='ltr'>in</span> 
     </span>
     <span class='ocr_line' id='line_1_92' title="bbox 1251 2063 2228 2100; baseline -0.002 0"><span class='ocrx_word' id='word_1_586' title='bbox 1251 2067 1414 2100; x_wconf 90' lang='lat' dir='ltr'>universa</span> <span class='ocrx_word' id='word_1_587' title='bbox 1435 2063 1580 2098; x_wconf 87' lang='lat' dir='ltr'>historia</span> <span class='ocrx_word' id='word_1_588' title='bbox 1605 2066 1849 2099; x_wconf 84' lang='lat' dir='ltr'>discernantur</span> <span class='ocrx_word' id='word_1_589' title='bbox 1866 2067 2084 2099; x_wconf 84' lang='lat' dir='ltr'>narrationes</span> <span class='ocrx_word' id='word_1_590' title='bbox 2101 2067 2143 2098; x_wconf 87' lang='lat' dir='ltr'>de</span> <span class='ocrx_word' id='word_1_591' title='bbox 2159 2064 2228 2098; x_wconf 88' lang='lat' dir='ltr'>Ec-</span> 
     </span>
     <span class='ocr_line' id='line_1_93' title="bbox 1252 2114 2227 2158; baseline -0.002 -9"><span class='ocrx_word' id='word_1_592' title='bbox 1252 2117 1354 2150; x_wconf 87' lang='lat' dir='ltr'>clesia</span> <span class='ocrx_word' id='word_1_593' title='bbox 1379 2117 1422 2149; x_wconf 90' lang='lat' dir='ltr'>ab</span> <span class='ocrx_word' id='word_1_594' title='bbox 1439 2114 1588 2149; x_wconf 87' lang='lat' dir='ltr'>ethnicis</span> <span class='ocrx_word' id='word_1_595' title='bbox 1603 2117 1774 2154; x_wconf 89' lang='lat' dir='ltr'>materiis,</span> <span class='ocrx_word' id='word_1_596' title='bbox 1802 2123 1833 2149; x_wconf 92' lang='lat' dir='ltr'>et</span> <span class='ocrx_word' id='word_1_597' title='bbox 1849 2116 1910 2149; x_wconf 89' lang='lat' dir='ltr'>ubi</span> <span class='ocrx_word' id='word_1_598' title='bbox 1931 2116 2077 2157; x_wconf 83' lang='lat' dir='ltr'>singulis</span> <span class='ocrx_word' id='word_1_599' title='bbox 2094 2123 2227 2158; x_wconf 85' lang='lat' dir='ltr'>tempo-</span> 
     </span>
     <span class='ocr_line' id='line_1_94' title="bbox 1252 2165 2230 2211; baseline -0.002 -11"><span class='ocrx_word' id='word_1_600' title='bbox 1252 2168 1350 2200; x_wconf 92' lang='lat' dir='ltr'>ribus</span> <span class='ocrx_word' id='word_1_601' title='bbox 1376 2167 1481 2200; x_wconf 85' lang='lat' dir='ltr'>suerit</span> <span class='ocrx_word' id='word_1_602' title='bbox 1507 2166 1684 2207; x_wconf 84' lang='lat' dir='ltr'>Ecclesia,</span> <span class='ocrx_word' id='word_1_603' title='bbox 1719 2179 1824 2211; x_wconf 90' lang='lat' dir='ltr'>quam</span> <span class='ocrx_word' id='word_1_604' title='bbox 1858 2165 2020 2199; x_wconf 88' lang='lat' dir='ltr'>habuerit</span> <span class='ocrx_word' id='word_1_605' title='bbox 2050 2166 2230 2198; x_wconf 87' lang='lat' dir='ltr'>doctrinae</span> 
     </span>
     <span class='ocr_line' id='line_1_95' title="bbox 1252 2216 2229 2262; baseline -0.003 -12"><span class='ocrx_word' id='word_1_606' title='bbox 1252 2230 1370 2251; x_wconf 80' lang='lat' dir='ltr'>vocem</span> <span class='ocrx_word' id='word_1_607' title='bbox 1384 2245 1392 2257; x_wconf 96' lang='lat'><strong>‚</strong></span> <span class='ocrx_word' id='word_1_608' title='bbox 1420 2229 1507 2262; x_wconf 90' lang='lat' dir='ltr'>quos</span> <span class='ocrx_word' id='word_1_609' title='bbox 1526 2218 1730 2261; x_wconf 89' lang='lat' dir='ltr'>praecipuos</span> <span class='ocrx_word' id='word_1_610' title='bbox 1749 2216 1919 2250; x_wconf 89' lang='lat' dir='ltr'>Doctores</span> <span class='ocrx_word' id='word_1_611' title='bbox 1939 2224 1969 2249; x_wconf 89' lang='lat' dir='ltr'>et</span> <span class='ocrx_word' id='word_1_612' title='bbox 1996 2223 2114 2256; x_wconf 79' lang='lat' dir='ltr'>testes,</span> <span class='ocrx_word' id='word_1_613' title='bbox 2142 2228 2229 2260; x_wconf 87' lang='lat' dir='ltr'>quae</span> 
     </span>
     <span class='ocr_line' id='line_1_96' title="bbox 1253 2266 2229 2313; baseline -0.001 -13"><span class='ocrx_word' id='word_1_614' title='bbox 1253 2269 1460 2309; x_wconf 86' lang='lat' dir='ltr'>certamina,</span> <span class='ocrx_word' id='word_1_615' title='bbox 1487 2268 1606 2313; x_wconf 89' lang='lat' dir='ltr'>quales</span> <span class='ocrx_word' id='word_1_616' title='bbox 1622 2279 1807 2301; x_wconf 90' lang='lat' dir='ltr'>aerumnas</span> <span class='ocrx_word' id='word_1_617' title='bbox 1824 2274 1856 2301; x_wconf 89' lang='lat' dir='ltr'>et</span> <span class='ocrx_word' id='word_1_618' title='bbox 1875 2266 2117 2307; x_wconf 86' lang='lat' dir='ltr'>liberationes,</span> <span class='ocrx_word' id='word_1_619' title='bbox 2146 2278 2229 2299; x_wconf 90' lang='lat' dir='ltr'>con-</span> 
     </span>
     <span class='ocr_line' id='line_1_97' title="bbox 1252 2319 1433 2352; baseline 0.006 -2"><span class='ocrx_word' id='word_1_620' title='bbox 1252 2319 1433 2352; x_wconf 86' lang='lat' dir='ltr'>sideretur.</span> 
     </span>
    </p>
   </div>
   <div class='ocr_carea' id='block_1_13' title="bbox 1251 2388 2230 2537">
    <p class='ocr_par' dir='ltr' id='par_1_13' title="bbox 1251 2388 2230 2537">
     <span class='ocr_line' id='line_1_98' title="bbox 1355 2388 2230 2426; baseline -0.002 -2"><span class='ocrx_word' id='word_1_621' title='bbox 1355 2391 1457 2425; x_wconf 82' lang='lat' dir='ltr'>Hanc</span> <span class='ocrx_word' id='word_1_622' title='bbox 1500 2392 1777 2426; x_wconf 86' lang='lat' dir='ltr'>admonitionem</span> <span class='ocrx_word' id='word_1_623' title='bbox 1808 2391 1850 2424; x_wconf 92' lang='lat' dir='ltr'>de</span> <span class='ocrx_word' id='word_1_624' title='bbox 1881 2391 2033 2424; x_wconf 85' lang='lat' dir='ltr'>utilitate</span> <span class='ocrx_word' id='word_1_625' title='bbox 2064 2388 2230 2423; x_wconf 85' lang='lat' dir='ltr'>historiae</span> 
     </span>
     <span class='ocr_line' id='line_1_99' title="bbox 1252 2439 2229 2477; baseline -0.003 -1"><span class='ocrx_word' id='word_1_626' title='bbox 1252 2451 1284 2477; x_wconf 87' lang='lat' dir='ltr'>et</span> <span class='ocrx_word' id='word_1_627' title='bbox 1310 2443 1351 2475; x_wconf 86' lang='lat' dir='ltr'>de</span> <span class='ocrx_word' id='word_1_628' title='bbox 1375 2441 1531 2476; x_wconf 87' lang='lat' dir='ltr'>Ecclesia</span> <span class='ocrx_word' id='word_1_629' title='bbox 1555 2442 1783 2476; x_wconf 85' lang='lat' dir='ltr'>discernanda</span> <span class='ocrx_word' id='word_1_630' title='bbox 1807 2441 1850 2474; x_wconf 91' lang='lat' dir='ltr'>ab</span> <span class='ocrx_word' id='word_1_631' title='bbox 1873 2439 2107 2474; x_wconf 88' lang='lat' dir='ltr'>Ethnicorum</span> <span class='ocrx_word' id='word_1_632' title='bbox 2132 2448 2229 2474; x_wconf 88' lang='lat' dir='ltr'>tene—</span> 
     </span>
     <span class='ocr_line' id='line_1_100' title="bbox 1251 2490 2229 2537; baseline -0.004 -10"><span class='ocrx_word' id='word_1_633' title='bbox 1251 2494 1343 2533; x_wconf 84' lang='lat' dir='ltr'>bris,</span> <span class='ocrx_word' id='word_1_634' title='bbox 1377 2494 1479 2526; x_wconf 89' lang='lat' dir='ltr'>initio</span> <span class='ocrx_word' id='word_1_635' title='bbox 1502 2500 1642 2537; x_wconf 90' lang='lat' dir='ltr'>propter</span> <span class='ocrx_word' id='word_1_636' title='bbox 1666 2491 1821 2524; x_wconf 89' lang='lat' dir='ltr'>iuniores</span> <span class='ocrx_word' id='word_1_637' title='bbox 1847 2492 2006 2532; x_wconf 86' lang='lat' dir='ltr'>recitavi,</span> <span class='ocrx_word' id='word_1_638' title='bbox 2039 2498 2071 2524; x_wconf 90' lang='lat' dir='ltr'>et</span> <span class='ocrx_word' id='word_1_639' title='bbox 2093 2497 2132 2524; x_wconf 89' lang='lat' dir='ltr'>ut</span> <span class='ocrx_word' id='word_1_640' title='bbox 2155 2490 2229 2523; x_wconf 88' lang='lat' dir='ltr'>avi-</span> 
     </span>
    </p>
   </div>
   <div class='ocr_carea' id='block_1_14' title="bbox 1223 2540 2229 2587">
    <p class='ocr_par' dir='ltr' id='par_1_14' title="bbox 1223 2540 2229 2587">
     <span class='ocr_line' id='line_1_101' title="bbox 1223 2540 2229 2587; baseline -0.002 -11"><span class='ocrx_word' id='word_1_641' title='bbox 1223 2569 1225 2576; x_wconf 93' lang='lat'>.</span> <span class='ocrx_word' id='word_1_642' title='bbox 1252 2546 1331 2578; x_wconf 89' lang='lat' dir='ltr'>dius</span> <span class='ocrx_word' id='word_1_643' title='bbox 1347 2545 1461 2587; x_wconf 83' lang='lat' dir='ltr'>legant</span> <span class='ocrx_word' id='word_1_644' title='bbox 1477 2541 1659 2583; x_wconf 86' lang='lat' dir='ltr'>historias,</span> <span class='ocrx_word' id='word_1_645' title='bbox 1686 2548 1718 2576; x_wconf 83' lang='lat' dir='ltr'>et</span> <span class='ocrx_word' id='word_1_646' title='bbox 1743 2548 1779 2575; x_wconf 90' lang='lat' dir='ltr'>ut</span> <span class='ocrx_word' id='word_1_647' title='bbox 1796 2540 1987 2577; x_wconf 85' lang='lat' dir='ltr'>Ecclesiam</span> <span class='ocrx_word' id='word_1_648' title='bbox 2003 2541 2131 2576; x_wconf 88' lang='lat' dir='ltr'>rectius</span> <span class='ocrx_word' id='word_1_649' title='bbox 2148 2552 2229 2574; x_wconf 86' lang='lat' dir='ltr'>nos-</span> 
     </span>
    </p>
   </div>
   <div class='ocr_carea' id='block_1_15' title="bbox 1252 2595 1457 2630">
    <p class='ocr_par' dir='ltr' id='par_1_15' title="bbox 1252 2595 1457 2630">
     <span class='ocr_line' id='line_1_102' title="bbox 1252 2595 1457 2630; baseline 0 0"><span class='ocrx_word' id='word_1_650' title='bbox 1252 2607 1287 2630; x_wconf 90' lang='lat' dir='ltr'>se</span> <span class='ocrx_word' id='word_1_651' title='bbox 1312 2595 1457 2630; x_wconf 84' lang='lat' dir='ltr'>discant.</span> 
     </span>
    </p>
   </div>
  </div>
 </body>
</html>
