2324 2955
199 125 272 161 963

205 210 315 243 dulcis
332 213 378 240 est
390 204 516 238 Alman
535 200 705 241 abElam,
732 201 825 246 quod
843 207 893 234 est
908 198 1054 240 iuvenis,
1079 199 1174 232 unde

206 268 237 293 ct
255 259 356 292 Alma
376 262 444 294 est,
468 254 562 298 quod
583 252 754 294 virginem
771 249 954 294 significat.

306 313 351 347 L't
370 320 483 346 autern
502 313 717 346 Francorum
740 310 891 353 primum
918 309 954 341 fit
979 307 1110 341 mentio
1138 307 1174 339 in

206 364 361 399 Gallieni
395 360 553 395 historia:
586 362 633 394 ita
665 359 866 393 observabis
895 359 986 391 inter
1017 364 1135 401 gentes
1157 369 1175 390 a

204 416 321 450 Probo
347 414 452 446 victas
475 412 628 455 primum
655 409 832 443 nominari
857 408 1057 443 Alemanos.
1104 407 1176 442 Re-

205 464 331 510 pressit
353 470 467 496 autem
484 462 620 495 Probus
642 467 815 504 utrunque
838 466 997 502 gentem,
1023 457 1176 491 Francos

204 525 237 549 et
270 514 458 553 Almanos,
506 511 687 546 trucidatis
727 509 992 555 quadringentis
1021 508 1177 541 millibus

203 565 401 599 hominum.
462 562 586 595 franci
609 562 644 594 in
663 560 802 603 Belgico
827 561 910 594 victi
934 565 1034 606 sunt,
1066 565 1099 591 et
1123 570 1178 591 re-

205 622 323 658 ceptae
354 612 509 647 Gallicae
535 612 691 646 civitates
715 611 909 653 sexaginta,
951 608 1114 643 Alemani
1135 608 1178 641 ad

203 665 350 699 Nicrum
367 663 543 708 profligati
562 669 653 696 sunt.

307 723 422 757 Simul
448 722 485 754 in
508 719 637 755 Rhetia
661 717 848 759 Bonosus,
881 718 941 763 qui
967 729 1002 750 se
1027 717 1180 761 impera-

203 781 316 808 torem
347 772 607 811 nominaverat,
650 777 683 803 et
716 768 906 802 Alemanos
937 768 1179 807 concitaverat,

203 825 317 857 vietus
336 829 396 856 est.
433 821 500 854 Hic
519 821 642 865 laqueo
661 820 725 852 sibi
741 820 847 852 vitam
864 818 989 852 finivit.
1033 816 1079 850 Et
1097 817 1178 861 quia

203 875 317 907 fuerat
345 870 471 911 heluo,
515 878 548 904 et
584 868 753 904 habuerat
789 877 943 903 ventrem
975 868 1180 901 deformiter

202 924 378 957 tumidum
391 949 399 963 ,
426 922 522 954 iocus
538 921 697 954 militaris
716 931 854 963 sparsus
872 926 936 952 est:
964 918 1043 951 Non
1065 916 1180 951 homi—

204 986 283 1006 nem
304 973 474 1016 pendere,
501 972 559 1004 sed
578 968 797 1014 amphoram.

304 1031 442 1064 Pacatis
456 1028 511 1062 his
527 1029 729 1071 regionibus
744 1027 880 1059 Probus
897 1026 934 1058 in
947 1024 1065 1058 Asiam
1082 1024 1181 1057 duxit
1203 1023 1207 1082 1

205 1082 376 1117 exercitus
394 1092 455 1124 per
471 1077 681 1117 Thraciam,
707 1077 768 1110 nbi
789 1077 916 1109 Gottos
939 1074 1121 1118 repressit,
1149 1080 1182 1106 et
1203 1083 1207 1099 ⁴

205 1133 316 1166 multa
335 1131 446 1163 millia
469 1130 503 1161 in
530 1128 619 1171 agris
644 1127 781 1171 imperii
809 1124 1004 1158 collocavit.
1057 1123 1182 1156 Latro-

206 1183 297 1216 cinia
323 1182 360 1213 in
382 1179 506 1213 Cilicia
529 1177 680 1211 sustulit.
736 1175 826 1209 Cum
849 1174 963 1207 Persis
986 1180 1019 1207 et
1042 1169 1182 1206 Parthis

204 1244 324 1277 pacem
341 1231 439 1266 fecit,
465 1241 502 1262 ac
521 1239 694 1270 regressus
715 1227 757 1259 ad
781 1226 871 1258 bella
897 1224 1006 1266 magis
1026 1234 1182 1256 necessa-

205 1284 277 1323 ria,
301 1279 491 1314 Sarmatica
509 1285 537 1311 et
561 1277 711 1311 Gouica.
763 1274 851 1309 Cum
876 1275 913 1307 in
930 1274 1068 1319 Syrmio
1087 1272 1183 1305 mili-

206 1341 257 1365 tes
283 1336 444 1364 oneraret
468 1329 586 1361 labore
611 1326 762 1359 siccandi
789 1325 952 1368 paludes,
993 1323 1103 1367 aliqui
1126 1329 1183 1355 tu-

205 1382 420 1416 multuantes
444 1379 652 1412 seditionem
683 1377 847 1409 adversus
879 1386 956 1407 eum
987 1379 1183 1412 moverunt,

207 1440 240 1466 et
265 1431 455 1474 fugientem
479 1428 633 1461 Probum
664 1427 908 1470 imperatorem
940 1424 977 1456 in
1008 1423 1182 1467 speculam

207 1482 470 1515 interfecerunt.
531 1477 707 1521 Reliquus
731 1476 900 1509 exercitus
923 1474 1045 1506 dolens
1071 1473 1183 1506 extin—

207 1540 301 1566 ctum
319 1541 390 1563 esse
409 1530 558 1567 iustum,
584 1528 727 1565 fortem,
753 1525 912 1558 foelicem
931 1530 963 1557 et
977 1523 1099 1557 utilem
1117 1524 1184 1555 im-

206 1588 421 1627 peratorem,
453 1579 650 1622 sepulcrum
676 1576 706 1609 ei
728 1576 825 1615 fecit,
866 1587 942 1608 cum
967 1571 1032 1606 hac
1057 1573 1184 1606 inscri-

208 1633 344 1677 ptione:
375 1629 443 1662 Hic
464 1628 602 1661 Probus
626 1627 816 1670 imperator
839 1636 918 1657 vere
941 1625 1071 1667 probus
1098 1623 1184 1656 situs

207 1689 278 1723 est,
304 1680 428 1713 Victor
445 1679 602 1711 omnium
617 1676 773 1719 gentium
789 1676 1033 1712 barbararum,
1061 1672 1185 1705 Victor

207 1733 313 1766 etiam
331 1738 575 1774 tyrannorum.

309 1787 522 1830 Quanquam
542 1791 654 1817 autem
671 1782 839 1815 excellens
860 1782 895 1813 in
912 1792 951 1813 eo
975 1779 1086 1813 virtus
1104 1779 1184 1819 fuit,

211 1847 243 1874 et
267 1836 472 1882 gubernatio
497 1835 619 1867 foelix:
656 1832 792 1865 Tamen
818 1831 1014 1873 exemplum
1039 1836 1088 1862 est
1111 1840 1185 1861 non

209 1890 323 1923 solnm
346 1885 599 1919 inconstantiae
615 1884 794 1921 fortunae,
820 1882 877 1913 sed
903 1881 1019 1923 potius
1037 1879 1185 1921 ingrati-

209 1938 359 1977 tudinis,
400 1935 550 1968 levitatis
575 1940 607 1966 et
635 1933 795 1965 surorum
824 1931 938 1973 vulgi,
981 1930 1075 1974 quod
1106 1940 1184 1961 eum

210 1987 395 2024 temerario
420 1987 551 2028 impetu
575 1989 607 2016 et
631 1982 792 2015 seditiose
816 1980 997 2024 oppressit.
1063 1977 1110 2012 Et
1140 1979 1184 2011 ad

209 2039 366 2081 regulam
398 2035 573 2078 congruit:
620 2032 724 2077 ὄχλος
747 2029 817 2065 σὺν
841 2028 989 2074 ἀμαθία
1011 2027 1185 2075 μέγιστον

210 2087 336 2123 κακὸν.
402 2086 505 2119 Item:
555 2085 631 2129 λαῷ
663 2079 713 2126 μὴ
748 2078 909 2122 πίστεύε,
959 2076 1186 2125 πολύτροπος

214 2138 311 2173 ἐστὶν
330 2136 464 2181 ὅμιλος.

262 2246 368 2279 Anno
408 2241 531 2275 mundi
569 2246 690 2284 quater
725 2237 911 2271 millesimo
947 2235 1184 2269 ducentesimo

419 2290 682 2337 quadragesimo
710 2295 843 2322 octavo,

261 2347 368 2378 Anno
386 2342 522 2377 Romae
537 2340 742 2379 millesimo,
769 2337 943 2371 tricesimo
964 2341 1071 2369 sexto.

262 2394 368 2428 Anno
384 2391 513 2426 Christi
532 2390 768 2423 ducentesimo
787 2387 1020 2430 octuagesimo
1040 2389 1145 2418 sexto,

441 2478 584 2511 Carus
623 2473 958 2509 Narbonensis.

317 2548 439 2587 Carus
457 2547 731 2588 Narbonensis,
764 2559 843 2581 cum
868 2544 1066 2579 Praefectus
1086 2553 1188 2587 prae-

213 2604 305 2640 torio
337 2608 444 2643 esset,
486 2604 628 2643 propter
657 2598 823 2631 virtutem
855 2594 1028 2638 suffragiis
1057 2593 1190 2627 milita-

214 2656 314 2689 ribus
348 2653 539 2696 imperator
566 2648 676 2681 factus
703 2655 762 2683 est.

432 117 639 156 SCRIPTA
666 116 740 151 ΡΗ.
767 113 881 150 MEL.
909 112 974 149 AD
1002 112 1126 148 HIST.
1155 109 1297 147 PROF.
1322 107 1388 143 ET
1416 105 1605 144 PHILOS.
1632 104 1949 143 SPECTANTIA.

830 2645 1006 2689 Regnavit
1032 2644 1188 2679 biennio.
1211 2679 1214 2686 ¹

2121 108 2194 143 964

1225 194 1333 228 Filios
1360 192 1578 237 nuncupavit
1605 190 1782 233 Caesares,
1809 191 1975 226 Carinum
2004 201 2036 228 et
2063 192 2196 227 Nume-

1198 266 1200 270 ·
1224 256 1373 279 nanum.

1200 335 1201 340 1
1326 293 1461 326 Probus
1488 289 1721 325 honorificum
1754 292 1993 326 testimonium
2021 293 2063 324 de
2089 304 2128 326 eo
2153 294 2196 325 ad

1225 344 1392 378 Senatum
1409 342 1562 387 scripsit,
1589 340 1644 374 his
1667 343 1797 375 verbis:
1826 342 1947 375 Foelix
1969 348 2055 375 esset
2079 349 2196 375 nostra

1224 394 1457 438 Respublica,
1498 393 1526 425 si
1563 391 1680 435 plures
1703 388 1798 426 Cari
1823 393 1952 425 similes
1980 390 2198 427 haberemus.

1200 443 1202 460 ²
1227 444 1311 477 Ideo
1328 443 1476 477 Senatus
1493 443 1644 476 libenter
1662 442 1903 486 comprobavit
1920 443 2106 476 militarem
2125 442 2198 474 suf-

1201 494 1203 544 '4
1227 494 1478 538 fragationem,
1508 493 1712 537 praesertim
1737 504 1816 525 cum
1839 493 1950 525 virtus
1972 493 2045 526 eius
2068 492 2199 525 nobili-

1228 552 1297 578 tate
1317 544 1452 587 generis
1469 549 1502 576 et
1518 543 1718 577 eruditione
1734 549 1855 575 ornata
1875 548 1973 575 esset.

1329 594 1421 636 Quia
1438 605 1521 627 vero
1535 593 1653 626 audita
1669 591 1778 626 Probi
1800 599 1912 626 morte
1936 590 2043 624 vicini
2058 589 2200 624 Panno-

1229 645 1296 678 niis
1315 644 1491 678 Sarmatae
1514 655 1635 677 rursus
1660 643 1698 675 in
1713 642 1933 676 Pannoniam
1958 648 1991 675 et
2011 639 2199 674 Thraciam

1229 695 1444 739 irruptiones
1475 694 1666 733 faciebant,
1707 693 1858 737 primum
1894 691 2052 725 omnium
2082 687 2203 724 Carus

1229 745 1404 779 Sarmatas
1430 743 1609 787 repressit,
1647 743 1797 776 sedecim
1822 743 1978 776 millibus
2000 741 2204 781 interfectis,

1230 803 1262 829 et
1281 795 1406 838 viginti
1424 795 1583 827 millibus
1601 794 1721 838 captis.

1331 845 1454 880 Pacata
1472 844 1598 877 vicinia
1623 843 1786 877 transivit
1808 842 1845 874 in
1862 840 1982 875 Asiam
2007 842 2048 874 ad
2072 841 2203 874 bellum

1204 922 1205 925 ,
1229 895 1420 929 Persicum.
1478 894 1636 939 Cumque
1660 895 1703 927 ad
1725 893 1864 926 fatalem
1889 891 2028 934 imperii
2049 890 2205 926 Romani

1230 946 1395 985 limitem,
1421 945 1463 977 ad
1484 945 1630 978 fluvium
1647 944 1838 989 Tygridem
1854 942 2083 986 pervenisset,
2111 952 2207 973 mor-

1230 1003 1310 1029 tuus
1329 1001 1390 1028 est.

1332 1044 1562 1077 Successurus
1597 1050 1671 1075 erat
1713 1042 1806 1075 filius
1841 1041 2094 1080 Numerianus,
2145 1040 2205 1084 qui

1231 1100 1375 1138 propter
1400 1093 1638 1132 nobilitatem,
1681 1092 1834 1134 optimos
1866 1103 1996 1131 mores,
2035 1090 2206 1123 eruditio-

1231 1155 1330 1183 nem,
1368 1149 1400 1176 et
1431 1143 1538 1185 patris
1567 1142 1772 1175 memoriam
1800 1153 1818 1173 a
1842 1140 1975 1173 Senatu
2000 1146 2033 1173 et
2057 1140 2208 1172 exercitu

1232 1193 1457 1236 diligebatur.
1509 1192 1577 1225 Sed
1602 1191 1675 1225 eius
1701 1203 1798 1224 socer
1815 1189 1923 1223 Arius
1941 1189 2053 1233 Aper,
2080 1196 2118 1223 ut
2141 1190 2208 1221 im-

1232 1244 1368 1288 perium
1386 1243 1423 1274 in
1436 1253 1507 1275 sese
1525 1243 1748 1279 txansferret,
1773 1241 1901 1274 occidit
1927 1252 2016 1273 eum.
2070 1239 2109 1272 Id
2128 1251 2206 1272 cum

1233 1294 1456 1337 comperisset
1473 1293 1659 1332 exercitus,
1689 1292 1726 1324 in
1743 1291 1911 1324 concione
1935 1296 2093 1322 accusato
2110 1287 2207 1333 Apro

1233 1345 1478 1387 imperatorem
1495 1341 1878 1385 eligitDiocletianum,
1901 1341 1960 1385 qui
1979 1352 2059 1372 mox
2070 1339 2207 1383 Aprum

1234 1394 1347 1438 palam
1375 1399 1551 1437 spectante
1576 1392 1727 1425 exercitu
1753 1391 1937 1424 interfecit.
2008 1389 2048 1421 ld
2077 1390 2207 1422 factum

1234 1444 1396 1486 congruit
1414 1454 1490 1475 cum
1510 1443 1675 1475 vaticinio
1695 1441 1852 1474 mulieris
1870 1441 1906 1472 in
1917 1437 2096 1484 Tungris,
2121 1450 2208 1483 quae

1234 1506 1303 1527 una
1319 1490 1510 1526 Druidum
1529 1493 1608 1527 fuit.
1664 1492 1754 1526 Sunt
1777 1497 1892 1524 autem
1916 1491 2026 1524 dictae
2047 1490 2210 1522 sacerdo-

1235 1550 1283 1577 tes
1300 1540 1491 1581 Druidae,
1519 1555 1537 1575 a
1556 1542 1738 1582 fidelitate,
1764 1542 1881 1582 Ξϊθὶυ,
1909 1541 2007 1584 quasi
2026 1540 2133 1572 dicas:
2162 1540 2209 1573 bic

1209 1626 1210 1629 ,
1234 1598 1455 1628 vertramcten.
1515 1587 1610 1624 Haec
1634 1592 1850 1635 praedixerat
1873 1590 2113 1629 Diocletiano,
2146 1590 2211 1621 ob-

1208 1645 1377 1686 *iurgans
1412 1655 1491 1675 eum
1527 1642 1620 1686 quod
1656 1653 1756 1685 parce
1791 1641 1939 1673 solveret
1976 1639 2013 1670 in
2048 1636 2214 1682 hospitio,

1235 1694 1394 1726 futurum
1426 1703 1497 1724 esse
1533 1693 1798 1735 imperatorem,
1840 1701 1917 1722 cum
1945 1685 2084 1733 Aprum
2121 1688 2212 1722 occi-

1236 1743 1352 1776 disset.

1337 1791 1442 1824 Facta
1475 1795 1588 1822 autern
1620 1800 1703 1832 pace
1734 1800 1811 1822 cum
1834 1788 1948 1821 Persis
1971 1787 2211 1822 Diocletianus

1238 1841 1424 1874 exercitum
1442 1839 1580 1872 reduxit
1595 1838 1631 1870 in
1647 1836 1844 1882 Europam,
1879 1846 1912 1872 et
1929 1838 2056 1872 Carino
2073 1839 2109 1870 in
2125 1837 2211 1871 Dal-

1209 1859 1213 1919 1
1237 1891 1341 1925 matia
1359 1889 1557 1923 nominanti
1579 1901 1614 1922 se
1637 1889 1880 1932 imperatorem
1900 1889 2060 1922 occurrit.
2113 1887 2212 1922 Cari-

1210 1922 1212 2036 Ι
1238 1953 1303 1974 nus
1321 1940 1500 1974 dissimilis
1524 1939 1613 1983 patri
1637 1945 1668 1971 et
1693 1938 1795 1972 fratri
1819 1951 1897 1972 cum
1923 1938 2212 1981 flagitiosissimus

1238 1998 1343 2032 esset,
1378 1998 1410 2024 et
1432 1989 1652 2032 Heliogabali
1673 2000 1788 2022 mores
1812 1989 2027 2030 imitaretur,
2053 1989 2096 2022 ab
2118 2000 2214 2022 exer-

1238 2042 1309 2075 citu
1325 2042 1481 2074 desertus
1497 2046 1530 2072 et
1549 2039 1682 2072 occisus
1703 2045 1765 2074 est.

1341 2091 1426 2125 Cum
1450 2091 1557 2132 igitur
1575 2096 1608 2122 et
1623 2087 1784 2122 Orientis
1806 2095 1839 2122 et
1855 2086 2059 2122 Occidentis
2083 2089 2212 2121 exerci-

1238 2149 1292 2175 tus
1311 2140 1571 2174 Diocletianum
1591 2139 1753 2172 fecissent
1775 2139 2038 2182 imperatorem,
2064 2139 2210 2173 Senatus

1238 2192 1425 2225 militarem
1441 2190 1728 2233 suffragationem
1745 2189 1998 2234 comprobavit.

1289 2290 1395 2325 Anno
1421 2290 1545 2324 mundi
1571 2297 1693 2336 quater
1723 2289 1930 2329 millesimo,
1974 2290 2210 2324 ducentesimo

1442 2341 1743 2386 quinquagesimo.

1287 2390 1394 2426 Anno
1410 2390 1545 2425 Romae
1561 2390 1746 2423 millesimo
1763 2387 1936 2423 tricesimo
1951 2395 2086 2422 octavo.

1289 2441 1396 2476 Anno
1417 2439 1547 2476 Christi
1563 2441 1800 2475 ducentesimo
1822 2439 2054 2482 octuagesimo
2081 2447 2210 2474 octavo.

1510 2514 1940 2549 Diocletianus.

1339 2588 1600 2624 Diocletianus
1614 2594 1715 2621 natus
1730 2588 1767 2620 in
1779 2586 1964 2627 Dalmatia,
1991 2594 2088 2632 patre
2101 2589 2213 2623 scriba

1238 2641 1418 2676 senatoris
1453 2639 1623 2680 Amitini‚
1674 2645 1784 2672 matre
1816 2637 1977 2676 Dioclea‚
2027 2638 2215 2683 imperator
