2324 2955
202 126 273 160 259

307 209 473 253 Quotidie
488 207 568 240 Dux
585 202 754 237 Ernestus
773 210 854 237 ante
881 210 1014 238 caetera
1040 204 1182 246 negocia

208 268 315 295 certas
331 258 552 303 precationes
571 254 737 287 recitabat
760 261 857 287 tanto
883 255 991 287 animi
1014 260 1123 294 motu,
1144 260 1184 287 ut

209 312 354 354 gemitus
384 308 455 339 eius
479 318 497 338 a
526 304 644 337 multis
669 304 936 343 exaudirentur,
972 304 1121 336 addebat
1152 310 1186 336 et

210 362 392 394 lectionem
411 353 696 399 propheticorum
718 360 751 386 et
777 354 1048 397 apostolicorum
1073 353 1185 386 libro-

212 422 307 445 rum,
335 406 412 439 aliis
430 404 542 444 horis,
569 416 646 436 cum
664 415 736 435 non
753 404 1009 447 impediebatur
1031 403 1186 435 consi-liis

212 457 382 504 publicis,
417 456 498 497 legit
521 454 574 498 pie
599 454 724 496 scripta
750 451 966 496 theologica,
993 453 1188 485 delectaba-

213 517 271 542 tnr
285 509 391 540 facete
408 505 520 544 dictis,
544 510 576 536 et
592 510 629 536 ut
649 511 720 536 erat
737 515 856 535 amans
876 503 1015 536 candidi
1033 502 1124 542 salis,
1142 503 1189 535 ita

215 558 366 591 maxime
401 555 637 588 detestabatur
670 554 779 585 libros
813 554 957 586 refertos
984 552 1190 585 scurrilibus

217 606 385 642 comiciis
402 612 435 638 et
450 611 524 638 atro
542 604 621 636 sale.
671 602 844 636 Historias
867 603 951 645 legit
980 602 1190 641 avidissime,

219 667 251 692 et
276 667 375 699 saepe
401 655 538 688 dicebat
563 654 606 685 ad
629 653 755 685 multas
777 664 831 685 res
856 653 893 684 in
912 652 1080 695 religione
1098 658 1131 684 et
1153 652 1191 683 in

221 707 376 742 consiliis
392 704 540 748 publicis
556 715 629 735 rem
655 703 882 735 necessariam
906 714 993 742 esse,
1021 713 1121 734 nosse
1139 713 1193 734 se-

220 760 307 791 riem
323 755 479 789 omnium
496 760 691 795 temporum
709 760 739 785 et
755 750 1039 785 monarchiarum
1059 758 1091 784 et
1109 751 1196 783 alio-

220 820 297 841 rum
315 815 502 847 regnorum
519 803 692 837 ordinem.
734 801 967 835 Beneficentia
987 813 1065 844 erga
1080 799 1197 833 homi-

220 869 281 890 nes
302 857 476 888 modestos
499 864 579 885 vere
605 858 740 894 egentes
761 852 797 885 in
816 852 977 896 Principe
995 858 1028 885 et
1050 852 1197 893 coniuge

222 909 295 940 sine
313 904 474 938 sordibus
499 909 583 936 erat.
633 901 797 946 Denique
820 908 890 935 tota
906 902 1094 935 domestica
1114 913 1199 934 con-

223 956 369 990 suetudo
403 953 512 988 Ducis
552 950 712 989 Ernesti,
753 952 929 993 coniugis,
970 952 1124 984 filiorum
1167 957 1200 983 et

224 1008 373 1040 filiarum
399 1010 471 1037 erat
487 1002 644 1036 Ecclesia
660 1001 744 1042 Dei,
773 1009 805 1035 et
827 1000 971 1045 pulchra
998 999 1116 1034 schola
1136 1002 1200 1033 do-

224 1057 415 1090 ctrinarum
441 1060 472 1086 et
496 1053 677 1085 virtutum.
730 1051 811 1084 Fuit
828 1059 972 1084 ornatus
987 1050 1065 1084 Dux
1085 1049 1200 1083 Erne-

226 1114 296 1140 stus
324 1104 444 1137 multis
475 1102 610 1144 magnis
642 1101 847 1142 virtutibus,
883 1113 1031 1145 quarum
1067 1099 1203 1133 etiamsi

227 1167 311 1201 quas
330 1161 454 1187 natura
474 1150 708 1191 inchoaverat,
730 1158 846 1184 tamen
863 1152 943 1184 illae
962 1151 1109 1184 maiores
1127 1151 1203 1183 sue-

228 1212 310 1239 runt
323 1229 330 1242 ,
356 1215 442 1248 qnae
464 1203 501 1234 in
527 1214 567 1234 eo
584 1213 645 1245 per
659 1201 771 1234 filium
787 1200 854 1234 Dei
871 1213 952 1234 voce
969 1200 1155 1242 Evangelii
1171 1206 1204 1232 et

227 1256 362 1299 Spiritu
384 1260 500 1286 sancto
521 1262 681 1284 accensae
697 1251 859 1291 suerunt,
886 1263 967 1283 vera
983 1251 1040 1283 lux
1059 1258 1089 1283 et
1106 1250 1204 1292 agni-

226 1307 274 1339 tio
292 1304 376 1342 Dei,
404 1314 484 1334 vera
512 1300 711 1339 invocatio,
735 1300 818 1332 fides
846 1307 877 1332 et
895 1300 1020 1332 fiducia
1037 1298 1122 1335 Dei,
1150 1299 1205 1331 di-

228 1354 330 1388 lectio
351 1352 435 1391 Dei,
463 1350 572 1382 animi
597 1349 784 1389 celsitudo,
805 1349 989 1381 assiduitas
1014 1355 1046 1380 et
1068 1347 1206 1380 iusticia

229 1406 265 1437 in
288 1401 557 1446 gulmrnafione,
591 1398 783 1431 moderatio
810 1399 919 1431 animi
937 1398 972 1430 in
991 1396 1206 1441 perferendis

229 1453 389 1490 iniuriis,
417 1463 460 1483 ne
476 1449 688 1493 Respublica
705 1456 923 1486 moveretur,
951 1447 1110 1486 castitas,
1136 1445 1207 1478 Ne-

229 1504 332 1536 mesis
355 1514 393 1535 ac
416 1501 508 1533 zelus
531 1499 568 1531 in
592 1498 781 1541 puniendis
804 1498 988 1531 sceleratis.
1049 1495 1095 1528 Et
1123 1493 1207 1528 haec

230 1556 322 1587 dona
355 1563 415 1584 sua
440 1550 534 1582 Deus
564 1547 703 1579 ornavit
723 1547 909 1580 foelicitate
939 1547 976 1578 in
1002 1552 1071 1578 tota
1098 1545 1208 1588 ipsius

232 1604 321 1638 xiia,
347 1612 434 1645 quae
460 1597 621 1640 congruit
648 1597 819 1639 regulam:
853 1595 1010 1641 βέβαιον
1035 1594 1119 1633 ἓξξις
1143 1592 1208 1628 τὸν

233 1652 322 1697 βίον
339 1649 478 1686 δίκαιος
495 1647 557 1681 ὧν.
610 1646 769 1680 Timenti
785 1645 978 1679 Dominum
1010 1657 1082 1677 non
1100 1645 1209 1678 deerit

234 1704 346 1735 nllnm
374 1702 524 1733 bonum:
559 1697 624 1730 fuit
646 1693 712 1729 hoc
738 1709 876 1741 quoqne
899 1694 965 1728 Dei
990 1695 1210 1735 beneficium,

235 1753 329 1798 quod
345 1757 422 1783 ante
439 1761 478 1782 ex
496 1746 559 1780 hac
578 1747 646 1779 vita
663 1747 700 1778 in
715 1745 905 1779 Ecclesiam
924 1747 1106 1778 coelestem
1125 1746 1211 1777 edu-

235 1810 309 1835 ctus
329 1807 388 1836 est,
416 1810 519 1843 quam
538 1797 669 1829 bellum
688 1796 808 1830 intulit
821 1795 967 1829 Carolus
986 1795 1211 1838 Principibus

235 1851 401 1894 amplexis
428 1848 623 1881 doctrinam
641 1844 875 1879 Ecclesiarum
899 1852 1111 1880 nostrarum.
1164 1844 1211 1878 Ut

238 1902 331 1935 enim
351 1899 519 1942 scriptum
543 1903 614 1936 est,
640 1895 725 1929 Iusti
748 1896 982 1938 colliguntur,
1010 1907 1052 1927 ne
1070 1895 1212 1928 videant

236 1958 382 1984 ventura
397 1949 506 1987 mala,
533 1947 580 1979 sic
597 1953 629 1979 et
646 1946 760 1988 ipsum
779 1945 873 1979 Dens
891 1945 1083 1990 praeripuit
1099 1945 1139 1977 iis
1157 1956 1213 1977 ca-

237 1999 471 2038 lamitatibus,
498 2008 585 2041 qnae
609 2007 689 2027 mox
711 2002 788 2038 post
815 1996 887 2028 eius
914 2002 1061 2028 mortem
1079 2001 1212 2027 secutae

238 2057 336 2089 sunt,
364 2049 400 2081 in
427 2048 554 2092 quibus
576 2046 605 2077 si
629 2045 774 2078 consilia
808 2046 882 2078 eius
913 2052 1026 2089 spreta
1057 2045 1214 2085 fuissent,

238 2107 297 2134 ant
315 2099 419 2132 simul
436 2099 507 2141 ipse
523 2106 709 2140 oppressus
728 2102 832 2135 esset,
859 2102 918 2129 aut
942 2096 1075 2138 ingenti
1093 2095 1214 2128 dolore

239 2151 391 2183 adfectus
407 2154 504 2187 esset,
520 2152 662 2190 propter
679 2145 807 2178 amicos
823 2153 855 2179 et
869 2145 1043 2188 Rempub.
1083 2144 1214 2177 Memi-

240 2201 356 2232 nimus
376 2198 468 2231 enim
493 2202 623 2241 quanto
649 2195 684 2227 in
710 2195 831 2228 dolore
854 2207 952 2238 saepe
979 2195 1104 2233 fuerit,
1136 2207 1213 2229 curn

241 2251 277 2282 in
295 2247 458 2282 Ecclesiis
475 2246 620 2279 offensio
637 2245 752 2290 aliqua
771 2245 907 2278 accidit.

340 2297 442 2330 Hanc
458 2296 566 2330 Ducis
582 2294 722 2328 Ernesti
746 2295 886 2328 brevem
906 2292 1085 2328 historiam
1104 2306 1143 2328 eo
1160 2306 1214 2328 re-

242 2348 364 2387 citavi,
390 2354 427 2379 ut
450 2346 566 2389 plures
591 2345 700 2378 sciant
724 2345 760 2377 in
786 2345 914 2378 nostris
929 2343 1092 2378 Ecclesiis
1110 2345 1213 2378 talem

241 2400 347 2432 fuisse
364 2396 582 2438 Principem,
610 2395 707 2428 cuius
730 2395 801 2427 vita
826 2402 971 2429 testatur
987 2407 1064 2428 eum
1083 2395 1214 2428 iudicio

241 2456 274 2482 et
291 2459 370 2479 vera
395 2446 522 2490 pietate
547 2445 742 2478 doctrinam
757 2443 992 2479 Ecclesiarum
1016 2452 1214 2493 nostrarum

241 2498 438 2542 amplexum
465 2507 546 2528 esse.
659 2499 667 2506 ’

341 2546 414 2579 Nos
436 2556 574 2590 quoque
596 2545 713 2578 Deum
737 2552 852 2588 gratos
877 2546 1052 2579 celebrare
1085 2546 1214 2579 iustum

242 2605 291 2632 est
303 2625 312 2638 ‚
340 2597 433 2641 quod
451 2595 586 2639 aliquos
601 2595 742 2638 praebet
759 2596 923 2630 salutares
938 2595 1131 2640 Principes,
1154 2607 1216 2627 ne-

241 2660 307 2694 que
332 2646 425 2680 enim
451 2645 598 2679 dubium
630 2651 678 2678 est
709 2645 895 2680 salutarem
927 2647 1215 2690 gubernationem

667 119 823 155 DECL.
859 117 930 153 DE
966 118 1205 156 STUDIIS
1240 119 1365 155 VET.
1398 119 1749 158 PHILOSOPII.

2144 124 2219 160 240

1237 205 1413 248 singulare
1438 205 1507 238 Dei
1536 218 1623 249 opus
1652 213 1685 239 et
1709 206 1885 249 singulare
1905 206 2110 240 beneficium
2135 219 2220 244 esse.

1237 254 1421 288 Praeterea
1451 261 1483 288 et
1505 256 1659 298 exempla
1681 257 1790 300 ipsius
1814 262 1962 299 prosunt
1983 258 2149 291 omnibus
2174 258 2219 291 ad

1239 303 1629 339 commonefactionem.'
1684 305 1871 339 Imitentur
1901 305 2031 348 singuli
2056 317 2118 339 suo
2142 308 2218 340 loco

1239 355 1327 388 tanti
1346 354 1520 396 Principis
1541 354 1759 396 diligentiam
1782 356 1820 388 in
1844 358 1941 387 omni
1962 354 2092 394 officio,
2119 368 2222 398 prae-

1240 405 1340 447 cipue
1358 416 1450 436 -vero
1467 404 1548 441 filii,
1576 415 1663 447 quos
1680 415 1778 446 spero
1798 404 1870 437 Deo
1890 416 1991 438 curae
2008 404 2098 446 sore,
2126 406 2222 438 iuxta

1240 455 1371 486 dictum
1383 480 1391 492 ,
1419 452 1551 485 Generi
1569 460 1742 486 rectorum
1759 454 2001 494 benedicetur,
2027 460 2059 486 et
2077 462 2114 488 ut
2127 454 2224 488 Deus

1242 504 1330 536 filios
1346 502 1454 536 Ducis
1472 501 1632 543 Ernesti,
1659 509 1690 535 et
1708 504 1852 546 patriam
1870 505 2039 545 gubernet
2057 511 2090 539 et
2107 511 2223 549 prote-

1241 560 1314 596 gat,
1340 560 1412 586 toto
1431 565 1509 586 eum
1528 560 1665 596 pectore
1683 565 1757 589 oro.
1809 552 1905 587 Dixi.

1259 743 1324 777 No.
1345 743 1428 776 163.

2034 757 2081 777 an.
2111 747 2204 778 1557.

2020 791 2228 805 m

1416 856 1489 896 De
1517 856 1681 896 studies
1709 862 1791 898 vet.
1814 858 2068 912 philosoph.

1320 944 1417 970 Select.
1432 944 1558 970 Declam.
1581 944 1613 970 T.
1632 944 1680 972 IV.
1699 954 1727 979 p.
1741 944 1791 971 753
1805 955 1865 980 sqq.
1892 945 2006 971 Sei-vest.
2020 945 2052 973 T.
2066 944 2114 972 IV.
2135 955 2159 979 p.
2173 945 2232 972 666.

1354 978 1481 1005 Richard.
1498 979 1529 1004 T.
1546 978 1565 1006 Ι.
1583 988 1608 1012 p.
1625 979 1666 1005 33.

1254 1068 1381 1100 Oratio
1413 1065 1458 1098 cle
1481 1065 1617 1099 studiis
1637 1068 1775 1099 veteris
1795 1064 2075 1109 philosophiae,
2117 1071 2154 1100 et
2187 1066 2233 1100 de

1253 1118 1479 1150 successione
1499 1116 1708 1150 docentium
1732 1118 1828 1149 inter
1846 1120 1897 1149 iot
1916 1119 2143 1150 mutationes
2159 1120 2236 1150 Im-

1250 1169 1476 1210 Ῑιενὶονιιιης,
1492 1169 1647 1200 recitata
1671 1177 1692 1199 a
1709 1168 1756 1199 D.
1782 1168 1988 1209 Caspai·0
2014 1169 2236 1208 Peucero,

1631 1228 1727 1249 anno
1757 1215 1865 1251 1557.

1256 1290 1304 1330 Si
1321 1299 1533 1341 optimarum
1554 1299 1687 1340 artium·
1701 1298 1813 1329 studia
1825 1323 1833 1335 ‚
1860 1309 1947 1340 quae
1962 1299 2004 1330 ad
2025 1297 2163 1329 ruinam
2183 1298 2237 1330 in-

1257 1346 1385 1379 clinata
1400 1346 1624 1389 praecipitem
1642 1347 1776 1388 trepide
1794 1352 1933 1385 nutant,
1959 1347 2058 1391 quasi
2075 1347 2143 1379 iam
2167 1347 2236 1379 iam

1256 1397 1411 1436 ruitura,
1438 1402 1555 1428 nostra
1580 1397 1688 1437 magis
1705 1396 1805 1436 culpa
1823 1395 1948 1427 collabi
1965 1397 2117 1429 viderem
2136 1403 2239 1441 atque

1258 1446 1421 1485 interire,
1449 1457 1551 1489 qnam
1569 1446 1640 1478 fato
1662 1445 1787 1477 mundi
1803 1456 1863 1476 ceu
1880 1444 2095 1478 sathiscentis
2110 1453 2237 1480 conatu

1259 1507 1434 1539 supremo,
1455 1495 1644 1539 drlyroque
1661 1495 1758 1526 senio
1776 1500 1807 1526 et
1825 1494 1963 1526 fastidio
1981 1495 2128 1528 delicato
2146 1497 2238 1539 opti-

1259 1557 1314 1577 ma
1333 1556 1491 1588 quaeque
1514 1545 1726 1587 respuentis,
1753 1551 1785 1576 et
1803 1544 1994 1577 calamitate
2011 1545 2240 1579 turbulentis-

1262 1595 1430 1627 simornm
1447 1601 1661 1637 temporum,
1688 1595 1724 1625 in
1745 1606 1832 1638 quae
1849 1601 1939 1627 aetas
1961 1601 2080 1628 nostra
2103 1596 2238 1636 incidit,

1260 1657 1332 1677 non
1357 1655 1491 1687 possem
1515 1657 1586 1676 non
1611 1645 1825 1687 prospiciens
1843 1645 2139 1689 praemetiensque
2156 1646 2238 1678 bar-

1260 1695 1394 1727 bariem
1411 1694 1516 1738 paulo
1540 1701 1617 1737 post
1634 1701 1876 1737 sequutum-an,
1901 1696 2112 1728 commoveri
2131 1693 2239 1729 vehe-

1261 1744 1414 1776 mentius
1439 1744 1556 1776 animo
1585 1756 1681 1786 meo,
1725 1745 1993 1789 perturbarique
2019 1751 2051 1778 et
2074 1746 2173 1790 queri
2195 1748 2238 1779 de

1262 1795 1361 1837 culpa
1378 1801 1496 1827 nostra
1517 1794 1666 1835 gravius.
1718 1793 1837 1838 *Neque
1857 1795 1950 1826 enim
1977 1801 2035 1828 aut
2058 1796 2160 1829 nobis
2183 1797 2239 1829 in-

1262 1845 1403 1887 dignius
1435 1845 1530 1877 aliud
1562 1844 1875 1885 committeremus,
1917 1851 1976 1878 aut
2011 1846 2239 1888 perniciosius

1263 1894 1383 1937 generi
1398 1891 1553 1927 hnmano
1566 1922 1574 1931 ,
1602 1907 1704 1938 quam
1721 1895 1749 1926 si
1767 1906 1869 1939 quem
1889 1895 2038 1927 maiores
2055 1897 2178 1934 nostri,
2206 1903 2239 1930 et

1263 1950 1502 1988 praeceptores
1514 1943 1580 1977 Dei
1599 1945 1764 1977 beneficio
1781 1951 1812 1977 et
1828 1942 1945 1984 ductu,
1973 1946 2159 1990 studioque
2175 1957 2238 1980 suo

1264 2001 1296 2027 et
1312 1995 1430 2027 labore
1448 2001 1694 2038 compararunt
1717 2007 1833 2027 amore
1858 1995 1988 2037 gloriae
2005 1994 2089 2036 Dei,
2117 2003 2149 2029 et
2173 2008 2239 2030 no—

1264 2045 1324 2078 stri
1343 2056 1380 2077 ac
1395 2045 1615 2077 dulcissimae
1631 2045 1840 2088 posteritatis
1857 2057 1936 2077 cura
1954 2043 2155 2079 thesaurum
2174 2047 2239 2080 bo-

1265 2106 1389 2128 narum
1409 2095 1535 2128 artium
1547 2123 1555 2135 ,
1583 2102 1614 2128 et
1631 2096 1800 2128 tuendum
1823 2096 1926 2128 nobis
1943 2096 2170 2130 excolendum
2188 2104 2241 2130 at-

1266 2157 1332 2190 que
1359 2145 1641 2188 amplificandum
1665 2152 1782 2178 sancta
1805 2158 1843 2178 ac
1874 2145 2032 2188 religiosa
2063 2146 2129 2178 fide
2161 2153 2240 2180 tan-

1265 2207 1368 2239 quam
1393 2196 1588 2239 depositnm
1623 2196 1694 2228 inre
1725 2194 1958 2229 haereditario
1986 2196 2164 2238 pertinens
2195 2198 2240 2230 ad

1265 2252 1420 2288 posteros
1443 2247 1749 2279 commendarunt:
1777 2257 1854 2279 eum
1876 2251 2074 2288 pateremur
2097 2247 2152 2279 vel
2175 2248 2239 2280 ssa-

1265 2295 1386 2338 gitiose
1411 2296 1634 2339 negligendo,
1655 2297 1826 2330 culturam
1848 2295 1993 2335 artium,
2026 2297 2180 2331 recidere
2202 2298 2239 2330 in

1265 2346 1384 2378 sordes
1407 2353 1440 2378 et
1464 2347 1661 2391 squalorem
1684 2345 1850 2390 pristinae
1872 2345 2066 2386 barbariei,
2099 2347 2142 2380 de
2171 2359 2240 2392 qua

1265 2395 1323 2427 vix
1340 2397 1498 2437 emersit,
1527 2397 1581 2429 vel
1598 2408 1669 2429 non
1687 2395 1901 2428 adversando
1919 2395 2150 2430 fraudulentis
2163 2397 2240 2443 Hy-

1265 2446 1477 2489 pocritarum
1513 2446 1773 2485 molitionibus,
1818 2445 1918 2478 foede
1954 2446 2159 2489 defOrmari‚
2206 2455 2240 2482 et

1266 2496 1387 2541 inique
1404 2497 1507 2530 obrui
1524 2503 1626 2541 atque
1643 2494 1793 2538 opprimi
1811 2495 2004 2538 praestigiis
2018 2497 2124 2532 falsis.

1368 2546 1436 2580 Sed
1463 2553 1587 2590 urgent
1612 2545 1726 2578 studia
1751 2545 1893 2589 quidem
1919 2543 2005 2579 baec
2025 2553 2145 2580 nostra
2167 2549 2238 2583 fata

1267 2597 1391 2629 mnndi
1407 2596 1614 2630 senescentis
1625 2622 1634 2635 ,
1660 2607 1747 2639 quae
1763 2594 1937 2629 Dominus
1953 2603 1985 2629 et
2000 2595 2160 2631 Salvator
2174 2610 2240 2632 no-

1265 2652 1334 2680 ster
1353 2645 1447 2681 Iesus
1465 2644 1625 2681 Christus
1648 2645 1801 2679 decursis
1815 2646 1941 2680 seculis
1956 2653 1990 2681 et
2004 2647 2151 2691 periodo
2171 2648 2239 2682 cir-
