2324 2955
175 117 272 155 1015

480 199 554 231 De
582 193 853 229 Ecclesia.

279 277 433 316 Arcadii
461 285 619 321 tempore
648 275 715 309 suit
739 273 934 318 Episcopus
955 272 1157 308 Constanti-

180 334 405 380 nopolitanus
431 324 641 368 Iohannes,
677 325 733 358 cui
756 336 885 357 nomen
904 320 1159 370 Chrysostomi

181 386 400 422 tribuerunt,
442 390 546 422 quem
571 383 670 409 antea
696 375 941 419 Presbyterum
966 372 1159 408 Antioche-

182 447 266 469 num
293 432 399 465 fuisse
425 429 595 461 scribunt.
647 425 739 458 Huic
765 424 965 469 eloquentia
990 424 1160 458 autorita-

180 495 249 521 tem
265 490 298 516 et
316 479 508 525 potentiam
525 476 632 510 auxit.
686 474 805 517 Quare
832 475 941 507 multa
960 480 993 507 et
1018 474 1056 506 in
1081 474 1160 507 aula

183 536 272 579 egit,
298 539 332 565 et
349 530 515 563 adversus
533 527 684 563 vicinos,
713 524 840 569 quibus
857 530 1025 568 praeerat.
1078 523 1160 557 Fuit

183 592 299 620 autem
317 582 453 624 ingrata
470 579 544 611 eius
558 575 734 615 severitas,
752 586 839 619 quae
857 574 1034 619 aliquibus
1052 573 1161 606 nimia

183 637 257 670 visa
282 639 353 672 est,
380 640 458 662 cum
481 639 601 660 verum
628 625 690 665 sit,
723 625 760 657 in
784 624 1038 667 gubernatione
1063 624 1163 657 iusti-

186 687 275 721 ciam
293 685 519 724 temperatam
540 673 704 719 ἐπιεικείᾳ
723 675 898 707 dominari
917 675 1054 708 debere.
1089 673 1162 707 Lu-

186 747 268 770 xum
286 739 319 766 et
337 728 528 774 spectacula
545 738 632 770 quae
649 725 758 758 multa
776 724 863 757 vicia
882 725 1042 764 alebant,
1076 724 1163 756 iuste

187 784 344 822 taxabat,
371 790 477 824 quare
496 777 532 809 in
550 775 671 808 odium
691 775 901 814 multorum,
929 786 967 806 ac
982 774 1165 818 praecipue

189 832 347 875 coniugis
372 827 512 863 Arcadii
537 825 633 858 venit
656 822 857 864 Eudoxiae,
899 836 987 868 quae
1019 831 1165 857 statuam

189 884 258 920 sibi
281 893 354 916 non
382 877 503 923 procul
526 888 544 909 a
568 875 699 918 templo
725 874 761 906 in
785 874 948 907 columna
972 885 1167 907 marmorea

191 935 440 969 collocaverat,
467 927 559 971 apud
577 936 681 970 quam
705 922 893 957 histriones
916 931 949 957 et
966 924 1070 956 Mimi
1094 935 1168 956 cre-

191 987 273 1019 bras
290 978 487 1015 comoedias
505 973 726 1009 exhibebant.
770 973 871 1006 IIanc
888 980 1037 1006 statuam
1056 980 1089 1006 et
1106 971 1169 1005 hos

192 1036 295 1069 ludos
321 1027 522 1075 praesertim
551 1025 680 1067 templo
705 1023 838 1055 vicinos
866 1023 942 1055 tolli
961 1021 1170 1067 Chrysosto-

193 1095 272 1118 mus
290 1079 413 1114 voluit.
466 1074 704 1118 Quamobrem
726 1084 804 1104 cum
820 1070 980 1104 Eudoxia
1000 1072 1030 1104 ei
1051 1071 1171 1104 irasci-

195 1143 271 1173 tur,
298 1137 370 1164 arte
387 1138 440 1160 res
460 1138 499 1158 eo
517 1125 663 1156 deducta
684 1128 751 1159 est,
779 1128 816 1154 ut
834 1132 995 1153 excussus
1006 1120 1170 1164 Episcopi

197 1182 365 1227 dignitate
382 1178 418 1210 in
435 1175 576 1208 exilium
595 1173 802 1205 mitteretur.
854 1170 911 1204 Ad
933 1171 1018 1205 tales
1037 1168 1171 1203 machi-

197 1234 355 1268 nationes
374 1237 459 1270 opus
478 1231 526 1257 est
542 1220 769 1268 sycophanta.

299 1287 480 1321 Habuerat
502 1282 592 1325 apud
612 1292 646 1313 se
662 1277 932 1324 Chrysostomus
955 1276 1173 1324 hypocritam

201 1347 352 1377 astutum
385 1342 417 1368 et
449 1332 637 1365 facundum
664 1327 918 1367 Severianum,
956 1329 1055 1362 cuius
1080 1328 1176 1361 auxit

201 1386 509 1426 existimationem,
543 1381 624 1425 quia
648 1391 747 1422 saepe
770 1379 911 1413 iubebat
934 1390 1014 1411 eum
1037 1379 1175 1422 publice

203 1435 416 1476 concionari.
472 1432 541 1465 Sed
559 1431 668 1470 aulae,
692 1441 769 1472 spes
785 1429 962 1473 potentiae
981 1435 1014 1462 et
1029 1428 1176 1462 ambitio

205 1501 304 1534 saepe
319 1489 455 1521 mutant
472 1480 642 1515 homines.
695 1479 800 1512 Hunc
817 1478 1046 1512 Severianum
1056 1477 1178 1512 Eudo—

204 1543 261 1576 xia
281 1543 399 1573 contra
411 1531 696 1577 Chrysostomum
716 1530 855 1570 incitat,
883 1530 944 1574 qui
961 1536 1082 1562 nactus
1099 1541 1178 1562 cum

206 1592 291 1626 alias
307 1595 442 1624 causas,
470 1589 544 1615 tum
562 1592 643 1613 vero
666 1586 699 1612 et
724 1578 832 1620 hanc,
867 1580 961 1624 quod
986 1579 1076 1613 inter
1093 1577 1180 1622 Epi-

207 1639 379 1686 phanium
409 1641 442 1666 et
465 1630 754 1675 Chrysostomum
783 1641 906 1671 magna
935 1629 1104 1661 dissensio
1137 1630 1180 1661 de

207 1690 309 1724 libris
333 1683 499 1726 Origenis
528 1687 604 1712 orta
639 1685 736 1712 esset.
808 1679 981 1719 Adiungit
1008 1679 1115 1719 igitur
1146 1689 1180 1708 se

208 1737 352 1774 factioni
368 1733 641 1776 Episcoporum,
668 1727 727 1772 qui
745 1726 878 1770 alioqui
892 1724 1181 1770 Chrysostomum

211 1791 369 1824 oderant.
421 1781 511 1814 Cum
530 1778 756 1811 adiuvaretur
771 1777 814 1808 ab
832 1775 1012 1816 Eudoxia,
1040 1776 1184 1819 perficit,

211 1847 251 1874 ut
266 1835 534 1880 Chrysostomus
553 1828 756 1869 eiiceretur,
783 1826 843 1870 qui
868 1826 902 1858 in
928 1826 1094 1858 concione
1110 1824 1184 1857 Eu-

214 1888 352 1924 doxiam
380 1884 639 1924 comparaverat
661 1876 874 1913 Ilerodiadi,
911 1873 1080 1909 inchoans
1100 1886 1186 1908 con-

214 1940 363 1973 cionem:
392 1932 465 1966 Iam
482 1930 605 1962 iterum
624 1926 753 1959 insanit
768 1925 952 1958 Herodias.
1001 1923 1078 1958 Etsi
1102 1937 1183 1958 con-

214 1989 343 2022 vicium
361 1980 516 2016 fortassis
533 1977 686 2021 asperius
704 1976 784 2008 suit:
821 1982 935 2008 tamen
961 1974 1185 2019 reprehensio

214 2046 345 2073 statuae
361 2040 394 2066 et
408 2031 573 2064 ludorum
591 2027 679 2059 iusta
695 2026 778 2064 suit,
802 2027 859 2058 sed
878 2033 1090 2060 accesserant
1107 2026 1188 2059 odia

215 2072 364 2124 aliorum
381 2095 420 2115 ex
438 2080 514 2114 aliis
532 2077 655 2111 causis.

316 2142 500 2177 Caeterum
516 2137 557 2169 de
573 2135 671 2167 libris
687 2132 853 2176 Origenis
876 2133 1001 2166 iustior
1021 2132 1087 2166 suit
1103 2130 1189 2176 Epi-

217 2194 338 2241 phanii
357 2188 537 2226 sententia,
554 2185 612 2230 qui
629 2197 686 2217 eos
703 2183 929 2217 condemnari
948 2183 1068 2223 voluit,
1086 2195 1188 2227 quam

219 2240 478 2289 Chrysostomi‚
507 2237 567 2282 qui
592 2234 878 2267 condemnationi
904 2234 1105 2266 adversatus
1129 2239 1191 2268 est.

222 2293 481 2337 improbaverat
512 2297 570 2319 eos
597 2293 630 2319 et
665 2291 743 2317 ante
776 2283 998 2317 Constantini
1033 2290 1191 2327 tempora

220 2341 443 2378 Blethodius,
467 2337 593 2383 Lyciae
606 2333 797 2379 Episcopus
814 2341 847 2367 et
864 2334 990 2366 deinde
1005 2333 1111 2378 Tyri,
1138 2333 1193 2365 vir

224 2399 373 2428 sanctus,
400 2389 458 2434 qui
474 2393 618 2431 propter
636 2385 817 2427 allegorias
834 2390 1093 2427 comparaverat
1113 2395 1191 2416 eum

224 2441 417 2478 Sirenibus.
468 2437 576 2480 quue
594 2433 836 2479 reprehendit,
864 2435 956 2479 quod
978 2433 1194 2476 intempesti-

223 2495 276 2526 vis
291 2488 465 2532 allegoriis
485 2486 677 2519 discesserit
695 2497 713 2517 a
730 2484 846 2517 nativa
864 2484 1034 2517 sententia
1054 2483 1090 2515 in
1109 2484 1194 2516 scri-

224 2544 293 2588 ptis
316 2536 527 2585 propheticis
551 2542 583 2567 et
607 2535 824 2578 apostolicis,
861 2541 893 2567 et
910 2535 1070 2576 dogmata
1088 2545 1195 2578 quae-

225 2596 304 2627 dam
327 2585 533 2631 corruperit.
585 2584 656 2616 Nec
674 2585 821 2617 dubium
838 2591 907 2625 est,
934 2595 1068 2616 errores
1090 2595 1195 2627 quos-

227 2644 307 2677 dam
336 2641 536 2681 dogmatum
561 2633 714 2675 insignes
736 2645 872 2677 sparsos
902 2634 1007 2668 fuisse
1032 2634 1067 2666 in
1096 2634 1196 2667 libris

413 110 620 151 SCRIPTA
649 108 724 143 PH,
750 105 866 142 MEL.
892 105 958 141 AD
984 105 1111 142 HIST.
1137 104 1281 144 PROF.
1306 102 1372 141 ET
1399 101 1591 140 PHILOS.
1618 101 1933 140 SPECTANTIA.

1123 205 1140 211 ··
1156 198 1170 204 “’
1205 189 1392 234 Origenis,
1424 195 1463 222 ut
1487 188 1640 222 ostendit
1657 185 1888 232 Epiphanius.

2074 101 2174 140 1016

1938 187 2038 222 Libri
2063 193 2180 221 autem

1205 239 1390 283 origenis,
1429 238 1489 283 qui
1515 250 1608 271 nunc
1633 245 1767 276 extant,
1799 238 1926 282 partim
1949 245 2030 271 sunt
2053 236 2181 276 mutili,

1208 291 1334 335 partim
1350 295 1432 322 sunt
1445 295 1609 321 centones
1625 288 1668 320 ab
1685 288 1762 321 aliis
1780 287 1897 328 assuti,
1921 294 1953 321 et
1970 287 2005 320 in
2022 285 2077 319 his
2092 299 2181 331 quo-

1212 352 1278 386 que
1297 339 1400 372 obvia
1417 346 1498 371 sunt
1516 338 1698 370 manifesta
1715 344 1838 372 errata.

1310 389 1401 423 Sunt
1435 394 1467 421 et
1496 388 1533 419 in
1556 385 1806 432 Chrysostomo
1830 386 1987 430 contagia
2013 384 2184 431 quaedam

1209 451 1385 479 errorum,
1412 449 1501 482 quae
1517 437 1594 480 pius
1607 437 1731 470 Lector
1747 443 1777 469 et
1794 443 1884 470 recte
1901 437 2059 471 eruditus
2077 444 2185 476 agno-

1211 502 1302 524 scere
1320 495 1353 522 et
1369 488 1524 522 iudicare
1539 493 1662 531 potest.
1724 486 1838 519 Multa
1859 493 1995 527 tamen,
2028 494 2186 529 praeser-

1210 542 1274 575 tim
1298 541 1340 572 de
1362 538 1540 575 moribus,
1573 534 1718 569 honeste
1749 536 1844 571 dicit.
1903 535 1992 569 Cum
2022 532 2187 579 Episcopi

1213 590 1337 625 caeteri
1363 589 1400 620 in
1424 587 1567 633 Synodo
1603 593 1753 620 statuere
1782 587 1930 626 vellent,
1965 586 2079 629 lapsos
2111 590 2188 626 post

1212 640 1424 684 baptismum
1436 664 1445 678 ,
1478 644 1510 670 et
1526 638 1712 670 redeuntes
1728 637 1769 669 ad
1785 636 2035 679 poenitentiam
2049 662 2058 675 ,
2083 632 2189 667 semel

1214 698 1349 725 tantum
1372 687 1591 731 recipiendos
1616 698 1705 719 esse:
1744 687 1804 719 ille
1828 694 1948 720 contra
1972 686 2077 720 dixit:
2115 681 2190 715 Imo

1215 740 1345 775 millies
1383 749 1486 780 agens
1517 737 1768 780 poenitentiam
1802 736 2000 779 ingredere:
2036 729 2191 780 χιλιάκις

1215 788 1443 836 Διι«ετ(ιιιοη’σοις
1474 786 1622 821 εἴσελθε.
1675 786 1776 819 Hanc
1806 799 1924 819 vocem
1960 794 2043 820 tunc
2074 793 2192 826 repre-

1216 840 1360 875 hensam
1387 838 1503 871 iudico
1527 837 1746 881 probandam
1771 848 1862 876 esse,
1894 837 1922 869 si
1945 843 2035 870 recte
2061 831 2194 869 intelli-

1218 898 1334 935 gatur,
1360 888 1443 934 quia
1458 888 1524 921 suit
1541 887 1699 931 opposita
1718 887 1827 919 errori
1845 886 2135 920 Novatianorum.

1321 938 1485 972 Mortuus
1513 944 1563 970 est
1591 944 1704 970 autem
1731 934 2002 981 Chrysostomus
2031 937 2067 969 in
2093 931 2196 968 exilio

1220 991 1257 1022 in
1282 988 1470 1021 Armeniae
1500 987 1612 1020 limite
1644 999 1736 1019 anno
1767 993 1847 1019 ante
1872 993 2018 1019 mortem
2043 981 2197 1021 Arcadii,

1221 1039 1282 1083 qui
1313 1044 1472 1070 mortuus
1503 1043 1552 1069 est
1576 1048 1668 1068 anno
1692 1034 1824 1069 Christi
1851 1036 2196 1080 quadringentesimo

1221 1086 1450 1125 duodecimo,
1483 1085 1626 1118 biennio
1659 1091 1738 1117 ante
1769 1097 1873 1128 quam
1905 1086 1988 1118 urbs
2010 1085 2124 1119 Roma
2153 1081 2198 1114 ab

1223 1137 1363 1171 Alarico
1389 1143 1486 1179 capta
1508 1142 1568 1169 est.
1622 1134 1687 1166 Vir
1704 1134 1871 1178 eloquens
1885 1135 1969 1173 snit,
1995 1135 2054 1167 sed
2073 1134 2201 1177 scripta

1223 1187 1333 1229 magis
1379 1184 1626 1218 declamatoria
1670 1191 1751 1217 sunt
1796 1196 1899 1228 quarn
1944 1179 2200 1218 διδασκαλικοὶ.

1226 1237 1345 1279 Quare
1370 1236 1548 1268 interdum
1573 1241 1667 1267 extra
1686 1241 1794 1267 metas
1811 1234 1937 1275 currit,
1963 1241 2001 1269 ut
2020 1235 2056 1267 in
2073 1233 2202 1279 hyper-

1225 1287 1316 1320 bolis
1333 1287 1476 1319 laudum
1495 1285 1585 1317 vitae
1604 1284 1827 1318 monasticae.

1329 1335 1506 1378 Tempore
1522 1332 1716 1367 Theodosii
1739 1334 1880 1366 secundi
1899 1334 2049 1367 celebres
2068 1332 2204 1378 Synodi

1227 1389 1270 1420 de
1295 1384 1350 1419 his
1375 1384 1622 1419 controversiis
1644 1384 1801 1423 fuerunt,
1828 1383 2013 1427 pelagiana
2032 1391 2064 1417 et
2079 1382 2205 1416 Nesto-

1228 1438 1346 1477 riana‚
1382 1447 1475 1469 anno
1505 1432 1638 1468 Christi
1669 1434 2014 1478 quadringentesimo
2040 1433 2204 1466 vicesimo

1228 1487 1364 1531 primo,
1399 1497 1491 1519 anno
1521 1483 1713 1518 Theodosii
1746 1484 1889 1517 secundi
1921 1484 2076 1527 decimo,
2113 1495 2206 1515 anno

1229 1536 1382 1570 Honorii
1403 1535 1567 1569 vicesimo
1593 1534 1716 1580 quinto
1732 1531 2017 1577 Carthaginensis
2031 1533 2207 1579 Synodus,

1231 1588 1268 1620 in
1291 1599 1359 1631 qua
1379 1586 1521 1618 suerunt
1538 1583 1703 1628 Episcopi
1721 1584 1862 1616 ducenti
1880 1586 1996 1616 decem
2017 1590 2048 1616 et
2066 1589 2207 1626 septem,

1232 1638 1323 1670 inter
1339 1647 1426 1680 quos
1442 1634 1626 1678 praecipue
1643 1634 1756 1666 clarus
1772 1633 1839 1665 suit
1853 1631 2079 1676 Augustinus
2095 1644 2209 1676 egres-

1232 1696 1290 1717 sus
1307 1695 1418 1716 annos
1434 1684 1607 1725 sexaginta
1619 1710 1627 1722 ‚
1651 1682 1831 1715 damnavit
1849 1681 1979 1724 Pelagii
1998 1694 2143 1717 errores.

1334 1732 1416 1765 Fuit
1439 1738 1555 1765 autem
1580 1731 1740 1772 Pelagius
1765 1729 1958 1764 monachus
1973 1730 2124 1773 Romae,
2151 1734 2211 1778 qui

1235 1783 1430 1816 doctrinam
1447 1780 1632 1823 Evangelii
1656 1781 1698 1813 de
1716 1781 1805 1823 lege,
1833 1782 1874 1813 de
1892 1788 2050 1825 peccato,
2077 1783 2119 1815 de
2133 1794 2212 1826 gra-

1235 1834 1283 1867 tia
1318 1842 1460 1876 prorsus
1497 1831 1534 1863 in
1571 1828 1800 1874 pharisaicam
1838 1842 1897 1863 seu
1933 1828 2212 1876 philosophicam

1235 1881 1507 1917 transformavit.
1566 1879 1756 1914 Contendit
1771 1892 1843 1913 non
1858 1891 1928 1914 esse
1947 1889 2123 1924 peccatum
2141 1885 2213 1916 ori-

1237 1933 1347 1976 ginis,
1373 1938 1406 1966 et
1430 1929 1590 1964 homines
1612 1931 1723 1963 libero
1740 1931 1884 1964 arbitrio
1906 1942 2003 1974 posse
2019 1932 2213 1967 satisfacere

1239 1984 1305 2026 legi
1330 1982 1411 2016 Dei:
1455 1980 1635 2014 Vocabulo
1669 1981 1797 2023 gratiae
1822 1981 1908 2014 dixit
1932 1982 2118 2024 significari
2141 1996 2214 2017 non

1239 2033 1479 2066 remissionem
1508 2038 1727 2075 peccatorum
1758 2031 1962 2074 gratuitam,
1996 2038 2029 2065 et
2053 2033 2216 2067 donatio-

1239 2096 1318 2116 nem
1337 2082 1489 2127 Spiritus
1506 2081 1635 2121 sancti,
1661 2082 1717 2114 sed
1738 2081 1846 2125 ipsam
1862 2082 2041 2115 doctrinae
2059 2085 2216 2127 promul-

1240 2134 1427 2176 gationem.
1480 2131 1647 2165 Satisfieri
1669 2138 1783 2165 autem
1807 2131 1872 2174 legi
1888 2130 1954 2164 Dei
1978 2139 2117 2166 externa
2132 2135 2215 2167 obe-

1242 2183 1388 2217 dientia:
1416 2182 1487 2215 Nec
1509 2188 1646 2225 peccata
1664 2193 1734 2214 esse
1753 2193 1873 2225 pravas
1894 2182 2157 2224 inclinationes,
2184 2191 2217 2218 et

1242 2232 1422 2267 hominem
1452 2238 1591 2264 externa
1621 2232 1804 2276 disciplina
1836 2243 1951 2265 coram
1982 2231 2055 2265 Deo
2087 2233 2217 2267 iustum

1243 2295 1333 2324 esse,
1361 2283 1464 2316 etiam
1490 2282 1564 2315 sine
1581 2281 1716 2326 Spiritu
1739 2288 1877 2322 sancto,
1904 2289 1936 2315 et
1953 2282 2078 2315 mereri
2097 2284 2219 2317 ,remis-

1243 2334 1376 2368 sionem
1410 2339 1628 2375 peccatorum
1661 2339 1694 2365 et
1727 2333 1831 2365 vitam
1862 2339 2054 2365 aeternam:
2095 2332 2218 2367 Fidem

1244 2396 1315 2418 esse
1337 2383 1500 2416 noticiam
1529 2382 1613 2424 legis
1638 2390 1669 2416 et
1694 2380 1876 2422 historiae,
1904 2388 1941 2414 ut
1963 2382 2086 2424 vulgus
2102 2383 2218 2428 loqui-

1244 2442 1317 2474 tur,
1359 2445 1436 2466 cum
1467 2433 1509 2465 ‹le
1542 2432 1756 2476 professione
1784 2431 1895 2464 utitur
1927 2433 2096 2465 vocabulo
2126 2434 2218 2468 fidei.

1244 2484 1338 2517 Haec
1362 2495 1440 2516 cum
1463 2483 1534 2515 sint
1558 2482 1756 2525 plausibilia
1782 2481 1929 2520 rationi,
1957 2494 2044 2526 quae
2063 2483 2221 2527 discipli-

1245 2546 1324 2567 nam
1350 2541 1528 2567 externam
1555 2531 1734 2573 intelligit,
1761 2542 1895 2564 summa
1920 2529 2025 2565 huius
2043 2533 2222 2567 doctrinae

1246 2584 1410 2618 omnibns
1441 2583 1655 2626 temporibus
1678 2581 1746 2614 late
1770 2587 1889 2624 vagata
1915 2589 1973 2615 est.
2036 2580 2141 2626 Apud
2164 2582 2222 2617 Iu-

1246 2636 1350 2668 daeos
1382 2631 1574 2678 pharisaica
1603 2637 1696 2671 erat,
1732 2638 1849 2675 postea
1880 2629 2069 2675 Origenica
2102 2645 2222 2678 repre-
