2324 2955
111 102 184 137 669

108 187 207 220 Deus
233 196 330 218 suam
354 185 563 229 sapientiam
588 192 621 219 et
644 184 817 218 iusticiam
846 186 1092 228 communicet,

110 243 142 269 et
161 237 196 268 in
216 248 282 280 qua
302 236 454 269 vicissim
479 242 704 278 agnoscatur,
738 243 771 270 rt
797 237 832 269 in
858 237 955 270 omni
982 243 1092 269 aeter—

107 287 216 320 nitate
237 287 444 320 celebretur.
498 286 686 331 Postquam
707 287 813 329 igitur
830 289 896 319 fide
920 288 1091 320 mediato-

106 337 154 370 ris
171 338 298 381 recepti
316 348 453 377 sumus,
477 337 714 371 restituuntur
733 339 770 370 in
794 339 897 371 nobis
922 338 1091 371 obedien-

106 388 153 421 tia
172 398 366 431 congruens
385 399 462 419 cum
489 388 669 421 voluntate
687 387 752 421 Dei
781 395 813 421 et
840 390 908 422 vita
938 396 1089 428 aeterna,

104 445 144 472 ut
161 438 375 472 celebremus
386 436 498 470 Deum
517 439 553 471 iu
571 439 702 473 laetitia
724 446 754 472 et
772 440 963 482 gratiarum
981 440 1088 472 actio—

105 499 149 521 ne
166 489 202 521 in
220 489 318 521 omni
337 489 554 525 aeternitate.

203 553 250 587 Il.
286 554 405 596 Quare
422 566 642 600 nequaquam
661 555 930 588 existimandum
947 564 1014 596 est,
1042 557 1088 589 ita

102 616 166 638 nos
183 611 340 649 receptos
357 617 445 646 esse,
472 612 510 639 ut
527 605 622 637 nulla
643 606 677 637 in
706 606 809 638 nobis
834 607 1016 639 conversio
1044 608 1086 639 ad

100 654 215 688 Deum
236 663 268 689 et
287 655 431 689 mutatio
451 656 520 695 fiat,
544 657 603 688 sed
621 654 737 688 adhuc
757 664 879 699 regnet
896 665 1087 701 peccatum,

100 713 133 739 et
166 706 277 739 securi
306 706 460 739 laxemus
484 707 602 739 frenos
627 707 888 750 cupiditatibus.
932 707 1002 741 Sed
1025 720 1087 740 ne-

99 768 192 790 cesse
216 763 267 790 est
289 756 326 788 iu
355 754 418 789 liae
446 756 515 790 vita
533 755 693 790 inchoari
712 758 902 791 novitatem
921 757 1086 802 Spiritus,

99 809 187 840 sicut
205 818 364 851 expresse
380 807 529 841 affirmat
540 807 685 848 Paulus,
704 808 884 852 inquiens:
913 808 1086 852 Superin-

98 859 265 898 duemur,
292 857 319 890 si
339 864 455 891 tamen
473 870 545 891 non
564 859 653 891 nudi
672 859 907 893 inveniemur.

199 923 263 958 Ill.
304 924 375 958 Nec
404 925 482 958 ideo
506 925 599 957 filius
620 925 752 958 aeterni
779 925 887 969 patris
908 923 1084 957 Dominus

96 982 217 1009 noster
237 975 332 1009 lesus
348 973 511 1008 Clu-istus
528 975 712 1008 crucifixus
733 982 801 1015 est,
827 982 858 1008 et
887 975 973 1007 iram
998 973 1084 1008 lior-

96 1027 243 1059 rendam
262 1025 300 1058 in
316 1036 387 1058 sese
405 1025 598 1065 derivavit,
632 1032 670 1059 ut
686 1037 750 1057 nos
768 1026 924 1058 furenter
940 1038 1084 1058 ruamus

93 1077 132 1109 in
150 1075 269 1109 omnia
285 1076 434 1114 scelera,
462 1082 494 1109 et
513 1075 730 1108 somniemus
748 1076 965 1116 libertatem,
993 1089 1082 1120 quae

93 1127 137 1160 sit
168 1123 325 1170 ἀνομία,
366 1137 445 1158 cum
477 1126 596 1169 potius
627 1126 711 1158 velit
735 1138 800 1158 nos
824 1127 866 1159 ad
893 1127 1084 1168 imaginem

93 1188 192 1211 suam
217 1176 372 1217 restitui,
405 1175 494 1209 sicut
512 1175 644 1208 Paulus
670 1176 803 1221 inquit:
842 1174 995 1220 Oportet
1019 1189 1083 1210 nos

92 1228 166 1261 sieri
184 1227 315 1261 similes
332 1226 496 1269 imaginis
513 1225 577 1259 filii
592 1225 671 1261 Dei.

192 1294 256 1328 IV.
288 1293 379 1327 Cum
396 1294 484 1326 latro
503 1293 539 1325 in
558 1306 658 1327 cruce
677 1305 866 1327 conversus
881 1301 942 1334 est,
968 1302 999 1328 et
1015 1296 1082 1328 fide

92 1351 261 1389 receptus,
275 1344 381 1377 simul
398 1341 563 1377 inchoata
580 1351 631 1377 est
650 1345 685 1376 in
702 1356 741 1377 eo
758 1356 849 1377 nova
868 1346 1082 1387 obedientia,

92 1404 125 1429 et
139 1396 248 1429 multa
267 1395 359 1428 bona
378 1406 483 1438 opera
500 1394 606 1427 simul
626 1395 834 1434 extiterunt,
862 1396 1080 1439 poenitentia

90 1457 152 1479 seu
184 1445 372 1483 contritio,
417 1445 501 1477 fides
535 1451 568 1477 et
601 1445 734 1487 agnitio
758 1444 845 1483 Dei,
887 1452 920 1479 et
945 1447 1079 1488 agnitio

90 1494 196 1529 huius
214 1493 364 1528 Messiae
386 1495 435 1527 ibi
459 1495 665 1537 pendentis,
692 1495 826 1537 agnitio
844 1495 916 1527 irae
932 1495 997 1528 Dei
1015 1498 1078 1529 ad-

88 1556 209 1579 versus
238 1551 396 1589 peccata,
436 1544 560 1586 ingens
585 1545 689 1577 dolor
714 1545 825 1577 animi
859 1546 1078 1589 deplorantis

88 1609 149 1631 sua
182 1597 311 1629 scelera
351 1601 384 1628 et
409 1594 643 1638 multiplicem
675 1596 953 1636 contumaciam,
992 1597 1077 1630 fides

86 1647 260 1691 accipiens
276 1645 519 1679 remissionem
538 1651 779 1689 peccatorum,
807 1653 840 1679 et
859 1646 949 1679 vitae
964 1654 1076 1680 aeter—

87 1710 152 1731 nae
179 1695 429 1730 haereditatem
452 1703 597 1739 propter
613 1695 797 1736 Messiam‚
825 1696 951 1730 fiducia
968 1698 1075 1731 mise-—

86 1748 259 1782 ricordiae
276 1753 308 1780 et
333 1745 549 1790 praesentiae
564 1744 630 1778 Dei
654 1746 691 1778 in
717 1746 760 1779 iis
785 1748 963 1780 aerumnis
988 1760 1075 1793 quas

85 1798 297 1837 sustinebat,
345 1796 488 1829 dilectio
527 1794 614 1837 Dei,
660 1803 693 1830 et
728 1794 937 1843 προαίρεσις
979 1799 1072 1832 bona

83 1848 272 1884 obediendi
287 1846 382 1887 Deo,
409 1858 499 1891 quae
514 1853 563 1880 est
582 1846 719 1881 iusticia
737 1848 966 1889 universalis,
995 1861 1072 1893 spes

84 1899 326 1936 liberationis,
354 1898 523 1942 patientia
543 1898 733 1931 subiiciens
759 1898 916 1931 animum
935 1898 1010 1932 Deo
1035 1901 1070 1933 in

83 1950 148 1985 hac
176 1950 266 1984 tristi
293 1960 423 1993 poena,
459 1948 657 1989 invocatio,
684 1949 878 1988 consessio,
907 1951 1070 1984 refutatio

80 1999 392 2046 blasphemiarum.
447 1997 611 2044 Denique
631 1996 735 2033 liuius
753 2000 901 2033 latronis
919 2013 1069 2034 conver-

80 2055 131 2088 sio
149 2052 286 2095 insigne
300 2050 499 2094 exemplum
517 2057 568 2083 est
585 2050 770 2083 universae
786 2049 964 2084 Ecclesiae
986 2063 1064 2093 pro<

80 2103 256 2150 positum,
291 2107 329 2134 ut
354 2101 464 2134 multa
489 2100 573 2133 inde
596 2100 769 2134 discamus
794 2113 927 2136 omneS.
988 2101 1067 2135 Pri-

79 2166 175 2189 mum
192 2160 232 2187 ut
247 2152 440 2195 cogitemus
457 2162 522 2184 nos
545 2162 687 2196 quoque
710 2158 877 2197 tanquam
907 2153 956 2184 ihi
981 2165 1066 2195 pen-

80 2208 200 2240 dentes
216 2216 293 2237 reos
311 2213 394 2243 esse,
413 2203 598 2236 damnatos
609 2209 642 2235 et
656 2201 888 2238 calamitosos.
915 2201 1066 2246 Deinde,

79 2263 124 2289 ut-
134 2262 324 2289 statuamus
336 2254 441 2296 gratis
459 2253 564 2286 nobis
579 2252 707 2286 donari
725 2253 966 2286 remissionem
984 2266 1063 2297 pec-

79 2312 257 2346 catorum,
285 2316 349 2338 nos
367 2316 447 2337 vere
471 2303 599 2347 recipi,
623 2310 655 2337 et
679 2303 752 2336 tieri
780 2301 946 2337 haeredes
973 2305 1063 2338 vitae

77 2364 236 2390 aeternae
262 2361 406 2399 propter
428 2354 540 2387 filium
557 2353 642 2395 Dei,
680 2360 712 2387 et
737 2354 820 2387 fides
839 2355 873 2388 in
893 2353 956 2388 hac
976 2368 1061 2389 con-

76 2407 245 2442 solatione
261 2405 298 2438 in
317 2407 420 2439 corde
443 2405 612 2440 laetitiam
637 2404 768 2449 pariat,
804 2407 969 2440 exuscitet
994 2419 1059 2440 nos

74 2460 117 2492 ad
143 2456 418 2497 invocationem,
451 2456 676 2500 patientiam,
712 2456 988 2498 consessionem,
1024 2465 1057 2491 et

74 2508 318 2543 refutationem
354 2507 526 2541 malorum
558 2508 773 2551 dogmatum.
841 2505 918 2540 lloc
950 2509 1056 2541 modo

75 2559 221 2594 latronis
238 2557 434 2601 exemplum
451 2557 644 2597 intuentes,
677 2558 878 2591 reiiciamus
896 2558 1054 2591 inerudi-

71 2620 188 2645 torum
204 2610 390 2648 clamores,
426 2608 487 2653 qui
513 2609 635 2644 dicunt
659 2609 696 2642 in
721 2610 856 2643 latrone
885 2621 1054 2643 converso

72 2674 143 2696 non
161 2660 267 2694 fuisse
285 2660 378 2694 bona
396 2670 514 2704 opera.

744 100 1005 135 PHILIPPI
1046 99 1491 141 MELANTHONIS.

2056 106 2128 143 670

1250 188 1291 223 Υ.
1337 190 1483 234 Semper
1513 199 1627 226 autem
1661 191 1697 226 in
1729 190 1795 226 hoe
1822 194 1932 235 capite
1963 195 2005 226 de
2038 204 2126 226 nova

1146 237 1364 281 obedientia,
1391 253 1451 273 seu
1468 243 1510 275 de
1528 243 1631 276 bonis
1649 244 1832 287 operibus,
1867 242 1929 278 hae
1949 256 2004 277 sex
2023 255 2127 289 quae-

1145 288 1274 322 stiones
1292 290 1641 335 comprehendendae
1663 302 1760 328 sunt:

1197 346 1296 389 Quae
1316 350 1408 383 bona
1428 364 1531 395 opera
1550 354 1623 386 sieri
1641 365 1778 387 necesse
1796 354 1851 388 sit.

1195 406 1385 449 Quomodo
1417 409 1489 442 fieri
1526 413 1677 454 possint,
1718 419 1749 445 et
1782 424 1870 457 quae
1892 424 2014 445 causae
2042 424 2126 446 con-

1144 465 1298 490 currant.

1192 516 1382 558 Quomodo
1399 517 1530 561 placeat
1551 517 1625 551 Deo
1643 532 1732 552 nova
1750 521 1961 555 obedientia.

1194 574 1292 616 Quae
1309 576 1378 609 sint
1395 588 1517 609 causae
1533 578 1757 611 necessitatis.

1193 631 1249 665 An
1270 641 1433 667 maneant
1452 642 1590 678 peccata
1608 635 1644 667 in
1663 634 1728 669 liae
1746 636 1886 669 mortali
1913 636 1981 669 vita
2008 638 2043 669 in
2072 649 2124 669 re—

1141 683 1243 717 natis.

1189 741 1242 775 De
1261 742 1466 775 discrimine
1483 750 1717 786 peccatorum,

1347 851 1414 884 De
1439 853 1591 895 prima
1620 856 1915 896 quaestione.

1241 923 1300 957 VI.
1351 924 1511 958 Lucerna
1538 927 1687 968 pedibus
1714 928 1799 960 meis
1830 930 1976 961 verbum
2012 937 2125 969 tuum,

1138 975 1254 1019 inquit
1272 972 1459 1017 Propheta.
1514 974 1599 1009 Vult
1620 977 1712 1008 enim
1725 976 1819 1011 Deus
1835 979 2001 1011 immensa
2022 980 2125 1012 honi-

1137 1033 1206 1059 tate
1223 1037 1284 1058 sua
1302 1037 1367 1058 nos
1384 1037 1468 1058 voce
1485 1026 1556 1068 regi
1570 1053 1578 1066 ,
1604 1039 1676 1059 non
1696 1028 1771 1061 vult
1796 1041 1860 1061 nos
1884 1030 2014 1062 nostris
2039 1030 2125 1061 ima-

1137 1076 1397 1119 ginationibus,
1425 1087 1530 1119 opera
1549 1084 1580 1110 et
1598 1078 1712 1110 cultus
1736 1080 1950 1121 excogitare,
1978 1087 2015 1113 ut
2042 1078 2125 1113 lior-

1136 1127 1233 1159 ribili
1249 1127 1394 1160 audacia
1410 1127 1569 1161 fecerunt
1584 1126 1751 1170 Ethnici‚
1779 1130 1840 1174 qui
1863 1131 2014 1163 subinde
2035 1144 2124 1163 nova

1136 1177 1283 1210 numina
1301 1177 1554 1219 excogitarunt,
1582 1179 1788 1213 deleverunt
1803 1188 1835 1214 et
1853 1181 1944 1223 leges
1962 1182 2123 1221 mordes,

1135 1235 1174 1261 ut
1190 1229 1263 1271 lege
1280 1227 1454 1260 Laconica
1473 1228 1572 1262 licuit
1593 1230 1636 1262 de
1653 1231 1797 1264 alterius
1813 1244 1921 1264 uxore
1946 1244 2022 1264 cnm
2051 1233 2124 1265 eius

1135 1280 1262 1312 marito
1294 1279 1432 1322 pacisci.
1493 1277 1539 1313 Et
1565 1281 1731 1314 omnibus
1754 1282 1925 1315 aetatibus
1952 1281 2124 1316 Diabolus

1136 1330 1275 1373 aliquos
1301 1330 1424 1362 incitat
1460 1330 1505 1362 ad
1535 1331 1761 1373 excogitanda
1786 1344 1877 1365 nova
1901 1334 2062 1375 dogmata
2093 1341 2122 1366 et

1134 1380 1248 1412 cultus
1269 1391 1398 1419 novos,
1426 1386 1465 1413 ut
1483 1380 1520 1412 in
1539 1392 1576 1413 ea
1595 1382 1843 1420 multitudine,
1878 1395 1967 1427 quae
1992 1396 2122 1417 nomen

1134 1428 1239 1463 habet
1254 1428 1449 1468 Ecclesiae,
1485 1442 1586 1474 saepe
1606 1432 1690 1464 salsa
1708 1434 1871 1476 dogmata
1891 1445 2008 1478 sparsa
2030 1443 2124 1474 sunt,

1133 1487 1166 1513 et
1193 1481 1404 1522 excogitatae
1430 1492 1557 1523 pravae
1583 1482 1842 1523 invocationes,
1876 1491 1916 1517 ut
1945 1485 2122 1519 invocatio

1131 1537 1354 1563 mortuorum
1375 1537 1407 1563 et
1424 1530 1620 1573 idolorum,
1645 1533 1737 1576 leges
1756 1535 1966 1575 coelibatus,
1995 1543 2025 1569 et
2046 1549 2122 1569 mo-

1131 1581 1255 1614 nastici
1273 1581 1399 1614 cultus.
1453 1579 1633 1615 Adversus
1651 1580 1742 1616 hanc
1768 1584 1949 1618 audaciam
1975 1583 2121 1620 humani

1129 1631 1266 1673 generis
1291 1632 1441 1665 tenenda
1460 1639 1509 1666 est
1527 1633 1706 1667 doctrina:
1749 1633 1892 1669 Frustra
1921 1649 1976 1670 me
2001 1638 2120 1671 colunt

1129 1682 1306 1715 mandatis
1332 1680 1530 1715 hominum.
1582 1682 1628 1717 Et
1653 1685 1835 1719 sciendum
1858 1693 1929 1728 est,
1956 1700 2119 1721 normam

1128 1730 1312 1767 inchoatae
1330 1733 1552 1766 obedientiae
1569 1741 1731 1778 oportere
1749 1748 1820 1770 esse
1841 1746 2023 1783 praecepta
2042 1738 2121 1780 Dei,

1127 1795 1279 1827 quorum
1314 1796 1449 1817 summa
1482 1784 1519 1817 in
1553 1783 1728 1830 Decalogo
1764 1786 2016 1832 comprehensa
2057 1797 2119 1828 est,

1127 1846 1229 1876 quem
1264 1836 1440 1878 sapienter
1469 1835 1642 1879 intelligi,
1680 1837 1773 1871 iuxta
1800 1839 2073 1874 declarationem
2098 1852 2118 1874 a

1125 1881 1267 1917 Clu-isto
1300 1892 1332 1918 et
1362 1884 1542 1929 Apostolis
1576 1899 1772 1930 expressam
1808 1897 1957 1933 oportet.
2031 1891 2115 1925 ldeo

1125 1934 1258 1967 dictum
1277 1943 1343 1970 est:
1373 1936 1411 1969 si
1430 1936 1480 1969 vis
1505 1936 1541 1968 in
1568 1938 1676 1972 vitam
1702 1938 1856 1981 ingredi,
1891 1952 1989 1974 serva
2013 1954 2115 1975 man-

1123 1986 1214 2020 data.

1226 2050 1307 2085 Vll.
1344 2051 1438 2086 Ilaec
1458 2065 1548 2087 nova
1566 2055 1768 2089 obedientia
1798 2069 1870 2091 non
1898 2065 1947 2092 est
1974 2066 2111 2093 tantum

1121 2109 1261 2135 externa
1280 2103 1489 2148 disciplina,
1517 2106 1577 2138 sed
1605 2106 1708 2139 etiam
1734 2107 1769 2139 in
1796 2110 1900 2142 corde
1928 2121 2018 2143 nova
2041 2111 2114 2150 lux,

1121 2165 1201 2186 vera
1226 2152 1293 2186 Dei
1317 2155 1471 2198 agnitio,
1506 2156 1607 2197 fides,
1640 2157 1746 2190 timor
1771 2157 1857 2200 Dei,
1885 2160 2029 2201 fiducia,
2057 2162 2113 2194 di·

1122 2203 1244 2245 lectio,
1277 2216 1375 2248 spes,
1410 2218 1489 2239 vera
1514 2207 1709 2248 invocatio,
1746 2211 1941 2243 constantia
1966 2223 2027 2245 seu
2053 2212 2113 2245 fir-

1122 2255 1224 2288 mitas
1250 2255 1286 2287 iu
1311 2268 1391 2290 vera
1416 2258 1609 2298 sententia,
1641 2258 1833 2301 fortitudo,
1868 2263 2112 2306 temperantia,

1117 2316 1234 2346 amor,
1261 2307 1418 2348 castitas,
1446 2315 1475 2341 et
1504 2308 1593 2340 aliae
1615 2309 1774 2343 virtutes,
1836 2310 1913 2345 Etsi
1934 2320 2048 2346 autem
2072 2314 2110 2347 in

1116 2352 1181 2389 hac
1198 2358 1339 2390 mortali
1356 2358 1426 2392 vita
1445 2358 1549 2391 simul
1570 2358 1604 2391 in
1622 2360 1726 2392 nobis
1746 2362 1894 2396 multum
1915 2371 1965 2397 est
1985 2365 2108 2407 caligi-

1114 2406 1168 2439 nis
1186 2413 1219 2440 et
1235 2408 1413 2448 sordium,
1442 2416 1555 2442 tamen
1575 2407 1733 2443 inchoari
1753 2412 1917 2454 virtutes,
1939 2427 2024 2459 quas
2043 2428 2108 2449 no-

1114 2458 1345 2499 minavimus,
1373 2466 1406 2492 et
1422 2471 1494 2492 esse
1514 2459 1550 2491 in
1572 2461 1673 2494 nobis
1693 2461 1865 2496 iusticiam
1885 2465 2002 2499 bonae
2020 2478 2105 2499 con-

1113 2508 1278 2541 scientiae
1296 2521 1433 2542 necesse
1450 2517 1509 2544 est.
1564 2509 1635 2545 Nec
1654 2520 1796 2555 possunt
1818 2527 1898 2549 vera
1916 2517 2104 2557 invocatio,

1110 2565 1141 2592 et
1160 2560 1260 2599 tides,
1283 2572 1372 2604 quae
1389 2567 1439 2594 est
1461 2561 1585 2594 fiducia
1605 2562 1879 2604 misericordiae,
1907 2568 2013 2601 simul
2032 2579 2104 2601 esse

1107 2620 1185 2641 cnm
1206 2611 1295 2642 mala
1312 2612 1544 2655 conscientia,
1574 2613 1606 2647 id
1625 2620 1693 2654 cst,
1721 2627 1799 2649 cum
1816 2617 2020 2663 προυιρέσυ
2040 2619 2102 2651 de-

1109 2660 1305 2705 linquendi.
