2324 2955
173 128 242 162 931

179 213 323 247 Parcere
347 205 527 244 subiectis,
561 209 592 235 et
618 200 793 234 debellare
817 199 997 242 superbos,
1059 196 1153 241 Quia

180 262 315 296 iusticia
339 266 370 291 et
395 252 622 288 beneficentia
653 257 734 284 sunt
758 249 970 283 necessariae
995 247 1153 282 virtutes.

180 314 251 346 Has
267 311 368 342 etiam
389 304 563 349 praedicat
579 303 615 335 in
634 300 817 335 Antonino
833 299 927 333 Dion
950 296 1007 331 his
1024 299 1154 332 verbis:

181 361 199 396 ὁ
216 359 253 395 δὲ
274 354 430 400 ἷὶΙάρκος
449 354 621 400 ἄτεγκτος
636 351 709 392 ὥν,
738 348 813 388 οἶος
830 348 943 383 ἅπασι
960 349 1035 387 τοῖς
1052 347 1156 383 ἀνια-

181 412 257 457 ροῖς
273 406 455 451 ἀντέχειν,
488 404 602 448 ὤχετο
619 398 822 448 φερόμενος
836 397 908 434 ὑπὸ
926 401 1002 433 τῶν
1019 398 1157 433 παθῶν

182 463 215 499 ἐ,-
237 458 277 494 τὸ
299 452 554 502 ἀνθρώπινον.
613 452 765 486 Accessit
783 452 826 484 ad
843 449 1017 483 auditoria
1036 447 1159 482 Philo-

182 509 394 554 sophorum,
420 506 524 539 etiam
546 516 623 537 cum
650 508 736 536 esset
764 501 970 545 imperator,
1004 510 1159 542 egressus

183 572 315 594 annum
344 554 682 602 quinquagesimum.
750 549 797 585 Et
821 563 899 584 cum
926 550 1161 594 sumptuarias

182 613 273 654 leges
294 609 417 645 ferret,
450 617 522 638 non
548 604 658 636 caruit
680 600 989 640 obtrectatoribus,
1021 600 1081 644 qui
1105 611 1161 632 ca-

185 660 358 694 lumniose
389 654 607 698 interpretati
639 659 719 687 sunt
748 652 822 684 eius
855 650 1091 689 severitatem,
1129 655 1163 682 et

185 712 349 744 dixerunt
368 719 447 741 eum
464 704 686 751 tyrannidem
703 713 860 735 exercere
882 706 1059 744 praetextu
1075 697 1163 732 Phi-

186 758 365 804 losophiae
378 785 386 798 ‚
411 757 499 790 sicut
515 755 678 788 usitatum
695 759 744 786 est
765 751 974 785 rectissimas
998 750 1164 783 volunta-

186 819 236 844 tes
252 807 436 843 calumniis
457 807 619 838 lacerare.

287 852 393 892 Exffl
423 857 513 889 liber
535 854 586 889 M.
612 851 787 887 Antonini
815 852 856 884 de
879 851 1011 895 seipso,
1047 849 1108 894 qui
1132 855 1165 883 et

187 921 306 944 recens
329 908 443 942 editus
468 912 529 939 est.
598 903 639 937 ln
668 915 708 935 eo
741 902 832 934 libro
856 907 938 934 sunt
962 912 1166 933 commone-

185 961 353 995 factiones
383 958 426 989 de
453 955 643 989 virtutibus
673 952 824 997 principi
856 950 1073 984 necessariis:
1123 951 1166 983 de

187 1011 342 1049 iusticia,
369 1009 412 1041 de
430 1004 675 1043 beneficentia,
702 1003 744 1035 de
763 1002 926 1044 patientia
953 1001 989 1032 in
1013 1000 1167 1033 ferendis

188 1060 347 1096 iniuriis,
371 1069 415 1089 ne
433 1056 566 1088 maiora
588 1054 676 1086 mala
701 1052 879 1090 oriantur,
914 1050 1007 1083 iuxta
1034 1050 1167 1083 dictum

188 1109 392 1143 Periandri:
419 1104 469 1150 μὴ
485 1102 529 1139 ἰοὺ
545 1101 660 1137 κακὸν
674 1103 788 1146 κακῷ.
833 1099 933 1132 Bella
949 1100 1052 1141 gessit
1069 1110 1168 1142 prae-

188 1162 290 1204 cipua
307 1165 467 1203 quatuor.
520 1152 704 1197 Oppressit
721 1150 911 1184 seditiones
926 1149 963 1181 in
972 1148 1168 1183 Britannia.

187 1210 307 1245 Cattos
325 1207 459 1251 depulit
477 1217 494 1237 a
512 1202 640 1238 Rhetia
658 1209 689 1235 et
707 1200 929 1244 compescuit.
989 1198 1169 1232 Adversus

189 1258 340 1294 Parthos
357 1256 450 1290 misit
468 1256 609 1287 fratrem
628 1252 668 1287 L.
688 1251 839 1291 Verum,
866 1250 927 1294 qui
947 1249 1076 1281 mansit
1093 1247 1170 1281 An-

189 1308 340 1345 tiochiae
356 1306 542 1348 indulgens
560 1302 810 1346 voluptatibus.
860 1300 928 1334 Sed
948 1300 1035 1332 duce
1049 1297 1169 1332 Cassio

190 1357 312 1394 Parthi
330 1356 476 1401 repressi
497 1360 597 1393 sunt,
624 1360 655 1385 et
681 1352 767 1384 facta
793 1357 842 1383 est
868 1362 933 1394 pax
958 1347 1021 1382 hac
1047 1349 1171 1382 condi-

190 1412 303 1447 tione,
331 1420 374 1440 ne
392 1407 428 1439 in
445 1404 584 1450 Syriam
601 1399 723 1435 Parthi
742 1400 942 1434 transirent.

293 1458 411 1491 Maius
429 1463 543 1489 autem
561 1453 692 1486 bellum
708 1451 791 1491 fuit,
827 1452 868 1483 ad
888 1450 984 1494 quod
1001 1449 1074 1493 ipse
1092 1461 1171 1482 cum

190 1513 297 1544 fratre
330 1508 503 1552 profectus
533 1510 600 1543 est,
633 1503 797 1535 adversus
820 1498 1113 1533 ,Marcomannos
1139 1506 1172 1532 et

191 1556 358 1606 Quados.

193 1661 345 1704 aliquos:
373 1659 454 1702 quia
472 1655 691 1688 Ptolemaeus
714 1662 871 1694 expresse
896 1650 1032 1694 inquit,
1068 1650 1173 1681 fuisse

193 1710 375 1743 Boiemiae
399 1706 527 1739 limites
545 1699 696 1736 Sudeees
718 1704 876 1737 montes,
909 1699 969 1743 qui
994 1706 1074 1731 suut
1096 1699 1173 1741 iuga

194 1771 313 1792 versus
330 1756 535 1792 Meridiem,
562 1752 772 1785 Voitlandos
794 1757 825 1783 et
842 1749 978 1794 Mysos:
1007 1747 1052 1782 Et
1076 1761 1093 1780 e
1119 1760 1173 1781 re-

195 1811 298 1853 gione
332 1805 476 1853 sylvam
505 1800 728 1840 Gabrelam,
773 1800 806 1832 id
841 1807 908 1839 est,
951 1799 1201 1832 altitudinem*

193 1861 313 1893 latam.
365 1855 410 1890 Et
425 1856 490 1889 sub
507 1866 544 1887 ea
563 1853 658 1898 sylva
676 1851 781 1884 fuisse
794 1849 1086 1889 Marcomannos,
1114 1849 1175 1881 ubi

196 1921 290 1943 nunc
308 1915 355 1940 est
373 1903 561 1940 Illorawia.

296 1956 419 1991 Vicini
443 1952 706 1988 Marcomannis
730 1951 872 1984 suerunt
897 1946 1042 1995 Quadi,
1079 1948 1176 1980 vide-

196 2012 273 2043 licet
291 2007 434 2043 Silesiae
457 2016 553 2049 pars,
582 2010 615 2036 et
639 2002 732 2043 regio
760 2001 851 2033 inter
870 1999 1115 2033 vratislaviam
1145 2005 1176 2031 et
1202 2009 1204 2038 ζ
1230 2001 1358 2046 quihus
1379 2000 1578 2044 perindum
1603 1997 1765 2032 homines
1791 1999 2102 2033 interficiebantur.
2163 1995 2209 2031 Et

838 2050 877 2082 ln
897 2048 962 2082 hoc
985 2050 1096 2083 limite
1112 2049 1176 2081 im-
1202 2050 1204 2087 «ἶ
1231 2049 1293 2084 hac
1318 2050 1616 2083 demonstratione
1639 2051 1851 2083 damnarunt
1882 2046 2039 2082 ethnicas
2068 2047 2209 2092 opinio-

195 2059 419 2097 cracoviam,
447 2063 479 2088 et
496 2056 537 2087 ad
555 2050 782 2096 Carpathum.

198 2111 284 2154 perii
314 2119 450 2150 semper
479 2105 569 2138 bella
605 2102 759 2135 difficilia
794 2100 946 2134 Romani
987 2106 1177 2143 gesserunt.

198 2161 300 2193 'l‘unc
336 2170 418 2191 vero
450 2157 492 2189 ad
517 2155 600 2187 alias
627 2152 847 2186 difficultates
872 2157 1058 2184 accesserat
1082 2157 1177 2183 tanta
1203 2151 1205 2158 '

198 2211 351 2248 siccitas,
393 2215 431 2241 ut
462 2206 591 2239 milites
614 2211 647 2236 et
671 2203 749 2247 equi
777 2202 832 2234 siti
860 2202 1024 2245 perirent.
1093 2198 1179 2233 Erat

199 2267 313 2293 autem
334 2260 367 2291 in
385 2256 536 2290 exercitu
550 2254 713 2288 Romano
730 2250 931 2286 Christiana
952 2251 1064 2293 legio,
1091 2263 1179 2295 quae

198 2321 328 2343 nomen
360 2307 510 2341 hahebat
541 2317 559 2338 a
588 2300 741 2341 ῘῑῙεΙίΙε,
790 2302 851 2335 ubi
885 2301 1016 2335 Paulus
1048 2301 1179 2334 semina

200 2359 384 2400 Evangelii
404 2362 584 2401 sparserat.
639 2353 732 2386 Haec
750 2353 839 2395 legio
856 2364 928 2385 non
947 2353 1060 2385 solum
1078 2353 1180 2391 ferro,

201 2411 259 2443 sed
278 2409 381 2442 etiam
401 2407 598 2451 precatione
617 2404 865 2448 praeliabatur:
903 2410 935 2436 et
959 2414 1037 2435 cum
1064 2402 1180 2445 publi·
1206 2397 1207 2436 Ϊ
1235 2403 1339 2436 liani:
1370 2400 1535 2435 Primum
1552 2399 1717 2449 quodque
1731 2400 1953 2434 verissimum
1972 2403 2031 2433 est.

200 2472 275 2493 cam
295 2458 528 2503 precationem
544 2455 744 2493 indixisset,
772 2465 839 2498 qua
864 2459 1041 2497 peteretur
1062 2453 1180 2496 pluvia

202 2518 235 2544 et
254 2511 370 2543 bonus
388 2507 499 2540 exitus
518 2505 620 2544 belli,
651 2517 728 2536 mox
753 2504 876 2546 ingens
900 2510 1084 2546 tempestas
1107 2510 1181 2536 orta

202 2567 264 2599 est,
291 2560 327 2592 in
346 2570 413 2603 qua
432 2555 535 2589 simul
547 2554 640 2587 Deus
656 2561 687 2587 et
705 2555 834 2596 largam
852 2552 1008 2598 pluviam
1019 2552 1182 2587 Romano

203 2661 371 2694 iaculatus
395 2665 455 2691 est.

406 119 611 158 semem
641 116 715 153 ru.
743 113 857 150 MEL.
886 112 951 148 Ao
979 111 1108 147 Hlsr.
1134 111 1278 149 paor.
1307 111 1371 147 ET
1396 111 1590 148 muros
1619 111 1938 150 SPECTANTIA.

1204 2226 1205 2234 ,
1232 2202 1320 2235 riam
1339 2202 1404 2244 legi
1425 2208 1578 2234 naturae.

2108 114 2181 149 932

1206 211 1284 232 rum
1313 204 1411 242 parta
1436 197 1626 242 imperator
1652 196 1735 232 huic
1766 198 1897 241 legioni
1925 210 2054 232 nomen
2085 197 2183 232 dedit

1207 245 1505 295 Κεραυνόβολος,
1533 248 1568 280 id
1590 255 1659 289 est,
1683 248 1914 283 fulminatrix.
1967 248 2044 282 Hoc
2068 261 2183 282 exem-

1209 300 1304 344 plum
1327 298 1494 331 memoria
1523 298 1667 341 dignum
1691 307 1757 339 est,
1791 299 1872 344 quia
1895 299 2048 332 ostendit
2070 299 2185 342 legiti-

1209 362 1300 383 mam
1317 349 1479 382 militiam
1495 347 1569 382 Deo
1593 348 1744 392 placere,
1772 356 1804 382 et
1820 348 1932 382 Deum
1960 355 2103 393 propter
2117 347 2185 381 Ec-

1211 400 1349 433 clesiam
1369 399 1525 443 imperiis
1541 410 1641 442 saepe
1661 399 1882 440 benefacere,
1909 400 1995 433 sicut
2014 398 2185 432 benefecit

1211 449 1321 496 Cyro,
1361 448 1613 490 Constantino,
1656 447 1858 482 Theodosio
1893 456 2034 493 propter
2065 447 2188 482 Eccle-

1212 502 1319 539 siam,
1361 506 1400 532 ut
1431 499 1599 543 scriptum
1627 505 1693 532 est:
1735 498 1773 532 Si
1805 498 1883 543 quis
1909 500 2043 533 dederit
2065 505 2188 543 potum

1214 563 1322 596 aquae
1346 550 1408 583 uni
1436 562 1475 582 ex
1501 549 1658 583 minimis
1680 561 1857 589 meorum,
1892 547 2035 582 habebit
2058 560 2189 581 merce-

1214 603 1312 639 dem,
1340 600 1428 633 sicut
1443 600 1638 643 exemplum
1657 600 1782 632 viduae
1798 598 2010 642 Sareptanae
2027 598 2191 633 ostendit.

1217 650 1267 685 Ac
1301 657 1377 695 post
1406 648 1497 683 hanc
1526 650 1708 683 victoriam
1742 648 1793 684 M.
1817 647 2022 683 Antoninus
2054 650 2190 681 decreta

1216 708 1336 735 contra
1355 698 1575 735 Christianos
1590 700 1680 733 edita
1698 699 1862 733 abolevit.

1319 751 1360 784 ln
1387 751 1480 784 bello
1503 750 1792 784 Marcomannico
1817 748 2000 782 biennium
2028 759 2192 781 consum-

1219 809 1314 845 ptum
1345 808 1404 836 est.
1470 800 1622 845 Fuitque
1650 800 1782 834 mentio
1814 800 1906 833 inter
1936 798 2045 832 socias
2076 805 2193 841 gentes

1219 852 1551 885 Hermundurorum
1572 857 1604 884 et
1620 850 1856 885 Nariscorum.
1907 847 2049 883 Certum
2068 856 2117 881 est
2133 859 2195 879 au-

1219 910 1304 939 tem,
1330 901 1602 934 Hermunduros
1620 913 1710 942 esse,
1738 901 1798 946 qui
1815 911 1910 933 nunc
1924 899 2103 942 superiora
2121 898 2196 930 loca

1221 954 1256 985 in
1277 951 1457 996 Mysnensi
1479 951 1618 993 regione
1635 958 1763 986 tenent.
1823 950 1985 983 Nariscos
2007 960 2078 981 esse
2095 947 2196 980 Voit-

1220 1003 1343 1034 landos
1366 1009 1398 1035 et
1423 1001 1598 1044 proximos
1623 1002 1774 1040 vicinos,
1806 1000 1894 1034 sacta
1919 998 2153 1043 appellatione
2177 1009 2196 1030 a

1221 1051 1364 1085 Norico.

1323 1099 1363 1132 ln
1399 1099 1514 1132 reditu
1546 1110 1585 1131 ex
1614 1098 1707 1131 bello
1737 1098 2025 1131 Marcomannico
2067 1098 2198 1139 collega

1222 1150 1263 1185 L.
1288 1149 1402 1182 Verus
1424 1155 1584 1182 mortuus
1609 1155 1658 1181 est
1683 1148 1874 1192 apoplexia.
1941 1145 2097 1180 Marcus
2120 1159 2199 1180 cum

1223 1207 1395 1243 superstes
1424 1199 1521 1232 fratri
1551 1198 1672 1233 fuisset
1701 1210 1812 1232 annos
1836 1205 1932 1239 octo,
1967 1204 2126 1231 mortuus
2150 1204 2201 1230 est

1223 1263 1316 1284 anno
1334 1249 1455 1282 aetatis
1473 1260 1554 1282 suae
1570 1248 1780 1291 sexagesimo
1799 1248 1924 1292 primo.

1325 1299 1463 1332 Horum
1489 1299 1739 1342 imperatorum
1763 1306 1918 1342 tempore
1948 1297 2056 1331 crevit
2079 1295 2202 1330 Eccle-

1225 1350 1296 1391 sia,
1324 1362 1396 1383 non
1416 1349 1529 1382 solum
1555 1349 1804 1389 multitudine,
1837 1349 1895 1381 sed
1921 1348 2024 1382 etiam
2046 1347 2202 1380 erudito-

1226 1412 1304 1434 rum
1341 1411 1503 1433 numero:
1558 1399 1640 1444 quia
1675 1399 1851 1442 principes
1887 1398 2017 1431 eruditi
2058 1398 2204 1430 fuerunt

1224 1450 1338 1483 multi.
1398 1448 1453 1483 Ad
1479 1461 1537 1482 eos
1559 1449 1773 1493 scripserunt
1809 1449 1986 1492 apologias
2010 1459 2072 1492 pro
2098 1445 2202 1480 Chri-

1197 1540 1199 1549 Ι
1225 1500 1348 1534 stianis
1374 1499 1546 1540 lustinus,
1574 1499 1766 1538 Aristides,
1794 1497 2052 1541 Athenagoras,
2078 1504 2110 1531 et
2131 1496 2204 1537 alii,

426 1555 496 1589 Nec
519 1566 600 1586 vero
625 1552 774 1585 dubium
797 1557 864 1591 est,
899 1550 1172 1583 Marcomannos
1197 1554 1199 1578 1

191 1611 298 1644 fuisse
313 1620 390 1645 eos,
419 1606 479 1651 qui
502 1616 596 1637 nunc
614 1602 752 1636 Moravi
772 1601 958 1640 dicuntur,
987 1607 1021 1633 et
1038 1599 1172 1632 vicinos
1198 1620 1200 1641 ζ

1226 1551 1296 1584 sere
1313 1550 1487 1583 similibus
1505 1550 1559 1583 usi
1584 1550 1810 1592 argumentiS.
1868 1549 1907 1582 In
1930 1547 2118 1581 collatione
2141 1548 2203 1579 do-

1226 1601 1357 1634 ctrinae
1372 1598 1594 1633 Christianae
1610 1606 1642 1632 et
1658 1597 1815 1632 ethnicae
1831 1600 2061 1632 ostenderunt
2077 1597 2205 1629 rectius

1226 1651 1354 1683 sentire
1377 1647 1614 1688 Christianos,
1651 1662 1761 1682 unum
1783 1660 1855 1682 esse
1877 1647 2010 1685 Deum,
2046 1647 2205 1679 omnium

1227 1707 1464 1733 creaturarum
1491 1700 1725 1732 conditorem:
1760 1706 1793 1732 et
1818 1698 2106 1741 improbaverunt
2131 1703 2206 1729 tur-

1228 1751 1307 1782 ham
1331 1749 1507 1789 Deorum,
1541 1761 1644 1793 quam
1669 1749 1845 1781 finxerunt
1864 1745 2020 1781 Ethnici.
2075 1744 2206 1780 Osten-

1228 1801 1355 1832 derunt
1373 1806 1405 1832 et
1424 1799 1512 1841 leges
1529 1796 1811 1831 Christianorum
1831 1799 1874 1830 de
1889 1798 2044 1830 castitate
2065 1804 2099 1830 et
2122 1809 2206 1829 con-

1201 1875 1202 1892 3
1230 1850 1332 1892 ingiis
1350 1847 1512 1882 honestas
1529 1860 1617 1888 esse,
1644 1855 1676 1882 et
1702 1848 1989 1892 improbaverunt
2015 1847 2206 1880 libidinum

1229 1900 1469 1938 confusiones,
1496 1911 1582 1943 quas
1598 1897 1742 1932 Ethnici
1767 1898 1999 1931 admittebant
2024 1904 2056 1931 et
2079 1897 2207 1941 proba-

1229 1951 1324 1983 bant.
1380 1949 1672 1993 lmprohaverunt
1688 1956 1720 1982 et
1735 1949 1965 1991 gladiatorum
1983 1958 2136 1992 pugnas,
2170 1947 2207 1979 in

1231 2113 1293 2143 nes
1316 2108 1349 2134 et
1373 2100 1654 2144 superstitiones,
1685 2101 1779 2145 quod
1803 2099 2020 2143 impossihile
2044 2098 2105 2138 sit,
2138 2108 2210 2130 esse

1232 2159 1367 2185 coetum
1385 2149 1459 2184 Deo
1475 2151 1688 2194 placentem,
1720 2151 1780 2195 qui
1798 2151 1922 2194 probet
1944 2150 2052 2192 legem
2071 2154 2209 2181 contra-

1641 2200 1795 2235 lustinus
1819 2201 1920 2234 etiam
1945 2208 2099 2242 tempora
2126 2209 2210 2230 con-

1234 2254 1316 2292 fert,
1344 2259 1375 2285 et
1389 2252 1539 2285 ostendit
1558 2252 1753 2285 doctrinam
1771 2249 2007 2284 Christianam
2033 2248 2211 2292 antiquio-

1233 2315 1306 2336 rem
1339 2314 1410 2335 esse
1440 2299 1596 2343 ethnica,
1634 2309 1666 2336 et
1688 2299 1869 2335 historiam
1898 2299 2088 2333 Mosaicam
2113 2304 2211 2331 vetu-

1234 2353 1374 2386 stiorem
1394 2351 1538 2385 Graecis
1554 2364 1634 2387 esse.
1687 2351 1774 2385 Inde
1790 2359 1823 2385 et
1845 2350 1975 2382 dictum
2000 2356 2049 2382 est
2066 2348 2211 2382 Tertul-

1338 2453 1514 2497 Tempore
1526 2453 1576 2486 M.
1587 2452 1759 2486 Antonini
1776 2450 1925 2484 Romam
1945 2450 2041 2483 veni-t
2056 2455 2088 2482 et
2105 2448 2211 2493 Poly-

1207 2531 1209 2536 ,
1236 2515 1360 2546 carpus
1385 2503 1576 2549 Smyrncus
1602 2501 1814 2545 Episcopus,
1859 2498 2027 2533 lobannis
2051 2497 2212 2543 Apostoli

1208 2581 1210 2600 ζ
1236 2555 1396 2594 auditor,
1431 2567 1468 2587 ac
1486 2554 1573 2586 vidit
1591 2553 1638 2584 ibi
1658 2558 1690 2584 et
1708 2551 1871 2584 refutavit
1889 2550 2106 2584 Marcionem
2129 2546 2213 2581 hae-

202 2609 368 2644 exercitui
388 2607 502 2646 dedit,
530 2611 562 2638 et
585 2604 704 2637 crebra
726 2603 876 2636 fulmina
899 2611 1018 2637 contra
1038 2603 1183 2645 Quados
1208 2606 1210 2639 ζ

508 2654 584 2688 Hac
611 2653 756 2686 victoria
782 2653 944 2697 precibus
962 2651 1182 2688 Christiano·
1208 2648 1210 2670 ³

1238 2605 1382 2637 reticum
1394 2631 1401 2644 ‚
1430 2612 1462 2637 et
1478 2604 1606 2636 multos
1620 2602 1663 2634 ab
1680 2613 1720 2634 eo
1738 2602 1898 2635 seductos
1916 2602 1959 2634 ab
1975 2611 2090 2633 errore
2112 2610 2212 2632 revo-

1238 2655 1339 2689 cavit.
1392 2653 1480 2688 Cum
1500 2652 1660 2686 Marcion
1677 2652 1706 2684 ei
1723 2652 1862 2686 obviam
1879 2652 1987 2685 sactus
2005 2651 2213 2692 interrogas-
