2324 2955
164 116 257 152 1011

407 105 611 147 SCRIPTA
638 104 713 140 PH.
739 102 855 140 MEL.
883 101 950 139 AD
976 100 1102 141 HIST.
1127 104 1270 144 PROF.
1295 103 1360 142 ET
1387 103 1575 143 PHILOS.
1602 104 1918 144 SPECTANTIA.

2066 109 2164 144 1012

168 196 402 235 Narbonensi.
444 193 632 236 Postquam
648 188 876 223 Constantius
893 186 1019 222 Caesar
1033 189 1144 224 factus
1165 198 1169 216 ¹
1193 190 1491 236 inseparabiliter,
1519 192 1578 225 sed
1595 189 1768 226 humanae
1784 199 1928 226 naturae
1945 193 2083 228 affuisse
2107 190 2166 227 λό-

170 257 237 290 est,
262 259 326 292 pax
345 245 422 278 suit.
463 242 532 275 Sed
554 246 631 284 post
647 240 798 273 reditum
816 238 992 272 Placidiae
1009 245 1144 273 tantum
1193 254 1283 290 γον,
1308 247 1347 274 ut
1363 241 1504 274 caeteris
1522 242 1666 280 sanctis,
1693 241 1823 276 Davidi
1838 249 1899 276 aut
1912 241 2047 277 Esaiae.

171 297 317 334 biennio
346 294 432 326 vixit
460 290 661 330 Honorius,
694 295 727 322 et
757 288 937 334 aliquanto
960 296 1040 322 ante
1070 301 1145 323 eam

173 354 333 382 mortuus
351 350 401 376 est
415 340 652 380 Constantius,
676 345 752 383 post
767 350 871 383 quem
889 338 1042 372 Galliam
1059 340 1148 374 rexit

172 398 296 432 Aetius
312 400 413 427 natus
432 392 468 424 in
485 389 617 436 Mysia,
645 390 680 421 id
697 396 765 429 est,
796 388 988 422 WValachia
1006 390 1076 424 dux
1093 402 1147 423 sa-

174 447 273 492 piens
310 450 342 477 et
379 442 489 475 sortis.
549 439 764 473 Praefecerat
794 437 975 472 Honorius
1011 439 1150 473 Africae

175 492 415 542 Bonffaciunz
431 489 623 530 Thracem,
649 490 692 522 ad
709 500 812 533 quem
830 489 961 522 multae
978 495 1060 522 sunt
1075 490 1150 523 Au-

175 545 304 591 gustini
320 541 496 588 epistolae.
548 540 600 572 Ac
621 540 765 573 fuerunt
787 545 871 572 tunc
893 539 1072 583 praecipui
1087 551 1151 582 gu-

175 599 378 631 bernatores
396 590 611 625 Occidentis.
663 588 705 621 ln
724 586 873 622 Oriente
895 595 979 622 tunc
1000 590 1152 634 impera·

177 655 234 681 tor
252 651 324 678 erat
350 640 571 675 Theodosius
595 639 770 672 secundus
792 639 991 674 adolescens
1008 640 1152 673 Arcadii

177 697 270 730 filius
283 722 292 735 ,
318 693 374 726 cui
397 698 496 735 pater
521 696 671 723 tutorem
691 689 832 722 dederat
850 689 964 722 virum
981 690 1155 723 excellen-

179 754 248 782 tem
269 741 441 787 sapientia
465 747 497 774 et
522 740 650 772 virtute
670 735 924 776 Anthemium,
952 741 995 772 de
1012 752 1083 784 quo
1101 741 1155 772 in..

181 796 257 841 quit
282 792 436 826 Graecus
459 789 660 824 historicus:
688 785 970 835 φρονιμώτατος
992 787 1053 824 καὶ
1075 787 1156 825 ἐδό-

181 858 231 881 κει
255 841 315 879 καὶ
336 838 395 888 ἦν.

233 945 339 977 Anno
374 939 499 974 mundi
537 944 659 983 quater
694 938 882 972 millesimo
916 939 1157 973 trecentesimo

385 989 636 1035 septuagesimo
661 994 796 1032 quarte.

232 1043 339 1078 Anno
362 1041 497 1075 Romae
521 1038 708 1070 millesimo
734 1038 922 1072 centesimo
948 1037 1158 1079 sexagesimo

387 1089 551 1123 secundo.

236 1142 343 1177 Anno
362 1138 493 1173 Christi
511 1135 855 1181 quadringentesimo
872 1135 1092 1171 duodecimo.

238 1194 344 1226 Anno
365 1188 517 1223 Honorii
548 1186 682 1219 decimo
711 1185 849 1229 quintO.

527 1261 822 1296 Theodosius.

287 1333 517 1372 Theodosius
539 1330 716 1367 secundus
731 1332 873 1366 Arcadii
897 1332 989 1365 filius
1005 1337 1108 1365 natus
1124 1344 1164 1364 ex

186 1389 348 1427 Eudoxia
372 1388 442 1420 filia
469 1397 529 1419 seu
556 1383 719 1418 Gratiani
751 1394 810 1416 seu
832 1381 978 1416 Botonis
1003 1381 1165 1415 successit

187 1447 326 1476 mortuo
351 1437 441 1482 patri
474 1442 576 1468 natus
597 1445 708 1467 annos
736 1433 808 1466 fere
832 1444 972 1468 novem.
1032 1431 1166 1465 Tenuit

185 1490 372 1535 imperium
396 1485 556 1520 Orientis
578 1496 597 1518 a
619 1490 730 1517 morte
751 1483 858 1527 patris
880 1493 992 1516 annos
1014 1483 1166 1527 quadra-

189 1543 286 1585 ginta
322 1540 420 1571 duos.
475 1535 572 1568 Vixit
611 1545 721 1566 annos
758 1532 1011 1577 quinquaginta
1045 1543 1167 1565 unum.

189 1592 359 1625 Tutorem
376 1585 500 1620 habuit
511 1580 763 1623 Anthemium,
790 1583 889 1616 cuius
907 1582 1077 1626 sapientia
1094 1593 1167 1614 non

189 1647 325 1676 tantum
349 1636 489 1681 publica
513 1634 656 1677 negocia
676 1633 847 1666 foeliciter
862 1633 1053 1675 gubernata
1069 1638 1167 1665 snut:

191 1692 250 1724 sed
279 1688 382 1722 etiam
415 1685 615 1718 adolescens
642 1684 686 1715 ad
718 1683 912 1720 doctrinas,
947 1681 1108 1723 pietatem
1136 1686 1169 1711 et

192 1741 342 1784 optimos
358 1746 471 1768 mores
493 1733 702 1766 assuefactus
724 1737 793 1768 est,
819 1741 897 1763 cum
916 1729 1095 1773 plaerique
1113 1735 1169 1761 tu-

191 1798 285 1825 tores
307 1784 582 1827 indulgentiores
604 1781 674 1814 sint
695 1779 923 1823 principibus.
976 1778 1044 1812 Sed
1068 1778 1170 1811 adiu-

193 1841 315 1875 tricem
341 1834 464 1868 habuit
487 1829 698 1866 Anthemius
724 1826 958 1862 Pulcheriam
977 1826 1170 1861 Theodosii

195 1898 351 1924 sororem
370 1883 592 1917 excellentem
609 1880 770 1923 ingenio,
797 1879 995 1913 eruditione
1011 1885 1044 1911 et
1061 1878 1172 1921 pieta-

191 1947 244 1980 te,
271 1937 370 1971 cuius
393 1932 540 1967 consilio
563 1931 665 1964 etiam
684 1936 800 1973 postea
817 1935 984 1971 regnante
1005 1925 1172 1961 Theodo-

194 1991 245 2024 sio
261 1999 315 2022 res
332 1985 500 2018 maximae
519 1982 730 2024 gubernatae
745 1985 838 2013 sunt.

292 2035 376 2070 Fuit
401 2029 630 2067 Theodosius
655 2030 815 2074 princeps
838 2028 1014 2068 eruditus,
1052 2027 1173 2060 firmus

194 2090 232 2122 in
252 2086 410 2121 doctrina
427 2082 665 2128 symbolorum
678 2107 687 2120 ‚
714 2087 747 2113 et
766 2085 855 2111 recte
872 2079 1039 2112 invocans
1048 2077 1173 2110 Deum.

197 2138 247 2173 Ut
264 2136 364 2171 Gotti
381 2132 564 2178 tranquilli
580 2137 702 2170 essent,
725 2141 842 2173 pacem
859 2139 935 2161 cum
954 2128 1002 2161 eis
1018 2128 1116 2167 fecit,
1142 2133 1174 2160 et

199 2199 319 2222 eorum
339 2184 477 2219 auxiliis
499 2193 580 2215 usus
607 2187 657 2214 est
681 2186 802 2212 contra
827 2177 978 2211 Hunnos
997 2184 1028 2211 et
1045 2177 1174 2210 Persas.

194 2237 284 2271 Cum
313 2236 434 2270 Persas
459 2233 596 2266 duobus
618 2231 751 2273 magnis
776 2229 917 2272 praeliis
942 2228 1095 2268 vicisset,
1122 2234 1176 2261 ta-

196 2299 278 2320 men
305 2288 348 2319 de
372 2297 453 2329 pace
478 2283 636 2316 facienda
658 2281 770 2314 victor
788 2279 917 2321 legatos
940 2279 982 2311 ad
999 2290 1056 2310 eos
1071 2278 1176 2318 misit,

196 2336 250 2370 lta
277 2343 390 2379 postea
414 2333 598 2367 Orientem
625 2330 738 2363 tenuit
756 2335 934 2373 pacatum,
961 2328 1076 2361 necin
1095 2339 1176 2370 pace

198 2386 438 2428 voluptatibus
464 2395 498 2416 se
522 2381 676 2421 dedidit,
703 2380 761 2412 sed
780 2379 884 2412 utiles
903 2379 992 2420 leges
1009 2378 1178 2417 condidit,

200 2448 348 2482 quarum
367 2435 494 2466 multae
512 2430 625 2465 adhuc
643 2436 772 2469 extant,
799 2435 838 2462 ut
855 2429 897 2461 de
915 2428 1096 2470 coniugiis.
1130 2425 1178 2460 Et

197 2487 236 2519 in
274 2484 439 2519 Ecclesiis
473 2481 695 2514 concordiam
730 2479 930 2519 constituit,
975 2477 1178 2510 convocavit

200 2537 295 2581 piam
320 2532 500 2579 Synodutn
525 2529 755 2574 Ephesinam‚
791 2529 827 2561 in
853 2541 920 2573 qua
940 2527 1091 2561 Nestorii
1114 2528 1179 2559 im-

200 2586 311 2630 pietas
333 2585 494 2616 damnata
519 2587 584 2619 est,
612 2586 651 2612 ut
673 2586 790 2622 postea
816 2579 988 2618 dicemus,
1016 2578 1075 2622 qui
1094 2589 1179 2610 con-

201 2636 367 2670 tendebat
383 2634 418 2666 in
435 2630 575 2666 Christo
595 2641 666 2661 non
682 2629 786 2661 fuisse
803 2630 889 2662 duas
907 2635 1048 2661 naturas
1064 2628 1179 2661 unitas

1297 290 1378 323 Mos
1394 291 1461 323 fuit
1478 288 1679 324 Theodosio
1696 304 1797 325 mane
1813 293 2030 336 precationes
2045 293 2170 333 dicere,

1196 348 1229 375 et
1244 340 1401 374 Psalmos
1414 352 1536 373 canere
1553 353 1631 373 cum
1651 342 1797 384 coniuge
1812 349 1844 375 et
1860 343 2049 377 sororibus.
2096 341 2172 374 Ha-

1196 390 1272 424 buit
1290 397 1404 423 autem
1419 390 1602 433 coniugem
1613 389 1800 425 Εὐδοκίαν
1815 392 1920 424 filiam
1935 391 2074 425 Leontii
2085 389 2173 425 Phi-

1197 437 1337 483 losophi
1361 437 1605 480 Atheniensis,
1631 442 1718 474 adeo
1735 441 1925 485 eruditam,
1951 449 1990 475 ut
2012 443 2174 485 poemata

1198 490 1375 534 scripserit
1400 491 1444 523 de
1468 491 1613 524 victoria
1630 491 1772 524 Arcadii
1800 497 1833 524 et
1858 492 1900 523 de
1926 491 2081 525 victoriis
2099 503 2175 524 ma-

1199 540 1271 576 riti.
1323 540 1380 573 Ab
1404 540 1479 584 ipso
1504 541 1671 574 dicuntur
1696 552 1768 574 esse
1791 547 1951 583 congesta
1977 538 2176 585 ὁμηρόκεν-

1199 603 1281 636 τρα.
1335 589 1482 634 Scripsit
1506 588 1727 624 Theodosius
1750 601 1810 624 sua
1834 603 1942 624 manu
1967 591 2075 623 libros
2091 590 2176 623 novi

1202 640 1436 680 Testamenti,
1466 652 1616 684 quorum
1634 641 1787 685 aliquam
1806 648 1937 684 partem
1953 641 2110 685 quotidie
2128 640 2179 672 le-

1202 692 1263 734 git.
1313 689 1365 723 De
1381 691 1601 732 dogmatibus
1616 702 1694 723 cum
1711 691 1923 724 doctissimis
1939 691 2023 723 viris
2040 691 2087 723 ita
2106 689 2179 723 dis-

1204 741 1329 781 seruit,
1355 746 1393 773 ut
1409 740 1557 782 intelligi
1575 747 1688 784 posset
1704 752 1781 774 eum
1798 752 1870 773 non
1888 741 2091 773 inferiorem
2109 750 2180 773 esse

1205 790 1412 825 eruditione.
1465 788 1723 824 Bibliothecarn
1735 790 1896 836 Byzantii
1912 791 2068 835 undique
2085 796 2180 823 vete-

1205 842 1303 875 ribus
1325 840 1424 874 libris
1447 840 1684 874 ecclesiasticis
1705 847 1738 874 et
1761 838 1909 874 ethnicis
1926 840 2093 884 coemptis
2108 839 2182 871 val-

1206 893 1250 925 de
1266 891 1370 924 auxit.
1425 889 1524 923 Talis
1547 903 1626 923 curn
1653 891 1749 923 domi
1772 897 1878 931 esset,
1903 897 2020 923 tamen
2040 896 2071 923 et
2088 889 2184 922 mili-

1207 942 1275 975 tiae
1292 941 1428 972 labores
1444 940 1614 983 patienter
1631 940 1720 974 tulit.
1774 939 1888 974 Duces
1911 937 2035 973 habuit
2051 938 2185 984 praeci-

1209 1000 1295 1033 puos
1319 988 1547 1029 Gratianum,
1574 990 1833 1027 Ardaburium,
1860 990 2050 1033 Asperem,
2078 987 2185 1022 Ario-

1209 1039 1372 1078 bindam,
1405 1049 1492 1082 quos
1514 1039 1618 1071 fuisse
1644 1038 1771 1072 Gottos
1801 1037 1966 1072 historiae
1989 1040 2082 1082 ipsae
2105 1049 2187 1071 nar-

1210 1094 1308 1127 rant,
1336 1093 1369 1119 et
1386 1087 1661 1130 appellationum
1677 1099 1782 1121 sonus
1797 1089 1840 1120 ad
1859 1095 2013 1121 nostram
2029 1089 2186 1131 linguam

1212 1137 1384 1180 congruit.
1437 1136 1536 1170 Misit
1560 1137 1728 1181 Asperem
1755 1144 1786 1170 et
1811 1136 2021 1171 Gratianum
2038 1138 2075 1170 in
2093 1136 2189 1170 Afri-

1212 1199 1307 1227 cam,
1358 1186 1418 1219 sed
1457 1185 1668 1220 Gensericus
1708 1199 1828 1220 eorum
1871 1187 2058 1220 exercitum
2094 1186 2190 1221 vicit.

1213 1237 1431 1271 Mattianum
1451 1244 1589 1280 captum
1606 1236 1758 1275 dimisit,
1786 1237 1866 1281 quia
1883 1237 2018 1271 viderat
2039 1248 2118 1270 eum
2136 1236 2192 1268 in-

1214 1294 1266 1320 ter
1291 1287 1446 1331 reliquos
1470 1287 1625 1329 captivos
1649 1287 1881 1319 dormientem
1906 1287 1973 1329 tegi
1995 1287 2039 1319 ab
2061 1286 2190 1331 aquila.

1216 1336 1248 1369 Is
1279 1343 1395 1380 postea
1426 1335 1463 1368 in
1496 1336 1644 1380 imperio
1682 1347 1859 1370 successor
1889 1337 1956 1369 fuit
1986 1334 2191 1369 Theodosii.

1215 1386 1358 1419 Placide
1375 1392 1490 1419 autem
1506 1392 1665 1420 mortuus
1681 1393 1731 1420 est
1749 1385 2056 1430 Constantinopoli
2072 1383 2193 1418 Theo-

1217 1436 1336 1470 dosius
1353 1436 1544 1476 secundus,
1571 1448 1648 1470 cum
1666 1436 1805 1470 vixisset
1832 1447 1944 1469 annos
1959 1435 2193 1481 quinquagin-

1217 1493 1250 1520 ta
1276 1498 1398 1520 unum.
1452 1485 1618 1530 Sepultus
1641 1493 1689 1520 est
1714 1487 1749 1519 in
1781 1484 1966 1530 sepulchro
1999 1484 2193 1519 Theodosii

1217 1536 1325 1580 primi
1348 1544 1382 1570 et
1406 1536 1514 1581 patris
1539 1537 1694 1569 Arcadii.
1747 1536 1901 1570 Mortem
1925 1536 2000 1569 eius
2017 1534 2198 1568 antecessit

1220 1594 1466 1625 terraemotus,
1498 1586 1559 1630 qui
1584 1586 1725 1619 duravit
1751 1597 1807 1618 sex
1838 1597 1990 1626 menses,
2022 1584 2197 1617 concussit

1218 1635 1552 1678 Constantinopolin
1571 1642 1602 1668 et
1619 1636 1728 1669 multa
1745 1635 1848 1668 Asiae
1867 1635 1952 1667 loca.
2002 1632 2197 1666 Dehiscen-

1220 1692 1252 1716 te
1269 1691 1360 1716 terra
1376 1685 1485 1716 multa
1509 1685 1638 1727 oppida
1663 1686 1823 1726 absorpta
1850 1690 1941 1716 sunt.
1994 1683 2096 1716 Mare
2112 1682 2198 1715 alibi

1219 1733 1356 1775 fugiens
1375 1731 1472 1766 hiatn
1491 1733 1712 1776 absorptum,
1739 1733 1824 1766 alibi
1846 1733 1883 1764 in
1903 1740 2030 1766 terram
2049 1733 2198 1766 effusum

1221 1783 1329 1815 multa
1361 1782 1492 1825 oppida
1532 1782 1661 1816 obruit.
1721 1781 1816 1816 Haec
1858 1782 2018 1826 prodigia
2050 1794 2199 1827 sequen-

1195 1860 1196 1867 ,
1221 1839 1271 1866 tes
1297 1832 1437 1875 imperii
1458 1831 1578 1865 ruinas
1612 1839 1644 1866 et
1667 1830 1902 1866 Mahometica
1935 1832 2037 1866 initia
2068 1832 2199 1876 signifi-

1222 1888 1401 1916 caverunt.

1274 2002 1380 2035 Anno
1398 2001 1521 2035 mundi
1539 2008 1661 2046 quater
1677 2002 1862 2036 millesimo
1882 2002 2123 2037 trecentesimo
2138 2014 2201 2035 no-

1425 2052 1602 2095 nagesimo
1618 2054 1783 2086 secundo.

1274 2102 1381 2135 Anno
1398 2101 1533 2136 Romae
1548 2102 1731 2135 millesimo
1756 2102 1942 2136 centesimo
1959 2103 2202 2145 octuagesimo,

1276 2152 1381 2185 Anno
1399 2149 1529 2186 Christi
1547 2153 1891 2197 quadringentesimo
1908 2153 2093 2188 tricesimo.

1276 2203 1382 2235 Anno
1400 2200 1593 2235 Theodosii
1612 2203 1755 2235 secundi
1773 2203 1910 2236 decimo
1929 2215 2035 2237 nono,

1327 2276 1471 2310 Mortuo
1509 2276 1670 2311 Honorio
1706 2285 1901 2312 consortem
1947 2276 2085 2322 imperii
2121 2277 2201 2310 fecit

1229 2324 1542 2362 Valentinianum
1582 2327 1723 2360 tertium
1760 2326 1980 2361 Theodosius
2013 2327 2207 2366 secundus,

1228 2385 1348 2411 natum
1375 2390 1413 2410 ex
1437 2377 1644 2411 Constantio
1668 2385 1700 2411 et
1721 2377 1874 2410 Placidia
1896 2377 2027 2419 prima,
2054 2375 2208 2409 Honorii

1229 2439 1358 2463 sorore.
1412 2427 1545 2461 Tenuit
1574 2428 1761 2472 imperium
1787 2426 2058 2460 Valentinianus
2084 2426 2206 2459 tertius

1229 2489 1338 2510 annos
1357 2478 1509 2520 triginta.
1560 2477 1753 2520 Coniugem
1772 2473 1892 2510 habuit
1912 2477 2019 2510 filiam
2038 2473 2206 2509 Theodo-

1231 2528 1272 2560 sii
1295 2528 1438 2561 secnndi
1468 2527 1663 2561 Eudoxiam
1697 2528 1894 2561 secundam.
1949 2527 2029 2560 Fuit
2061 2525 2207 2558 ultimus

1232 2578 1423 2622 imperator
1440 2575 1643 2611 Occidentis
1659 2587 1768 2620 usque
1790 2578 1832 2609 ad
1847 2575 2012 2610 Carolurn
2025 2575 2209 2617 Magnum.

1231 2626 1307 2661 Etsi
1334 2629 1465 2673 interea
1487 2627 1588 2661 multi
1609 2626 1765 2659 seditiosi
1783 2627 1960 2660 nominari
1983 2627 2207 2670 imperatores
