2324 2955
183 122 254 156 710
845 105 1198 146 CHRONICON
1240 106 1537 146 CARIONIS.

268 209 398 245 „tatem
421 198 515 229 simul
537 195 708 235 adiissem,
736 194 844 225 minus
865 202 1102 234 repugnassem
1123 195 1346 226 voluntatibus
1369 203 1512 225 meorum
1536 193 1729 236 collegarum
1743 215 1753 234 ,
1779 199 1815 226 et
1837 193 1877 226 de
1898 204 1950 227 me
1972 196 2070 229 etlam
2092 198 2200 229 minus

270 262 504 300 „laborassem
547 255 615 286 Sed
639 263 711 286 cum
735 253 812 284 nihil
835 254 969 284 istorum
992 253 1024 283 in
1046 262 1098 283 me
1121 254 1180 293 sit,
1208 254 1294 283 cessi
1319 258 1429 283 tamen
1451 253 1616 283 autoritati
1638 254 1779 293 illorum,
1812 254 1865 295 qui
1887 264 1955 285 rem
1978 261 2100 286 tantam
2124 257 2199 287 mihi

267 342 285 353 .,
298 319 534 356 imposuerunt,
570 324 634 345 non
656 312 741 353 quod
764 311 980 351 considerem,
1017 321 1137 342 navare
1160 321 1211 342 me
1235 311 1352 351 aliquid
1374 316 1432 341 aut
1454 311 1586 341 efficere
1615 321 1714 351 posse
1744 313 1795 343 his
1824 314 1923 343 rebus
1953 313 2102 353 dignum,
2143 315 2200 345 sed

268 398 286 415 ,‚
295 374 379 415 quod
401 373 628 414 persuaderer,
651 382 720 411 me,
751 379 833 410 quae
856 370 979 409 desint,
1002 370 1140 401 adiicere
1163 370 1297 409 debere,
1325 369 1410 412 quod
1431 369 1558 400 attioris
1580 369 1619 400 de
1641 368 1754 400 mediis
1774 370 1871 402 rebus
1891 371 2087 402 sententiam
2110 370 2199 403 hisee

269 432 396 468 „annis
419 430 621 473 quindecim,
655 439 716 472 quo
738 438 810 460 eum
833 439 869 460 eo
891 427 983 465 vimi,
1011 428 1245 469 cognovissem,
1276 430 1307 458 et
1330 426 1432 458 mulia
1456 437 1500 458 eat·
1522 426 1727 458 sermonibus
1746 425 1976 468 familiaribus
1998 429 2201 470 quotidianis

268 489 516 530 „meminissem
536 488 728 529 posterimie
756 486 879 527 (liqna,
913 488 945 516 in
968 487 1084 526 quihus
1107 488 1135 517 si
1158 496 1219 517 non
1243 486 1467 517 satisfacerem
1490 487 1654 525 omuibus,
1693 495 1730 516 eo
1754 487 1860 517 minus
1883 492 1990 517 tamen
2012 488 2088 517 mihi
2113 489 2199 527 peri·-

270 549 360 587 .‚cul'1
384 548 471 587 fore,
503 547 587 587 quod
611 556 672 577 nou
697 550 924 585 expectaretur
946 545 1063 584 aliquid
1086 546 1182 584 priori
1205 545 1314 575 simile.
1326 546 1340 556 '¹

186 609 237 638 Ex
260 608 376 648 quibus
397 606 506 637 verbis
530 607 611 636 satis
635 605 842 645 perspicitur,
872 604 1112 634 Melantlionem
1141 605 1245 634 nullas
1274 603 1404 633 chartas
1433 611 1493 632 sua
1522 612 1617 632 manu
1647 603 1802 642 scriptas,
1837 611 1920 642 quae
1950 604 1981 632 in
2011 603 2200 633 elaborando

187 667 284 696 tertio
307 666 468 696 volumine
492 665 565 694 usui
588 672 664 694 esse
687 668 838 702 possent,
873 663 1061 702 reliquisse,
1093 662 1194 701 quod,
1226 663 1253 691 si
1276 662 1395 692 {netum
1418 660 1553 701 fuisset,
1581 662 1748 692 Peueerus
1771 661 1841 691 sine
1865 661 1960 691 dubio
1983 661 2035 707 hic
2057 670 2200 691 comme-

186 729 353 755 morasset.
406 724 512 761 Quare
535 723 684 753 volumen
707 723 839 752 tertium
863 726 896 751 et
919 727 1086 760 quartum,
1124 722 1241 760 quippe
1267 726 1369 751 totum
1392 720 1644 759 Peucetiauum,
1680 721 1732 751 hic
1754 721 1889 751 missum
1913 720 2066 759 fecimus,
2106 726 2138 750 et
2163 730 2199 750 ea

188 787 312 813 tantum
336 781 499 822 dedimus.
521 790 603 822 quae
626 791 645 812 a
667 780 875 811 Melanthone
899 785 976 810 sunt
999 780 1185 819 perscripta.

2077 858 2084 876 X
