2324 2955
208 120 281 155 903

447 111 652 151 SCRIPTA
678 109 752 143 PH.
778 104 896 142 MEL.
923 102 992 138 AD
1018 101 1142 138 HlST.
1169 98 1312 137 PROF.
1335 97 1400 134 ET
1428 95 1617 135 PHILOS.
1644 94 1962 132 SPECTANTIA.

2134 94 2206 129 904

260 202 385 238 inclusi
410 204 491 232 sunt
513 195 599 229 anni
623 193 829 231 duodecim,
857 190 895 223 in
912 188 1041 235 quibus
1061 185 1187 221 habuit
1237 192 1323 219 stam
1354 181 1540 217 Rheticam
1569 182 1777 228 porrigitur,
1823 180 2020 215 Tirolensis
2051 179 2145 225 regio
2177 185 2210 212 et

260 253 427 293 collegam
447 244 658 279 Antonium.

209 313 300 348 Cum
327 315 440 342 autem
465 302 679 338 inchoantur
701 301 786 335 anni
806 298 954 341 Augusti
977 298 1021 330 ab
1045 297 1189 330 interitu

264 360 357 399 Iulii,
375 356 517 390 initium
534 354 601 387 erit
618 354 661 386 ab
680 364 773 385 anno
788 350 888 384 urbis
905 348 1042 382 Romae
1058 346 1190 391 septin-

263 408 454 454 gentesimo
471 404 671 439 undecimo.

219 471 323 502 Anno
339 465 465 499 mundi
484 471 537 497 ter
553 460 762 500 millesimo,
788 457 1073 502 nongentesimo,
1099 456 1192 489 vice-

266 519 355 552 simo
373 515 488 550 tertio.

216 578 323 611 Anno
342 587 360 609 a
378 580 490 608 morte
503 569 694 605 Alexandri
710 579 820 612 usque
836 567 879 599 ad
897 565 1118 599 intersectum
1134 563 1195 597 Iu-

270 628 358 660 lium
371 652 380 666 ‚
421 632 460 658 ut
483 621 706 656 Ptolemaeus
736 623 918 659 numerat,
957 614 1194 649 ducentesimo

269 675 505 718 octuagesimo
522 671 691 705 secundo.

220 737 327 770 Anno
344 740 424 767 ante
434 729 616 766 Christum
632 734 755 760 natum
776 737 816 758 ex
834 724 969 767 virgine
979 722 1095 756 Maria
1111 733 1198 768 qua·

270 783 466 827 dragesimo
486 780 642 814 secundo
661 778 705 810 ab
723 775 869 809 interitu
886 774 982 808 Iulii.

220 841 357 887 Estque
381 841 571 883 diligenter
594 835 874 874 observandum,
900 834 963 866 ubi
980 832 1065 865 anni
1084 830 1198 866 Anto-

269 893 322 926 nii
339 892 568 925 includantur
588 893 647 920 aut
663 897 735 918 non
761 884 1000 919 includantur.

325 948 485 983 Mirandi
509 955 685 980 successus
703 943 854 986 Augusti
878 942 1144 975 considerentur
1162 939 1200 972 in

221 1001 365 1044 integris
390 997 566 1036 historiis,
607 1001 641 1027 et
664 1005 768 1037 opera
786 991 851 1025 Dei
876 1003 948 1024 esse
971 1000 1201 1033 agnoscamus

221 1050 508 1085 constitutionem
535 1043 675 1089 imperii
701 1044 737 1075 iu
762 1040 995 1075 horribilibus
1021 1039 1200 1072 confusio-

225 1102 350 1141 nibus,
376 1099 495 1145 quales
512 1103 596 1130 tunc
614 1095 776 1129 suerunt,
803 1091 934 1130 Bruto,
961 1089 1101 1129 Cassio,
1127 1087 1201 1120 Do-

224 1151 371 1189 labella,
403 1147 560 1192 Lepido,
594 1144 635 1177 L.
656 1141 834 1179 Antonio,
866 1140 904 1174 S.
926 1138 1116 1182 Pompeio,
1149 1136 1201 1172 M.

224 1200 386 1234 Antonio
413 1197 540 1243 passim
561 1194 655 1227 bella
679 1191 914 1225 moventibus.
982 1188 1057 1222 Hos
1082 1198 1203 1220 omnes

225 1250 397 1284 divinitus
435 1244 608 1291 oppressit
644 1243 841 1284 Augustus,
883 1252 963 1274 cum
1002 1239 1204 1272 adolescens

223 1301 378 1345 primum
401 1296 535 1332 Consul
562 1295 672 1328 factus
693 1292 834 1333 suisset,
873 1297 978 1325 natus
1011 1300 1120 1323 annos
1149 1287 1204 1321 vi-

224 1350 324 1394 giuti.

329 1415 470 1449 Nomen
481 1405 657 1445 Caesaris
672 1407 798 1442 habuit
813 1412 958 1451 propter
969 1405 1206 1449 adoptionem,

226 1467 309 1513 quia
332 1465 444 1499 Iulius
469 1474 569 1500 eum,
604 1472 683 1493 cum
709 1465 812 1491 natus
836 1463 923 1490 esset
946 1469 986 1489 ex
1005 1456 1110 1489 Accia
1133 1456 1205 1488 filia

227 1516 358 1551 sororis
373 1514 468 1553 Iulii,
484 1510 663 1555 adoptavit
680 1516 713 1542 et
732 1506 916 1541 haeredem
935 1506 1086 1550 scripsit.
1121 1505 1205 1539 Ideo

227 1567 296 1601 suit
315 1564 426 1600 hostis
442 1562 712 1597 intursectorum
729 1557 824 1592 Iulii.

485 1633 591 1669 Iulia
732 1628 859 1663 Accius
894 1628 1041 1663 Balbus

434 1698 534 1721 soror
555 1683 648 1717 lulii.
749 1682 895 1713 maritus
913 1679 1032 1713 Iuliae.

396 1746 1043 1808 m*

521 1833 555 1859 et
572 1823 667 1857 Accii
684 1821 788 1855 Balbi
807 1827 915 1863 nupta

623 1871 782 1906 Octavio.

526 2004 702 2042 OctavIus
727 2002 914 2049 Augustus

525 2060 618 2092 filius
634 2054 776 2090 Octavii
802 2061 835 2087 et
852 2055 921 2086 Ac-

679 2117 762 2139 ciae-

337 2187 445 2223 Bellis
486 2182 650 2218 civilibus
689 2180 816 2219 finitis,
860 2177 1009 2211 extincto
1042 2175 1214 2219 Antonio,

237 2240 421 2286 praecipua
445 2235 536 2270 bella
557 2232 661 2276 gessit
677 2231 856 2272 Augustus
884 2240 945 2272 per
962 2227 1149 2261 Tiberium
1177 2229 1212 2261 in

238 2289 421 2324 Pannonia
447 2294 481 2320 et
498 2283 640 2318 Norico.
693 2279 780 2313 Item
806 2291 866 2322 per
890 2277 1046 2311 Drusum
1065 2278 1213 2312 Germa-

241 2342 357 2374 nicum
385 2340 420 2370 in
439 2334 567 2370 Rhetia
590 2339 623 2366 et
639 2330 843 2364 Vindelicis.
895 2328 1019 2361 Postea
1042 2341 1112 2361 non
1132 2341 1214 2372 pro-

239 2392 294 2425 cul
320 2385 538 2430 aMoguntia
562 2382 698 2417 Drusus
724 2392 803 2413 cum
830 2380 866 2411 in
889 2379 1021 2422 praelio
1049 2391 1127 2411 crus
1145 2379 1214 2412 sre-

239 2443 362 2485 gisset‚
388 2443 546 2470 mortuus
569 2439 629 2466 est.
683 2430 811 2465 Strabo
836 2428 951 2474 inquit
975 2429 1036 2461 lib.
1063 2430 1096 2463 7.
1121 2430 1214 2463 inter

239 2491 355 2526 Salam
374 2494 407 2520 et
423 2483 587 2519 Rhenum
606 2481 834 2526 praeliantem
853 2479 984 2512 laesum
1009 2490 1092 2514 esse.
1144 2478 1214 2513 Su-

240 2551 302 2586 pra
325 2544 440 2572 autem
465 2536 508 2567 de
532 2532 650 2565 Norici
678 2538 711 2564 et
736 2528 886 2564 Rhetiae
917 2529 1214 2573 appellationibus

239 2592 372 2625 dictum
390 2593 452 2620 est.
504 2582 669 2616 Noricum
687 2587 736 2613 est
751 2580 898 2613 inferior
914 2578 1062 2612 Bavaria
1086 2586 1120 2613 et
1137 2580 1214 2613 Au-

240 2641 333 2676 stria.
386 2633 515 2670 Pthetia
538 2643 626 2677 quae
649 2631 692 2663 ab
712 2630 861 2673 Alpibus
884 2641 994 2675 usque
1018 2631 1062 2664 ad
1091 2630 1214 2674 Augu-

1239 246 1379 269 vienna.

1353 285 1458 316 Anno
1494 279 1656 327 Augusti
1687 282 1907 326 imperatoris
1949 281 2212 325 quadragesimo

1242 335 1394 368 secundo
1420 340 1521 367 natus
1543 340 1594 366 est
1619 345 1659 365 ex
1692 333 1826 374 virgine
1852 329 1990 364 BIaria
2024 331 2116 363 filius
2137 329 2214 369 Dei,

1242 384 1417 419 Dominus
1441 390 1558 416 noster
1581 380 1714 415 Iesus
1741 379 1983 422 Christus,
2011 381 2073 425 qui
2088 387 2138 413 est
2154 378 2213 412 λό-

1243 448 1308 483 γος
1324 434 1455 468 aeterni
1473 433 1580 477 patris
1592 459 1601 474 ,
1629 443 1667 465 ac
1686 432 1833 476 protulit
1851 444 1890 464 ex
1908 433 1987 465 sinu
2005 430 2137 464 aeterni
2154 441 2215 473 pa—

1246 486 1308 519 tris
1332 484 1600 529 promissionem
1626 482 1772 525 gratiae,
1799 488 1831 514 et
1853 482 2054 526 alloquutus
2070 487 2120 513 est
2143 479 2217 523 pri-

1246 547 1321 568 mos
1339 542 1465 579 patres,
1481 540 1514 567 et
1531 544 1666 576 semper
1681 531 1812 574 colligit
1829 538 2006 565 aeternam
2014 529 2218 569 Ecclesiam,

1248 593 1280 620 et
1298 584 1491 628 adsumpsit
1507 582 1697 617 humanam
1715 589 1875 615 naturam
1887 608 1895 622 ,
1921 588 1959 615 ut
1975 587 2061 614 esset
2079 580 2218 613 Media-

1248 644 1320 676 tor,
1352 634 1572 678 Redemptor
1595 640 1628 666 et
1647 633 1827 672 Salvator,
1859 632 1984 664 merito
2004 637 2037 664 et
2055 630 2219 669 efficacia,

1249 688 1292 720 de
1318 697 1385 730 qua
1406 691 1476 718 tota
1501 683 1661 717 doctrina
1685 681 1868 725 Evangelii
1892 681 2132 725 cognoscenda
2157 685 2219 715 est,

1249 737 1338 769 sicut
1356 734 1525 779 praecipit
1539 740 1701 767 aeternus
1719 740 1831 776 pater:
1859 732 1927 765 Hic
1946 739 1996 765 est
2011 731 2103 763 filius
2121 740 2219 762 meus

1250 787 1417 826 dilectus,
1445 798 1514 829 quo
1532 784 1705 823 delector,
1731 782 1835 816 Hunc
1850 783 1980 816 audite.
2035 780 2081 814 Ut
2103 786 2220 813 autern

1250 836 1467 880 praedictum
1491 835 1576 874 suit,
1600 840 1703 867 natus
1725 840 1773 866 est
1791 831 1951 866 Christus
1968 844 2007 865 ex
2028 830 2164 873 virgine
2182 829 2219 862 in

1251 887 1318 919 sine
1344 885 1485 929 politiae
1504 884 1699 923 Mosaicae,
1734 895 1813 916 cum
1840 883 1908 915 iam
1935 881 2139 926 peregrinus
2162 891 2221 912 rex

1251 943 1338 969 esset
1353 932 1532 974 Herodes,
1558 934 1646 967 sicut
1670 934 1886 977 praedictum
1911 932 1993 965 suit:
2022 931 2102 964 Non
2125 930 2221 963 aufe-

1251 993 1348 1019 retur
1371 991 1544 1028 sceptrum
1565 996 1583 1016 a
1608 983 1711 1022 luda,
1743 995 1807 1016 nec
1843 982 2006 1025 magister
2035 993 2054 1014 a
2076 980 2223 1024 pedibus

1252 1036 1342 1075 eius,
1370 1036 1482 1066 donec
1505 1033 1640 1066 venerit
1656 1031 1747 1067 Silo.

1355 1082 1395 1116 ln
1413 1083 1505 1115 dicto
1523 1081 1624 1114 Eliae
1649 1083 1752 1115 etiam
1770 1088 1926 1124 tempora
1946 1080 2071 1113 mundi
2090 1080 2137 1112 sic
2152 1079 2225 1112 dis-

1253 1133 1384 1166 tributa
1408 1138 1509 1172 sunt,
1543 1138 1582 1164 ut
1605 1132 1838 1174 significetur,
1865 1131 2029 1163 Messiam
2053 1141 2087 1162 se
2108 1136 2226 1162 osten-

1254 1195 1375 1216 surum
1394 1193 1465 1215 esse
1484 1182 1617 1214 mundo
1636 1189 1714 1225 post
1733 1187 1884 1225 quatuor
1900 1179 2128 1212 millenarios.
2155 1179 2226 1211 Na-

1254 1240 1310 1267 tus
1326 1239 1376 1266 est
1392 1230 1555 1265 Christus
1571 1243 1610 1264 ex
1624 1232 1759 1275 virgine
1781 1242 1875 1263 anno
1892 1230 2024 1273 *mundi
2045 1236 2096 1262 ter
2112 1229 2227 1261 mille-

1255 1283 1364 1324 simo,
1391 1281 1679 1325 nongentesimo,
1704 1281 1915 1323 sexagesimo
1931 1280 2045 1313 tertio.
2100 1278 2151 1312 lta
2166 1291 2228 1322 ap·

1256 1340 1372 1377 paret,
1406 1333 1476 1365 sere
1500 1332 1691 1375 completos
1724 1341 1795 1364 esse
1826 1337 1977 1375 quatuor
2001 1329 2228 1362 millenarios.

1255 1382 1388 1428 Estque
1405 1380 1463 1415 hic
1487 1393 1600 1414 annus
1622 1394 1640 1414 a
1658 1389 1769 1415 morte
1788 1380 2000 1420 Alexandri,
2027 1390 2140 1412 annus
2159 1385 2229 1412 tre-

1255 1433 1465 1467 centesimus
1482 1432 1667 1465 vicesimus
1685 1437 1841 1477 quartuS.
1892 1430 2018 1463 Annus
2039 1430 2138 1462 urbis
2152 1428 2228 1463 Ro-

1257 1495 1332 1517 mae
1350 1482 1679 1527 septingentesimus
1702 1481 2011 1527 quinquagesimus
2034 1479 2178 1523 primus.

1309 1601 1375 1634 De
1401 1600 1652 1634 Harminio
1687 1597 1805 1631 duce
1833 1596 2179 1631 Cheruscorum.

1361 1678 1455 1712 Dion
1474 1679 1612 1717 scribit,
1636 1679 1761 1722 quinto
1778 1677 1934 1720 Sulpicio
1957 1683 1989 1709 et
2007 1675 2147 1719 Poppeo
2169 1676 2232 1709 Sa-

1260 1729 1344 1762 bino
1366 1727 1599 1768 Consulibus,
1625 1728 1816 1761 trucidatas
1834 1738 1905 1759 esse
1922 1726 2101 1760 Romanas
2123 1726 2232 1768 legio-

1261 1790 1322 1812 nes
1339 1779 1374 1810 in
1393 1777 1594 1817 Germania,
1622 1789 1769 1822 quarum
1787 1778 1856 1809 dux
1874 1775 2148 1818 fuitQuintilius
2161 1775 2232 1809 Va-

1261 1840 1330 1861 rus.
1385 1827 1513 1860 Incidit
1534 1834 1647 1860 autem
1672 1825 1798 1859 horum
1813 1825 2025 1860 Consulatus
2046 1826 2084 1858 in
2100 1837 2233 1859 annum

1261 1878 1487 1911 undecimum
1511 1878 1632 1911 aetatis
1648 1875 1801 1918 Christi,
1834 1889 1903 1921 quo
1929 1884 2084 1920 tempore
2106 1875 2234 1910 Iudaea

1262 1928 1453 1973 tranquilla
1470 1935 1554 1963 erat.
1606 1926 1694 1961 Cum
1714 1927 1807 1960 enim
1822 1923 2024 1959 Archelaus
2042 1926 2107 1959 tria
2123 1926 2234 1959 millia

1263 1979 1406 2016 civium,
1433 1978 1494 2022 qui
1513 1978 1549 2010 in
1566 1978 1735 2021 templum
1753 1978 1992 2020 confugerant,
2009 1977 2047 2010 in
2066 1974 2234 2010 Pascliate

1264 2028 1511 2068 interfecisset,
1544 2034 1577 2060 et
1607 2039 1783 2061 summum
1817 2028 2049 2061 sacerdotium
2082 2027 2234 2060 traderet

1264 2085 1296 2112 et
1313 2078 1461 2122 eriperet
1486 2078 1614 2123 quibus
1638 2078 1760 2117 vellet,
1788 2085 1820 2112 et
1837 2090 1960 2120 magna
1978 2077 2124 2111 saevicia
2142 2077 2233 2110 mul-

1264 2129 1451 2162 titudinem
1468 2127 1640 2169 irritaret,
1666 2129 1760 2161 unde
1778 2129 1920 2161 crebrae
1939 2128 2127 2161 seditiones
2139 2127 2232 2159 orie-

1264 2180 1414 2222 bantur,
1449 2178 1628 2223 Augustus
1652 2185 1812 2212 vocatum
1831 2177 1983 2213 Romam
2008 2177 2170 2220 relegavit
2198 2177 2234 2209 iu

1266 2229 1441 2269 Galliam,
1482 2236 1514 2263 et
1536 2229 1633 2262 dedit
1657 2235 1825 2262 rectorem
1851 2228 1995 2262 Iudaeae
2019 2223 2235 2272 Coponium,

1266 2278 1316 2313 lta
1332 2286 1416 2312 tunc
1432 2279 1584 2322 primum
1602 2279 1639 2311 in
1657 2279 1805 2312 sormam
1822 2279 2022 2323 provinciae
2034 2276 2160 2310 Iudaea
2180 2289 2233 2310 re-

1264 2331 1364 2362 dacta
1381 2335 1443 2369 est,
1469 2341 1629 2362 concessa
1647 2336 1762 2363 tamen
1779 2329 1872 2372 genti
1891 2325 2096 2373 αὐτονομίᾳ
2114 2327 2150 2360 in
2162 2326 2234 2362 Re-

1266 2380 1395 2423 {igione
1411 2386 1444 2413 et
1461 2378 1708 2413 Iurisdictione
1725 2379 1898 2413 inferiore.
1950 2377 2026 2411 Hoc
2050 2378 2154 2411 modo
2172 2389 2234 2421 pa-

1265 2442 1339 2463 cem
1357 2429 1451 2464 Deus
1469 2429 1615 2463 ludaeae
1632 2430 1755 2463 tribuit
1772 2441 1833 2473 per
1847 2427 2030 2465 Romanos
2047 2427 2234 2471 Magistra-

1264 2488 1338 2521 tus,
1373 2487 1412 2514 ut
1436 2478 1613 2514 Ecclesiae
1638 2479 1806 2524 reliquiae
1829 2484 2070 2519 servarentur,
2110 2485 2144 2511 et
2166 2477 2234 2511 Za-

1264 2528 1418 2571 charias,
1446 2529 1608 2570 Simeon,
1635 2527 1830 2570 Iohannes,
1855 2527 2032 2569 Christus,
2059 2535 2092 2562 et
2107 2528 2233 2561 deinde

1265 2580 1427 2624 Apostoli
1450 2579 1703 2625 aliquantisper
1724 2579 1840 2613 locum
1871 2579 2021 2613 docendi
2055 2576 2232 2612 haherent.

1265 2630 1354 2665 Nam
1371 2629 1530 2664 Herodes
1553 2636 1586 2666 et
1609 2629 1683 2663 eius
1707 2630 1835 2674 posteri
1852 2642 1925 2663 non
1942 2629 2116 2664 faciebant
2131 2629 2233 2661 finem
