2324 2955
169 108 243 144 579

281 194 335 228 18.
369 193 507 227 Norunt
527 198 704 235 utcunque
722 191 830 234 legem
849 192 1015 226 moralem
1032 191 1157 226 Socra—

175 254 241 285 tes,
269 242 466 287 Xenophon
485 249 515 274 et
536 242 679 275 similes.
733 241 800 276 Sed
819 249 935 276 tamen
952 254 970 276 a
986 255 1067 276 vero
1082 241 1158 276 Deo

175 298 356 333 aberrant,
391 299 429 326 ut
451 290 641 336 Euripides
671 293 802 338 inquit:
839 293 967 326 lnvoco
995 300 1029 327 te
1051 292 1158 334 Deus,

174 345 346 391 quidquid
379 354 432 383 es,
464 343 535 375 sive
568 341 633 376 hoc
663 344 798 377 coelum
823 345 895 377 sive
919 356 1035 385 mens,
1071 356 1159 390 quae

175 393 314 427 vehitur
338 394 373 426 in
393 391 456 426 hac
473 394 573 427 mole.
626 393 696 427 Lex
713 394 820 437 igitur
837 402 867 428 et
886 407 968 428 voce
983 393 1049 428 Dei
1068 396 1159 428 edita

175 453 242 483 est,
270 452 308 478 ut
324 446 365 477 ad
388 442 482 477 hunc
498 456 618 477 verum
638 444 748 478 Deum
767 457 831 478 nos
850 443 1022 486 retrahat,
1049 446 1160 491 quise

175 498 210 528 in
236 493 390 528 Ecclesia
423 496 501 528 data
528 495 760 539 promissione
782 497 825 528 de
848 496 1040 529 mediatore
1064 504 1159 541 pate—

174 547 264 580 fecit.
319 546 418 580 Sicut
432 546 561 591 inquit:
589 545 665 589 Ego
680 558 754 580 sum
770 547 944 580 Dominus
958 546 1054 580 Deus
1069 554 1160 587 tuus,

174 597 234 642 qui
261 604 294 630 te
320 598 422 630 eduxi
447 609 486 630 ex
510 594 682 642 Aegypto.
735 596 997 631 Testimonium
1022 604 1056 631 et
1081 610 1160 631 ver—

174 649 257 681 bum
277 648 461 692 proponit,
489 660 558 692 quo
577 648 743 681 discernit
761 661 880 681 verum
897 647 1012 682 Deum
1029 660 1047 681 a
1066 661 1160 682 corn-

174 699 346 732 menticiis
363 699 580 731 numinibus.

280 757 335 792 19.
377 756 423 792 Et
451 764 589 798 tamen,
623 769 760 802 semper
784 765 901 792 manet
925 770 1004 794 vera
1028 759 1160 802 regula:

174 807 226 841 Ex
257 809 422 852 operibus
451 808 536 851 legis
568 820 639 841 non
670 809 916 842 iustificabitur
940 810 1057 843 omnis
1080 821 1160 843 caro

174 870 289 892 coram
308 859 393 894 Deo.

277 919 337 953 20.
371 918 497 952 Statim
523 925 639 952 autem
664 925 741 961 post
766 919 903 962 lapsum
923 927 957 954 et
974 918 1160 964 promissio

173 970 303 1011 gratiae
329 969 421 1002 edita
446 976 516 1009 est,
552 982 619 1013 qua
646 981 725 1001 vere
749 971 945 1013 colligitur,
979 977 1012 1004 et
1034 970 1161 1004 distin-

174 1020 294 1062 guitur
326 1020 454 1053 deinde
485 1018 639 1052 Ecclesia
664 1018 728 1052 Dei
763 1032 781 1053 a
812 1022 955 1054 caeteris
986 1022 1160 1063 gentibus.

175 1070 288 1103 Adam
312 1078 344 1104 et
360 1068 434 1103 Eva
459 1071 642 1103 audientes
664 1071 933 1113 promissionem
952 1073 994 1104 de
1013 1080 1160 1104 venturo

174 1121 327 1161 semine,
354 1122 396 1153 de
422 1133 491 1165 quo
517 1122 732 1154 dictumest:
759 1121 886 1154 Semen
902 1121 1062 1154 mulieris
1076 1133 1161 1153 con-

174 1178 260 1205 teret
293 1178 396 1215 caput
422 1172 611 1215 serpentis,
645 1171 841 1204 sentiebant
866 1183 901 1205 se
925 1171 1096 1205 vivificari
1120 1184 1160 1204 ex

173 1229 306 1262 morte,
349 1229 382 1255 et
413 1224 600 1255 credebant
629 1233 664 1255 se
698 1222 765 1254 iam
797 1223 924 1267 recipi,
972 1230 1005 1256 et
1039 1234 1160 1256 rursus

174 1274 309 1317 placere
330 1271 407 1305 Deo
432 1280 573 1316 propter
598 1279 785 1306 venturum
811 1285 942 1309 semen.
994 1272 1070 1307 Hac
1093 1274 1160 1306 fide

172 1324 279 1365 gratis
308 1321 451 1366 propter
481 1321 574 1356 hunc
608 1330 796 1356 venturum
832 1324 1021 1364 victorem,
1062 1330 1161 1358 erant

172 1374 254 1407 iusti
280 1380 313 1406 et
337 1372 502 1406 haeredes
526 1374 618 1406 vitae
640 1381 824 1415 aeternae,
851 1387 926 1408 non
948 1383 1094 1420 propter
1110 1376 1160 1408 le-

170 1437 268 1468 gem,
303 1425 384 1469 quia
417 1431 596 1469 utrunque
626 1424 807 1468 perspicue
835 1432 985 1464 norant,
1021 1437 1056 1458 se
1086 1437 1159 1458 non

171 1476 277 1508 fuisse
301 1475 494 1508 revicturos
519 1488 558 1508 ex
584 1475 774 1518 pavoribus
799 1482 831 1508 et
845 1483 977 1516 morte,
1005 1489 1085 1510 cum
1103 1488 1159 1508 ac—

172 1533 378 1559 cusarentur
399 1538 416 1558 a
439 1524 535 1565 Deo,
567 1526 595 1558 si
618 1537 690 1558 non
713 1526 930 1559 audivissent
955 1527 1160 1570 promissio-

171 1589 264 1611 nem.
322 1574 364 1609 Et
388 1576 555 1609 videbant
577 1576 706 1609 deinde
732 1576 768 1608 in
792 1588 852 1609 sua
879 1585 1003 1610 natura
1021 1578 1158 1610 destru-

172 1635 260 1660 ctam
281 1638 352 1659 esse
369 1624 592 1660 harmoniam
611 1627 726 1659 cordis
745 1633 777 1659 et
794 1627 889 1669 legis.

272 1687 333 1720 21.
374 1685 476 1719 Hanc
506 1683 719 1718 horrendam
752 1685 1043 1725 destructionem,
1077 1686 1158 1731 quia

171 1738 280 1779 inagis
308 1737 570 1779 intelligebant,
598 1749 700 1781 quarn
727 1747 810 1776 nos,
837 1736 995 1769 adsiduis
1020 1734 1160 1782 lachry-
1186 1759 1187 1762 =

169 1788 236 1821 mis
271 1788 522 1830 deplorabant,
555 1794 589 1820 et
617 1787 770 1820 sciebant
795 1798 830 1819 se
855 1799 927 1820 non
953 1798 1025 1820 esse
1051 1788 1160 1821 iustos
1213 1811 1297 1844 leuis
1350 1812 1459 1844 sactus
1484 1823 1546 1854 pm
1570 1810 1670 1843 vobis
1696 1811 1921 1846 maledictum

1247 1836 1265 1854 ι)
1306 1836 1315 1849 5
1927 1838 1934 1846 ι

702 1897 709 1904 ‚
742 1897 748 1903 ,
1053 1898 1060 1904 ,
1129 1898 1136 1905 ‚
1185 1868 1187 1901 ζ
1213 1863 1298 1894 dnm
1323 1869 1373 1895 est
1396 1868 1510 1895 autem
1538 1861 1574 1894 in
1599 1862 1706 1894 verbo
1723 1862 1951 1896 redemtionis
1968 1861 2199 1907 comprehen-

270 1899 331 1932 22.
372 1897 448 1931 lmo
481 1905 513 1931 et
544 1904 643 1930 antea
674 1898 895 1935 didicerunt,
930 1908 965 1929 se
987 1904 1158 1941 saplentia
1186 1907 1187 1912 ¹

171 1948 255 1991 legis
281 1955 420 1982 tantum
446 1948 694 1987 condemnari,
727 1947 931 1992 priusquam
955 1948 1047 1981 edita
1072 1955 1159 1982 esset
1185 1960 1187 1971 ³

172 1851 231 1871 sua
251 1838 421 1881 dignitate
437 1845 497 1871 aut
514 1839 586 1871 suis
603 1837 747 1872 meritis.

171 2000 368 2042 promissio.
421 1999 567 2032 Necesse
591 1999 684 2031 enim
710 1999 777 2032 suit
800 2011 858 2031 eos
880 1999 928 2031 sic
944 1999 1158 2033 ratiocinari.

169 2050 332 2083 Iusticiae
359 2057 409 2084 est
431 2050 582 2084 abiicere
607 2050 868 2088 inobedientes,
897 2048 991 2083 Deus
1016 2057 1064 2083 est
1092 2050 1159 2083 im-

169 2101 388 2135 mutabiliter
410 2101 532 2136 iustus,
586 2099 808 2134 Abiiciemur
829 2101 937 2144 igitur
953 2101 1159 2134 immutabi-

171 2152 259 2184 liter.

272 2202 332 2235 23.
377 2201 494 2235 Huius
517 2202 722 2245 ,argumenti
754 2202 983 2242 solutionem,
1024 2202 1159 2236 nullius

171 2259 328 2286 creturae
353 2253 522 2296 sapientia
547 2253 723 2287 cernebat.
776 2252 844 2287 Sed
872 2253 964 2286 filius
982 2251 1048 2287 Dei
1074 2266 1158 2298 poe-

171 2314 253 2336 nam
275 2303 311 2334 in
337 2314 408 2335 sese
431 2304 614 2343 derivans,
647 2311 686 2337 ut
710 2303 869 2337 iusticiae
891 2304 1034 2337 divinae
1056 2305 1158 2337 satis—

170 2355 284 2394 fieret,
311 2351 416 2386 huius
432 2354 629 2397 argumenti
647 2354 861 2388 solutionem
877 2355 1042 2389 ostendit.

272 2411 332 2447 24.
366 2412 423 2446 Sic
449 2420 481 2447 et
504 2421 621 2457 postea
638 2414 731 2448 edita
750 2414 1001 2458 promissione,
1028 2426 1063 2447 se
1079 2425 1158 2448 sus-

169 2464 354 2497 tentabant
378 2471 498 2497 contra
517 2465 722 2507 sapientiam
739 2465 842 2509 legis,
870 2478 959 2511 quae
974 2465 1156 2499 conscien-

170 2515 238 2548 tiae
254 2515 401 2548 vulnera
420 2515 569 2547 subinde
587 2516 817 2551 rescindebat.

167 2623 262 2666 Eva,
289 2637 427 2669 semper
444 2622 503 2658 hic
518 2632 635 2658 coetus
653 2626 818 2670 deinceps
835 2634 928 2661 certo
944 2628 1029 2668 fuit,
1057 2635 1106 2662 est
1123 2636 1155 2663 et

166 2677 229 2710 erit
249 2675 405 2711 Ecclesia
423 2674 508 2716 Dei,
535 2675 571 2708 in
596 2688 664 2720 qua
683 2684 781 2711 sonat
798 2690 870 2711 non
887 2679 959 2712 sola
980 2692 1044 2713 vox
1060 2680 1156 2724 legis,

940 103 1422 142 DISPUTATIONES

1182 2525 1184 2530 “
1210 2525 1314 2558 tibus.

269 2572 331 2609 25.
378 2573 488 2617 lgitur
512 2581 694 2619 postquam
720 2577 848 2621 recepti
877 2583 959 2610 sunt
981 2576 1096 2611 Adam
1121 2584 1154 2611 et
1182 2592 1184 2608 ³

2118 109 2194 145 580

1210 192 1270 224 sed
1300 191 1405 226 etiam
1435 192 1621 236 promissio
1652 193 1783 236 gratiae
1814 201 1955 238 propter
1978 194 2089 229 filium
2116 192 2196 235 Dei,

1210 249 1300 275 recte
1326 242 1522 283 intellecta,
1550 243 1584 276 id
1608 250 1674 285 est,
1700 245 1761 277 ubi
1783 245 2053 279 fundamentum
2079 246 2197 279 incor-

1211 300 1354 336 ruptum
1372 293 1561 334 retinetur,
1588 291 1655 327 hoc
1672 302 1733 334 est,
1760 296 1821 329 ubi
1839 297 2048 336 retinentur,
2076 307 2197 329 omnes

1211 343 1349 376 articuli
1373 343 1471 384 fidei,
1499 350 1531 377 et
1555 356 1638 377 usus
1657 344 1981 389 Sacramentorum,
2008 347 2098 380 sicut
2118 347 2196 380 fue-

1211 400 1294 427 runt
1312 394 1484 430 instituta.

1314 445 1374 480 26.
1408 444 1501 478 Usus
1525 445 1631 488 igitur
1649 445 1734 489 legis
1753 448 1959 492 praecipuus
1975 455 2041 488 est,
2070 447 2105 479 in
2123 451 2196 480 toto

1213 507 1338 538 genere
1373 493 1531 528 humano
1557 497 1760 538 ostendere,
1795 498 1949 531 iudicare
1975 506 2008 532 et
2032 500 2199 531 damnare

1213 553 1369 590 peccata,
1397 553 1430 580 et
1452 547 1619 580 damnare
1646 559 1721 580 reos
1744 549 1888 592 peccati.
1940 547 1987 582 Et
2009 555 2047 582 ut
2067 548 2198 581 Paulus

1214 597 1346 641 inquit:
1391 595 1545 631 Aculeus
1574 599 1698 631 mortis
1729 605 1909 644 peccatum
1941 606 2008 640 est,
2041 598 2199 643 potentia

1214 647 1344 691 peccati
1363 647 1416 680 lex
1435 655 1495 683 est.

1315 698 1375 732 27.
1413 698 1506 741 Quia
1521 699 1573 732 lex
1591 706 1641 733 est
1655 699 1825 734 iudicium
1841 698 1906 734 Dei
1922 699 2102 733 irascentis
2118 709 2200 743 pec-

1215 755 1309 790 cato,
1333 755 1366 782 et
1389 750 1568 792 punientis
1592 762 1670 784 reos
1687 752 1827 794 peccati.
1880 749 1927 785 Et
1943 757 1981 784 ut
1998 749 2128 783 Paulus
2145 749 2202 782 in-

1215 800 1307 844 quit:
1342 799 1409 833 Per
1441 801 1550 844 legem
1582 809 1759 845 peccatum
1788 803 1825 835 fit
1846 802 2055 835 excellenter
2078 812 2200 845 pecca-

1216 857 1309 889 tum,
1344 850 1379 883 id
1404 858 1472 892 est,
1499 863 1554 884 rea
1580 858 1705 886 natura
1728 853 1941 896 opprimitur
1965 850 2031 885 hoc
2055 851 2199 889 iudicio,

1215 908 1254 935 ut
1270 901 1397 935 sentiat
1414 899 1626 935 horrendam
1643 903 1730 936 iram
1741 902 1806 937 Dei
1824 904 1990 936 adversus
2007 909 2199 946 peccatum.

1317 952 1377 986 28.
1405 951 1483 986 Etsi
1501 959 1617 986 autem
1634 954 1735 987 multi
1753 954 1813 987 diu
1833 955 1946 988 securi
1965 953 2101 993 vivunt,
2126 953 2201 985 sine

1215 1014 1317 1036 sensu
1335 1003 1406 1036 irae
1421 1001 1505 1044 Dei,
1531 1011 1569 1037 ut
1585 1011 1617 1038 et
1633 1002 1764 1038 Paulus
1782 1005 1915 1049 inquit:
1943 1003 2019 1048 Ego
2038 1004 2201 1048 aliquan—

1215 1054 1260 1085 do
1284 1054 1360 1085 sine
1382 1054 1456 1096 lege
1482 1054 1574 1097 vixi,
1603 1061 1718 1087 tamen
1743 1057 1883 1089 tandem
1903 1056 2005 1088 etiam
2024 1052 2200 1098 prophani

1214 1101 1282 1136 hoc
1305 1104 1477 1135 iudicium
1502 1104 1676 1144 sentiunt,
1703 1117 1742 1137 ac
1759 1113 1866 1139 ruunt
1885 1106 1923 1138 in
1940 1114 2097 1140 aeternas
2116 1115 2201 1148 poe-

1214 1165 1295 1194 nas,
1331 1153 1391 1198 qui
1424 1165 1497 1186 non
1524 1160 1781 1189 convertuntur
1802 1167 1866 1189 nec
1893 1163 2079 1190 servantur
2102 1154 2202 1198 agni-

1213 1205 1309 1237 tione
1325 1204 1386 1236 filii
1406 1202 1486 1238 Dei.

1317 1254 1378 1290 29.
1418 1254 1507 1288 Vult
1532 1263 1647 1289 autem
1672 1254 1768 1289 Deus
1794 1257 1944 1290 maxime
1969 1257 2005 1290 in
2033 1255 2203 1297 Ecclesia,

1215 1306 1250 1338 in
1276 1303 1340 1339 hac
1365 1306 1435 1339 vita
1460 1306 1611 1349 intelligi
1637 1307 1723 1338 iram
1748 1308 1914 1339 adversus
1931 1315 2130 1350 peccatum,
2154 1306 2203 1339 si-

1214 1363 1272 1390 cut
1295 1357 1439 1390 dicitur:
1469 1355 1645 1388 Iudicium
1670 1367 1688 1388 a
1713 1356 1819 1389 domo
1837 1354 1903 1389 Dei
1930 1357 2062 1401 incipit.
2117 1356 2202 1391 Ideo

1215 1414 1247 1439 et
1270 1418 1408 1450 semper
1432 1406 1508 1439 vult
1532 1406 1648 1439 audiri
1674 1418 1794 1439 vocem
1818 1414 2021 1450 arguentem
2050 1415 2202 1451 peccata,

1215 1463 1248 1490 et
1279 1457 1416 1490 insania
1440 1464 1489 1490 est
1513 1457 1698 1500 imaginari
1724 1464 1862 1500 peccata
1885 1458 1923 1490 in
1947 1456 2103 1491 Ecclesia
2126 1470 2199 1491 non

1214 1508 1368 1540 accusari
1401 1507 1474 1549 lege
1498 1505 1583 1545 Dei,
1619 1513 1652 1540 et
1683 1519 1754 1540 non
1778 1509 2045 1551 proponendam
2068 1519 2140 1541 esse
2162 1509 2199 1541 in

1213 1556 1368 1591 Ecclesia
1385 1569 1506 1590 vocem
1525 1557 1628 1600 legis,
1653 1559 1894 1592 ostendentem
1917 1559 2004 1591 iram
2021 1559 2098 1593 Dei.

1315 1608 1373 1642 30.
1407 1607 1474 1641 Sed
1498 1614 1615 1641 tamen
1639 1614 1671 1640 et
1694 1608 1856 1643 liberatio
1875 1621 1894 1642 a
1913 1610 1987 1652 lege
2003 1617 2035 1643 et
2051 1617 2090 1643 ut
2108 1609 2201 1643 Pau-

1214 1659 1268 1691 lus
1290 1658 1423 1703 inquit,
1451 1670 1468 1691 a
1487 1658 1736 1691 maledictione
1752 1659 1856 1701 legis,
1883 1660 2123 1703 cognoscenda
2141 1668 2202 1694 est.

1212 1708 1309 1743 Haec
1332 1709 1495 1743 liberatio
1520 1709 1732 1753 proponitur
1755 1709 1792 1741 in
1809 1708 2024 1753 Evangelio,
2053 1718 2091 1744 ut
2107 1709 2201 1745 Pau-

1214 1761 1268 1793 lus
1300 1761 1432 1805 inquit:
1466 1758 1628 1793 Christus
1652 1771 1712 1792 vos
1735 1761 1884 1794 redemit
1910 1773 1928 1794 a
1955 1761 2223 1809 maledictione*

1995 1810 2200 1845 Observan-

1213 1913 1270 1952 di,
1297 1920 1329 1945 et
1347 1913 1591 1946 liberationem
1610 1919 1643 1946 et
1658 1913 1989 1956 compensationem.

1314 1963 1374 1998 31.
1413 1963 1463 1997 lta
1488 1963 1680 1996 liberamur
1703 1975 1720 1995 a
1745 1963 1876 1997 iudicio
1901 1971 1932 1998 et
1954 1965 2200 1999 maledictione

1214 2015 1319 2058 legis,
1354 2027 1434 2048 cum
1463 2015 1637 2047 credimus
1668 2014 1772 2047 nobis
1802 2023 1896 2049 certo
1920 2022 2064 2060 propter
2086 2016 2197 2050 filium

1212 2064 1296 2104 Dei,
1325 2065 1450 2098 donari
1467 2065 1710 2098 remissionem
1727 2072 1969 2109 peccatorum,
1994 2067 2199 2111 imputatio-

1212 2128 1293 2149 nem
1312 2116 1488 2156 iusticiae,
1515 2114 1689 2160 Spiritum
1711 2123 1888 2157 sanctum,
1916 2125 1948 2152 et
1965 2117 2071 2151 vitam
2089 2124 2199 2151 aeter-

1212 2179 1313 2208 nam,
1339 2167 1463 2210 gratis‚
1491 2178 1562 2199 non
1582 2172 1726 2211 propter
1742 2167 1948 2210 dignitatem
1966 2175 2131 2202 nostram.

1314 2218 1374 2253 32.
1407 2217 1529 2260 Longe
1553 2217 1655 2251 aliter
1677 2217 1714 2250 fit
1731 2215 1815 2252 haec
1835 2218 2015 2259 liberatio,
2041 2230 2059 2251 a
2078 2218 2152 2263 lege
2166 2226 2199 2254 et

1212 2270 1343 2302 iudicio
1361 2268 1446 2309 Dei,
1470 2281 1574 2313 quam
1600 2268 1782 2311 abrogatio
1805 2269 1888 2312 legis
1906 2269 1947 2302 de
1963 2281 2109 2303 nummo
2127 2270 2197 2303 fer-

1211 2333 1271 2354 reo
1300 2321 1389 2353 facta
1419 2327 1468 2354 est
1495 2319 1659 2363 Spartae,
1694 2319 1756 2353 ubi
1787 2320 1839 2352 lex
1869 2319 1941 2363 ipsa
1968 2327 2108 2354 mortua
2137 2329 2198 2362 est,

1211 2371 1459 2417 spernentibus
1475 2382 1549 2403 eam
1567 2370 1715 2406 civibus.

1313 2422 1372 2458 83.
1407 2421 1476 2456 Sed
1501 2422 1555 2454 lex
1573 2421 1715 2454 moralis
1732 2426 1781 2453 est
1799 2419 1969 2454 iudicium
1989 2419 2075 2467 Dei,
2100 2423 2195 2467 quod

1211 2485 1284 2507 non
1308 2479 1483 2512 mutatur,
1515 2472 1582 2505 nisi
1607 2472 1674 2504 fide
1699 2470 1808 2503 filium
1833 2469 1897 2504 Dei
1924 2470 2195 2516 apprehenden—

1369 2523 1416 2558 Ut
1433 2520 1557 2558 Iohan.
1570 2522 1603 2556 3.
1631 2521 1776 2555 dicitur:
1813 2520 1884 2565 Qui
1911 2523 2020 2557 credit
2044 2523 2081 2556 in
2104 2535 2196 2565 eum,

1210 2588 1282 2609 non
1301 2576 1488 2609 iudicatur.

1310 2625 1370 2661 34.
1417 2624 1464 2659 Et
1494 2635 1695 2670 quanquam
1725 2620 1870 2657 haerent
1898 2623 1936 2656 in
1965 2624 2192 2659 reconciliato

1209 2678 1318 2712 multa
1343 2684 1481 2723 peccata
1504 2681 1536 2708 et
1560 2685 1706 2718 magnae
1732 2675 1873 2714 sordes,
1901 2681 2018 2709 tamen
2042 2686 2191 2721 persona
