2324 2955
185 117 260 155 547

188 204 260 238 riae
289 210 484 236 successum
518 194 720 234 liberalior,
757 193 827 226 suis
851 193 1053 232 distribuit,
1087 205 1174 238 quos

189 255 292 289 unice
317 252 449 293 diligit,
483 259 546 291 pro
573 245 701 290 quibus
724 251 820 278 tanta
845 245 998 289 pericula
1025 251 1058 278 et
1083 245 1174 277 mala

192 304 298 338 subiit
318 309 348 334 et
369 296 558 333 sustinuit?

294 351 419 390 Dedit,
445 347 561 392 inquit
575 345 725 386 Paulus,
749 346 836 379 alios
854 344 1063 390 Apostolos,
1089 345 1176 378 alios

192 401 403 446 Prophetas,
450 398 536 432 alios
570 396 832 439 Evangelistas,
877 397 964 430 alios
1005 396 1177 435 Pastores,

194 455 280 487 alios
305 453 487 485 Doctores.

295 501 468 535 Haeccine
484 505 566 533 sunt
581 498 641 531 illa
659 497 793 541 egregia
810 497 922 537 dona,
949 510 1038 542 quae
1053 509 1092 530 ex
1108 497 1178 531 alto

195 555 444 591 conferuntur,
478 563 496 583 a
520 557 590 582 tarn
615 555 775 593 potente,
811 549 1015 591 magnifico,
1042 547 1179 580 liberali

194 601 449 648 triumphatore
470 598 631 640 Christo,
664 600 805 632 sedente
829 600 871 631 ad
890 599 1045 632 dextram
1068 605 1180 631 aeter-

196 657 233 690 ni
248 654 354 700 patris
366 678 374 691 ‚
401 659 435 685 et
451 652 558 684 verbo
578 651 752 693 potentiae
769 661 849 682 suae
868 649 986 682 omnia
1003 649 1181 682 sustinen-

197 707 255 741 te?
308 705 365 738 Au
390 701 448 736 1110
472 703 606 734 fructus
627 701 742 733 omnis
768 707 801 733 et
818 700 896 732 finis
913 700 1069 732 universi
1088 700 1183 731 illius

197 757 282 791 belli
309 754 441 788 censeri
469 753 589 792 debet,
633 752 727 796 quod
759 751 852 783 filius
886 749 949 783 Dei
978 756 1075 783 tanto
1104 762 1181 782 cum

196 806 381 841 molimine
401 804 503 847 gessit
521 815 599 835 cum
622 800 781 834 hostibus
798 802 934 843 generis
956 798 1120 840 humani,
1147 801 1183 832 in

198 870 268 903 quo
297 862 406 887 morte
438 854 547 897 ipsius
581 852 728 885 victoria
757 858 854 896 parta
884 851 959 884 est'?
1011 850 1067 884 An
1100 848 1185 883 haec

198 909 273 941 sola
297 906 430 939 utilitas
456 916 495 937 ex
519 910 588 936 tam
612 902 741 935 celebri
764 902 929 939 victoria,
958 908 990 934 et
1015 908 1083 934 tam
1110 902 1186 944 glo-

198 960 291 992 rioso
311 952 489 998 triumpho
507 953 569 985 filii
582 952 644 986 Dei
662 953 834 996 expectari
851 953 970 989 debet,
1000 952 1131 985 scilicet
1149 958 1187 984 ut

200 1011 270 1041 siut
288 1009 380 1040 iuter
397 1003 558 1038 homiues
575 1004 633 1035 alii
655 1002 830 1046 Apostoli,
855 1003 914 1035 alii
933 1002 1102 1042 pastores,
1126 1003 1186 1035 alii

199 1061 380 1095 Doctores.

303 1108 399 1151 Quid
425 1118 507 1139 vero
532 1105 597 1149 ipsi
615 1104 778 1149 Apostoli
802 1111 901 1144 sunt,
925 1104 985 1148 qui
1003 1104 1095 1136 inter
1113 1100 1188 1140 hos,

204 1171 291 1205 quos
324 1158 455 1191 Paulus
487 1156 663 1200 praedicat
693 1167 764 1188 esse
800 1156 891 1187 dona
922 1151 1190 1197 triumphatoris

202 1209 352 1249 Christi,
381 1207 485 1252 primi
501 1213 749 1246 numerantur,
776 1213 810 1240 et
825 1205 927 1238 donis
943 1205 1143 1247 linguarum
1158 1209 1190 1236 et

201 1260 425 1294 sanationum
444 1264 476 1290 et
493 1257 643 1289 aliorum
660 1257 911 1289 miraculorum
937 1255 1109 1287 divinitus
1133 1265 1191 1286 or-

204 1312 276 1344 nati
295 1307 490 1342 excellunt?
543 1306 639 1347 Quid
665 1313 746 1339 sunt
771 1307 914 1349 inquam
939 1305 991 1336 illi
1010 1305 1076 1347 ipsi
1093 1303 1191 1346 Apo-

203 1360 308 1395 stoli?
351 1358 419 1391 nisi
437 1354 599 1389 homines
623 1356 802 1387 communi
824 1361 917 1387 sorte
932 1353 1041 1386 totius
1057 1352 1192 1395 generis

204 1410 350 1445 humaui
391 1406 612 1446 aerumnosi,
658 1406 816 1448 fragiles,
863 1404 1040 1438 mortales,
1115 1402 1191 1435 lmo

205 1462 291 1508 quid
316 1458 507 1504 Apostolus
528 1456 660 1489 Paulus
682 1456 725 1487 de
742 1467 777 1488 se
795 1462 828 1488 et
849 1453 991 1496 collegis
1010 1453 1100 1493 suis,
1127 1450 1193 1484 hoc

207 1520 276 1552 est,
327 1511 371 1543 de
406 1506 586 1552 Apostolis
621 1505 796 1538 universis
833 1504 938 1536 sentit
973 1510 1006 1536 et
1047 1502 1194 1535 scribit?

211 1565 243 1597 1.
267 1556 428 1595 Corinth.
454 1557 488 1592 4.
526 1555 684 1599 depingit
705 1566 807 1588 suum
828 1553 1014 1597 collegium
1038 1552 1194 1585 mirificis

208 1611 404 1649 coloribus,
443 1607 676 1640 miserrimam
709 1605 948 1638 conditionem
977 1611 1009 1637 et
1035 1602 1194 1636 tristissi-

210 1675 301 1695 mam
317 1660 467 1705 speciem
494 1669 565 1690 esse
589 1668 807 1689 summorum
826 1656 862 1688 in
881 1653 1053 1694 Ecclesia,
1078 1660 1195 1686 osten-

210 1716 314 1752 dens,
342 1722 419 1744 cum
438 1708 537 1742 dicit:
566 1707 655 1740 Puto
672 1714 787 1740 autem
806 1706 898 1751 quod
913 1706 1008 1738 Deus
1024 1715 1088 1737 nos
1100 1703 1196 1747 Apo-

211 1764 318 1797 stolos
347 1759 557 1794 novissimos
589 1758 741 1790 ostendit
768 1769 831 1790 eeu
862 1757 968 1789 morti
994 1755 1196 1794 destinatos,

213 1815 294 1859 quia
319 1810 551 1855 spectaculum
570 1808 651 1841 facti
673 1819 792 1840 sumus
815 1807 973 1844 blundo,
1001 1813 1032 1838 et
1051 1804 1197 1847 Angelis

212 1873 245 1898 et
271 1862 497 1896 Hominibus.
556 1858 628 1892 Nos
652 1859 749 1892 stulti
781 1869 899 1892 sumus
925 1863 1068 1900 propter
1091 1852 1198 1888 Chri-

213 1922 326 1953 stum,
353 1924 415 1945 nos
434 1910 582 1949 infirmi,
610 1909 818 1951 contempti,
845 1907 1019 1947 famelici,
1046 1906 1199 1939 sitibun-
1225 1931 1226 1934 ,

213 1965 266 2005 di,
292 1964 397 2002 nudi,
424 1960 647 1994 coutumeliis
665 1959 823 1992 omnium
842 1958 1009 2002 expositi,
1035 1962 1200 1999 vagantes

213 2014 354 2048 incertis
365 2012 516 2051 sedibus,
545 2016 749 2055 quaerentes
765 2010 867 2042 nobis
883 2010 1012 2041 victum
1030 2018 1199 2040 manuum
1226 2015 1227 2020 ¹

214 2065 414 2103 laboribuS,
452 2061 645 2094 maledictis
675 2068 708 2093 et
743 2057 971 2104 blasphemiis
1003 2057 1201 2102 proscindi-

215 2129 314 2156 mur,
341 2122 372 2148 et
395 2113 487 2146 odiis
512 2111 671 2144 omnium
698 2111 865 2143 ordinum
888 2110 1112 2147 infestamur,
1140 2109 1201 2141 de-

217 2168 323 2210 nique
349 2160 578 2207 καθάρματα
604 2159 709 2194 huius
734 2161 860 2194 mundi
883 2161 963 2193 facti
979 2171 1113 2193 sumus:
1141 2155 1202 2192 καὶ

216 2214 366 2251 πάντων
385 2210 632 2259 περιψήματα.

319 2265 395 2298 1100
413 2277 489 2298 011111
507 2265 548 2297 de
566 2262 744 2306 Apostolis
761 2261 934 2295 universis
950 2261 1043 2293 dicat
1061 2258 1203 2298 Paulus,

219 2318 279 2363 qui
296 2318 367 2360 ipse
384 2315 542 2347 omnium
559 2314 688 2346 iudicio
706 2314 798 2346 inter
808 2310 996 2357 Apostolos
1012 2310 1112 2342 facile
1130 2309 1203 2353 pri·
1229 2313 1231 2347 1,

218 2380 314 2401 11111111
336 2367 448 2399 10011111
474 2365 627 2404 obtinet,
656 2375 859 2397 revocemus
885 2363 987 2395 nobis
1011 2361 1047 2393 in
1071 2372 1205 2392 memo-

220 2420 327 2457 riam,
359 2416 442 2461 quid
469 2415 510 2446 de
538 2426 572 2446 se
597 2415 667 2457 ipse
685 2414 908 2458 peculiariter
930 2413 1033 2446 dicat.
1088 2409 1203 2452 Quam

220 2470 345 2502 misere
371 2466 529 2509 deplorat
554 2475 650 2496 suam
676 2465 930 2504 infirmitatem,
965 2459 1205 2508 palamerofi-

220 2527 313 2557 tens,
342 2529 376 2550 se
393 2528 465 2548 non
482 2515 591 2547 facere
609 2515 742 2548 bonum
757 2516 850 2560 quod
869 2515 972 2555 velit,
999 2513 1057 2546 sed
1075 2513 1205 2545 malum

221 2570 315 2615 quod
335 2568 449 2600 nolit?
491 2567 575 2598 Item
595 2565 660 2597 sibi
680 2577 750 2598 0550
775 2566 917 2598 infixum
940 2565 1056 2609 palum
1076 2563 1111 2595 in
1132 2575 1206 2595 car-

220 2633 300 2653 nem
323 2617 485 2661 angelum
513 2615 679 2655 Sata'nae,
703 2628 720 2647 a
747 2628 813 2659 quo
842 2616 1027 2649 durissime
1045 2614 1208 2647 caedatur
1233 2615 1235 2628 ²

221 2667 387 2714 colaphis.

692 107 850 144 DECL.
896 106 966 142 DE
1001 105 1181 142 DlCTO
1207 103 1382 141 PAULI
1409 103 1605 142 EPHES.
1632 104 1696 142 lv,

2136 106 2212 141 348

1332 191 1448 233 Quam
1467 201 1549 223 vero
1566 192 1656 226 tristi
1679 197 1711 225 et
1727 197 1813 224 tetra
1833 191 1984 234 imagine
2006 203 2042 225 se
2060 192 2134 236 ipse
2150 192 2214 225 de-

1228 244 1356 276 format
1379 248 1410 274 et
1437 240 1557 274 abiicit
1580 241 1730 283 Paulus,
1762 254 1840 275 011111
1861 254 1896 275 se
1914 249 2014 276 vocat
2031 241 2214 288 ἔκτρωμα,

1229 292 1295 326 1100
1312 299 1379 332 est,
1406 291 1632 324 immaturum
1657 298 1690 326 et
1712 293 1952 337 imperfectum
1975 293 2128 334 foetum,
2153 304 2213 327 seu

1231 344 1358 377 molam
1374 342 1498 375 abortu
1517 342 1661 375 eiectam
1672 344 1687 375 Ξ)

1332 393 1436 425 Tales
1462 404 1539 425 cum
1563 404 1597 425 se
1614 393 1707 436 ipsos
1727 405 1799 426 esse
1820 394 1939 427 dicant
1957 393 2022 438 ipsi
2039 391 2216 437 Apostoli,

1233 445 1291 489 qui
1311 445 1402 476 inter
1420 443 1479 476 illa
1497 444 1590 476 dona
1615 441 1841 487 triumphalia
1860 444 1964 488 primi
1980 450 2218 484 recensentur,

1234 496 1317 540 quid
1352 495 1395 526 de
1427 493 1572 538 reliquis
1599 494 1822 527 sentiendum
1850 501 1918 538 cst,
1954 494 2158 528 Pastoribus
2184 501 2219 527 et

1234 544 1466 584 Doctoribus,
1493 545 1553 589 qui
1570 556 1642 577 non
1659 544 1730 577 illis
1753 544 1859 578 tantis
1875 545 1977 578 donis
1999 545 2142 588 spiritus
2159 557 2218 578 or-

1235 597 1307 630 nati
1323 597 1429 628 sunt?

1336 646 1470 679 Mirum
1492 645 1598 688 igitur
1617 646 1729 678 videri
1747 652 1877 690 potest,
1906 658 1968 679 cur
1987 647 2112 679 audeat
2129 645 2221 679 Pau-

1236 699 1291 731 lus
1324 694 1387 729 1105
1420 696 1584 734 miseros,
1626 708 1871 737 aerumnosos,
1904 697 2157 731 abiectissimus
2189 703 2224 730 et

1238 747 1556 791 contemptissimos
1580 744 1740 780 homines
1760 759 1883 780 vocare
1906 748 2000 780 dona
2027 748 2108 788 illa,
2135 758 2223 792 quae

1239 797 1295 831 hic
1320 805 1435 832 tantus
1458 798 1569 831 victor
1591 804 1624 830 et
1652 795 1887 842 triumphator
1904 797 2080 832 Dominus
2104 804 2223 831 noster

1242 849 1335 882 lesus
1349 847 1509 882 Christus
1528 860 1589 881 ceu
1606 848 1809 892 praecipuas
1824 850 2008 882 manubias
2021 856 2053 882 01
2061 849 2222 882 “fructum

1240 900 1346 933 totius
1371 899 1455 942 gesti
1480 911 1498 932 a
1519 910 1553 931 se
1577 899 1682 939 belli,
1718 899 1884 932 victoriae
1910 907 1943 933 et
1979 897 2153 943 triumphi
2170 899 2225 932 sui

1241 951 1333 983 inter
1350 947 1512 982 homines
1532 950 1731 983 distribuat.

1342 1000 1410 1033 Sed
1427 1007 1618 1033 statuamus
1635 999 1839 1042 gravissimo
1856 1000 2002 1033 consilio
2013 1000 2162 1033 Paulum
2180 1000 2226 1033 ita

1242 1049 1336 1084 1111110
1359 1049 1506 1083 Davidis
1534 1051 1650 1083 locum
1683 1051 1951 1094 interpretatum
1983 1063 2072 1089 esse,
2107 1058 2146 1084 ut
2166 1062 2229 1094 per

1242 1102 1302 1133 illa
1328 1101 1485 1133 coelestia
1509 1102 1621 1140 dona,
1654 1113 1742 1145 quae
1766 1102 1878 1134 victor
1903 1100 2080 1135 Dominus
2110 1108 2229 1135 noster

1244 1151 1338 1184 Iesus
1354 1149 1514 1185 Christus
1532 1151 1567 1183 in
1586 1151 1721 1184 coelum
1737 1159 1893 1185 revectus
1910 1152 2154 1184 distribuenda
2172 1163 2230 1185 ac·-

1244 1202 1333 1245 cepit
1352 1199 1575 1241 hominibus,
1605 1201 1777 1244 intelligat
1795 1200 2001 1246 Apostolos,
2027 1200 2232 1246 Prophetas,

1245 1253 1404 1285 Pastores
1424 1259 1457 1284 et
1475 1252 1654 1284 Doctores.
1705 1251 1854 1285 Causam
1874 1253 1979 1294 igitur
1997 1250 2103 1286 huius
2122 1254 2231 1286 inter-

1246 1302 1451 1345 pretationis
1469 1311 1687 1344 quaeramus,
1743 1301 1792 1333 lta
1811 1303 1868 1334 fiet
1884 1302 2070 1336 etDavidis
2087 1305 2231 1345 dictum,

1245 1359 1275 1385 et
1294 1350 1393 1383 Pauli
1411 1350 1599 1383 declaratio
1619 1351 1802 1383 illustrior.

1346 1401 1478 1434 Notum
1506 1408 1555 1434 est
1580 1401 1616 1433 in
1639 1399 1815 1444 Ecclesia,
1844 1402 2024 1445 quomodo
2047 1404 2152 1446 primi
2172 1417 2234 1448 pa—

1247 1458 1361 1484 rentes
1380 1451 1607 1483 circumventi
1625 1450 1764 1482 insidiis
1781 1452 1972 1483 saevissimi
1989 1452 2138 1486 latronis
2147 1454 2233 1487 Dia-

1246 1501 1340 1541 boli,
1367 1507 1400 1533 et
1423 1500 1561 1543 spoliati
1587 1500 1656 1532 sint
1681 1500 1750 1532 illis
1769 1500 1975 1534 coelestibus
1995 1503 2118 1544 bonis,
2145 1516 2234 1549 quae

1247 1552 1290 1584 ad
1308 1550 1495 1591 imaginem
1509 1550 1572 1583 Dei
1589 1550 1729 1583 formati
1741 1577 1750 1591 ‚
1775 1551 1811 1582 in
1830 1552 2005 1585 creatione
2020 1562 2235 1597 acceperant,

1248 1608 1280 1634 et
1305 1602 1449 1644 insuper
1479 1600 1623 1633 sauciati
1654 1600 1723 1633 sint
1750 1601 2006 1635 incurabilibus
2031 1611 2065 1637 et
2092 1617 2235 1648 prorsus

1250 1649 1439 1684 lethalibus
1468 1651 1684 1685 vulneribus,
1751 1650 1818 1684 Sed
1853 1652 1947 1685 filius
1971 1651 2036 1686 Dei
2066 1655 2235 1689 immensa

1250 1702 1406 1735 bonitate
1430 1701 1593 1734 misertus
1619 1702 1755 1743 generis
1782 1699 1948 1743 humani,
1981 1703 2028 1736 ita
2051 1705 2151 1738 foede
2174 1708 2235 1739 de-

1250 1752 1390 1786 formati
1415 1759 1448 1785 et
1473 1753 1585 1785 avulsi
1606 1764 1625 1784 a
1641 1751 1735 1792 Deo,
1759 1758 1792 1785 et
1810 1752 1846 1784 in
1865 1760 2044 1787 aeternum
2063 1768 2234 1790 carcerem

1252 1804 1322 1836 irae
1353 1801 1437 1842 Dei,
1472 1810 1504 1836 et
1536 1802 1659 1835 mortis
1690 1802 1846 1835 conclusi
1877 1803 1921 1836 ab
1947 1801 2045 1838 hoste
2068 1807 2237 1848 Diabolo‚

1252 1854 1329 1887 ideo
1365 1850 1555 1885 humanam
1592 1860 1754 1886 naturam
1790 1855 1992 1898 assumpsit,
2032 1864 2070 1890 ut
2105 1857 2237 1892 inflicta

1253 1905 1397 1937 vulnera
1423 1911 1578 1943 sanaret,
1606 1910 1638 1936 et
1662 1904 1753 1937 bona
1777 1905 1880 1937 nobis
1904 1917 1922 1938 a
1940 1905 2090 1940 Diabolo
2110 1915 2238 1953 erepta,

1253 1955 1462 1988 restitueret.

1355 2004 1450 2038 Haec
1475 2005 1566 2037 bona
1594 2012 1690 2038 sunt:
1719 2005 1876 2039 remissio
1896 2014 2134 2050 peccatorum,
2160 2019 2238 2051 gra-

1254 2056 1342 2089 tuita
1363 2056 1551 2099 acceptatio
1578 2062 1610 2088 et
1637 2056 1894 2097 reconciliatio,
1922 2058 2067 2091 donatio
2087 2057 2240 2102 Spiritus

1255 2106 1385 2147 sancti,
1419 2118 1498 2139 vera
1524 2106 1654 2149 agnitio
1682 2105 1768 2147 Dei,
1798 2119 1861 2151 pax
1882 2114 1915 2141 et
1935 2109 2069 2142 laeticia
2095 2109 2132 2141 in
2152 2107 2240 2150 Deo,

1256 2154 1432 2190 inchoatio
1457 2157 1711 2190 conformitatis
1733 2169 1812 2190 cum
1837 2158 1931 2197 Deo,
1955 2159 2144 2192 certissima
2163 2171 2240 2204 spes

1257 2209 1348 2241 vitae
1366 2214 1399 2241 et
1415 2208 1681 2241 consuetudinis
1704 2215 1862 2242 aeternae
1880 2221 1957 2242 cum
1978 2208 2070 2249 Deo,
2097 2210 2158 2242 ubi
2182 2223 2240 2243 co-

1257 2271 1330 2291 ram
1356 2259 1577 2302 perfruemur
1598 2259 1735 2292 10611113
1760 2259 1854 2299 11100,
1881 2259 2050 2302 sapieutia
2075 2267 2107 2293 et
2131 2261 2240 2303 gloria

1257 2309 1389 2343 divina.

1360 2359 1455 2392 llaec
1475 2360 1567 2393 bona
1591 2360 1687 2404 prius
1712 2360 1836 2392 amissa
1856 2371 1917 2403 per
1935 2360 2087 2403 primum
2107 2361 2240 2405 lapsum

1258 2410 1350 2443 filius
1371 2409 1437 2443 Dei
1462 2409 1637 2445 Dominus
1663 2417 1780 2443 noster
1803 2409 1897 2443 lesus
1916 2409 2078 2457 Christus
2096 2424 2240 2456 recupe—

1259 2462 1368 2501 ravit,
1408 2461 1537 2502 fracto,
1587 2468 1780 2500 exarmato,
1821 2461 1989 2505 spoliato,
2030 2469 2064 2495 et
2093 2462 2242 2495 aeternis

1259 2512 1410 2544 vinculis
1444 2512 1632 2545 constricto
1654 2510 1824 2551 DiabOIO,
1864 2524 1972 2557 eaque
2003 2513 2094 2545 bona
2129 2513 2243 2546 reddit

1260 2563 1426 2595 omnibus
1441 2563 1554 2606 ipsum
1571 2563 1637 2594 fide
1651 2562 1877 2605 sequentibus
1893 2570 1926 2596 et
1941 2564 2242 2607 amplectentibus.

1362 2612 1456 2645 Ilaec
1481 2619 1561 2646 suut
1586 2612 1764 2645 verissima
1790 2613 1848 2645 illa
1875 2614 1965 2645 dona
1982 2626 2039 2646 seu
2058 2614 2243 2648 manubiae

1261 2675 1320 2695 seu
1345 2664 1542 2705 congiaria,
1571 2674 1658 2706 quae
1677 2663 1788 2696 victor
1805 2670 1836 2696 et
1867 2662 2103 2707 triumphator
2127 2672 2244 2698 noster
