2324 2955
151 120 222 156 571

158 205 460 251 terpretationem‚
485 198 551 231 fide
577 196 744 233 formata,
766 189 803 225 id
827 196 896 232 est,
920 195 1064 235 propter
1089 189 1146 223 di-

161 257 346 291 lectionem
366 252 471 284 homo
492 249 603 281 iustus
621 251 682 278 est.

261 313 319 346 38.
353 307 547 342 Discedunt
561 303 667 347 igitur
684 314 702 335 a
718 299 857 336 Christo
875 306 908 333 et
925 310 943 331 a
960 297 1091 339 Paulo,
1117 304 1150 331 et

164 365 290 397 nolunt
307 371 379 393 esse
394 355 558 400 discipuli
575 353 670 387 vocis
686 352 838 386 divinae.
872 349 944 383 Nos
959 349 1150 382 retinemus

164 412 411 458 proprietatem
439 405 610 440 sermonis
635 404 710 436 sine
733 400 940 446 sophistica,
968 411 1047 432 cum
1072 399 1152 444 qui—

166 466 246 497 dem
270 463 341 506 ipse
356 459 488 492 Paulus
511 455 686 489 addiderit
711 452 921 486 exclusivam
945 450 1152 494 particulam

168 513 304 551 Gratis,
338 522 411 543 nou
430 509 536 552 igitur
554 506 660 540 sentit
675 511 819 549 propter
840 501 1066 535 dilectionem
1088 497 1154 533 ho-

168 565 281 597 miues
299 562 407 595 iustos
425 571 507 593 esse.

271 620 333 654 39.
368 619 437 653 Sed
454 615 537 650 huic
561 612 805 658 imaginationi
831 609 981 656 opponit
1004 607 1072 643 hoc
1095 610 1157 642 de-

173 680 321 707 cretum:
364 669 481 702 IIomo
516 667 584 699 fide
619 664 828 698 iustificatur
860 661 987 705 gratis,
1026 660 1063 693 id
1098 665 1159 700 est,

173 723 298 757 fiducia
317 717 576 754 misericordiae
593 722 737 760 propter
752 713 994 747 mediatorem.

276 772 335 806 40.
370 770 465 803 Haec
487 768 572 800 fides
592 765 836 808 complectitur
858 773 980 795 omnes
995 761 1159 794 articulos

174 823 274 863 fidei,
296 829 329 855 et
347 821 381 853 in
403 818 458 853 his
474 816 585 851 hunc:
613 815 728 849 Credo
745 813 986 848 remissionem
1002 817 1160 855 peccato-

175 885 275 913 rum,
315 871 446 905 scilicet
466 880 539 901 non
563 867 641 900 aliis
667 872 804 899 tantum
828 863 924 904 dari,
963 861 1068 895 Petro
1103 867 1163 894 aut

178 924 313 963 David,
339 922 397 955 sed
416 917 504 952 mihi
523 929 675 963 quoque.

279 980 339 1014 41.
374 977 604 1011 Manifestum
628 980 695 1013 est,
727 970 996 1016 promissionem
1019 969 1162 1003 univer-

179 1034 284 1066 salem
303 1040 396 1070 esse,
419 1034 453 1061 et
470 1026 676 1059 mandatum
697 1023 760 1057 Dei
786 1028 969 1055 aeternum
986 1027 1019 1054 et
1035 1021 1164 1052 immo-

179 1091 254 1117 tum
287 1091 377 1118 esse,
415 1084 456 1111 ut
486 1086 607 1109 omnes
636 1074 708 1107 filio
731 1071 797 1106 Dei
819 1072 1058 1105 adsentiamur
1082 1081 1166 1112 pro-

180 1131 336 1166 mittenti
357 1128 599 1163 remissionem
622 1129 864 1168 peccatorum,
895 1120 1166 1164 imputationem

182 1182 368 1221 iusticiam,
416 1177 642 1212 donationem
676 1173 830 1218 Spiritus
865 1171 976 1205 sancti
1009 1177 1043 1204 et
1076 1169 1167 1202 vitae

182 1240 354 1267 aeternae.

285 1290 347 1325 42.
388 1288 464 1322 Hac
487 1287 561 1330 ipsa
586 1284 653 1317 fide
678 1289 817 1328 petente
841 1288 875 1315 et
898 1280 1090 1325 accipiente
1112 1291 1169 1312 re-

182 1342 387 1377 missionem
407 1343 632 1382 peccatorum
656 1333 826 1377 accipitur
843 1331 997 1376 Spiritus
1019 1337 1169 1370 sanctus,

185 1402 218 1427 et
243 1391 283 1426 fit
305 1387 544 1433 regeneratio,
588 1391 619 1417 et
644 1384 749 1417 corda
774 1383 812 1415 in
835 1382 1025 1425 pavoribus
1048 1388 1170 1419 erecta,

185 1443 301 1487 agnita
332 1437 573 1473 misericordia
596 1434 683 1474 Dei,
727 1432 905 1475 incipiunt
934 1442 969 1463 se
1002 1429 1170 1463 subiicere

185 1494 284 1533 Deo,
309 1491 473 1523 invocare
490 1494 523 1520 et
540 1485 685 1527 diligere
704 1495 801 1521 eum,
829 1488 860 1514 et
882 1479 1012 1513 habere
1036 1481 1170 1512 bonum

189 1542 423 1588 propositum,
463 1548 557 1581 spem
589 1541 622 1567 et
651 1533 738 1566 alios
767 1538 884 1564 motus
907 1530 974 1573 legi
997 1529 1063 1563 Dei
1087 1541 1172 1562 con—

187 1598 359 1638 gruentes.

291 1648 352 1683 43.
386 1644 432 1678 Et
464 1642 606 1688 quidem
632 1637 827 1673 necessario
853 1636 950 1681 sequi
972 1640 1110 1679 oportet
1136 1633 1173 1665 in

190 1698 419 1735 conversione
435 1691 571 1727 novam'
582 1690 836 1728 obedientiam,
863 1694 894 1721 et
915 1686 1087 1719 iusticiam
1110 1684 1174 1717 bo-

189 1764 255 1786 nae
279 1745 521 1783 conscientiae.
582 1741 679 1775 Sicut
704 1740 870 1783 scriptum
896 1744 963 1770 est:
1000 1734 1072 1778 Qui
1100 1746 1174 1767 non

191 1801 326 1844 diligit,
354 1802 471 1831 manet
489 1794 525 1826 in
543 1799 666 1826 morte.
717 1789 763 1823 Et
780 1797 896 1823 tamen
916 1798 996 1819 vera
1019 1792 1068 1818 est
1093 1797 1176 1829 pro-

191 1851 336 1898 positio:
369 1847 568 1882 Convcrsus
591 1849 641 1875 est
660 1842 771 1875 iustus
793 1845 934 1883 propter
950 1837 1175 1869 mediatorem

192 1904 260 1936 fide
274 1899 379 1944 gratis
395 1909 467 1931 non
483 1900 627 1940 propter
643 1891 819 1935 propriam
836 1889 1054 1936 dignitatern.
1080 1885 1179 1920 Sicut

193 1953 361 1996 scriptum
379 1954 444 1982 est:
480 1945 561 1979 Nou
579 1941 824 1976 iustificabitur
848 1940 884 1973 in
907 1944 1093 1982 conspectu
1118 1944 1178 1970 tuo

194 2002 310 2037 omnis
326 2001 459 2033 vivens.

296 2059 358 2095 44.
398 2055 505 2101 Apud
529 2051 670 2088 Esaiam
697 2050 841 2083 dicitur:
895 2047 1063 2081 Gaudens
1097 2057 1182 2089 gau-

197 2114 286 2147 debo
303 2111 339 2143 in
356 2107 529 2146 Domino,
557 2111 589 2137 et
612 2101 783 2135 exultabit
806 2099 922 2132 anima
949 2109 1025 2130 mea
1052 2097 1088 2129 in
1106 2095 1180 2129 Deo

197 2175 286 2196 meo.
340 2159 433 2202 Quia
452 2155 569 2190 induit
586 2165 640 2186 me
664 2150 879 2184 vestimentis
904 2148 1041 2188 salutis,
1069 2154 1102 2180 et
1124 2153 1181 2179 tu-

198 2214 275 2246 nica
291 2210 409 2244 salutis
426 2204 646 2241 circundedit
660 2214 725 2235 me.
780 2201 856 2245 Ipse
872 2199 936 2232 erit
961 2199 1050 2231 sicut
1066 2197 1182 2241 Spon-

200 2275 257 2296 sus
274 2262 311 2294 in
328 2256 530 2293 sacerdotali
551 2261 697 2296 ornatu,
725 2258 757 2285 et
784 2259 822 2285 ut
846 2261 971 2293 sponsa
999 2255 1121 2281 ornata
1146 2248 1182 2279 in

201 2313 272 2347 suis
291 2309 500 2345 monilibus,
528 2305 594 2338 erit
609 2302 763 2337 Ecclesia
779 2301 953 2334 videlicet.

304 2358 363 2394 45.
398 2358 559 2392 Affirmat
577 2354 642 2389 Dei
663 2364 751 2397 opus
775 2359 805 2385 et
831 2352 954 2393 iugens
973 2348 1182 2382 heneficium

202 2424 294 2453 esse,
320 2409 411 2443 hanc
429 2404 769 2443 reconciliationem,
796 2400 1063 2446 imputationem
1083 2398 1184 2431 iusti-

202 2466 294 2503 ciae‚
320 2468 353 2494 et
376 2457 601 2492 donationem
627 2454 757 2488 salutis.
808 2451 941 2487 vestit,
969 2449 1104 2494 inquit,
1129 2461 1184 2482 me

200 2513 408 2548 vestimento
422 2507 589 2547 iusticiae‚
615 2505 651 2537 in
666 2502 731 2536 hac
747 2503 816 2536 vita
835 2500 1077 2546 imputatione,
1105 2511 1184 2532 cum

203 2576 268 2598 nos
294 2561 393 2608 quasi
417 2557 567 2591 involuti
594 2554 799 2587 vulneribus
820 2553 882 2585 filii
910 2551 996 2592 Dei,
1035 2550 1185 2593 tegimur

203 2615 312 2659 ipsius
334 2609 489 2647 iusticia,
513 2612 546 2639 et
569 2606 604 2637 in
629 2602 693 2636 hac
717 2604 917 2637 infirmitate
941 2607 1084 2646 propter
1105 2611 1184 2633 eum

203 2666 387 2709 placemus,
414 2667 447 2694 et
462 2656 567 2691 simul
588 2651 728 2688 inchoat
744 2653 936 2688 novitatem
951 2653 989 2685 in
1005 2651 1119 2694 nobis,
1146 2656 1185 2685 ut

915 98 1402 140 DISPUTATIONES

2105 100 2181 140 572

1197 195 1316 234 postea
1343 186 1478 228 integra
1501 191 1594 220 veste
1614 183 1772 220 iusticiae
1795 192 1829 220 et
1853 186 1974 221 salutis
1999 187 2117 222 amicti
2143 188 2181 221 in

1198 247 1269 274 tota
1284 236 1488 271 aeternitate
1505 236 1711 279 fulgeamus,

1299 287 1359 322 46.
1403 285 1480 330 Ipse
1501 297 1584 319 vero
1610 286 1767 330 Sponsus
1800 294 1936 329 noster,
1974 290 2185 334 amplectens

1200 350 1281 380 nos,
1308 337 1496 372 sacerdotis
1513 337 1628 370 officio
1647 337 1807 381 fungitur
1824 339 1860 371 in
1879 344 2007 372 ornatu
2026 341 2186 373 sacerdo-

1200 390 1282 430 tali,
1308 390 1410 422 docet
1425 386 1658 430 Evangelium
1676 388 1759 421 inde
1779 400 1889 434 usque
1913 401 1930 422 a
1951 390 2065 433 prima
2088 401 2188 423 reve-

1202 440 1333 474 latione
1354 438 1621 483 promissionis,
1655 439 1824 472 sacrificat
1844 452 1967 473 cruore
1987 441 2132 474 madens
2157 448 2189 474 et

1204 490 1411 526 sacrificium
1428 489 1624 533 applican5‚
1650 500 1689 522 ac
1710 500 1846 533 semper
1869 502 1932 533 pro
1955 492 2058 524 nobis
2082 491 2191 525 inter-

1206 544 1332 576 cedens
1349 551 1487 583 semper
1511 551 1721 572 conservans
1737 537 1921 583 Evangelii
1944 541 2192 580 ministerium,

1207 600 1240 627 et
1258 591 1426 632 colligens
1441 597 1474 623 et
1490 590 1683 623 defendens
1699 597 1874 623 aeternam
1890 588 2096 626 Ecclesiam.

1308 640 1369 675 47.
1409 638 1536 674 Adstat
1570 646 1603 673 et
1629 638 1788 674 Ecclesia
1823 647 1947 674 ornata
1981 648 2019 674 ut
2047 641 2196 686 Sponsa,

1208 691 1304 727 hunc
1339 691 1484 725 unicum
1529 702 1698 734 sponsum
1733 693 1963 736 amplecten8‚
2013 699 2046 725 et
2082 693 2196 726 vitans

1209 743 1313 777 aliam
1329 741 1546 782 doctrinam,
1572 748 1606 774 et
1627 741 1696 774 alia
1718 744 1878 776 numina.
1931 740 1976 776 Et
1995 754 2197 788 quanquam

1210 795 1247 827 in
1283 792 1348 826 hac
1381 792 1452 826 vita
1485 792 1588 825 valde
1623 792 1790 835 languida
1826 800 1893 833 est,
1936 799 1968 826 et
1996 794 2199 836 ingentibus

1211 843 1388 878 aerumnis
1405 849 1568 884 onerata,
1595 849 1628 876 et
1651 843 1835 877 diabolicis
1848 843 2042 877 latrociniis
2060 845 2200 878 circun-

1212 897 1312 934 data,
1345 900 1463 927 tamen
1488 890 1546 926 hic
1571 903 1719 936 sponsus
1744 905 1819 927 eam
1846 894 2046 937 complexus
2071 901 2201 935 tuetur,

1212 944 1393 990 inquiens:
1431 942 1543 976 Nemo
1570 943 1683 987 rapiet
1718 956 1799 977 oves
1832 955 1927 977 meas
1963 956 2003 977 ex
2039 945 2202 978 manibus

1214 995 1313 1030 meis.

1314 1042 1378 1077 48.
1412 1041 1454 1075 In
1471 1039 1562 1075 hanc
1580 1043 1818 1076 dulcissimam
1834 1043 2022 1087 imaginem
2042 1045 2152 1078 oculis
2170 1052 2203 1078 et

1215 1094 1393 1128 mentibus
1404 1092 1616 1134 intueamur,
1644 1100 1677 1126 et
1694 1093 1890 1126 doctrinam
1909 1096 1950 1127 de
1966 1096 2033 1127 fide
2046 1107 2204 1128 exercea-

1216 1155 1307 1177 mus.
1367 1140 1562 1175 Credamus
1583 1154 1647 1175 nos
1668 1143 1805 1186 placere
1827 1149 1860 1176 et
1885 1145 2041 1177 exaudiri
2063 1152 2205 1188 propter

1215 1193 1311 1228 hunc
1325 1192 1548 1227 Sacerdotem
1567 1199 1599 1226 et
1616 1192 1814 1237 Sponsum,
1843 1200 1876 1227 et
1890 1206 2049 1236 oremuS‚
2075 1202 2115 1229 ut
2134 1195 2207 1239 ipse

1218 1255 1299 1279 suos
1316 1250 1435 1277 coetus
1454 1249 1580 1277 servet.

1319 1293 1381 1329 49.
1415 1292 1508 1327 Citat
1524 1291 1655 1326 Paulus
1673 1304 1712 1323 ex
1730 1291 1862 1324 Genesi
1879 1295 2012 1326 dictum
2031 1296 2074 1328 de
2089 1296 2208 1339 impu-

1219 1345 1367 1380 tatione:
1395 1342 1555 1377 Credidit
1572 1338 1753 1373 Abraham
1772 1339 1866 1380 Deo,
1892 1349 1925 1375 et
1943 1349 2142 1387 reputatum
2159 1353 2208 1379 est

1221 1397 1251 1427 ei
1269 1396 1312 1427 ad
1329 1391 1515 1425 iusticiam.
1569 1390 1672 1424 Unde
1689 1392 1818 1425 extruit
1834 1389 1924 1425 hanc
1941 1394 2136 1427 doctrinam
2153 1407 2210 1428 re-

1221 1444 1388 1477 missione
1405 1447 1626 1484 peccatorum
1643 1447 1675 1473 et
1693 1441 1925 1483 imputatione
1940 1450 2083 1486 propter
2098 1445 2207 1477 filium

1222 1495 1402 1527 credentes
1419 1491 1528 1524 iustos
1546 1501 1627 1528 esse,
1645 1502 1719 1523 non
1736 1497 1855 1525 nostra
1874 1491 2055 1534 dignitate,
2076 1494 2210 1528 etiamsi

1223 1543 1362 1576 novitas
1378 1537 1542 1573 inchoata
1559 1546 1620 1575 est.

1326 1592 1387 1626 50.
1420 1589 1492 1623 Nec
1511 1589 1694 1623 omisimus
1709 1588 1799 1624 hanc
1815 1592 2013 1626 doctrinam
2029 1594 2072 1626 de
2093 1593 2212 1639 impu-

1224 1641 1356 1676 tatione
1375 1639 1550 1678 iusticiae‚
1577 1651 1642 1672 nec
1665 1641 1897 1675 omittendam
1924 1654 1996 1676 esse
2021 1654 2213 1679 censemus.

1226 1691 1274 1725 Ut
1290 1692 1427 1735 fingunt
1443 1690 1554 1734 aliqui
1573 1688 1754 1723 hominem
1772 1691 1903 1725 iustum
1922 1704 1994 1726 esse
2011 1705 2127 1727 coram
2137 1693 2212 1728 Deo

1227 1748 1371 1786 propter
1389 1741 1549 1785 proprias
1568 1739 1725 1774 virtutes.

1517 1823 1577 1856 De
1605 1821 1706 1856 bonis
1732 1822 1916 1867 operibus.

1331 1889 1392 1925 51.
1428 1890 1472 1923 In
1496 1886 1641 1923 homine
1667 1897 1789 1924 renato
1816 1903 1878 1935 per
1905 1892 2030 1935 fidem,
2062 1893 2216 1938 Spiritus

1229 1948 1368 1977 sanctus
1384 1938 1528 1974 inchoat
1543 1941 1791 1975 obedientiam.
1840 1940 1894 1975 De
1909 1955 1978 1987 qua
1995 1941 2060 1977 hae
2083 1945 2218 1988 praeci-

1231 2005 1319 2039 puae
1335 1999 1418 2026 sunt
1434 1991 1667 2036 quaestiones.
1705 1990 1805 2034 Quae
1823 2004 1928 2036 opera
1943 1995 2101 2028 facienda
2123 1994 2217 2028 sint‘?

1232 2044 1421 2086 Quomodo
1438 2042 1512 2073 fieri
1531 2042 1688 2084 possint?
1731 2041 1920 2084 Quomodo
1942 2045 2103 2089 placeant
2119 2043 2219 2078 Deo?

1233 2101 1265 2127 et
1281 2094 1375 2139 quod
1392 2092 1436 2125 sit
1454 2091 1642 2124 discrimen
1661 2094 1907 2135 peccatorum?

1336 2141 1396 2176 52.
1436 2139 1667 2185 Philosophia
1692 2142 1850 2187 loquitur
1873 2145 1916 2177 de
1941 2151 2081 2178 externa
2113 2145 2218 2178 disci-

1234 2194 1350 2238 plina,
1376 2199 1409 2226 et
1431 2193 1472 2225 de
1498 2192 1752 2234 gubernatione
1776 2194 1952 2237 potentiae
1978 2195 2217 2230 locomotivae.

1233 2244 1388 2278 Ecclesia
1421 2254 1503 2275 vero
1537 2254 1610 2275 non
1642 2249 1779 2277 tantum
1808 2245 1851 2276 de
1881 2244 2031 2277 externis
2055 2246 2219 2288 operibus

1234 2295 1483 2333 concionatur,
1524 2294 1585 2326 sed
1612 2293 1715 2327 etiam
1740 2294 1783 2327 de
1806 2294 2033 2328 interioribus
2056 2296 2220 2337 cultibus,

1235 2347 1277 2379 de
1302 2357 1382 2378 vera
1408 2344 1648 2385 invocatione,
1676 2343 1779 2385 Fide,
1808 2343 1898 2388 Spe,
1925 2345 2131 2386 dilectione,
2158 2358 2220 2391 pa-

1235 2396 1378 2435 tientia,
1405 2395 1581 2436 castitate,
1608 2401 1643 2428 et
1661 2394 1738 2428 aliis
1755 2394 1952 2428 virtutibus.

1336 2445 1396 2481 53.
1429 2444 1474 2479 Et
1497 2453 1645 2490 utraque
1669 2455 1792 2489 opera,
1819 2452 1960 2479 externa
1989 2448 2023 2481 et'
2050 2447 2219 2482 interiora

1236 2495 1486 2542 comprehensa
1513 2503 1594 2529 sunt
1618 2501 1710 2528 certa
1734 2506 1877 2537 norma,
1914 2497 2046 2532 scilicet
2072 2500 2220 2532 manda-

1236 2549 1279 2582 tis
1301 2548 1450 2588 divinis,
1491 2557 1580 2592 quae
1604 2546 1646 2578 ad
1671 2545 1872 2579 universam
1895 2544 2088 2582 Ecclesiam
2109 2549 2219 2593 perti-

1236 2606 1329 2633 nent.
1381 2597 1454 2631 Nec
1470 2597 1648 2639 fingantur
1661 2596 1774 2630 cultus
1789 2594 1943 2631 humana
1959 2599 2116 2641 audacia,
2133 2600 2221 2634 sicut

1235 2650 1420 2694 scripturn:
1447 2647 1589 2681 Frustra
1606 2646 1725 2680 colunt
1740 2658 1795 2680 me
1810 2649 1984 2683 mandatis
2003 2647 2200 2686 hominum.
