2324 2955
153 111 224 146 487

260 194 320 232 25,
364 191 512 236 impium
537 194 586 220 est
610 185 747 226 dicere,
781 183 877 229 quod
899 182 1070 226 scriptura
1096 183 1140 217 sit
1166 190 1169 221 fi

159 249 292 283 incerta
309 253 342 278 et
357 241 519 282 ambigua
531 264 540 278 ,
567 237 614 270 ita
630 242 670 269 ut
687 236 729 268 de
747 236 852 268 rebus
877 233 1081 267 necessariis
1096 235 1140 267 ad
1166 230 1169 239 ’

160 299 327 334 salutem,
348 303 420 325 non
439 289 548 334 possit
569 299 608 321 ex
628 298 667 320 ea
681 285 774 319 sumi
798 285 901 329 plana
919 291 952 318 et
969 291 1060 317 certa
1077 285 1141 318 do-

159 348 282 383 ctrina.

260 395 321 429 26.
357 391 440 426 Ideo
462 401 540 423 cum
557 385 714 421 Ecclesia
734 385 866 420 iudicat
883 385 926 418 de
949 384 1141 428 scripturis,

160 445 291 480 iudicat
307 456 346 477 ex
363 442 440 476 aliis
455 438 656 484 scripturis,
683 449 756 470 non
777 448 816 470 ex
832 433 987 469 humana
1003 435 1142 480 opinio·
1167 451 1171 489 ς

160 509 222 537 ne,
249 495 325 528 sine
342 492 542 527 testimonio
562 488 640 522 Dei.
1168 498 1171 524 ὁ

263 545 321 580 27.
351 542 456 586 Quod
473 539 628 574 Ecclesia
646 536 846 583 repudiavit
867 536 1039 581 quaedam
1060 533 1143 570 ἅὸί-
1169 528 1173 591 l

165 609 282 633 σποτα
307 595 434 637 scripta
448 619 457 633 ,
485 590 605 625 reiecit
621 596 787 634 tanquam
803 587 918 626 testis,
948 598 1027 619 cum
1045 586 1146 620 sciret
1170 593 1172 637 J

161 661 199 681 ea
215 648 289 680 sine
306 651 399 679 certo
421 648 541 677 autore
560 640 652 674 edita
669 651 753 679 esse,
779 646 839 672 aut
856 644 1024 682 tanquam
1041 636 1145 670 iudex
1170 659 1172 688 ξ

160 705 278 733 secuta
297 697 382 729 alias
400 693 597 736 scripturas.
1170 701 1173 732 ἡ

260 748 321 782 28.
356 744 490 779 Iniuria
517 749 584 782 est,
611 751 771 774 accusare
794 737 957 772 homines
976 737 1145 771 desectio-
1171 757 1174 782 1

160 799 216 832 nis
239 798 282 832 ab
302 795 474 835 Ecclesia,
501 798 645 837 propter
668 797 818 824 mutatas
841 787 1013 823 humanas
1034 788 1146 821 tradi·
1171 786 1174 825 Ι

161 851 286 884 tiones.

262 898 324 934 29.
354 895 446 940 Quia
461 894 504 928 ad
513 890 688 927 Ecclesiae
706 890 876 924 unitatem
894 889 976 923 satis
994 895 1044 922 est
1061 901 1146 921 con-

161 950 290 985 sentire
315 950 358 982 de
382 946 542 980 doctrina
559 941 764 984 Evangelii,
791 947 825 974 et
842 940 1145 973 administratione
1172 942 1173 949 ¹

165 1001 486 1036 Sacramentorum.
514 994 586 1028 Nec
599 1000 648 1027 est
661 991 854 1024 necessaria
870 990 1066 1023 similitudo
1079 987 1147 1022 hu-

160 1062 347 1085 manarum
374 1046 623 1086 traditionum,
651 1040 717 1075 hae
743 1041 836 1073 enim
855 1038 947 1072 nihil
966 1041 1144 1083 pertinent
1172 1074 1173 1077 Ἴ

161 1103 206 1135 ad
229 1102 335 1135 vitam
359 1096 597 1142 spiritualem,
625 1102 732 1137 quare
755 1090 831 1123 sine
852 1090 900 1122 eis
918 1090 1062 1122 existere
1082 1101 1146 1132 po-

162 1159 228 1187 test
244 1152 327 1184 fides
342 1156 375 1182 et
394 1148 464 1181 vita
478 1153 627 1179 aeterna.

261 1201 323 1235 30.
366 1196 445 1232 Etsi
469 1196 562 1229 enim
588 1205 649 1227 sua
674 1191 821 1225 debetur
838 1188 1043 1223 Pastoribus
1059 1188 1144 1220 obe-
1172 1186 1174 1236 ξ

165 1252 295 1286 dientia
312 1278 321 1292 ‚
357 1255 475 1282 tamen
500 1247 583 1278 istos
601 1244 751 1277 sciamus
767 1253 847 1273 vere
865 1241 1058 1272 desertores
1075 1249 1146 1270 esse

162 1302 357 1340 Ecclesiae,
387 1298 448 1343 qni
473 1308 546 1329 non
574 1302 666 1327 recte
687 1294 815 1324 docent
833 1289 1086 1344 Evangeulium,
1115 1295 1147 1320 et

161 1352 381 1385 manifestam
399 1346 600 1381 idolatriam
619 1342 834 1379 defendunt,
862 1346 895 1373 et
917 1345 1070 1371 retinere
1087 1350 1147 1371 co-
1172 1340 1174 1349 ⁴

193 1416 200 1421 r
278 1414 304 1437 r.

162 1410 323 1486 ndnuiil.
366 1449 437 1494 Qui
465 1447 557 1492 piam
583 1451 616 1478 et
637 1440 866 1476 necessariam
884 1436 1062 1473 Ecclesiae
1081 1439 1146 1471 do-
1172 1481 1174 1485 ‚

163 1504 311 1538 ctrinam
331 1503 518 1536 damnant,
545 1502 577 1529 et
596 1494 735 1528 abolere
757 1497 941 1524 conantur.

265 1554 326 1588 32.
364 1551 436 1595 Qui
465 1550 511 1582 ita
537 1545 723 1590 requirunt
740 1541 946 1576 traditiones
963 1537 1148 1577 humanas,
1173 1546 1175 1548 '

163 1613 203 1640 ut
225 1610 367 1648 propter
385 1611 503 1634 earum
522 1596 752 1631 mutationem
777 1597 940 1625 accusent
956 1591 1067 1623 bonos
1087 1591 1147 1622 de-

163 1655 325 1691 fectionis
341 1654 384 1687 ab
401 1649 570 1685 Ecclesia.
999 1689 1008 1697 ·

266 1705 324 1739 33.
353 1703 425 1747 Qui
446 1709 483 1735 ut
498 1698 661 1733 aboleant
677 1694 771 1740 piam
788 1698 821 1725 et
837 1687 1146 1746 necessariam-Ec-

166 1757 291 1793 clesiae
314 1753 524 1788 doctrinam.
578 1747 685 1784 Item,
714 1751 754 1778 ut
776 1742 953 1776 retineant
984 1740 1147 1797 traditio-

166 1821 247 1848 nes,
283 1817 368 1851 quas
396 1816 439 1837 ne
464 1801 530 1846 ipsi
557 1798 700 1844 quidem
731 1796 939 1833 observant,
972 1790 1146 1823 infinitam

168 1858 410 1895 crudelitatem
430 1855 465 1886 in
485 1853 559 1896 pios
586 1853 755 1882 exercent.

267 1907 328 1942 34.
363 1905 410 1939 Ut
431 1910 560 1938 caetera
585 1899 786 1932 omittamus
803 1921 813 1935 ,
839 1901 930 1926 certe
953 1889 1040 1925 baec
1064 1902 1149 1923 con-
1174 1930 1177 1941 ¹

169 1959 290 1994 solatio
313 1958 408 1991 bono
427 1955 501 1987 viro
527 1963 599 1984 non
617 1945 871 1982 contemnenda
890 1951 956 1984 est,
984 1941 1077 1988 quod
1097 1941 1150 1974 sa-

168 2012 232 2044 cile
258 2016 306 2043 est
331 2007 503 2042 iudicare,
532 2003 653 2035 iurene
679 1999 736 2031 isti
762 1996 829 2030 sibi
847 2002 1010 2038 arrogent
1026 1991 1150 2026 Eccle-
1174 2008 1177 2023 ;

170 2062 238 2095 siae
255 2059 414 2095 titulum,
443 2056 502 2101 qui
521 2053 625 2087 talem
652 2048 835 2082 saeviciam
859 2051 1035 2085 exercent,
1061 2054 1151 2088 quae

168 2112 323 2156 profecto
348 2107 495 2141 minime
518 2106 615 2137 decet
639 2099 845 2133 Ecclesiam.
897 2095 944 2129 Et
967 2101 1023 2153 est·
1042 2105 1151 2138 quae-
1176 2112 1177 2127 2

170 2164 250 2195 dam
274 2160 440 2198 felicitas,
483 2167 548 2189 nec
574 2159 753 2189 autorem,
793 2159 858 2180 nec
889 2148 1151 2181 administrum,
1176 2164 1178 2177 Α

171 2224 234 2245 nec
251 2211 513 2253 suffragatorem
529 2216 601 2238 esse
616 2202 711 2235 illius
733 2197 960 2237 crudelitatis,
975 2196 1063 2252 sicut
1080 2193 1152 2227 Da·
1176 2181 1181 2241 l

171 2264 232 2296 vid
251 2268 429 2306 precatur:
454 2258 505 2291 Ne
519 2255 642 2300 perdas
658 2263 712 2284 me
729 2261 807 2283 cum
825 2248 910 2280 viris
927 2257 1153 2290 sanguinum.

273 2309 332 2345 35.
360 2310 458 2343 Plato
476 2306 607 2352 inquit:
636 2303 740 2336 Tunc
751 2309 1025 2343 unamquanque
1040 2294 1151 2329 Rem·
1176 2326 1180 2343 ι

172 2363 350 2409 publicam
368 2360 498 2404 optime
515 2369 549 2390 se
566 2354 715 2393 habere,
743 2350 886 2396 quando
904 2360 1033 2380 nomen
1051 2358 1151 2380 suum

174 2417 248 2458 ipsa
283 2418 381 2446 sonat
414 2420 529 2443 coram
556 2405 631 2439 Deo
668 2410 699 2437 et
728 2400 951 2442 hominibus,
985 2396 1052 2455 hoc
1083 2404 1152 2435 est,
1178 2432 1179 2448 ἢ

174 2465 316 2511 quando
333 2468 440 2495 status
458 2459 529 2500 ipse
546 2468 624 2490 cum
640 2452 875 2498 appellatione
890 2456 1076 2483 consentit.

275 2513 334 2547 36.
355 2510 466 2545 Porro
477 2506 631 2541 Ecclesia
645 2503 749 2538 habet
766 2513 894 2536 nomen
911 2499 1031 2534 ovium
1047 2495 1152 2532 Chri·
1178 2498 1181 2558 ἶ

281 2563 384 2598 Hanc
406 2567 523 2594 autem
543 2567 662 2589 vocem
689 2566 759 2587 non
783 2560 884 2586 sonat
903 2551 966 2584 ista
983 2548 1153 2589 Ecclesia,
1177 2570 1180 2583 v

619 2605 691 2639 Nec
713 2615 795 2637 oves
814 2601 947 2636 Christi
965 2606 1066 2641 sunt,
1090 2599 1152 2644 qui
1176 2590 1180 2656 J

726 2666 789 2687 nec
815 2651 949 2687 Christi
972 2651 1151 2686 lenitatem
1176 2658 1180 2690 ι

174 2575 230 2602 sti.

175 2629 263 2663 qnae
286 2613 394 2648 saevit
414 2612 450 2644 in
477 2609 567 2654 pios.

174 2666 355 2703 Christum
389 2661 509 2697 audire
537 2657 685 2696 nolunt,

921 94 1401 134 DISPUTATIONES

1178 2340 1390 2384 =0piniones
1430 2339 1621 2375 catholicae
1652 2339 1825 2375 Ecclesiae
1859 2341 2078 2384 recipiamus.

2095 100 2170 136 488

1193 182 1396 219 imitantur,
1424 180 1485 226 qui
1500 194 1574 216 non
1589 179 1655 215 hoc
1671 188 1792 225 agunt,
1811 188 1850 216 ut
1865 190 1988 218 sanent
2001 181 2174 224 homines,

1194 241 1229 267 et
1254 231 1441 266 consulant
1464 232 1723 275 ambigentibus
1747 233 1993 274 conscientiis,
2019 236 2079 269 sed
2095 243 2175 270 tan-

1194 291 1267 317 tum
1295 282 1484 316 trucidant.

1297 331 1357 367 37.
1387 332 1502 366 Verba
1521 331 1680 366 Platonis
1704 331 1789 367 haec
1815 340 1915 367 sunt:
1942 331 2019 379 ἥτις
2040 332 2109 379 μὲν
2130 334 2178 370 ἂν

1196 379 1263 418 οὖν
1281 385 1356 417 τῶν
1374 384 1565 417 πολιτειῶν
1581 380 1650 427 ’τὴν
1667 381 1779 428 αὐτῆς
1798 383 2011 431 φθέγγηται
2033 383 2177 431 φωνὴν,

1195 431 1285 479 πρός
1314 446 1351 467 τε
1380 431 1513 476 θεοὺς,
1545 431 1609 467 καὶ
1638 431 1729 479 πρὸς
1760 431 2005 479 ἀνθρώπους,
2040 434 2102 469 καὶ
2133 437 2179 480 τῇ

1196 486 1305 530 φωνῇ
1326 481 1391 522 τὰς
1412 481 1558 530 πράξεις
1581 482 1760 528 ἑπομένας
1789 482 1976 524 ἀποδιδῶ,
2010 483 2179 520 &eZZZ-stre

1197 533 1257 569 καὶ
1275 531 1445 576 σώζεται,
1471 533 1680 579 μιμουμένη
1705 531 1744 568 δὲ
1767 532 1879 578 ἄλλην
1899 534 2103 580 φθείρεται.

1297 586 1357 620 38.
1399 584 1501 618 Luna
1523 585 1654 618 vicenis
1673 585 1796 618 diebus
1813 585 2034 630 septenisque
2053 592 2085 619 et
2106 592 2179 620 ter-

1196 636 1243 670 tia
1268 636 1336 669 diei
1362 642 1457 679 parte
1481 635 1614 679 peragit
1644 647 1782 669 cursum
1809 646 1931 675 suum,
1964 643 1996 669 et
2022 642 2137 669 tamen
2160 646 2181 669 a

1197 687 1370 720 tricesima
1388 686 1482 727 luce,
1507 693 1546 719 ut
1563 686 1679 731 inquit
1694 685 1842 728 Plinius,
1868 687 1913 719 ad
1931 687 2070 720 easdem
2088 686 2180 720 vices

1197 748 1320 770 rursus
1337 736 1417 771 exit.

1197 853 1417 900 (XXVIII.)
1445 854 1496 888 Al
1506 856 1518 888 ἱ
1529 864 1551 887 α
1581 852 1685 897 disp
1695 864 1717 887 u
1727 857 1742 886 t
1753 863 1776 886 α
1786 857 1801 886 t
1811 855 1867 887 io:
1895 852 1942 888 de
1967 853 2179 889 obedientia

1460 910 1497 939 et
1525 915 1705 939 consensu
1732 905 1931 940 Ecclesiae.

1199 981 1389 1021 Articulus
1415 988 1451 1020 in
1477 987 1655 1032 symbolo:
1683 986 1797 1021 Credo
1820 994 1975 1022 sanctam
1990 986 2184 1022 Ecclesiam

1199 1036 1424 1078 catholicam,
1459 1050 1531 1071 non
1557 1038 1671 1071 solum
1695 1038 1866 1081 significat
1888 1050 1959 1071 esse
1988 1051 2095 1072 unam
2118 1039 2185 1071 ali-

1200 1100 1305 1131 quam
1323 1085 1536 1127 Ecclesiam,
1564 1089 1621 1120 sed
1649 1088 1754 1121 etiam
1778 1089 1928 1133 requirit
1943 1089 2181 1123 obedientiam

1172 1177 1173 1183 ἵ
1199 1137 1353 1170 debitam
1373 1137 1570 1170 ministerio
1589 1144 1742 1172 externO.

1301 1188 1334 1220 2.
1376 1186 1542 1231 Requirit
1564 1187 1658 1220 enim
1687 1199 1896 1221 consensum
1921 1201 2000 1222 cum
2025 1185 2183 1222 Ecclesia

1200 1234 1392 1277 catholica,
1432 1249 1540 1282 quare
1575 1236 1724 1282 requirit
1754 1239 1992 1273 obedientiam
2027 1239 2182 1273 debitam

1200 1295 1408 1321 ministerio.

1303 1337 1337 1370 3.
1367 1336 1548 1380 Significat
1565 1337 1672 1381 igitur
1681 1335 1836 1371 Ecclesia
1853 1335 2024 1372 catholica
2039 1350 2186 1382 congre-

1172 1383 1375 1433 Jgationem
1411 1388 1569 1432 piorum,
1607 1400 1680 1421 non
1718 1388 1833 1421 solum
1868 1388 1906 1421 in
1941 1389 2088 1433 spiritu,
2124 1391 2186 1424 sed

1199 1438 1303 1471 etiam
1322 1439 1358 1471 in
1385 1439 1536 1472 externis
1560 1438 1739 1483 aliquibus
1754 1439 1859 1472 rebus
1875 1439 2183 1478 consentientium,

1199 1489 1331 1522 scilicet
1348 1490 1390 1521 de
1408 1488 1615 1523 ministerio.

1301 1538 1335 1572 4.
1378 1537 1438 1571 Est
1457 1545 1572 1571 autem
1590 1549 1659 1571 una
1679 1536 1848 1572 catholica
1866 1536 2040 1580 Ecclesia,
2068 1547 2101 1574 et
2120 1540 2182 1585 qui

1199 1589 1243 1622 ab
1263 1601 1299 1621 ea
1322 1589 1525 1629 discedunt,
1552 1596 1634 1623 sunt
1650 1589 1750 1633 impii
1774 1597 1808 1623 et
1823 1589 2013 1625 maledicti.

1301 1645 1336 1681 5.
1370 1645 1464 1690 Ergo
1481 1648 1542 1692 qui
1559 1659 1578 1680 a
1597 1648 1792 1681 ministerio
1802 1646 1979 1681 Ecclesiae
1995 1646 2187 1682 catholicae

1200 1698 1397 1736 discedunt,
1424 1705 1505 1731 sunt
1522 1698 1622 1741 impii
1640 1705 1675 1731 et
1690 1698 1878 1732 maledicti.

1301 1757 1338 1790 6.
1382 1754 1444 1789 Est
1469 1763 1585 1789 autern
1614 1756 1850 1789 ministerium
1869 1754 2045 1790 Ecclesiae
2062 1755 2185 1792 catho-

1202 1808 1305 1846 licae,
1332 1808 1493 1841 doctrina
1520 1806 1729 1851 apostolica,
1755 1807 1885 1841 tradita
1913 1808 1958 1840 ab
1983 1808 2067 1852 ipsis
2083 1808 2184 1854 Apo·

1201 1859 1318 1899 stolis,
1342 1865 1375 1892 et
1392 1863 1579 1902 propagata
1596 1869 1658 1901 per
1673 1864 1811 1891 sanctos
1829 1864 1955 1902 patres.

1301 1917 1335 1951 7.
1373 1915 1527 1951 Ecclesia
1554 1914 1726 1950 catholica
1758 1917 1928 1960 significat
1954 1930 2026 1951 non
2045 1924 2183 1952 tantum

1203 1975 1401 2013 praesentes
1436 1968 1635 2008 ministros,
1670 1968 1729 2001 sed
1754 1980 1963 2002 consensum
1985 1975 2186 2003 sanctorum

1203 2020 1246 2052 de
1265 2019 1425 2053 doctrina
1441 2019 1607 2052 omnibus
1626 2018 1855 2063 temporibus.

1305 2078 1339 2111 8.
1375 2076 1447 2120 Qui
1466 2078 1510 2110 ab
1531 2074 1597 2111 hoc
1612 2089 1785 2112 consensu
1809 2078 1975 2121 discedit,
2002 2079 2031 2114 is
2048 2068 2200 2114 dissenss

1204 2129 1248 2163 tit
1263 2129 1307 2162 ab
1323 2126 1477 2162 Ecclesia
1495 2126 1678 2164 catholica.

1307 2187 1341 2221 9.
1384 2187 1504 2230 Quare
1539 2189 1732 2232 prudenter
1762 2184 1953 2223 videndum
1988 2196 2055 2230 est,
2097 2191 2182 2236 quid

1204 2250 1394 2272 consensus
1412 2239 1606 2273 Doctorum
1626 2247 1658 2273 et
1674 2240 1813 2284 piorum
1833 2241 1869 2273 in
1886 2240 2078 2273 ministerio
2097 2254 2182 2286 pro-

1204 2290 1340 2323 baverit
1358 2290 1523 2323 omnibus
1539 2291 1757 2336 temporibus
1769 2317 1778 2331 ,
1805 2303 1850 2324 ne
1873 2301 1981 2323 novas
1995 2298 2028 2325 et
2046 2291 2182 2334 ignotas

2140 2342 2181 2377 ln

1204 2388 1296 2424 hanc
1319 2391 1525 2425 sententiam
1551 2392 1598 2425 ait
1625 2389 1858 2435 Augustinus:
1892 2389 2085 2434 Evangelio
2109 2405 2181 2427 non

1177 2461 1181 2495 ι
1205 2442 1380 2475 crederem
1393 2469 1402 2483 ,
1428 2442 1495 2475 nisi
1514 2441 1690 2476 Ecclesiae
1706 2439 1896 2475 catholicae
1916 2443 2106 2480 crederem.

1309 2500 1366 2533 10,
1407 2497 1454 2534 Et
1477 2501 1519 2533 de
1544 2500 1604 2532 illa
1620 2497 1775 2532 Ecclesia
1799 2496 1968 2534 catholica
1984 2507 2075 2534 recte
2091 2501 2181 2535 dici-

1204 2555 1280 2590 tur,
1305 2548 1498 2585 Ecclesiam
1516 2562 1587 2583 non
1603 2560 1730 2584 errare.
1781 2547 1927 2584 Retinet
1943 2551 2037 2584 enim
2052 2552 2182 2586 funda-

1203 2607 1379 2644 mentum,
1413 2602 1477 2637 etsi
1493 2600 1553 2635 alii
1567 2611 1709 2642 aurum,
1735 2599 1798 2635 alii
1818 2601 1964 2646 stipulas
1978 2603 2182 2648 supraaedi·

1203 2650 1318 2686 ficant.
