2324 2955
152 124 227 159 343

160 210 275 243 clusae
313 206 517 250 cupiditates
555 206 698 245 propter
733 198 937 230 mandatum
973 196 1058 240 Dei,
1111 202 1143 228 et

162 266 305 304 propter
328 256 420 290 hunc
445 253 606 286 ordinem
634 249 805 283 divinitus
830 247 1014 281 sancitum.

265 324 358 357 Ilaec
375 321 524 354 docendi
544 325 624 352 sunt
639 315 819 357 homines,
850 323 885 349 ut
908 315 1009 352 odia,
1036 321 1068 347 et
1084 326 1144 347 cu·-

165 376 343 422 piditatem
362 373 488 405 iniuste
504 369 654 403 nocendi
672 367 882 411 reprimant,
911 373 943 399 et
958 372 1146 408 agnoscant

165 426 324 459 ordinem
358 423 536 461 divinum,
570 426 602 452 et
633 425 775 462 propter
804 416 918 450 Deum
950 423 1148 449 reverenter

166 476 310 509 audiant
333 474 424 515 leges
450 479 483 505 et
515 471 747 513 magistratus,
800 467 894 500 llaec
920 467 1079 500 doctrina
1105 468 1146 499 ad

165 527 345 571 pietatem,
372 525 415 556 ad
433 522 600 566 regendos
619 531 751 558 mores,
779 526 812 552 et
833 519 875 550 ad
896 529 1012 562 pacem
1032 517 1149 561 publi-

166 589 240 610 cam
263 574 437 608 conducit.
496 573 567 606 Nec
593 578 674 604 sunt
699 567 782 602 haec
807 568 942 609 Stoica,
969 568 1148 610 seiungere

168 627 248 659 odia
272 633 303 658 et
327 624 600 668 disputationem
626 623 817 660 sorensem,
844 620 933 652 sicut
950 619 985 650 in
1013 626 1149 652 senato-

168 678 219 710 ria
236 675 488 708 deliberatione
504 672 639 715 seiungi
655 671 775 704 odium
793 676 825 702 et
842 670 927 703 alias
951 680 1074 713 pravas
1091 681 1151 702 cu-

168 727 329 771 piditates
354 737 492 758 necesse
516 730 575 757 est.
637 722 708 755 Lex
733 722 825 753 enim
848 720 892 755 sit
914 720 1152 763 gubernatrix,

169 789 242 810 non
257 788 357 809 coeca
375 775 558 818 cupiditas.

270 835 379 869 Docet
398 835 504 877 igitur
524 845 588 866 nos
606 833 697 865 filius
717 832 780 865 Dei
799 832 840 863 dc
859 831 963 863 rebus
981 829 1153 866 maximis,

169 899 246 920 cum
273 887 369 918 iubet
390 886 611 917 accedentem
634 883 677 916 ad
702 895 795 915 aram
815 882 911 925 prius
934 880 1152 913 reconciliari

168 937 278 969 fratri.
330 935 454 968 Cultus
475 946 546 968 esse
565 934 736 971 ostendit,
767 945 839 965 non
863 933 950 965 ritus
967 931 1152 964 sacrificio-

168 999 247 1020 rum
270 987 306 1018 in
332 986 469 1029 impiis,
501 986 560 1018 sed
590 985 665 1017 vult
697 984 897 1026 praelucere
920 983 1044 1021 fidem,
1079 982 1154 1013 vult

169 1038 273 1070 corda
298 1035 425 1069 habere
447 1047 558 1067 novae
581 1034 802 1067 obedientiae
826 1033 979 1072 semina,
1005 1033 1092 1064 sicut
1117 1032 1153 1063 in

168 1087 282 1121 Hosea
299 1087 428 1131 inquit:
458 1085 738 1118 Misericordiam
750 1084 829 1116 volo
846 1096 918 1115 non
937 1082 1154 1121 sacrificium,

169 1145 202 1171 et
225 1138 439 1180 agnitionem
465 1135 550 1179 Dei,
572 1147 644 1168 non
668 1133 882 1167 holocausta.
935 1132 1054 1177 ltaque
1074 1138 1154 1164 ante

168 1188 258 1221 ritus
288 1187 536 1220 sacrificiorum
571 1185 806 1219 reconcilieris
833 1183 951 1223 fratri,
993 1183 1152 1226 deposito

168 1239 263 1276 odio,
292 1238 423 1271 abiecta
440 1238 543 1270 etiam
561 1236 812 1276 controversia,
839 1235 868 1267 si
886 1234 951 1266 scis
971 1240 1002 1266 te
1024 1233 1152 1266 iniusta

168 1295 295 1333 petere.
346 1288 415 1321 Sed
436 1288 463 1320 si
482 1299 534 1319 res
553 1287 660 1320 dubia
678 1293 744 1325 est,
771 1291 928 1318 amanter
951 1284 1154 1327 paciscami-

168 1339 206 1371 ni
226 1350 286 1370 vos
305 1338 389 1379 legis
405 1349 524 1369 vocem
548 1342 788 1379 expectaturos
811 1341 846 1367 et
869 1334 1053 1366 audituros
1071 1344 1153 1366 esse.

167 1388 276 1432 Saepe
299 1388 393 1420 enim
415 1386 672 1420 controversiae.
694 1397 765 1417 non
790 1385 832 1416 ad
853 1390 885 1416 te
902 1383 1067 1422 unicum,
1093 1383 1151 1414 sed

166 1440 209 1471 ad
227 1445 333 1472 totam
357 1438 526 1470 familiam
539 1464 547 1477 ‚
572 1443 631 1469 aut
645 1436 687 1467 ad
711 1447 829 1478 pacem
852 1433 1029 1476 publicam
1045 1432 1154 1475 perti-

166 1497 268 1530 nent,
294 1495 333 1522 ut
349 1488 410 1520 illa
428 1487 566 1520 Ducum
581 1485 770 1525 Bavariae,
795 1485 838 1516 de
857 1495 924 1528 qua
945 1482 1028 1515 dixi.

267 1553 402 1588 Eadem
427 1559 477 1585 est
500 1550 669 1585 sententia
696 1549 796 1582 dicti:
824 1546 909 1581 Esto
931 1546 1153 1580 consentiens

166 1605 366 1640 adversario
388 1610 447 1636 tuo
466 1602 552 1640 cito,
584 1600 746 1633 videlicet
769 1598 927 1642 deposito
944 1598 1026 1630 odio
1041 1604 1074 1630 et
1091 1598 1154 1629 ab-

167 1658 252 1690 iecta
268 1653 525 1693 controversia,
558 1652 586 1684 si
609 1651 673 1684 scis
691 1657 723 1683 te
741 1650 870 1682 iniusta
890 1654 1021 1692 petere:
1049 1648 1105 1680 vel
1124 1648 1153 1680 si

166 1719 221 1740 res
240 1706 347 1739 dubia
367 1711 435 1744 est,
462 1709 620 1736 amanter
644 1700 868 1745 paciscamini
895 1711 957 1732 vos
982 1699 1097 1741 legum
1122 1705 1154 1731 et

167 1758 323 1790 iudicum
360 1766 478 1788 vocem
512 1759 752 1796 expectaturos
785 1757 818 1784 et
854 1750 1037 1783 audituros
1072 1760 1153 1782 esse.

166 1806 213 1840 Et
238 1807 380 1851 quidem
405 1804 538 1838 Graece
568 1803 695 1846 legitur
716 1801 798 1835 ἴσθι
824 1799 987 1844 εὐνοῶν,
1024 1800 1070 1833 sis
1093 1800 1153 1832 be-

167 1858 325 1892 nevolus.

268 1915 340 1949 Iam
365 1915 475 1956 cogita
500 1925 604 1958 quam
632 1911 866 1945 necessarium
894 1911 939 1943 sit
963 1907 1030 1942 hoc
1053 1920 1154 1952 prae-

165 1973 302 2010 ceptum
322 1966 357 1998 in
374 1964 546 2004 Ecclesia,
572 1964 608 1995 in
626 1963 695 1995 vita
712 1961 872 2006 politica,
896 1960 933 1993 in
951 1959 1155 1993 oeconomi-

167 2030 216 2052 ca.
270 2016 385 2058 Quam
414 2015 523 2048 multa
548 2012 733 2046 horribilia
758 2011 920 2045 incendia
945 2010 1098 2043 vidimus
1116 2010 1154 2042 in

165 2066 319 2101 Ecclesia
341 2073 417 2099 orta
445 2066 518 2098 sine
542 2064 624 2097 ullis
655 2063 746 2096 veris
774 2063 902 2102 causis,
935 2067 1073 2095 tantum
1097 2073 1154 2093 ac-

167 2129 266 2151 censa
291 2112 510 2162 φιλονεικείᾳ
534 2121 568 2147 et
591 2114 702 2153 odiis,
736 2113 864 2145 deinde
887 2119 999 2146 astute
1016 2111 1154 2156 quaesi-

168 2175 221 2201 tae
245 2175 326 2201 sunt
351 2163 588 2213 σκιογραφίαι
611 2161 777 2203 δικαίου,
815 2163 903 2196 sicut
921 2162 1019 2196 Plato
1038 2162 1154 2194 nomi-

168 2225 239 2251 nat.
292 2217 455 2250 Discessit
472 2229 511 2249 ex
530 2215 658 2249 nostris
675 2213 840 2247 Ecclesiis
857 2210 1047 2258 Staphylus
1071 2212 1153 2245 odio

171 2269 391 2312 quorundam
429 2268 578 2305 iniusto,
617 2265 715 2298 finxit
747 2275 866 2297 causas
894 2263 1154 2301 conscientiam,

169 2330 204 2351 se
238 2318 362 2350 veteris
392 2325 424 2350 et
454 2324 640 2360 perpetuae
670 2314 848 2349 Ecclesiae
881 2314 1054 2346 vindicem
1082 2325 1155 2345 esse

170 2369 278 2407 velle,
304 2380 381 2400 cum
399 2368 481 2400 sciat
500 2368 608 2400 multa
625 2379 716 2399 nova
742 2365 835 2398 idola
861 2361 922 2398 καὶ
940 2359 1154 2410 βδελύγμα-

168 2431 215 2452 τα
231 2431 248 2451 a
267 2417 460 2451 pontificiis
481 2417 620 2451 defendi
646 2428 788 2461 prorsus
814 2416 932 2459 ignota
959 2415 1068 2448 veteri
1085 2412 1154 2447 Ec-

170 2469 302 2502 clesiae.
363 2468 591 2501 Manifestum
616 2475 664 2500 est
689 2468 776 2500 alios
799 2467 969 2511 quosdam
987 2465 1069 2498 odio
1089 2477 1154 2496 no-

169 2520 248 2560 stri,
274 2531 346 2552 non
366 2519 456 2551 veris
473 2519 584 2550 causis
601 2519 766 2550 absurdas
781 2517 970 2550 sententias
989 2516 1154 2548 defende-

169 2582 217 2605 re.
269 2569 468 2606 Praeterea,
494 2576 531 2600 ut
555 2569 589 2600 in
616 2569 730 2604 febre.
758 2581 835 2600 cum
855 2568 890 2600 in
914 2568 1032 2609 lingua
1048 2566 1153 2598 bilio-

169 2632 226 2653 sus
247 2618 375 2653 humor
397 2620 589 2658 redundat,
621 2625 653 2651 et
678 2619 831 2663 reliquos
854 2616 1019 2651 humores
1037 2616 1154 2656 diluit,

167 2672 283 2705 dulcia
301 2671 405 2704 etiam
422 2670 574 2713 gustanti
594 2669 680 2702 fiunt
700 2681 832 2702 amara:
862 2669 908 2702 ita
926 2680 1025 2701 mens
1044 2667 1153 2700 livida

631 113 790 149 DECL.
828 110 903 145 DE
936 107 1231 144 ARCENDIS
1259 105 1291 141 A
1319 103 1514 140 COENA
1542 106 1578 142 S.
1606 115 1687 142 Ere,

2098 106 2172 143 344

1195 192 1295 225 facile
1317 192 1354 223 in
1379 190 1494 223 alieno
1519 202 1680 224 sermone
1704 190 1841 223 invenit
1867 192 1961 235 quod
1987 191 2180 236 displiceat.

1197 244 1270 276 Nec
1295 254 1377 274 vero
1402 247 1514 284 potest
1534 254 1605 274 esse
1628 254 1710 285 pax,
1738 242 1806 274 nisi
1832 241 1868 273 in
1886 242 2113 276 diiudicando
2138 244 2182 277 sit

1197 293 1345 332 sanitas,
1373 299 1406 325 et
1428 293 1560 324 candor
1583 290 1811 332 adhibeatur,
1839 293 1899 336 qui
1924 292 2099 325 interdum
2118 295 2183 327 ob-

1199 355 1296 376 scure
1326 349 1385 375 aut
1410 343 1572 385 ambigue
1604 343 1695 375 dicta
1724 343 1893 376 concinne
1926 343 2184 386 interpretetur.

1199 393 1367 436 Exempla
1403 393 1530 436 passim
1565 393 1668 425 obvia
1702 401 1794 428 sunt.
1871 393 2019 437 Scripsit
2054 394 2184 426 alicubi

1199 440 1406 484 Lametus,
1447 444 1516 476 duo
1547 455 1619 476 esse
1651 442 1874 477 Sacramenta
1906 444 2077 478 divinitus
2112 452 2184 478 tra-

1202 496 1291 534 dita,
1319 501 1450 527 caetera
1475 495 1593 527 addita
1618 506 1689 527 esse
1711 491 1863 526 humana
1882 496 2085 536 autoritate,
2113 507 2186 528 sce—

1203 547 1307 578 lerate
1339 542 1530 589 Staphylus
1567 545 1793 584 vociferatur,
1833 542 2026 577 Lutherum
2062 546 2187 587 dicere,

1203 596 1405 637 coniugium
1449 594 1603 628 humana
1647 596 1833 628 autoritate
1868 595 2067 628 institutum
2105 608 2188 636 esse,

1204 659 1281 679 cum
1299 653 1433 679 tantum
1458 647 1500 678 de
1523 647 1756 690 appellatione
1780 645 1995 679 Sacramenti
2011 643 2188 679 Lutherus

1205 698 1373 741 disputet:
1404 696 1461 729 An
1487 698 1709 739 coniugium,
1735 697 1829 741 quod
1847 708 1967 729 omnes
1990 703 2190 730 constanter

1204 749 1428 780 adfirmamus
1451 748 1621 781 divinitus
1644 748 1845 781 institutum
1875 759 1965 788 esse,
1998 748 2190 780 nominan-

1205 800 1289 831 dum
1327 799 1370 830 sit
1401 798 1665 831 Sacramentum
1704 799 1788 831 novi
1827 797 2068 831 Testamenti?
2118 797 2191 832 Res

1207 849 1386 893 perspicua
1410 856 1469 882 est.
1521 847 1568 882 Et
1594 856 1709 881 tamen
1732 850 1791 881 ille
1808 846 2020 893 sycophanta
2038 849 2192 891 peregri·

1205 912 1285 931 nam
1303 900 1509 933 sententiam
1528 900 1684 934 adfinxit.
1737 898 1843 932 Tales
1864 899 1939 931 ludi
1962 906 2044 932 sunt
2066 900 2192 932 adver-

1205 950 1396 990 sariorum,
1424 962 1512 994 quos
1533 957 1570 983 ut
1589 950 1680 983 filius
1697 949 1763 982 Dei
1786 961 1907 982 amans
1925 950 2080 982 veritatis
2097 961 2192 982 com-

1207 1008 1337 1044 pescat,
1365 1013 1559 1044 precemur.
1609 1000 1931 1044 Circumspectione
1952 1007 2069 1033 nostra
2090 999 2192 1033 vitari

1207 1052 1291 1083 tales
1332 1049 1620 1093 reprehensiones
1658 1064 1730 1083 non
1767 1058 1931 1094 possunt,
1971 1058 2010 1084 ut
2047 1051 2191 1084 dicitur:

1207 1098 1316 1134 οὐδέν
1333 1098 1633 1146 ἀλεξιφάρμακον
1650 1104 1715 1135 τοῦ
1735 1098 1974 1147 συκοφάντου
1993 1098 2193 1148 δήγματος.

1206 1152 1274 1185 Sed
1293 1164 1365 1184 non
1383 1159 1517 1185 tantum
1537 1149 1621 1184 haec
1637 1152 1852 1196 impudentia
1872 1152 2024 1184 ostendit
2045 1163 2102 1184 eos
2116 1163 2193 1184 ma-

1207 1203 1258 1234 lae
1283 1214 1404 1234 causae
1428 1209 1595 1245 patronos
1620 1214 1709 1243 esse,
1737 1209 1770 1235 et
1788 1202 1971 1244 indulgere
1988 1202 2095 1235 odiis:
2124 1201 2194 1234 Ve-

1207 1265 1286 1285 rum
1309 1260 1341 1285 et
1358 1253 1543 1295 parricidia
1568 1259 1618 1286 tot
1636 1265 1810 1285 annorum
1828 1253 1978 1285 illustria
2000 1252 2096 1295 signa
2112 1258 2195 1285 sunt

1206 1303 1291 1336 odii.
1345 1302 1386 1333 ln
1400 1302 1583 1344 Hispania,
1612 1304 1648 1333 in
1664 1302 1793 1340 Gallia,
1820 1303 1856 1333 in
1872 1302 2026 1344 Belgico,
2053 1310 2085 1336 et
2102 1302 2195 1335 mul-

1206 1352 1249 1384 tis
1264 1351 1349 1384 locis
1366 1352 1443 1384 aliis
1458 1363 1581 1392 magna
1600 1352 1746 1384 saevicia
1763 1352 1799 1383 in
1817 1352 1892 1395 pios
1906 1359 2095 1387 exercetur.
2147 1350 2195 1385 Et

1206 1400 1402 1445 Episcopus
1426 1402 1646 1435 Trevirensis
1670 1414 1765 1434 nunc
1788 1403 1830 1434 ad
1853 1409 2001 1434 veterem
2026 1402 2195 1435 Treviro-

1206 1463 1284 1483 rum
1302 1453 1444 1491 urbem,
1472 1464 1559 1495 quae
1577 1459 1609 1484 et
1624 1452 1709 1484 olim
1730 1452 1837 1483 fidum
1863 1448 2054 1494 hospitium
2071 1450 2195 1484 Eccle-

1207 1501 1277 1533 siae
1298 1501 1382 1539 fuit,
1420 1502 1606 1534 exercitum
1634 1501 1807 1541 admovit,
1840 1507 1878 1534 ut
1902 1501 1978 1544 pios
2007 1502 2056 1534 ibi
2083 1502 2194 1535 inter-

1206 1551 1307 1584 ficiat.
1368 1550 1463 1584 llaec
1487 1551 1708 1584 considerare
1730 1563 1791 1583 vos
1813 1552 1928 1589 decet,
1962 1559 2001 1585 ut
2025 1553 2194 1595 cogitetis,

1207 1613 1295 1646 quae
1312 1608 1344 1634 et
1360 1602 1421 1634 ubi
1439 1600 1666 1642 sitEcclesia,
1690 1602 1797 1646 etqui
1817 1603 1888 1635 sint
1903 1602 1975 1634 veri
1990 1603 2104 1635 sontes
2121 1603 2195 1636 dis-

1206 1652 1399 1693 sidiorum,
1436 1659 1476 1685 ut
1508 1651 1682 1685 Ecclesiae
1710 1652 1996 1686 coniunctionem
2030 1653 2195 1687 omnibus

1206 1703 1327 1735 officiis
1344 1703 1524 1738 tueamini.
1564 1703 1614 1736 Ac
1632 1710 1669 1736 ut
1686 1703 1722 1735 in
1739 1703 1833 1735 civili
1853 1704 2106 1736 consuetudine
2123 1704 2195 1737 dis-

1206 1754 1301 1786 cerni
1324 1754 1415 1787 cives
1437 1761 1469 1787 et
1496 1751 1611 1787 hostes
1637 1760 1794 1797 oportet,
1826 1760 1858 1787 et
1881 1754 2094 1787 neinfinitae
2110 1755 2194 1788 fiant

1206 1804 1470 1843 distractiones,
1506 1806 1677 1848 quaedam
1710 1805 1747 1836 in
1779 1804 1914 1837 civibus
1947 1805 2104 1837 insuavia
2138 1817 2194 1838 sa-

1206 1855 1342 1898 pienter
1359 1856 1539 1888 toleranda
1557 1862 1589 1888 et
1609 1856 1771 1888 lenienda
1789 1863 1891 1894 sunt,
1918 1861 1957 1888 ut
1975 1855 2100 1889 tolerat.
2117 1855 2193 1890 Sci-

1206 1906 1264 1949 pio
1283 1905 1484 1939 Tribunos:
1512 1906 1557 1938 ita
1584 1906 1620 1937 in
1636 1905 1791 1938 Ecclesia
1815 1906 1862 1948 pii
1880 1906 2058 1938 coniuncti
2081 1906 2117 1938 in
2134 1918 2194 1938 ve-

1206 1968 1244 1989 ra
1269 1956 1512 1996 invocatione,
1547 1956 1606 2000 qui
1628 1956 1762 1988 etiamsi
1788 1956 1917 1988 infirmi
1942 1963 2042 1994 sunt,
2077 1963 2194 1989 tamen

1207 2013 1289 2039 sunt
1312 2007 1457 2047 dociles,
1485 2007 1730 2040 discernantur
1755 2007 1799 2040 ab
1823 2004 1935 2040 atheis
1957 2013 1989 2039 et
2015 2007 2194 2040 idolorum

1207 2058 1465 2098 defensoribus,
1489 2058 1548 2103 qui
1566 2070 1643 2090 cum
1662 2058 1861 2091 universam
1873 2055 2048 2090 Ecclesiae
2062 2058 2194 2091 doctri-

1207 2120 1288 2141 nam
1306 2108 1445 2141 inanem
1460 2109 1614 2142 fabulam
1635 2120 1706 2141 esse
1721 2115 1892 2146 statuant,
1921 2115 2055 2141 tantum
2074 2120 2114 2141 eo
2136 2120 2192 2141 re·-

1207 2159 1322 2193 tinent
1354 2160 1481 2192 usitata
1517 2160 1629 2198 idola,
1664 2160 1746 2204 quia
1783 2159 1903 2192 vident
1933 2158 2192 2191 simulationem

1206 2210 1464 2253 superstitionis
1485 2211 1620 2243 adferre
1635 2210 1872 2253 opulentiam,
1899 2216 1931 2242 et
1951 2220 2096 2241 nervum
2120 2220 2192 2243 esse

1206 2261 1392 2304 potentiae.
1446 2260 1625 2294 Adversus
1641 2261 1736 2293 illam
1749 2260 1916 2293 Titanum
1933 2259 2089 2292 sobolem
2108 2271 2191 2292 con-

1206 2312 1317 2344 iuncti
1337 2311 1408 2345 sint
1432 2324 1532 2345 verae
1548 2311 1724 2345 Ecclesiae
1746 2311 1855 2350 cives,
1888 2321 1960 2341 non
1976 2310 2193 2353 praelientur

1206 2362 1298 2395 inter
1314 2374 1387 2395 sese
1403 2369 1440 2395 ut
1457 2362 1602 2396 Cadmei
1618 2363 1760 2400 fratres,
1787 2360 1845 2394 sed
1863 2360 2054 2403 cogitemus
2071 2360 2108 2393 in
2124 2359 2192 2395 hoc

1205 2413 1343 2455 agmine
1359 2410 1489 2446 Christi
1514 2414 1684 2457 plurimos
1703 2423 1774 2444 esse
1800 2418 1937 2444 teneros
1959 2417 1991 2443 et
2006 2411 2191 2454 languidos

1205 2464 1368 2502 comites,
1404 2465 1464 2508 qui
1493 2465 1539 2498 ita
1563 2463 1714 2497 ducendi
1738 2468 1838 2501 sunt,
1869 2474 1913 2494 ne
1936 2461 2060 2494 defessi
2078 2462 2191 2495 extin-

1205 2521 1375 2557 guantur,
1404 2516 1462 2547 sed
1488 2522 1526 2548 ut
1546 2514 1711 2558 paulatim
1730 2520 1913 2558 sequentes
1928 2512 2191 2553 confirmentur,

1205 2566 1247 2597 ad
1275 2577 1363 2610 quos
1389 2566 1492 2598 etiam
1520 2577 1598 2597 vere
1624 2564 1772 2606 pertinet
1799 2576 1864 2596 vox
1885 2562 2032 2596 Psalmi:
2057 2561 2111 2596 Ex
2131 2575 2191 2597 ore

1205 2615 1393 2649 infantium
1417 2623 1449 2650 et
1467 2614 1669 2648 lactentium
1694 2614 1866 2658 perfecisti
1885 2614 2036 2647 laudem.
2091 2612 2190 2646 Tali-

1204 2666 1269 2698 bus
1297 2667 1510 2710 parcendum
1545 2671 1614 2703 est,
1647 2677 1710 2698 nec
1743 2665 1825 2698 odio
1848 2664 2078 2698 exulceranda
2108 2671 2188 2698 sunt
