2324 2955
198 94 272 131 955

201 179 306 214 Facta
329 183 408 211 sunt
432 176 538 218 igitur
561 175 696 218 aliquot
718 174 866 217 praelia,
895 174 932 206 in
955 174 1084 219 quibus
1110 174 1177 207 Ze-

203 229 307 262 nobia
326 229 412 260 duce
429 225 612 269 aliquoties
622 223 776 258 Romani
793 224 960 257 exercitus
977 225 1070 268 pulsi
1087 230 1178 258 sunt.

204 279 362 312 Tandem
384 275 605 308 circumsessa
622 273 782 319 Palmyra
806 286 882 307 cum
900 274 1057 308 Zenobia
1081 287 1120 307 ex
1140 286 1178 307 ea

203 329 288 361 urbe
312 326 350 359 in
376 325 450 357 loca
470 325 598 358 tutiora
616 324 824 364 discederet,
850 332 1067 367 conspectam
1083 325 1119 358 in
1140 337 1178 357 co

203 377 326 410 itinere
351 373 564 408 Aurelianus
596 375 720 418 coepit.
779 374 846 407 llic
876 375 961 407 belli
992 375 1072 408 finis
1094 376 1178 415 suit3

202 427 281 458 viva
305 424 457 458 Romam
482 426 584 458 ducta
607 432 673 465 est,
709 425 770 458 ubi
795 425 831 457 in
858 423 1038 467 triumpho
1064 426 1180 469 splen-

203 475 381 509 didissime
397 482 518 508 ornata
536 487 676 508 currum
686 475 869 508 Aureliani
886 475 921 506 in
938 487 1062 517 magna
1078 477 1179 509 turba

203 526 436 569 captivarum,
463 525 643 559 antecessit
664 537 742 558 cum
760 525 840 557 filiis
860 531 893 557 et
911 525 1060 559 filiabus.
1111 525 1180 558 Po-

204 583 272 609 stea
291 586 490 608 concessum
509 583 558 609 est
573 575 767 615 Zenobiae,
794 573 975 608 utPtomae
994 587 1092 608 more
1108 576 1181 618 pri-
1204 583 1205 588 ¹

203 626 302 658 vatae
320 632 498 658 matronae
513 637 590 657 cum
606 625 743 658 filiabus
759 625 902 658 viveret.
956 624 1091 659 Rornae
1106 625 1181 659 Au-
1204 629 1206 645 ¹

203 676 357 708 relianus
385 687 463 708 cum
488 675 555 708 alia
577 676 746 719 quaedam
769 675 845 719 paci
869 675 968 708 utilia
990 676 1182 716 constituit,

203 732 277 758 tum
297 725 398 758 etiam
419 722 627 769 ἀμνηστίαν
645 725 777 764 sanxit,
805 737 848 757 ne
865 725 1094 766 audirentur,
1121 727 1181 770 qui

204 775 406 808 deferebant
429 775 518 807 male
544 776 678 808 locutos
702 776 744 808 de
764 775 994 818 principibus,
1046 775 1182 809 Deinde

203 836 323 858 rursus
351 836 391 857 ex
421 825 508 857 urbe
539 825 582 857 ad
609 825 742 857 bellum
766 824 989 857 Vindelicum
1015 826 1182 865 discessit,

203 875 266 908 ubi
282 873 388 907 Boios
412 886 499 918 quos
522 886 616 908 nunc
631 872 807 908 Bohemos
830 875 1053 908 nominamus
1070 887 1183 918 egres-

204 936 259 957 sos
289 935 328 956 ex
353 924 497 957 saltibus
519 925 591 958 suis
614 931 646 958 et
670 925 876 969 populantes
901 937 999 957 oram
1017 925 1183 958 Vindeli-

205 986 279 1007 cam
310 974 451 1017 repulit.
509 973 596 1007 Inde
628 975 803 1008 rediturus
838 975 873 1006 in
900 973 1085 1008 Orientem
1110 988 1184 1008 non

441 88 647 128 SCRIPTA
675 89 749 124 PII.
776 85 893 124 MEL.
921 87 986 123 AD
1014 88 1140 125 HIST.
1166 86 1308 124 PROF.
1337 85 1402 120 ET
1430 84 1618 123 PIIILOS.
1645 87 1963 125 SPECTANTIA.

1205 713 1206 725 ³
1233 700 1312 746 quia
1336 700 1436 732 multi
1461 706 1541 732 sunt
1566 700 1742 732 manifesti
1759 701 1903 732 furores.

1205 762 1207 770 ⁴
1233 757 1343 784 tustae
1361 750 1588 783 refutationes
1605 750 1751 793 scriptae
1767 751 1809 782 ab
1827 749 1968 783 Irenaeo
1982 757 2101 783 contra
2113 750 2212 783 Mar-

203 1024 326 1067 procul
343 1023 514 1068 Byzantio
539 1025 741 1057 interfectus
766 1031 814 1057 est
840 1036 858 1056 a
877 1024 1069 1066 militibus,
1096 1026 1185 1058 inci-

206 1184 335 1217 poenas
352 1173 501 1217 sumpsis
518 1185 667 1217 eumque
683 1173 803 1207 bestiis
822 1173 958 1207 obiecit.

534 1296 598 1329 De
633 1297 857 1330 Ecclesia.

306 1369 400 1404 Dum
424 1369 516 1403 inter
538 1382 609 1403 sese
630 1368 785 1404 Romani
809 1371 913 1403 duces
938 1372 1003 1404 sub
1021 1370 1186 1404 Gallieno

208 1420 479 1464 belligerantur,
506 1420 614 1453 crevit
630 1417 802 1453 Ecclesia:
830 1421 931 1453 multi
956 1421 1047 1453 enim
1073 1422 1187 1454 liben-

209 1471 278 1504 tius
305 1470 456 1514 amplexi
485 1476 566 1503 sunt
590 1470 784 1503 doctrinam
812 1471 854 1502 de
876 1483 957 1503 vero
981 1470 1074 1511 Deo,
1108 1483 1186 1504 cum

209 1521 370 1554 viderent
401 1520 548 1560 scelera,
581 1521 736 1560 furores,
771 1527 803 1553 et
835 1532 963 1563 poenas
997 1521 1185 1565 impiorum

209 1571 420 1615 principum,
447 1570 507 1614 qui
523 1570 616 1602 idola
633 1570 878 1604 defendebant.
932 1570 1045 1604 Simul
1062 1578 1187 1611 autem,

210 1628 247 1654 ut
264 1621 300 1653 fit
316 1621 353 1652 in
369 1620 634 1653 confusionibus
651 1620 878 1663 imperiorum
890 1647 898 1660 ‚
925 1633 1029 1663 prava
1047 1621 1187 1663 ingenia

210 1677 410 1714 sparserunt
432 1669 557 1713 impias
580 1670 776 1712 opiniones.
829 1668 880 1702 Ac
896 1670 1079 1713 praecipue
1097 1672 1186 1702 duae

210 1720 321 1753 suriae
358 1719 504 1752 diversis
537 1719 622 1751 locis
651 1719 751 1751 valde
785 1719 998 1761 perniciosae
1027 1720 1185 1752 fuerunt:
1211 1736 1212 1743 κ

212 1769 336 1802 Manes
350 1769 387 1801 in
402 1768 538 1807 Persia,
565 1780 583 1801 a
602 1780 671 1812 quo
690 1766 888 1801 Manichaei
906 1769 1079 1802 nominati
1096 1775 1187 1809 sunt,

213 1826 246 1852 et
261 1818 390 1852 Paulus
403 1817 650 1851 Samosatenus
665 1815 885 1853 Antiochiae.
937 1817 1187 1860 AuigitAure-

214 1868 302 1901 liani
324 1875 480 1912 tempora
505 1874 660 1912 uterque.
714 1867 929 1911 Imposturae
952 1875 1066 1901 autem
1085 1868 1186 1901 dissi-

211 1918 311 1950 miles
334 1918 488 1951 fuerunt.
541 1915 749 1950 Manichaea
774 1929 932 1961 pugnans
954 1929 1032 1950 cum
1057 1918 1185 1951 iudicio

212 1967 358 2001 rationis
396 1974 430 2001 et
462 1967 556 2000 civili
588 1968 841 2000 consuetudine
872 1968 983 2006 vitae,
1025 1969 1186 2008 absurda,

211 2024 426 2058 monstrosa,
458 2017 658 2058 barbarica,
692 2024 826 2061 spectro
849 2017 990 2058 similis,
1018 2029 1077 2051 seu
1100 2016 1187 2051 Chi-

212 2080 345 2109 merae,
378 2079 439 2101 seu
462 2065 637 2111 Empusae
668 2068 815 2101 conflata
848 2080 886 2100 ex
913 2068 1030 2101 stoicis
1058 2069 1187 2102 delira-

211 2118 357 2159 mentis,
383 2125 416 2151 et
435 2118 594 2151 fanaticis
618 2118 797 2151 furoribus
823 2129 861 2150 ac
888 2117 1060 2151 simulatis
1077 2119 1187 2152 adlla-

212 2169 316 2201 tibus.
375 2167 631 2202 Samosatcnica
652 2179 754 2208 vero,
788 2174 825 2201 ut
850 2168 939 2200 bella
966 2169 1186 2202 meretricula

212 2218 324 2251 fucata
362 2215 614 2262 philosophicis
655 2218 848 2257 coloribus,
904 2218 1105 2259 lasciviens,
1153 2226 1186 2253 et

212 2267 350 2301 blandis
381 2269 552 2301 illecebris
581 2267 734 2302 invitans
763 2269 896 2301 curiosa
921 2268 1078 2310 ingenia,
1112 2281 1185 2302 non

213 2323 295 2349 tunc
318 2318 468 2360 primum
492 2325 591 2359 nata,
617 2319 676 2351 sed
699 2325 798 2351 antea
823 2317 954 2351 Plotini
977 2319 1185 2362 disputatio-

213 2367 317 2400 nibus
334 2368 564 2401 Alexandriae
589 2375 734 2412 compta.
788 2367 959 2411 Cognosci
982 2376 1129 2414 utraqua
1146 2382 1184 2402 ex

214 2423 351 2449 nostrae
378 2419 497 2451 aetatis
521 2419 722 2461 spectaculis
745 2425 866 2461 potest.
927 2418 1079 2452 Furores
1099 2431 1184 2453 ana-

1211 1462 1213 1475 ”
1237 1455 1350 1490 Deum
1373 1456 1543 1490 converti.

213 2466 387 2510 baptistici
424 2468 552 2500 similes
587 2475 668 2501 sunt
699 2467 989 2502 Manichaeorum
1019 2469 1183 2503 Servetus
1208 2486 1210 2519 g

210 2516 406 2559 Hispanus,
432 2518 490 2561 qui
516 2518 577 2549 diu
601 2518 666 2551 suit
681 2519 717 2550 in
734 2520 919 2553 academiis
937 2517 1183 2553 Mahometicis

210 2567 247 2599 in
270 2566 456 2607 Numidia,
490 2566 781 2602 Samosatenicam
806 2570 902 2603 illam
924 2570 1180 2604 meretriculam
1206 2540 1210 2594 l

209 2617 246 2649 in
264 2614 436 2651 theatrum
454 2617 601 2650 reduxit.
1204 2598 1210 2657 l

2132 90 2208 125 956

1329 170 1418 204 Cum
1443 179 1558 205 autem
1581 184 1719 206 necesse
1741 174 1785 206 sit
1806 180 1922 207 vetera
1950 175 2138 208 certamina
2175 183 2208 208 et

1228 234 1328 255 verae
1342 220 1520 255 Ecclesiae
1543 223 1671 256 iudicia
1695 235 1816 263 nosse,
1844 236 1916 256 non
1934 227 2208 268 praetereundae

1229 279 1310 306 sunt
1333 269 1398 304 hae
1419 273 1650 305 maximarum
1673 286 1789 307 rerum
1807 275 2083 314 controversiae,
2109 288 2207 319 prae-

1229 323 1347 356 sertim
1369 334 1448 354 cum
1473 334 1526 355 res
1543 324 1719 361 ostendat,
1746 325 1781 357 id
1800 326 1893 369 quod
1910 323 2136 369 Thucydides
2153 326 2208 357 in-

1230 373 1323 418 quit,
1356 373 1532 413 accidere,
1559 380 1597 406 ut
1619 374 1730 406 donec
1747 376 1865 408 eadem
1882 373 2067 408 hominum
2085 383 2208 409 natura

1229 428 1365 461 manet,
1393 423 1522 455 similia
1538 424 1649 456 multa
1664 424 1834 460 accidant.

1331 488 1379 524 Ut
1403 497 1516 524 autem
1540 491 1582 523 de
1600 497 1738 524 nostrae
1754 492 1873 525 aetatis
1893 493 2138 525 controversiis
2157 504 2210 524 re-

1231 541 1319 575 ctius
1343 540 1497 573 iudicare
1518 541 1709 584 possimus,
1736 543 1876 584 prodest
1899 543 2038 576 collatio
2055 550 2209 576 veterum

1204 606 1205 616 ¹
1231 591 1462 625 certaminum
1480 598 1513 624 et
1530 591 1754 626 iudiciorum.

1333 649 1404 682 Nec
1440 649 1593 682 difficilis
1629 656 1678 682 est
1716 650 1877 683 refutatio
1910 647 2212 689 Manichaeorum,

1956 699 2002 733 Et
2020 707 2136 734 extant
2152 713 2211 732 ve-

1233 801 1388 840 cionem‚
1437 806 1470 833 et
1508 801 1552 832 ab
1587 798 1785 842 Augustino
1824 807 1943 833 contra
1975 798 2215 840 Manichacus,

1232 862 1317 895 quas
1342 851 1453 892 legere
1480 850 1637 883 eruditos
1661 850 1747 883 utile
1766 856 1835 891 est,
1863 857 1895 884 et
1913 851 2041 884 multae
2059 857 2214 884 recentes

1233 907 1352 933 contra
1372 899 1631 944 Auabaptistas.

1335 957 1494 991 Fuerunt
1515 965 1629 991 autem
1653 956 1736 991 baec
1756 959 1941 1002 praecipua
1962 960 2072 1003 capita
2096 959 2215 992 mani-

1235 1006 1358 1041 chaeae
1375 1014 1495 1040 sectae.
1554 1007 1601 1041 Ut
1614 1007 1722 1041 Stoici
1740 1009 1916 1041 dixerunt:
1945 1008 2023 1041 Duo
2042 1009 2214 1053 principia

206 1074 286 1108 tatis
316 1084 334 1105 a
357 1074 469 1106 scriba
491 1072 699 1114 Mnestheo,
743 1073 798 1105 cui
824 1073 1036 1106 Aurelianus
1065 1087 1185 1107 necem
1209 1079 1210 1097 ἒ
1235 1068 1308 1089 ‘³⁵⁵⁶
1333 1064 1463 1100 Panter
1485 1064 1643 1096 aetem&
1672 1059 1776 1090 Νοῦν
1802 1056 1862 1091 2ch
1887 1057 1993 1102 ὕλην,
2023 1059 2068 1092 Ῑῐῖὶ
2096 1058 2213 1091 Mssffl-

206 1123 388 1156 minitatus
405 1123 526 1163 suerat,
553 1124 611 1155 sed
629 1123 745 1156 statim
761 1123 929 1155 exercitus
946 1124 988 1155 de
999 1122 1185 1158 Mnestheo
1209 1143 1211 1149 v

1236 1105 1332 1139 cbaei
1364 1107 1434 1138 duo
1463 1106 1634 1148 principia
1662 1107 1794 1149 pariter
1819 1115 1977 1147 aeterna,
2009 1115 2039 1141 et
2066 1109 2156 1141 inter
2180 1121 2214 1141 se

1236 1156 1427 1200 pugnantia
1452 1155 1646 1194 finxerunt,
1672 1154 1812 1188 Bonum
1838 1163 1871 1190 et
1894 1156 2051 1196 Malum,
2074 1157 2216 1190 Bonum

1236 1205 1618 1246 nominaruntLucem,
1645 1205 1781 1239 Malum
1797 1207 1956 1239 tenebras
1973 1214 2004 1240 et
2022 1208 2216 1247 materiam,

1237 1268 1341 1300 quam
1371 1257 1552 1296 dixerunt,
1588 1256 1762 1289 malorum
1788 1257 1946 1289 omnium
1972 1269 2109 1290 causam
2133 1270 2215 1290 esse.

1238 1305 1348 1340 Orxos
1378 1318 1396 1338 a
1427 1306 1519 1338 malo
1549 1307 1779 1339 nominarunt
1802 1304 1952 1350 χοϊκοὺς
1973 1305 2034 1340 καὶ
2057 1305 2214 1346 &amos-g.

1237 1356 1311 1389 Hos
1330 1356 1511 1396 dixerunt,
1546 1356 1627 1400 quia
1646 1353 1814 1389 haberent
1832 1357 1962 1389 semina
1979 1358 2088 1390 malae
2107 1365 2216 1391 mate-

1237 1407 1328 1447 riae,
1365 1405 1559 1439 necessario
1589 1406 1751 1440 scelerate
1783 1407 1912 1447 facere,
1947 1419 2010 1439 nec
2041 1419 2139 1451 posse
2171 1410 2216 1441 ad

1598 1455 1727 1489 Contra
1752 1468 1833 1489 vero
1857 1464 1951 1490 ortos
1973 1469 1990 1490 a
2019 1458 2111 1491 bono
2130 1457 2217 1498 Deo,

1238 1507 1431 1539 necessario
1462 1512 1553 1538 recta
1585 1506 1715 1545 facere,
1750 1518 1813 1539 nec
1839 1508 1997 1540 damnari
2023 1519 2079 1541 eos
2104 1520 2216 1551 posse,

1238 1556 1318 1601 quia
1342 1556 1411 1589 sint
1436 1556 1473 1588 in
1500 1556 1548 1588 eis
1573 1555 1659 1588 lucis
1682 1557 1833 1596 semina,
1859 1569 1922 1589 nec
1941 1559 2051 1590 teneri
2069 1566 2125 1590 eos
2144 1559 2216 1600 lege

1238 1606 1340 1639 etiam
1364 1618 1442 1638 cum
1461 1605 1633 1638 contraria
1653 1606 1720 1648 legi
1738 1606 1884 1643 faciant,
1913 1607 1992 1651 quia
2009 1607 2061 1639 lex
2079 1614 2215 1641 tantum

1238 1656 1366 1688 iudicet
1382 1662 1476 1688 ortos
1493 1667 1512 1687 a
1527 1655 1681 1689 materia.

1340 1711 1390 1745 Ita
1411 1713 1606 1745 docuerunt
1629 1711 1747 1744 omnia
1771 1712 1965 1744 necessario
1988 1712 2080 1753 fieri,
2106 1713 2216 1746 bonas

1238 1769 1270 1794 et
1294 1762 1402 1794 malas
1428 1762 1601 1800 actiones,
1628 1768 1660 1793 et
1683 1772 1825 1804 prorsus
1848 1762 1982 1794 nullam
2002 1774 2072 1795 esse
2091 1760 2216 1796 huma-

1238 1823 1303 1844 nae
1324 1811 1515 1844 voluntatis
1538 1811 1733 1844 libertatem
1759 1811 1796 1842 in
1818 1811 1920 1844 bonis
1941 1820 1974 1845 et
1992 1813 2092 1845 malis
2109 1813 2216 1847 actio-

1238 1862 1342 1894 nibus
1361 1861 1588 1894 interioribus
1606 1867 1639 1894 et
1657 1861 1897 1894 exterioribus

1339 1918 1494 1953 Reiectis
1517 1919 1620 1951 etiarn
1643 1916 1854 1962 propheticis
1871 1925 1903 1952 et
1919 1920 2117 1962 apostolicis
2132 1922 2216 1954 scri-

1239 1970 1326 2014 ptis,
1351 1981 1482 2002 novum
1500 1967 1731 2011 Evangelium
1754 1970 1986 2012 scripserunt,
2012 1977 2044 2003 et
2063 1977 2103 2004 ut
2116 1978 2216 2005 ante-

1239 2020 1363 2053 cellere
1381 2019 1558 2052 communi
1576 2016 1759 2051 hominum
1776 2020 1996 2053 multitudini
2014 2027 2045 2054 et
2061 2020 2216 2054 semidei

1239 2070 1462 2109 viderentur,
1488 2069 1698 2102 simularunt
1714 2066 1968 2103 enthusiasmos
1982 2082 2041 2104 seu
2056 2071 2215 2109 adflatus,

1239 2120 1354 2153 subito
1384 2120 1421 2152 in
1443 2119 1544 2152 turba
1569 2131 1604 2152 se
1626 2119 1663 2151 in
1687 2126 1812 2153 terram
1837 2120 2038 2153 abiicientes
2063 2127 2095 2154 et
2120 2122 2214 2155 velut

1239 2170 1380 2204 attoniti
1402 2170 1463 2202 diu
1487 2175 1658 2210 tacentes,
1689 2170 1815 2202 deinde
1840 2177 2004 2215 tanquam
2029 2172 2213 2204 redeuntes

1239 2233 1278 2253 ex
1299 2232 1400 2263 specu
1417 2217 1643 2262 Trophonio,
1671 2226 1702 2253 et
1718 2221 1892 2263 plorantes
1910 2221 2017 2253 multa
2035 2221 2212 2253 vaticinati

1239 2278 1329 2303 sunt.
1384 2270 1530 2302 Prorsus
1552 2276 1589 2302 ut
1605 2268 1855 2314 Anabaptistae
1871 2281 1988 2303 recens
2002 2270 2157 2304 fecerunt
2176 2272 2212 2304 in

1239 2321 1410 2354 seditione
1432 2319 1737 2355 Monasteriensi„
1766 2319 1841 2353 Etsi
1867 2327 1979 2352 autem
2005 2320 2040 2351 in
2067 2321 2212 2363 quibus-

1238 2372 1318 2403 dam
1352 2371 1532 2403 manifesta
1567 2370 1742 2404 simulatio
1771 2371 1852 2409 suit,
1890 2376 2005 2402 tamen
2035 2370 2212 2415 aliquibus

1237 2422 1347 2465 reipsa
1372 2432 1388 2454 a
1412 2420 1561 2453 diabolis
1576 2421 1711 2453 furores
1727 2419 1897 2452 immissos
1915 2431 1986 2452 esse
2001 2427 2132 2466 certum
2151 2429 2210 2455 cst.

1237 2470 1431 2504 Finxerunt
1454 2471 1556 2504 etiam
1581 2470 1799 2513 coniugium,
1835 2469 2015 2512 politicum
2040 2471 2211 2512 ominem,

1236 2521 1480 2565 Magistratus,
1520 2527 1553 2554 et
1581 2521 1730 2562 iudicia,
1765 2531 1870 2562 opera
1898 2531 1986 2559 esse,
2020 2532 2092 2553 nou
2123 2521 2210 2554 lucis

1235 2582 1294 2604 seu
1323 2572 1409 2604 boni
1436 2570 1518 2612 Dei,
1552 2571 1610 2603 sed
1639 2569 1722 2602 mali
1752 2569 1928 2614 principii.
1995 2569 2043 2603 Hi
2075 2571 2209 2604 furores

1234 2622 1342 2656 multa
1363 2628 1449 2655 tetra
1465 2620 1609 2660 scelera,
1633 2619 1823 2653 libidinum
1849 2621 2070 2654 confusiones
2099 2629 2129 2655 et
2156 2633 2208 2653 sc-
