2324 2955
185 113 253 148 119

189 196 382 239 adprobare
404 200 511 227 artem
525 218 534 231 ‚
557 197 589 222 ct
611 188 695 221 baec
715 193 832 220 nostra
858 186 989 227 officia,
1014 197 1052 218 ac
1072 186 1160 219 velle

190 258 288 285 eum,
314 252 353 277 ut
375 242 532 276 homines
556 238 717 271 remediis
742 249 760 270 a
783 249 817 269 se
842 237 992 270 conditis
1009 243 1163 274 utantur,

190 295 281 328 velle
295 295 396 327 etiam
419 290 564 323 artifices
588 299 676 328 esse,
703 288 764 332 qui
788 293 896 320 artem
916 287 993 319 aliis
1017 288 1164 326 tradant,

193 352 226 377 et
243 342 393 376 remedia
412 338 608 378 exhibeant,
636 344 668 370 et
685 338 849 370 adiuvare
867 349 945 369 eum
964 336 1076 368 fidelis
1092 348 1165 367 me·-

193 394 262 426 dici
287 391 415 427 officia,
455 388 656 431 praesertim
688 387 882 419 invocantis
913 387 1045 429 ipsum,
1087 397 1164 417 cum

194 443 360 484 scriptum
379 439 436 471 sit:
466 437 518 470 Da
536 439 649 471 locum
667 437 818 476 medico,
844 448 925 468 nam
944 443 974 468 et
991 435 1167 468 Dominus

194 503 272 524 eum
289 489 436 525 creavit,
462 495 551 521 certe
568 488 642 521 vult
660 498 800 530 operam
824 493 978 519 nostram
1002 497 1074 518 non
1095 496 1166 517 esse

195 541 341 574 irritam.
394 537 459 570 llis
482 537 779 570 consolationibus
797 548 851 567 me
867 536 1053 575 confirmo,
1080 547 1168 578 quo-

195 590 259 622 ties
283 590 325 621 ad
351 594 565 630 aegrotantes
588 588 732 625 accedo,
765 592 797 618 et
821 586 924 617 simul
941 584 1054 618 Deum
1079 586 1167 616 vitae

194 640 327 672 sontem
356 645 389 670 et
418 637 652 670 remediorum
674 636 889 669 conditorem
917 647 998 672 oro,
1033 641 1071 667 ut
1097 634 1167 676 ipse

194 695 346 721 mentem
363 693 395 719 et
409 688 563 719 dextram
581 698 689 719 meam
706 686 885 728 gubernet.
912 684 991 718 Scio
1009 695 1167 726 magnam

196 749 268 771 esse
286 737 521 769 infirmitatem
538 743 682 769 naturae
698 733 871 767 humanae
884 761 893 774 ‚
932 746 994 766 nec
1016 734 1078 766 ulli
1096 745 1169 765 ma-

197 788 248 829 gis
263 786 329 820 boc
347 793 496 826 norunt,
520 798 625 829 quam
641 785 784 824 medici,
811 784 871 828 qui
889 784 1042 827 exempla
1060 784 1168 816 multa

198 838 337 876 vident,
365 842 395 867 et
411 847 508 878 saepe
526 843 671 868 cernunt
696 847 734 866 cx
758 835 893 866 levibus
915 833 1169 865 offensionibus

197 887 281 918 oriri
301 885 451 917 exitialia
469 885 569 923 mala,
596 897 694 927 saepe
713 884 989 915 convalescentes
1008 895 1079 914 non
1098 894 1167 914 ser-

197 943 276 968 vato
294 941 436 967 naturae
453 934 576 966 ordine
600 933 746 966 saevicia
768 933 945 965 redeuntis
968 933 1082 965 morbi
1111 944 1168 963 ex-

197 985 321 1027 tingui,
347 995 445 1026 saepe
468 990 561 1016 tanta
587 990 635 1016 cst
658 983 813 1026 corporis
833 983 1012 1022 debilitas,
1045 989 1083 1014 ut
1106 993 1169 1014 nec

197 1035 334 1072 cibum,
368 1045 432 1066 nee
457 1034 610 1065 remedia
634 1033 804 1066 admittat.
862 1032 956 1064 Haec
981 1032 1042 1064 etsi
1069 1032 1168 1071 fiunt,

198 1091 314 1116 tamen
348 1084 434 1115 ordo
466 1083 606 1115 divinus
634 1095 705 1114 non
737 1082 964 1124 negligendus
992 1088 1060 1121 est,
1096 1082 1170 1113 vult

196 1132 294 1167 Deus
311 1139 342 1165 et
357 1132 452 1165 cibos
469 1138 501 1164 et
518 1133 668 1164 remedia
687 1130 860 1171 exbiberi,
894 1132 928 1163 id
951 1131 1017 1164 rite
1035 1132 1110 1170 fiat,
1138 1137 1171 1163 et

197 1189 341 1216 eventus
371 1183 436 1225 ipsi
470 1184 743 1215 commendetur.
802 1181 890 1214 Nam
915 1187 948 1213 et
966 1180 1117 1213 amentia
1139 1186 1171 1212 et

198 1233 308 1265 scelus
328 1238 433 1272 esset,
460 1232 533 1264 seni
551 1239 609 1265 aut
624 1231 814 1274 aegrotanti
832 1242 874 1263 ne
892 1231 1007 1262 cibum
1030 1230 1169 1273 quidem

196 1284 299 1323 dare,
324 1282 406 1326 quia
424 1293 495 1314 non
512 1282 620 1313 simili
637 1282 814 1324 voluptate
838 1282 992 1317 fruatur,
1019 1286 1057 1311 ut
1076 1279 1172 1311 iuve-

197 1332 269 1370 nis,
296 1337 354 1363 aut
370 1337 461 1363 recte
478 1331 606 1365 valens.
660 1331 743 1371 Legi
762 1330 902 1362 divinae
928 1335 1031 1370 atque
1055 1329 1171 1359 ordini

197 1380 366 1412 divinitus
385 1379 515 1411 sancito
534 1379 832 1422 obtemperemus,
859 1374 1012 1409 etDeum
1029 1382 1172 1408 naturae

198 1430 413 1462 conditorem
433 1440 632 1471 precemur,
660 1434 699 1461 ut
722 1438 802 1467 nos,
828 1437 916 1470 quos
940 1425 1173 1467 languesactos

197 1480 324 1512 scelere
339 1478 490 1517 diaboli,
516 1485 631 1511 tamen
647 1478 684 1509 in
700 1475 764 1509 hac
782 1475 986 1508 infirmitate
1003 1486 1075 1506 non
1098 1475 1174 1507 vult

199 1529 313 1561 subito
329 1528 502 1569 extingui,
527 1534 656 1565 servet,
684 1534 717 1560 et
731 1526 900 1558 concedat
915 1525 1030 1567 aliqua
1048 1524 1173 1566 spacia,

200 1586 236 1611 ut
261 1576 450 1610 Ecclesiam
474 1577 563 1609 iuter
581 1588 644 1609 nos
668 1575 827 1617 colligat,
852 1585 955 1617 quam
977 1580 1015 1606 ut
1040 1585 1174 1616 semper

200 1629 235 1659 in
263 1625 317 1659 his
339 1627 540 1668 regionibus
563 1627 702 1668 colligat
728 1632 759 1658 et
784 1625 972 1667 gubernet,
996 1629 1068 1656 toto
1094 1635 1172 1656 eum

198 1684 335 1721 pectore
349 1688 422 1709 oro.
475 1675 566 1710 Dixi.

207 1874 272 1908 No.
293 1872 375 1907 147.
1000 1883 1027 1903 a.
1056 1872 1148 1904 1555.

966 1916 1173 1932 m

402 1978 475 2017 De
503 1978 677 2018 Salluis
706 1976 966 2017 saxonicis.

265 2046 502 2084 select-«Deciani.
526 2056 557 2082 T.
571 2055 617 2083 IV.
639 2066 666 2089 p.
680 2055 730 2081 805
744 2065 804 2090 sqq.
831 2056 946 2081 Servest.
960 2056 992 2083 T.
1006 2054 1054 2083 lv.
1074 2065 1100 2090 p.
1113 2056 1172 2083 278.

294 2091 420 2118 Richard.
436 2091 467 2116 Τ.
483 2090 516 2118 Η.
534 2100 559 2123 p.
574 2091 616 2115 39.

199 2182 324 2213 Oratio
362 2179 406 2212 de
436 2179 578 2212 Salinis
607 2178 828 2220 Saxonicz's3
873 2179 1029 2210 recitata
1061 2188 1084 2210 α
1117 2176 1170 2210 D.

330 2230 533 2271 Cas-paro
563 2227 812 2267 Guilelmo,
854 2227 1034 2260 IIallen-si.

196 2312 305 2361 Cogit
321 2316 480 2350 homines
496 2317 679 2351 necessitas
696 2316 913 2348 considerare
932 2315 1022 2348 vitae
1039 2317 1169 2358 praesi-

195 2370 270 2406 dia,
306 2368 465 2399 videlicet
491 2378 544 2398 res
569 2373 747 2399 nascentes
770 2367 916 2399 interra
945 2371 977 2398 et
1000 2365 1036 2397 in
1059 2367 1168 2410 aquis,

192 2418 398 2451 nutritionis
436 2423 469 2449 et
506 2416 747 2449 medicationis
778 2428 889 2450 causa.
964 2414 1048 2446 Item
1079 2423 1167 2449 artes

192 2469 319 2512 quibus
336 2479 450 2499 carere
469 2478 539 2498 uon
557 2477 755 2508 possumus,
781 2473 830 2506 ut,
857 2465 1029 2509 coquendi
1047 2472 1166 2506 artem,

191 2517 468 2559 Agriculturam‚
493 2514 828 2554 Architectonicam,
856 2514 1075 2555 Vestiariam‚
1098 2514 1165 2547 Fa-

191 2569 331 2599 brorum
350 2578 471 2609 operas
489 2572 521 2598 et
538 2565 634 2599 alias,
669 2564 735 2597 Sed
756 2562 819 2597 bac
835 2565 1035 2598 necessitate
1052 2564 1163 2598 voluit

188 2616 280 2650 Deus
297 2628 359 2648 nos
378 2615 656 2656 commonefieri,
683 2627 755 2647 non
772 2615 884 2648 solum
903 2622 941 2648 ut
966 2616 1008 2648 de
1031 2615 1162 2659 praesi-

735 102 892 139 DECL.
930 100 1005 136 DE
1038 100 1263 136 SALINIS
1298 97 1626 137 SAXONICIS.

2111 102 2184 136 120

1211 185 1277 218 diis
1302 184 1391 216 vitae
1413 189 1551 217 nostrae
1575 185 1781 228 cogitemus,
1808 185 1867 217 sed
1891 185 2014 225 etiam,
2040 190 2079 217 ut
2098 185 2186 217 ordo

1212 243 1244 268 et
1268 234 1412 267 consilia
1435 234 1477 265 de
1501 245 1567 267 usu
1592 247 1728 275 rerum,
1756 235 1895 279 quaein
1912 241 2006 267 tanta
2023 234 2186 267 varietate

1213 285 1298 317 mira
1317 290 1388 316 arte
1405 283 1609 316 distributae
1626 291 1705 317 sunt
1719 311 1728 325 ,
1755 286 1928 317 deducant
1950 295 2014 316 nos
2029 285 2071 316 ad
2088 283 2186 326 agni-

1215 335 1343 367 tionem
1368 332 1519 375 opificis‚
1555 340 1586 365 et
1610 333 1709 366 fateri
1732 346 1797 366 nos
1820 340 1961 377 cogant,
1992 345 2063 366 esse
2089 344 2187 365 men-

1215 391 1283 417 tem
1306 380 1633 422 architectatricem,
1666 395 1753 426 qnae
1770 396 1839 416 non
1858 385 1969 416 solum
1985 382 2189 415 sormaverit

1215 433 1332 466 omnia
1362 432 1487 464 mundi
1513 443 1674 475 corpora,
1709 439 1742 464 et
1763 441 1957 466 conservet:
2001 435 2057 465 sed
2084 432 2188 465 etiam

1216 482 1331 527 prosp'
1351 481 1429 515 fens
1457 479 1640 514 bominum
1665 483 1785 519 saluti,
1828 483 1874 515 sic
1906 482 2102 515 distinxerit
2136 492 2189 513 res

1217 539 1327 565 nasce'
1342 552 1345 553 ν
1361 542 1412 571 eS,
1445 538 1484 564 ut
1501 532 1683 574 praecipue
1702 532 1912 564 adminicula
1931 533 1999 565 sint
2018 530 2190 564 hnmanae

1217 583 1324 622 vitae,
1352 588 1385 614 ct
1401 582 1557 623 singulae
1574 581 1763 624 peculiares
1779 582 1946 614 utilitates
1965 582 2132 613 adferant.

1318 631 1573 664 Testimonium
1590 632 1695 674 igitur
1718 633 1760 664 de
1781 632 1892 674 seipso
1908 631 2002 665 Deus
2021 631 2192 668 conditor,

1218 688 1250 714 et
1267 682 1309 713 de
1324 681 1563 723 providentia,
1589 679 1686 723 hanc!
1695 679 1963 724 pulcherrimam
1983 692 2099 712 rerum
2117 681 2189 712 dis-

1217 731 1445 764 tributionem
1483 737 1516 763 et
1547 731 1786 763 oeconomiam
1817 742 1888 763 esse
1918 731 2039 765 voluit.
2118 729 2190 762 Nos

1218 793 1356 824 qnoque
1381 781 1612 823 intelligentes
1636 781 1716 814 secit
1744 788 1934 819 creaturas,
1961 787 1996 813 ut
2021 791 2116 812 suam
2136 779 2193 812 lu-

1218 843 1308 870 cem,
1342 829 1564 872 sapientiam,
1604 831 1794 863 bonitatem
1824 837 1855 862 et
1889 830 2058 862 iusticiam
2091 829 2193 860 nobis

1218 880 1472 920 communicet,
1512 880 1594 924 quia
1627 880 1759 912 bonum
1794 887 1842 913 est
1877 877 2092 913 κοινωνικὸν
2127 878 2193 911 sui.

1219 929 1256 961 ld
1287 930 1356 961 fieri
1387 941 1458 961 non
1488 936 1617 973 potest,
1652 930 1719 962 nisi
1742 940 1968 971 agnoscamus
1990 935 2022 961 et
2043 929 2194 961 celebre—

1217 990 1295 1011 mus
1321 991 1410 1011 eum.

1299 1027 1477 1062 Exuscitat
1497 1029 1603 1070 igitur
1619 1040 1682 1061 nos
1697 1029 1806 1061 adsui
1826 1028 2050 1071 agnitionem,
2079 1034 2195 1060 osten-

1219 1079 1264 1110 sis
1283 1079 1479 1112 illustribus
1496 1079 1702 1111 testimoniis
1718 1079 1760 1110 de
1776 1090 1866 1118 sese,
1896 1079 1932 1109 in
1954 1078 2113 1110 universa
2133 1089 2196 1109 na-

1220 1135 1314 1167 tura,
1354 1140 1441 1172 quae
1472 1140 1549 1160 cum
1579 1129 1775 1161 enumerari
1806 1128 1923 1160 omnia
1953 1139 2024 1159 non
2054 1127 2198 1170 possint,

1221 1177 1405 1221 praecipua
1424 1185 1538 1210 tamen
1558 1190 1692 1221 semper
1710 1179 1746 1210 in
1765 1184 1949 1220 conspectu
1969 1177 2055 1215 sint,
2082 1183 2121 1209 ut
2143 1186 2198 1208 as-

1222 1227 1416 1259 sensionem
1444 1229 1486 1259 de
1517 1228 1738 1270 providentia
1769 1228 1987 1260 confirment.
2057 1226 2198 1269 Nequa-

1223 1288 1327 1320 quam
1359 1288 1439 1308 casu
1473 1289 1511 1309 ex
1544 1276 1737 1310 Democriti
1772 1277 1895 1310 atomis
1930 1276 2098 1308 confluxit
2139 1273 2196 1307 hic

1223 1326 1355 1367 positus
1371 1325 1477 1364 coeli,
1503 1325 1611 1363 a'e'ris,
1639 1336 1747 1368 aquae
1764 1332 1796 1357 et
1814 1332 1939 1357 terrae.
1991 1325 2063 1357 Nec
2085 1325 2198 1356 sidera

1224 1385 1304 1406 casu
1321 1381 1502 1416 perpetuas
1517 1375 1607 1416 leges
1624 1381 1783 1407 motuum
1802 1381 1952 1413 servant,
1981 1386 2069 1418 quae
2087 1379 2199 1416 gratas

1225 1429 1258 1454 et
1272 1423 1374 1454 utiles
1391 1423 1544 1456 efficiunt
1568 1424 1705 1456 dierum
1729 1435 1768 1455 ac
1795 1424 1972 1462 noctium,
2005 1423 2143 1456 aestatis
2167 1429 2200 1456 et

1224 1470 1358 1516 hyemis
1376 1473 1477 1505 vices.
1530 1472 1600 1505 Nec
1616 1473 1690 1505 sine
1709 1472 1838 1505 auxilio
1854 1470 1921 1505 Dei
1936 1479 2031 1511 terra
2049 1479 2200 1516 quotan-

1225 1522 1279 1553 nis
1297 1522 1331 1554 fn
1349 1522 1538 1559 foecunda,
1565 1534 1627 1554 nec
1647 1534 1726 1555 casu
1743 1522 1872 1564 gignit,
1899 1522 2042 1565 stirpes,
2068 1532 2200 1561 succos,

1225 1572 1376 1604 metalla.
1429 1571 1589 1615 Denique,
1612 1572 1808 1605 intellectus
1830 1583 2057 1604 numerorum
2083 1578 2114 1604 et
2140 1583 2199 1604 or-

1225 1621 1333 1660 dinis,
1361 1628 1392 1653 et
1416 1621 1535 1653 lumen
1562 1621 1597 1652 in
1622 1621 1743 1661 nobis,
1777 1622 1978 1654 discernens
2000 1619 2144 1654 honesta
2168 1628 2201 1654 et

1226 1671 1359 1713 turpia,
1400 1678 1432 1703 et
1458 1669 1652 1703 horrendae
1678 1682 1810 1713 poenae
1836 1672 2003 1703 scelerum
2030 1671 2066 1702 in
2095 1672 2199 1704 corde

1226 1733 1297 1752 non
1315 1727 1503 1763 potnerunt
1521 1721 1626 1759 oriri,
1653 1721 1721 1754 nisi
1739 1722 1783 1754 ab
1803 1728 1941 1754 aeterna
1960 1727 2085 1763 mente,
2112 1732 2200 1764 quae

1227 1768 1317 1803 hanc
1333 1771 1443 1802 lucem
1461 1771 1498 1802 in
1518 1771 1692 1803 mentibus
1710 1777 1741 1804 et
1755 1772 1911 1805 accendit
1930 1778 1961 1803 et
1981 1778 2172 1804 conservat.

1330 1819 1430 1852 Talia
1449 1818 1515 1853 Dei
1531 1820 1672 1863 vestigia
1698 1821 1735 1853 in
1761 1821 1863 1854 nobis
1890 1821 1973 1863 ipsis
1996 1827 2028 1853 et
2054 1821 2089 1853 in
2115 1821 2199 1853 reli-

1227 1882 1294 1914 qua
1319 1876 1442 1902 natura
1465 1881 1565 1913 saepe
1590 1870 1807 1913 aspiciamus.
1872 1869 1917 1904 Et
1942 1870 2043 1903 Pauli
2067 1871 2200 1903 dictum

1227 1919 1430 1961 cogitemus:
1485 1919 1573 1953 Tam
1608 1932 1716 1964 prope
1749 1921 1852 1953 nobis
1886 1921 2051 1953 omnibus
2084 1921 2202 1953 adesse

1226 1968 1357 2010 Deum,
1385 1981 1472 2012 pene
1489 1977 1527 2003 ut
1544 1971 1751 2004 contrectari
1769 1972 1931 2004 manibus
1951 1971 2077 2014 possit,
2104 1977 2135 2003 et
2162 1970 2199 2002 in

1226 2031 1266 2052 eo
1284 2031 1347 2052 nos
1364 2019 1499 2057 vivere,
1524 2020 1657 2053 moveri
1681 2028 1713 2054 et
1735 2032 1816 2054 esse.
1866 2019 1911 2054 Et
1938 2020 2105 2053 beneficia
2126 2020 2200 2053 eius

1225 2077 1391 2112 perpetuo
1415 2081 1657 2112 agnoscamus,
1683 2077 1715 2104 et
1739 2071 1828 2113 grati
1852 2071 2065 2104 celebremus
2087 2076 2119 2103 et
2144 2070 2200 2102 in-

1225 2120 1438 2162 telligamus,
1472 2120 1560 2152 velle
1584 2132 1681 2160 eum,
1711 2133 1774 2153 nos
1800 2121 1864 2164 ipsi
1893 2121 2089 2154 conformes
2114 2131 2198 2153 esse.

1224 2168 1319 2201 Haec
1336 2170 1436 2202 initia
1454 2176 1533 2203 sunt
1551 2182 1651 2203 verae
1668 2177 1699 2204 et
1718 2171 1929 2204 necessariae
1944 2169 2159 2212 disciplinae.

1324 2218 1365 2252 In
1401 2217 1491 2252 hauc
1522 2221 1885 2253 commemorationem
1917 2232 1991 2253 sum
2023 2219 2198 2261 ingressus

1224 2268 1318 2309 ideo,
1344 2269 1425 2313 quia
1449 2269 1605 2303 dicturus
1629 2272 1672 2303 de
1695 2271 1880 2310 beneficio,
1908 2271 1999 2314 quod
2019 2267 2113 2301 Deus
2136 2281 2197 2312 pa-

1222 2319 1309 2351 triae
1332 2331 1428 2352 meae
1452 2320 1565 2360 dedit,
1591 2320 1819 2353 rectissimum
1845 2331 1916 2353 esse
1939 2319 2110 2356 iudicavi,
2137 2331 2197 2352 or-

1221 2368 1288 2400 diri
1311 2369 1354 2400 ah
1376 2366 1439 2402 bac
1462 2369 1814 2410 commoueffictione,
1847 2371 1890 2402 de
1913 2369 2106 2413 praesentia
2130 2367 2195 2402 Dei

1220 2430 1255 2450 in
1285 2425 1419 2451 natura.
2020 2449 2023 2450 γ

1320 2467 1476 2501 Primum
1516 2468 1640 2511 igitur,
1687 2468 1822 2501 affirmo
1851 2470 1977 2503 Salem
2018 2468 2193 2510 singulare

1217 2515 1282 2550 Dei
1305 2529 1393 2561 opus
1412 2530 1503 2557 esse,
1529 2518 1620 2551 vitae
1643 2529 1828 2560 corporum
1850 2525 2049 2552 nostrorum
2074 2529 2193 2551 neces-

1216 2567 1367 2605 sarium,
1402 2575 1435 2602 et
1458 2568 1535 2601 Deo
1558 2567 1685 2609 gratias
1707 2578 1792 2610 ago,
1818 2569 1913 2612 quod
1937 2569 1972 2602 id
1998 2578 2086 2611 opus
2108 2579 2193 2600 con-

1214 2617 1304 2650 didit
1323 2623 1354 2650 et
1377 2624 1501 2652 servat.
1552 2615 1690 2651 Deinde
1714 2623 1747 2652 et
1773 2629 1812 2651 eo
1836 2619 1962 2661 gratias
1986 2629 2069 2661 ago,
2096 2619 2191 2663 quod
