2324 2955
213 116 284 150 219

324 197 493 240 Magnum
528 193 632 225 decus
657 195 708 222 est
735 188 773 220 in
805 187 942 221 dicente
968 188 1189 223 verecundia.

223 249 451 284 Existimatur
476 242 568 275 enim
592 239 868 282 magnitudinem
896 245 929 272 et
952 237 1191 271 difficultatem

224 300 338 342 operis
361 296 414 329 sui
435 293 551 337 aliquo
576 291 681 323 modo
706 289 916 331 intelligere,
942 287 1003 332 qui
1021 288 1062 320 ad
1080 285 1192 321 hone-

226 357 314 382 stum
343 350 496 382 coetum,
524 342 594 373 imo
618 340 678 384 qui
705 340 747 372 ad
772 337 903 372 Christi
929 345 961 371 et
976 335 1192 380 Angelorum

225 397 343 430 oculos
360 400 462 437 atque
477 402 576 425 aures
596 389 839 423 verecundiam
858 389 979 423 adfert.
1023 387 1095 430 Qui
1111 399 1192 421 vero

224 457 336 490 neque
362 445 404 476 de
426 443 549 481 rebus,
577 451 689 484 neque
714 440 756 472 de
774 450 931 472 sermone
949 438 1089 471 solliciti
1105 444 1196 478 sunt,

226 498 283 530 scd
302 494 426 528 stolide
446 491 681 526 vociferantur
699 490 742 522 de
759 489 863 522 rebus
888 488 1015 532 ignotis
1029 514 1038 528 ,
1064 494 1097 521 et
1118 499 1194 521 sor-

226 547 308 580 dido
333 556 371 577 ac
396 554 518 588 spurco
541 552 699 575 sermone
723 550 777 573 res
800 539 938 572 divinas
957 544 1197 582 corrumpunt,

229 604 287 630 aut
321 595 426 628 etiam
459 592 703 626 scurrilitatem
730 590 886 630 addunt,
922 601 990 633 qua
1007 588 1126 626 multi,
1159 594 1198 621 ut

229 646 395 687 Gorgone
410 643 558 688 populos
575 647 718 681 terrent,
733 640 770 672 in
785 637 840 672 his
858 639 955 672 nulla
970 638 1198 672 verecundiae

226 694 431 739 significatio
457 699 518 726 est.

328 743 465 778 Accidit
481 742 546 775 hoe
564 752 720 785 quoque,
746 741 839 784 quod
857 751 929 772 non
953 738 1141 772 adsuefacti
1156 737 1198 770 ad

229 803 318 831 recte
343 793 559 838 loquendum
582 791 618 823 in
644 791 793 823 aliorum
818 790 1037 823 eruditorum
1064 788 1200 832 scriptis

227 845 371 891 phrasin
383 870 392 884 ,
419 850 452 876 et
466 841 704 874 membrorum
720 839 842 873 seriem
861 840 1014 873 iudicare
1031 851 1103 872 non
1121 849 1200 882 pos-

227 903 326 935 sunt,
351 894 448 927 cuius
465 892 515 925 rei
531 890 712 923 manifesta
729 890 882 932 exempla
897 890 1091 929 cernimus,
1120 899 1199 921 cum

227 947 407 982 audimus,
435 942 599 981 ludaeos,
626 940 893 983 interpretantes
913 939 1113 973 dulcissima
1130 938 1200 972 Da—

228 997 319 1031 vidIs
339 993 491 1027 carmina
504 1018 512 1032 ‚
537 989 576 1023 hi
591 1002 670 1023 vere
686 995 768 1023 sunt
785 990 875 1023 asini
893 990 934 1022 ad
953 990 1075 1034 lyram.

330 1043 375 1078 Et
393 1054 491 1086 saepe
508 1041 604 1074 aliud
622 1038 778 1085 cythara,
805 1040 901 1073 aliud
920 1051 979 1083 pes
995 1045 1104 1076 sonat,
1123 1049 1201 1071 cum

229 1100 501 1139 interpretantur
517 1090 667 1124 Paulum
684 1087 838 1122 Thomas
850 1116 858 1130 ,
885 1096 917 1122 et
934 1089 993 1121 illa
1012 1095 1081 1121 tota
1100 1088 1201 1121 turba

230 1148 475 1180 illiteratorum
488 1168 497 1182 ,
524 1141 584 1185 qui
599 1151 662 1172 nec
682 1137 826 1183 phrasin
839 1166 848 1180 ,
872 1152 934 1172 nec
950 1137 1203 1182 sapientissime

231 1197 413 1239 cogitatam
429 1190 670 1226 oeconomiam
696 1189 943 1233 disputationis
960 1188 1204 1222 considerave-

231 1254 325 1281 runt.

330 1294 438 1328 Multi
455 1292 547 1335 apud
566 1296 706 1329 veteres,
733 1297 810 1321 cum
829 1300 847 1320 a
861 1287 1047 1331 principali
1065 1293 1204 1319 senten-

229 1348 276 1380 tia
293 1345 387 1377 velut
403 1353 501 1375 caeca
515 1346 614 1372 nocte
628 1339 828 1380 navigantes
844 1338 1061 1375 aberrarent,
1087 1342 1205 1378 postea

230 1394 411 1437 allegorias
436 1391 567 1423 insulse
591 1389 759 1427 fixerunt,
792 1393 831 1420 ut
862 1386 898 1418 in
919 1385 1032 1429 poetis
1058 1397 1129 1417 non
1150 1385 1204 1424 in-

231 1444 388 1482 innectis,
416 1448 536 1475 contra
554 1450 640 1484 quos
657 1436 857 1480 gravissime
874 1436 1001 1468 tradita
1019 1441 1068 1467 est
1085 1435 1208 1466 admo-

231 1497 320 1530 nitio
338 1490 549 1537 Epiphanii‚
577 1488 675 1521 cuius
691 1485 776 1519 haec
793 1486 897 1518 verba
923 1490 1022 1517 sunt:
1050 1481 1095 1516 τὰ
1119 1483 1205 1516 θεῖα

232 1544 392 1590 (duma,
428 1539 472 1574 οὐ
503 1535 623 1572 πάντα
658 1532 875 1582 ἀλληγορίας
906 1531 1021 1567 δεῖται
1055 1531 1128 1566 ἀλλ’
1159 1530 1207 1570 ὡς

233 1576 312 1639 istit.
350 1587 510 1636 θεωρίας
526 1585 564 1622 δὲ
581 1585 693 1621 δεῖται
711 1583 772 1618 καὶ
789 1580 995 1628 αἰσθήσεως
1020 1583 1068 1620 εἷς
1088 1580 1129 1615 τὸ
1157 1582 1207 1615 εἶ-

233 1633 333 1680 &brou
355 1638 506 1683 ἑκάσιης
525 1634 735 1672 ὑποθέσεως
759 1632 826 1678 τὴν
844 1630 1019 1676 δύναμιν.

334 1693 456 1726 Sermo
490 1688 631 1722 divinus
664 1697 736 1717 non
777 1684 908 1728 ubique
940 1683 977 1715 in
1008 1681 1208 1724 allegoriam

234 1740 535 1779 transformandus
551 1744 611 1777 est,
627 1737 684 1768 sed
701 1734 816 1767 nativa
836 1733 1007 1766 sententia
1024 1732 1209 1765 retinenda

237 1803 304 1828 est:
332 1789 566 1825 adhibeantur
591 1793 705 1819 autem
730 1784 918 1827 speculatio
949 1790 981 1815 et
1008 1793 1146 1821 sensus,
1173 1787 1211 1814 ut

236 1847 271 1878 in
289 1842 445 1888 quolibet
461 1844 664 1880 argumento
683 1834 822 1878 propria
848 1832 1018 1865 sententia
1041 1837 1211 1865 teneatur.

235 1895 380 1928 Necesse
397 1896 444 1923 est
461 1888 554 1921 enim
572 1888 685 1919 sontes
704 1884 882 1916 doctrinae
908 1883 945 1914 in
961 1880 1116 1915 Ecclesia
1138 1893 1212 1914 cer-

235 1954 288 1979 tos
312 1954 393 1975 esse.
448 1939 518 1972 Nec
540 1936 831 1970 transformentur
858 1933 895 1964 in
921 1932 1123 1974 allegorias,
1158 1931 1212 1963 lex

236 1993 397 2031 moralis,
423 1987 606 2033 promissio
632 1984 779 2027 gratiae,
813 1989 846 2015 et
877 1982 1015 2015 articuli
1041 1981 1213 2026 Symboli,

237 2052 276 2077 nt
309 2042 470 2075 scelerate
504 2037 586 2070 facit
608 2033 853 2067 Thammerus.
906 2031 1063 2065 Postulat
1098 2038 1213 2064 autem

237 2090 458 2137 Epiphanius
476 2085 635 2120 adhiberi
663 2080 829 2128 θεωρίαν
853 2094 912 2115 seu
930 2081 1213 2126 speculationem,

241 2146 275 2176 in
302 2141 447 2184 singulis
471 2135 750 2172 narrationibus,
776 2145 863 2177 quae
886 2132 1103 2171 considerat,
1130 2130 1214 2175 quid

243 2193 426 2235 scriptores
456 2189 570 2222 dicere
600 2192 658 2218 aut
684 2195 782 2225 agere
809 2182 1003 2222 voluerint,
1037 2182 1214 2226 quomodo

244 2242 379 2284 singula
398 2239 552 2271 membra
569 2234 806 2270 consentiant,
834 2233 877 2264 ad
901 2243 1002 2275 quem
1023 2232 1126 2263 finem
1144 2237 1215 2264 tota

245 2291 355 2325 oratio
373 2290 501 2322 directa
520 2287 574 2320 sit.
600 2284 695 2318 Haec
712 2290 751 2316 ut
767 2282 861 2315 cerni
879 2288 911 2314 et
927 2281 1114 2314 monstrari
1134 2292 1215 2324 pos-

246 2344 334 2380 sint,
361 2350 496 2372 necesse
520 2343 568 2369 est
592 2344 788 2367 sermonem
813 2331 983 2373 intelligi,
1009 2338 1042 2364 et
1066 2332 1107 2364 ad
1125 2337 1215 2364 recte

246 2391 464 2435 loquendum
484 2386 711 2419 assuefactum
729 2394 818 2423 esse,
842 2388 882 2415 ut
897 2381 1060 2414 constitui
1083 2381 1217 2424 possint

247 2440 483 2476 definitiones,
511 2433 729 2468 cohaerentia
748 2432 924 2471 connecti,
950 2438 983 2464 et
1008 2430 1129 2463 divelli
1144 2442 1216 2463 non

248 2489 478 2525 cohaerentia,
494 2492 526 2518 et
542 2490 826 2527 argumentorum
844 2482 946 2515 series
961 2480 1125 2523 conspici.
1161 2479 1217 2513 Ad

248 2541 309 2575 lias
329 2551 382 2573 res
396 2537 560 2571 maximas
578 2545 664 2577 opus
680 2540 746 2573 est,
772 2531 836 2566 hac
855 2531 1137 2576 praeparatione,
1163 2530 1218 2562 vi-

249 2591 390 2631 delicet,
417 2586 482 2622 hoc
506 2584 621 2621 studio
649 2590 741 2617 recte
766 2582 954 2628 loquendi,
980 2588 1012 2616 et
1029 2580 1109 2626 styli
1120 2591 1218 2614 exer—

249 2649 341 2676 cilio.

688 103 845 139 DECL.
878 100 954 136 DE
985 100 1138 137 CURA
1178 101 1373 139 RECTE
1414 103 1727 150 LOQUENDI.

2139 110 2214 144 220

1342 188 1428 223 Vult
1447 196 1560 223 autem
1586 198 1619 225 et
1641 203 1779 227 sensum
1796 189 2014 237 Epiphanius
2038 193 2214 235 accedere,

1243 241 1279 273 id
1296 246 1362 279 est,
1388 238 1667 283 Experientiam,
1698 255 1786 288 quae
1810 243 2060 276 vocabulorum
2084 243 2217 286 signifi-

1244 290 1415 324 cationem
1433 290 1595 326 ostendit.
1649 292 1745 334 Quid
1761 293 1842 332 vita,
1868 304 1980 334 mors,
2006 293 2118 333 dolor,
2144 294 2216 326 lae-

1244 340 1323 374 ticia
1337 366 1346 380 ‚
1379 339 1451 380 lex,
1486 347 1681 383 peccatum,
1711 343 1834 384 timor,
1870 342 2074 387 promissio,
2113 342 2218 386 fidesl,

1245 389 1455 430 consolatio,
1479 390 1639 432 dilectio,
1666 392 1805 434 odium,
1836 393 2028 433 dubitatio,
2055 398 2219 425 constan-

1247 441 1315 480 tia,
1341 440 1574 474 inconstantia
1592 441 1803 484 significent,
1828 443 1902 476 sine
1927 441 2140 487 experientia
2157 452 2221 474 ne—

1247 502 1305 523 mo
1321 490 1432 525 novit.
1483 488 1530 524 Et
1548 491 1694 535 expertis
1713 503 1814 525 curae
1830 499 1899 533 est,
1925 499 1965 526 ut
1988 494 2030 526 de
2045 490 2101 524 his
2116 491 2221 525 tantis

1248 541 1351 573 rebus
1372 540 1511 584 proprie
1535 548 1569 574 et
1592 542 1755 575 distincte
1770 542 1981 586 loquantur?
2009 541 2105 584 Quid
2124 541 2220 574 enim

1253 597 1333 623 sunt
1349 591 1585 623 enarrationes
1601 592 1747 635 scriptae
1764 603 1781 624 a
1796 589 1983 624 Monachis
1999 592 2041 624 de
2062 591 2223 633 gravissi-

1251 641 1315 673 mis
1330 640 1432 673 Pauli
1448 640 1763 684 disputationibus,
1790 642 1825 673 in
1842 642 1971 686 quibus
1984 652 2048 673 nec
2070 641 2222 673 vocabu-

1249 691 1299 728 la,
1328 702 1390 723 nec
1405 702 1458 723 res
1476 691 1734 733 intellexerunt,
1760 692 1828 724 nisi
1846 693 1940 736 quod
1958 691 2102 724 dicitur:
2130 686 2224 724 πάν-

1249 752 1294 774 τα
1309 738 1378 785 μία
1393 737 1504 778 κόνις.

1353 806 1479 839 Totam
1505 805 1609 848 igitur
1632 804 1722 839 hanc
1737 807 1953 849 diligentiam
1970 807 2005 840 in
2021 806 2136 841 studio
2152 806 2225 839 sor-

1253 857 1401 889 mandae
1423 856 1594 889 orationis
1625 857 1735 890 sciant
1763 857 2018 897 adolescentes,
2052 864 2084 890 et
2107 857 2150 889 ad
2173 867 2226 888 sa-

1252 906 1417 950 pientiam
1454 912 1487 938 et
1520 906 1563 939 ad
1588 906 1716 940 multas
1754 907 1899 940 virtutes
1932 908 2145 944 conducere,
2192 912 2226 938 et

1252 968 1351 1000 saepe
1377 956 1615 989 dulcissimum
1648 968 1785 989 versum
1812 955 1958 989 Homeri
1988 957 2159 999 cogitent,
2189 955 2227 986 in

1253 1019 1321 1051 quo
1340 1006 1521 1049 coniungit
1537 1003 1621 1039 haec
1636 1008 1705 1039 duo
1724 1006 1924 1040 excellentia
1943 1013 2146 1040 ornamenta
2164 1002 2230 1037 ho-

1253 1068 1375 1089 mlnlsz

1336 1122 1382 1152 coi
1397 1120 1428 1151 δ’
1445 1121 1487 1151 {vi
1501 1121 1557 1160 μὲν
1570 1121 1677 1162 μορφὴ
1693 1120 1805 1161 ἐπέων,
1828 1121 1869 1152 ἐνὶ
1887 1121 1919 1152 δὲ
1935 1120 2041 1162 φρένες
2057 1120 2176 1151 ἐσθλαί,

1329 1178 1436 1206 Forma
1453 1179 1506 1206 tibi
1522 1180 1636 1217 eloquii
1659 1184 1720 1214 est,
1749 1184 1790 1206 est
1807 1184 1833 1206 et
1853 1179 1995 1216 sapientia
2014 1178 2129 1205 mentis.

1256 1239 1469 1273 Meministis
1502 1240 1574 1273 dici
1607 1238 1840 1272 characterem
1873 1246 1906 1273 et
1942 1240 2088 1282 effigiem
2124 1238 2233 1271 animi

1256 1290 1462 1327 orationem,
1487 1291 1580 1331 quod
1599 1289 1788 1331 antiquitas
1808 1291 1849 1320 de
1866 1290 2024 1321 moribus
2040 1289 2233 1331 usurpavit.

1256 1336 1356 1370 Nihil
1385 1337 1533 1370 dubium
1563 1344 1612 1369 est
1645 1344 1877 1370 monstrosam
1910 1344 2072 1370 naturam
2100 1349 2170 1370 esse
2196 1338 2233 1369 in

1258 1387 1347 1426 illis,
1374 1399 1523 1431 qnorum
1542 1393 1736 1419 monstrosa
1751 1394 1800 1419 est
1819 1387 1941 1428 oratio,
1968 1388 2026 1420 sed
2044 1388 2153 1430 magis
2168 1385 2234 1420 hoe

1258 1437 1297 1469 in
1312 1435 1467 1470 Ecclesia
1484 1437 1710 1469 considerate.

1360 1500 1534 1535 Omnium
1558 1501 1788 1534 fanaticorum
1823 1498 2008 1535 hominum
2041 1511 2236 1539 monstrosa

1260 1559 1311 1586 est
1337 1552 1467 1592 oratio,
1493 1563 1530 1584 ac
1555 1551 1669 1584 statim
1694 1551 1794 1583 vobis
1816 1559 1992 1595 suspectae
2009 1553 2078 1586 sint
2096 1554 2236 1597 opinio-

1261 1614 1342 1642 nes,
1371 1613 1520 1646 quorum
1542 1601 1654 1633 oratio
1678 1607 1726 1633 est
1751 1602 1930 1644 perplexa,
1958 1603 2083 1636 similis
2100 1602 2236 1650 sphyn-

1261 1663 1321 1695 gos
1337 1652 1570 1694 aenigmatum
1583 1677 1591 1691 ,
1616 1651 1740 1683 referta
1757 1652 1943 1684 verborum
1962 1654 2130 1695 portentis
2145 1653 2236 1688 nihil

1263 1701 1547 1744 significantium,
1574 1698 1760 1744 sophistica
1776 1701 2028 1744 praestigiatrix
2040 1730 2048 1743 ‚
2075 1705 2188 1747 qualis
2205 1714 2239 1740 et

1262 1753 1328 1785 fuit
1345 1749 1572 1790 Osiandrica,
1597 1757 1629 1783 et
1647 1747 1761 1782 adhuc
1777 1758 1825 1783 est
1842 1751 2136 1788 Stenclx‘feldiana.
2184 1755 2239 1790 Sit

1263 1802 1368 1844 igitur
1383 1801 1554 1834 orationis
1570 1807 1702 1833 vestrae
1717 1801 1844 1843 species
1861 1813 1933 1834 non
1950 1810 2155 1846 monstrosa,
2179 1807 2239 1839 sed

1264 1859 1373 1891 recta,
1398 1851 1557 1895 propria,
1584 1851 1782 1893 perspicua,
1807 1863 1927 1884 amans
1944 1853 2079 1886 ordinis
2093 1863 2126 1889 et
2141 1867 2239 1889 vere-

1265 1902 1412 1935 cundiae
1424 1928 1433 1941 ‚
1459 1901 1643 1934 ostendens
1662 1907 1693 1933 ct
1710 1901 1925 1935 voluntatem
1944 1904 2140 1946 cupientem
2157 1917 2240 1949 pro—

1266 1953 1373 1989 desse,
1401 1958 1434 1984 et
1457 1963 1574 1984 curam
1601 1951 1839 1995 inquisitionis
1855 1964 1973 1985 earum
1992 1965 2121 1996 rerum,
2150 1968 2238 2000 quae

1266 2002 1488 2045 explicandae
1504 2008 1594 2034 sunt.

1368 2067 1416 2102 Ut
1446 2075 1559 2101 autem
1592 2067 1695 2100 talem
1724 2068 1892 2101 orationis
1928 2069 2076 2102 formam
2108 2070 2241 2104 efficere

1268 2118 1426 2163 possitis,
1454 2130 1589 2150 necesse
1611 2125 1659 2150 est
1682 2118 1811 2150 intueri
1835 2120 1991 2163 exempla
2016 2131 2153 2160 eorum,
2179 2122 2240 2165 qui

1268 2176 1359 2203 recte
1375 2168 1483 2202 locuti
1504 2175 1595 2201 sunt.
1651 2166 1691 2199 ln
1710 2166 1764 2200 his
1781 2180 1819 2201 ea
1836 2180 1922 2213 quae
1946 2169 2135 2202 necessaria
2158 2178 2240 2205 sunt

1268 2219 1450 2256 omnihus,
1485 2219 1608 2256 verba,
1651 2216 1814 2261 phrasin,
1855 2225 1888 2252 et
1918 2219 2063 2252 consilia
2094 2221 2240 2259 ordinis,

1269 2277 1436 2315 quantum
1472 2279 1671 2312 possumus,
1706 2268 1892 2302 imitemur.
1950 2268 2055 2302 Hunc
2084 2270 2241 2304 laborem

1269 2320 1368 2353 vobis
1395 2319 1615 2363 profuturum
1641 2329 1730 2357 esse,
1762 2318 1845 2350 etin
1869 2317 2017 2351 dicendo
2037 2326 2070 2352 et
2095 2321 2131 2353 in
2147 2321 2241 2354 iudi-

1269 2371 1397 2409 cando,
1425 2369 1539 2402 statim
1563 2368 1675 2411 reipsa
1701 2367 1944 2411 experiemini,
1971 2381 2074 2413 quem
2099 2371 2240 2415 quidem

1269 2433 1308 2454 eo
1337 2419 1503 2452 libentius
1527 2417 1740 2461 suscipiatis,
1766 2417 1847 2461 quia
1871 2415 1955 2451 haec
1971 2426 2091 2462 'vestra
2114 2421 2241 2454 militia

1270 2471 1312 2503 ad
1332 2469 1477 2512 gloriam
1497 2469 1579 2509 Dei,
1607 2468 1649 2501 ad
1666 2465 1840 2501 Ecclesiae
1863 2480 2001 2512 pacem,
2026 2470 2070 2503 ad
2091 2477 2240 2505 vestram

1269 2520 1413 2553 salutem
1435 2519 1596 2563 pertinet.

1371 2577 1602 2611 Iustissimum
1627 2582 1677 2609 est
1700 2573 1764 2609 hoc
1791 2575 1978 2620 pulchrum
2003 2577 2067 2612 Dei
2097 2579 2241 2621 donum,

1272 2639 1468 2663 sermonem
1501 2626 1685 2672 praecipue
1721 2628 1878 2662 conferre
1916 2629 1960 2662 ad
1992 2629 2240 2664 celebrandum
