2324 2955
169 121 244 160 655

279 206 339 242 56.
376 205 518 238 Falsum
543 207 594 235 est
617 200 743 244 igitur,
781 199 876 245 quod
901 197 1079 233 Pontificii
1105 198 1161 232 di-

174 266 276 297 cunt,
304 259 396 291 bona
415 265 522 298 opera
543 263 614 286 esse
633 251 757 285 merita
775 251 866 285 vitae
883 257 1060 285 aeternae.

277 314 337 350 57.
378 313 502 347 Manet
528 319 646 346 tamen
670 317 834 344 aeternus
867 316 900 344 et
929 308 1161 343 immutabilis

176 369 262 402 ordo
279 364 469 410 sapientiae
488 370 521 397 et
537 362 694 396 iustitiae
709 361 746 394 in
764 360 851 402 Deo,
876 367 916 394 ut
933 367 1089 394 creatura
1105 372 1162 393 ra-

178 418 319 452 tionalis
344 417 421 449 Deo
449 414 678 457 obtemperet.
739 411 822 445 Ideo
848 423 927 444 vera
951 410 1162 455 propositio:

180 470 280 501 Nova
314 465 516 500 obedientia
549 471 599 497 est
631 462 835 497 necessaria.
888 461 967 494 Non
1001 461 1163 494 addimus

180 518 271 552 hanc
297 516 504 561 particulam
533 515 576 548 ad
608 514 774 553 salutem,
808 513 867 545 sed
893 512 1060 545 dicimus:
1089 512 1164 544 siue

181 570 254 602 ulla
272 565 462 612 sophistica
487 565 716 598 necessariam
737 575 828 603 esse,
856 563 937 607 quia
956 560 1051 595 bunc
1068 562 1165 595 ordi-

182 631 264 652 nem
280 618 392 652 sanxit
408 616 512 650 Deus.
568 614 614 648 Et
636 614 750 659 qualis
765 613 945 647 barbaries
962 620 1025 654 est,
1048 612 1164 645 offun-

182 672 266 703 dere
289 668 421 713 populo
451 664 542 699 hanc
568 665 875 707 imaginationem,
910 664 1005 708 quod
1030 663 1166 696 licitum

184 721 229 755 sit
248 731 350 753 ruere
367 723 487 751 contra
504 715 751 750 conscientiam
771 715 806 747 in
825 715 945 747 omnia
962 714 1115 747 scelera?

285 784 344 820 58.
385 784 607 817 Damnamus
633 787 665 813 et
694 777 784 812 hanc
809 780 930 812 falsam
957 786 989 813 et
1007 778 1168 812 barbari-

186 848 261 870 cam
285 834 572 877 imaginationem
591 829 888 870 Antinomorum,
927 842 994 875 qua
1021 830 1170 872 fingunt,

186 899 260 920 non
278 883 595 927 effundiSpiritum
614 887 772 914 sanctum
790 881 926 913 delictis
945 886 1067 913 contra
1085 890 1170 911 con-

189 936 392 975 scientiam,
419 946 498 967 eum
515 932 646 966 Paulus
669 942 826 974 expresse
852 931 961 964 dicat:
990 930 1171 964 Scortato-

188 1000 262 1026 res,
298 984 449 1019 adulteri
477 990 540 1016 etc.
569 994 641 1014 non
668 981 898 1025 possidebunt
921 992 1068 1023 regnum
1092 979 1171 1019 Dei,

189 1046 223 1072 et
246 1037 353 1071 Indae
380 1038 429 1071 1.:
473 1033 709 1067 Transferunt
741 1031 888 1074 gratiam
913 1029 979 1064 Dei
1005 1031 1043 1063 in
1068 1028 1171 1064 ἀσέλ-

189 1100 306 1136 γειαν.

291 1144 352 1181 59.
390 1142 578 1186 Quomodo
606 1147 720 1173 autem
749 1138 881 1183 placeat
906 1138 983 1171 Deo
1009 1134 1172 1170 inchoata

191 1195 414 1234 obedientia,
441 1202 641 1238 quanquam
668 1190 769 1223 valde
794 1189 959 1232 languida
986 1194 1055 1229 est,
1082 1193 1173 1220 recte

193 1250 231 1281 in
253 1245 419 1280 Ecclesiis
449 1242 580 1276 nostris
609 1241 809 1284 exponitur.
870 1239 958 1272 Nam
981 1245 1172 1282 utrumque

195 1299 285 1332 scire
302 1306 439 1329 necesse
457 1300 525 1331 est,
554 1298 587 1325 et
604 1292 782 1336 quomodo
800 1301 945 1334 persona
965 1289 1008 1323 sit
1025 1295 1174 1332 accepta,

193 1356 227 1382 et
251 1346 428 1393 quomodo
461 1344 620 1388 placeant
649 1352 765 1385 opera.
819 1339 906 1373 Nam
937 1336 1002 1372 hae
1033 1350 1173 1384 quoque

192 1397 396 1433 barbaricae
418 1405 519 1428 voces
545 1392 756 1425 execrandae
781 1397 880 1428 sunt,
908 1390 1007 1424 Deus
1025 1401 1097 1422 non
1113 1401 1174 1422 cu-

194 1457 249 1484 rat
266 1458 383 1492 opera.
426 1444 532 1479 Item:
561 1442 663 1476 Bona
680 1453 786 1486 opera
805 1441 934 1474 obsunt
948 1440 1063 1474 saluti.
1115 1437 1174 1472 An

194 1501 293 1535 Deus
308 1509 381 1531 non
397 1501 494 1529 curat
509 1505 625 1538 opera,
643 1505 723 1526 cum
741 1489 956 1525 horrendam
973 1491 1061 1523 iram
1077 1500 1174 1523 suam

196 1552 364 1584 adversus
385 1552 523 1591 peccata
545 1544 582 1577 in
608 1550 681 1576 toto
705 1553 830 1585 genere
850 1539 1005 1574 humano
1022 1540 1175 1583 iugenti-

195 1603 264 1635 bus
280 1596 536 1633 calamitatibus
555 1593 730 1627 declaret?
758 1592 877 1635 Quare
892 1591 994 1624 etiam
1019 1588 1087 1624 hoc
1111 1591 1176 1623 do-

198 1661 332 1685 cemus:
364 1646 440 1682 Etsi
471 1647 564 1679 bona
586 1655 689 1688 opera
715 1655 788 1676 non
821 1649 903 1675 sunt
931 1642 1056 1674 merita
1085 1640 1177 1673 vitae

199 1709 378 1739 aeternae,
411 1704 527 1731 tamen
553 1694 678 1727 mereri
701 1705 738 1726 ea
770 1692 1025 1733 mitigationem
1047 1691 1178 1723 multa-

199 1764 278 1786 rum
295 1760 488 1795 poenarum
512 1745 732 1790 publicarum
757 1749 791 1777 et
813 1742 1028 1787 privatarum
1050 1742 1087 1773 in
1113 1739 1178 1774 hac

199 1802 290 1841 vita,
327 1806 360 1833 et
383 1800 557 1832 donorum
583 1796 814 1832 incrementa,
842 1793 937 1826 iuxta
960 1790 1046 1825 haec
1069 1791 1178 1824 dicta:

200 1853 239 1887 Si
261 1862 326 1885 nos
351 1849 586 1882 indicaremus
611 1845 693 1889 ipsi,
721 1857 793 1877 non
812 1843 1051 1876 iudicaremur
1070 1853 1089 1875 a
1106 1841 1179 1876 Do-

199 1903 311 1935 mino.
365 1899 470 1933 Item:
496 1897 585 1931 Date
604 1903 636 1929 et
653 1895 796 1928 dabitur
813 1893 925 1926 vobis.

301 1968 363 2004 60.
404 1964 495 2000 Cum
520 1964 628 2007 igitur
645 1961 870 1994 manifestum
887 1959 949 1999 sit,
976 1958 1180 1993 Pontificios

199 2031 327 2063 magna
352 2023 465 2051 errata
489 2021 610 2048 contra
634 2013 745 2055 legem
760 2011 827 2045 Dei
856 2017 888 2044 et
914 2016 1035 2043 contra
1061 2007 1181 2043 Evan-

201 2072 332 2116 gelium
354 2067 560 2106 defendere,
602 2070 636 2097 et
663 2063 791 2096 addere
812 2061 996 2095 manifesta
1027 2060 1122 2093 idola
1149 2066 1182 2094 et

200 2120 411 2166 parricidia,
446 2127 583 2150 necesse
606 2120 654 2147 est
680 2112 816 2156 seiungi
838 2112 882 2145 ab
907 2111 973 2152 eis,
1008 2110 1102 2145 iuxta
1127 2110 1183 2143 di-

203 2180 313 2206 ctum:
346 2168 472 2212 Fugite
500 2165 606 2200 idola.
658 2163 730 2197 Nec
752 2170 870 2197 tamen
896 2162 1005 2195 simus
1029 2171 1183 2202 errones,

205 2223 264 2255 sed
284 2221 507 2254 ostendamus
524 2227 587 2250 nos
605 2215 812 2249 coniunctos
831 2224 903 2246 esse
919 2223 998 2245 cum
1017 2224 1056 2244 eo
1072 2218 1184 2252 coetu,

204 2273 268 2317 qui
286 2278 376 2304 recte
394 2271 514 2309 docet,
541 2273 575 2300 et
591 2277 664 2299 non
681 2263 838 2298 defendit
862 2262 1088 2308 pertinaciter
1106 2262 1184 2294 ido-

204 2324 255 2363 la,
280 2329 313 2356 et
329 2320 513 2365 opiniones
531 2329 610 2351 cum
625 2316 857 2349 fundamento
876 2319 1083 2358 pugnantes,
1101 2312 1184 2358 quia

204 2372 301 2407 Deus
320 2371 390 2404 vult
409 2382 480 2403 esse
497 2367 711 2404 Ecclesiam,
737 2371 770 2399 et
788 2363 1086 2398 consociationem
1104 2375 1183 2396 cum

203 2421 378 2461 Ecclesia,
406 2428 438 2454 et
460 2420 496 2452 in
521 2417 611 2451 hanc
635 2417 858 2450 includamus
882 2425 969 2455 nos,
996 2413 1086 2447 sicut
1103 2414 1185 2447 dul-

205 2474 341 2506 cissime
364 2471 495 2504 dictum
528 2476 578 2502 est
608 2468 645 2501 in
678 2478 781 2500 versu
805 2464 1032 2500 Nazianzeni:
1076 2460 1185 2509 Ζήτω

206 2525 289 2558 Νῶε
309 2518 489 2566 κιβωτὸν,
519 2517 616 2557 ὅπως
631 2517 750 2562 μόρον
766 2514 873 2551 αἰνὸν
890 2512 1023 2554 ἀλύξω.
1077 2513 1184 2555 Haec,

933 108 1420 150 DISPUTATIONES

206 2582 244 2608 ut
262 2584 366 2618 supra
381 2571 513 2605 dictum
529 2575 590 2606 est,
611 2568 769 2613 quotidie
788 2567 970 2611 cogitanda
988 2572 1080 2606 sunt,
1107 2578 1184 2599 cum
1210 2568 1211 2574 ¹

205 2625 370 2658 dicimus:
410 2621 525 2656 Credo
558 2630 629 2652 esse
660 2617 853 2652 Ecclesiam
882 2624 1037 2651 sanctam
1065 2614 1186 2651 catho-

207 2677 319 2709 lisam.

1210 2618 1212 2632 l

2119 113 2194 151 656

1315 197 1374 230 61.
1411 194 1554 231 Solebat
1576 197 1692 231 dicere
1715 209 1821 231 senex
1847 210 1919 232 non
1941 199 2054 240 ἄθεος
2076 199 2191 234 Faber

1214 247 1452 292 stapulensis,
1485 247 1574 280 illud
1593 248 1754 282 Catonis:
1783 248 1897 291 Quem
1919 250 2050 292 fugiam
2068 248 2192 291 habeo,

1215 311 1320 344 quem
1346 310 1489 343 sequar,
1515 310 1588 331 non
1612 296 1735 335 habeo,
1789 298 1980 334 Fatebatur
2007 301 2191 336 manifeste

1216 357 1248 384 et
1268 349 1432 393 sugienda
1452 360 1523 382 esse
1542 349 1635 382 idola
1652 350 1849 393 pontificia,
1874 352 1934 383 sed
1952 351 2092 384 videbat
2110 363 2193 384 nae-

1216 412 1277 433 vos
1296 401 1331 432 in
1348 399 1468 437 nobis,
1492 406 1636 444 propter
1654 412 1741 444 quos
1756 401 2041 435 coniunctionem
2058 408 2193 436 metue-

1218 452 1287 486 bat.
1341 450 1409 483 Sed
1427 451 1574 483 sciamus
1592 451 1722 484 dictum
1739 451 1801 482 filii
1816 451 1902 484 Dei:
1931 451 2059 486 Beatus
2077 452 2138 497 qui
2158 452 2194 485 in

1219 513 1273 534 me
1293 513 1365 533 non
1383 501 1487 533 fuerit
1507 501 1672 533 offensus.
1724 499 1872 534 Etiamsi
1895 508 1944 535 est
1958 514 2082 545 magna
2097 503 2196 535 infir·

1220 552 1319 585 mitas
1345 552 1382 584 in
1408 551 1530 589 nohis,
1558 559 1673 584 tamen
1697 549 1874 584 Ecclesiae
1897 553 2111 587 consociatio
2137 565 2196 586 ex-

1220 603 1369 647 petenda
1394 608 1461 641 est,
1490 608 1522 635 et
1549 608 1682 635 certum
1708 608 1774 642 est,
1801 602 2002 636 defensores
2018 603 2196 636 idolorum

1221 660 1253 686 et
1268 653 1458 696 parricidas
1476 664 1547 685 non
1570 664 1641 685 esse
1657 651 1869 693 Ecclesiam,
1896 659 1931 687 et
1946 665 2066 687 eorum
2087 653 2198 687 socie-

1222 711 1327 738 tatem
1347 704 1549 745 fugiendam
1569 714 1650 735 esse.
1691 701 1804 736 Erant
1819 709 1853 736 et
1871 703 1908 736 in
1928 703 2055 737 Iudaea
2071 704 2199 738 tristis-

1221 755 1328 787 simae
1351 754 1618 786 dilaceratioues
1642 759 1799 797 tempore
1823 751 2033 796 Zachariae,
2061 754 2199 789 Simeo-

1223 805 1288 842 nis,
1317 802 1485 837 Iohanuis
1502 803 1690 848 Baptistae,
1717 810 1750 837 et
1771 810 1884 837 tamen
1903 802 2030 839 horum
2049 806 2200 839 coniun-

1224 855 1291 888 ctio
1311 855 1501 898 expetenda
1521 861 1605 895 erat,
1633 854 1768 887 etiamsi
1784 854 1821 886 in
1840 853 1966 889 borum
1982 856 2201 890 auditoribus

1225 916 1348 948 magna
1366 905 1432 938 fuit
1451 904 1648 940 infirmitas.

1326 955 1386 988 62.
1422 954 1649 988 Manifestum
1673 961 1741 993 est,
1777 967 1849 989 esse
1879 957 1993 990 cultus
2024 956 2201 989 idolorum

1225 1005 1482 1038 invocationem
1500 1003 1686 1038 hominum
1703 1012 1942 1048 mortuorum,
1969 1013 2001 1040 et
2025 1007 2203 1040 adoratio·

1225 1067 1305 1088 nem
1328 1056 1428 1098 panis
1452 1056 1488 1087 in
1511 1056 1852 1097 circumgestatione‚
1892 1064 1924 1090 et
1957 1057 1994 1089 in
2026 1057 2202 1090 sacrificiis

1227 1105 1501 1148 pontificiorum.
1544 1104 1639 1137 Haec
1656 1106 1748 1137 idola
1766 1107 1911 1148 perinde
1927 1107 2092 1149 fugienda
2111 1115 2204 1148 sunt,

1226 1160 1265 1188 ut
1290 1152 1442 1187 ethnica.

1327 1204 1389 1237 63.
1407 1203 1551 1238 Resutat
1568 1204 1825 1238 invocationem
1843 1202 2029 1239 hominum
2046 1212 2206 1240 mortuo·

1227 1267 1305 1288 rum
1328 1252 1412 1287 haec
1435 1267 1501 1287 vox
1527 1266 1701 1298 expresse:
1742 1254 1936 1288 Dominum
1961 1256 2078 1289 Deum
2105 1263 2205 1290 tuum

1228 1305 1409 1343 adorabis,
1437 1312 1469 1338 et
1489 1304 1552 1348 ipsi
1572 1305 1637 1336 soli
1655 1306 1794 1338 servies.
1846 1304 1891 1339 Et
1915 1307 2029 1350 qualis
2053 1307 2204 1340 amentia

1228 1362 1296 1394 est,
1331 1356 1496 1389 invocare
1520 1355 1674 1400 aliquid,
1697 1367 1716 1388 a
1742 1368 1811 1401 quo
1835 1357 1968 1390 nescias
1994 1363 2026 1391 te
2051 1357 2146 1390 cerni
2174 1364 2207 1392 et

1228 1406 1368 1440 audiri?

1331 1455 1390 1491 64.
1434 1454 1590 1499 Dignum
1614 1456 1784 1489 memoria
1816 1463 1866 1490 est
1887 1455 2034 1490 Lutheri
2063 1457 2206 1498 dictum,

1230 1506 1494 1540 Invocationem
1524 1504 1710 1539 hominum
1742 1513 1964 1539 mortuorum
1996 1519 2036 1540 eo
2067 1519 2208 1552 quoque

1230 1557 1471 1591 detestandam
1497 1567 1587 1596 esse,
1614 1555 1694 1600 quia
1721 1556 1883 1590 obscurat
1906 1554 1972 1590 hoc
1996 1558 2132 1591 illustre
2148 1570 2207 1590 ar-

1230 1613 1436 1651 gumentum
1466 1607 1508 1639 de
1532 1604 1692 1639 Christo:
1719 1604 1928 1649 Prophetica
1958 1614 1992 1641 et
2017 1608 2206 1651 apostolica

1231 1658 1320 1691 dicta
1341 1658 1465 1690 docent
1483 1657 1720 1689 invocandum
1737 1668 1808 1689 esse
1827 1656 2002 1689 Messiam.
2054 1656 2120 1691 Est
2143 1657 2209 1701 igi-

1232 1715 1289 1742 tur
1307 1708 1343 1740 in
1361 1720 1400 1739 eo
1418 1714 1543 1739 natura
1560 1706 1696 1739 divina.

1332 1756 1394 1793 65.
1421 1756 1606 1790 Caeterum
1623 1753 1805 1789 historiam
1821 1756 2006 1790 universae
2021 1754 2210 1798 Ecclesiae,

1233 1808 1357 1841 seriem
1375 1807 1647 1851 patefactionum
1665 1805 1751 1845 Dei,
1776 1819 1838 1850 per
1854 1818 1960 1852 qum,
1981 1807 2055 1848 ubi,
2082 1808 2211 1852 quibus

1233 1858 1443 1892 testimoniis
1468 1856 1628 1890 doctrina
1653 1856 1799 1900 repetita
1823 1858 1887 1897 sit,
1919 1859 2096 1902 quomodo
2115 1857 2210 1892 Deus

1235 1909 1469 1954 praesentiam
1493 1919 1591 1940 suam
1617 1907 1655 1939 in
1681 1906 1837 1941 Ecclesia
1862 1908 2074 1947 ostenderit,
2109 1920 2211 1942 nosse

1234 1959 1469 1993 necessarium
1493 1964 1559 1997 est,
1590 1965 1761 2002 quantum
1786 1955 1870 1991 haec
1897 1958 2031 2004 inquiri
2056 1967 2211 2002 possunt.

1236 2009 1277 2043 ln
1295 2021 1333 2042 ea
1350 2008 1631 2042 consideratione
1648 2008 1839 2051 gratiarum
1852 2009 1940 2041 actio
1958 2009 2016 2042 fiat
2030 2011 2073 2042 ad
2083 2010 2213 2050 Deum,

1236 2060 1463 2093 confirmetur
1486 2065 1519 2092 et
1546 2059 1630 2092 fides
1655 2056 1820 2092 exhibitis
1846 2060 2076 2099 testimoniis,
2101 2067 2136 2094 et
2153 2073 2213 2094 co-

1235 2110 1342 2154 gnitis
1382 2110 1522 2154 piorum
1565 2110 1856 2143 confessionibus.
1934 2108 2213 2155 Expavescamus

1236 2162 1339 2195 etiam
1356 2161 1532 2194 intuentes
1547 2157 1735 2193 horribilia
1751 2172 1830 2194 vasa
1847 2161 1930 2200 irae,
1957 2160 2111 2200 Saulem,
2137 2160 2213 2193 Ab.

1236 2212 1413 2252 solonem,
1448 2210 1618 2244 fanaticos
1641 2211 1819 2252 doctores,
1851 2218 2037 2256 tyrannos,
2065 2218 2096 2244 et
2122 2212 2213 2245 veris

1237 2262 1425 2306 gemitibus
1443 2267 1619 2306 petamus,
1646 2268 1685 2295 ut
1702 2259 1797 2295 Deus
1813 2261 1915 2294 saciat
1931 2272 1996 2293 nos
2011 2273 2091 2294 vasa
2110 2262 2215 2295 mise—

1237 2312 1423 2354 ricordiae,
1440 2318 1585 2356 propter
1601 2312 1712 2346 filium
1730 2319 1763 2346 et
1780 2323 1842 2356 per
1857 2323 1949 2352 eum,
1974 2311 2063 2345 sicut
2082 2312 2213 2357 inquit:

1236 2362 1313 2406 Ego
1336 2374 1413 2397 sum
1438 2363 1539 2404 vitis,
1572 2374 1634 2396 vos
1656 2362 1827 2407 palmites.
1886 2359 2049 2407 Denique
2072 2364 2215 2407 amplis-

1237 2413 1326 2448 sima
1351 2414 1523 2458 sapientia
1549 2419 1600 2447 est
1623 2411 1856 2446 consideratio
1878 2409 2046 2446 historiae
2063 2413 2213 2447 Sancto-

1238 2477 1317 2499 rum
1329 2489 1339 2504 ,
1366 2471 1500 2498 remota
1518 2475 1640 2497 eorum
1656 2462 1892 2497 invocatione.

1339 2515 1403 2550 66.
1430 2514 1596 2548 Fremant
1613 2513 1694 2547 licet
1707 2524 1830 2546 omnes
1853 2511 2056 2559 hypocritae
2079 2522 2111 2550 et
2133 2527 2214 2559 por-

1239 2573 1293 2600 tae
1312 2566 1518 2606 inferorum,
1548 2571 1663 2598 tamen
1678 2561 1769 2596 hane
1787 2575 1904 2597 veram
1920 2565 2115 2598 doctrinam
2135 2578 2216 2609 pro-

1240 2617 1326 2662 poni
1355 2627 1492 2650 necesse
1515 2621 1579 2648 est:
1607 2613 1688 2647 Non
1712 2611 1816 2648 habet
1840 2615 1941 2659 panis
1963 2616 2134 2649 rationem
2152 2616 2216 2649 Sa-

1210 2669 1212 2701 1
1241 2667 1411 2701 eramenti
1429 2673 1523 2700 extra
1541 2664 1742 2699 institutum
1758 2676 1873 2707 usum,
1898 2666 1978 2711 quia
1995 2666 2217 2701 Sacramenta
