2324 2955
200 107 244 140 51
635 106 790 143 DECL.
835 106 908 141 DE
941 108 1270 145 FRlDERICO
1304 109 1557 147 LANDGP..
1594 111 1769 148 THUR.

202 198 259 223 tua
277 198 308 224 ct
328 192 510 233 longitudo
527 192 673 225 dierum.
729 189 814 223 Item
839 204 911 224 non
934 193 970 225 in
992 194 1067 226 solo
1094 207 1180 237 pane

203 242 288 273 xix‘it
313 239 437 279 liomo,
465 242 521 273 sed
548 241 582 271 in
607 241 702 272 omni
721 242 827 273 verbo
845 243 937 285 quod
964 245 1122 286 procedit
1142 257 1180 276 ex

203 303 262 322 ore
281 290 357 324 Dei.
410 291 475 323 Sed
504 302 574 321 non
590 290 701 322 dicam
722 302 816 324 nunc
831 292 874 324 de
897 290 960 325 hac
978 300 1181 326 controver—

203 342 251 372 sia
269 341 454 383 prolixum,
483 339 594 382 qualis
612 340 654 372 sit
673 340 809 373 effectio
826 349 1014 382 astrorum,
1042 350 1075 376 et
1093 355 1180 387 quae

204 390 437 421 dixinationes
464 389 664 431 probandae
685 390 771 429 sint,
798 403 885 434 qnae
900 393 969 424 sint
985 392 1178 434 fugiendae.

203 439 298 472 Alibi
318 436 399 470 hacc
418 439 638 470 mediocriter
654 440 817 482 exposita.
867 441 914 474 Et
930 439 1010 475 llaec
1028 454 1106 474 vera
1126 443 1180 474 di-

202 489 333 519 xinatio
353 500 487 530 semper
507 488 542 519 in
561 496 746 531 conspectu
766 490 826 529 sit,
862 494 955 534 quod
972 492 1181 524 comissimus

201 539 289 569 ordo
307 545 462 570 motuum
479 537 572 570 Solis
588 545 619 571 et
633 538 751 571 Lunae
767 540 945 573 institutus
962 543 1003 573 ad
1021 543 1182 573 animan-

202 588 289 619 tium
311 587 518 627 utilitatem,
545 588 679 621 illustre
705 590 944 623 testimoninm
969 598 1017 623 est
1035 593 1077 623 de
1096 590 1181 630 Deo,

203 638 388 669 ostendens
410 635 504 669 liunc
526 639 697 670 mundum
720 651 791 671 non
815 652 894 672 casu
925 652 964 672 ex
990 639 1181 673 Democriti

202 687 329 719 atomis
359 685 582 727 confluxisse,
623 689 682 720 sed
713 700 731 721 a
762 696 878 721 mente
910 688 1181 723 architectatrice

201 737 332 778 optima
358 737 538 769 conditum
567 749 636 769 esse
661 745 694 771 et
719 739 927 773 conservari.
982 738 1181 782 Agnoscere

201 785 314 819 Deum
334 787 488 829 opificem
511 798 550 818 ex
567 795 722 820 motuum
741 795 773 820 et
791 789 894 821 totins
911 788 1038 832 opificii
1057 791 1180 823 ordine

201 847 282 868 x‘cra
300 843 332 869 et
352 836 447 868 utilis
463 836 633 867 disinatio
652 844 719 875 est,
746 846 887 881 propter
904 851 1006 883 qnam
1025 847 1057 872 et
1074 841 1180 884 aspici

201 897 306 928 opera
331 897 390 917 sua
416 884 509 918 Deus
534 886 655 921 voluit.
714 886 882 920 Amemus
913 889 1018 930 igitur
1049 891 1179 923 doctri-

200 946 303 977 nam,
330 946 416 978 quae
444 941 600 967 motuum
628 937 786 968 ordinem
812 944 844 970 et
868 939 951 970 anni
977 940 1181 983 descriptio-

200 996 280 1016 nem
298 985 466 1024 ostendit,
494 996 556 1017 nec
574 987 811 1019 deterreamur
831 989 944 1030 pravis
961 989 1117 1032 iudiciis,
1143 997 1181 1023 ut

201 1046 338 1077 semper
364 1035 473 1078 aliqui
498 1046 556 1067 seu
581 1035 737 1076 iusticia,
771 1048 830 1069 seu
856 1039 990 1071 malicia
1018 1037 1179 1072 Philoso-

200 1082 318 1126 phiam
354 1085 515 1117 oderunt.
571 1084 621 1118 Ac
655 1087 809 1119 fortassis
842 1085 877 1119 hi
910 1089 970 1133 qui
1004 1089 1180 1123 finxerunt

201 1132 373 1166 Orionem
407 1146 425 1166 a
453 1134 599 1178 Scorpio
629 1144 786 1168 necatum
816 1149 904 1176 esse,
939 1151 1011 1171 non
1043 1146 1178 1173 tantum

200 1184 439 1226 significarunt
462 1191 577 1218 ortum
596 1192 628 1218 et
652 1198 826 1227 occasum,
852 1189 1058 1222 ascendente
1076 1189 1179 1223 Scor-

199 1234 259 1277 pio
277 1234 432 1266 occidere
447 1232 638 1274 Orionem,
666 1238 723 1268 sed
747 1237 851 1269 simul
877 1235 942 1271 hoc
967 1247 1179 1273 monuerunt

199 1284 337 1315 insidiis
354 1290 385 1316 et
401 1284 601 1324 calumniis,
627 1287 799 1319 malorum
825 1299 1006 1330 oppressos
1025 1301 1096 1321 esse
1115 1288 1179 1322 ho-

199 1333 311 1364 miues
329 1333 565 1366 doctrinarum
583 1336 774 1371 studiosos,
802 1343 837 1365 nt
855 1338 898 1366 ab
919 1337 942 1365 Α
952 1346 1033 1377 nyto
1052 1347 1083 1367 et
1100 1339 1178 1366 Me-

198 1382 260 1414 lito
277 1381 434 1414 Socrates
460 1392 643 1424 oppressus
663 1387 722 1415 est.
777 1380 909 1415 Usitata
933 1390 1014 1417 sunt
1035 1381 1118 1417 haec
1141 1384 1177 1416 in

198 1429 382 1464 hominum
402 1431 489 1470 vita,
515 1437 548 1463 et
564 1431 739 1474 sapienter
754 1431 894 1464 serenda
915 1440 1006 1466 sunt.

301 1480 368 1513 Nec
393 1481 505 1512 dicam
527 1481 610 1524 quid
636 1481 730 1513 aliud
756 1481 922 1523 significet
949 1481 1086 1522 Orion,
1110 1482 1178 1515 nisi

199 1537 418 1574 tempestates
433 1530 526 1562 iuxta
548 1529 687 1572 Virgilii
707 1543 842 1563 versum
862 1538 960 1564 antea
981 1533 1177 1565 recitatum:

200 1581 331 1613 Saevus
357 1581 414 1613 ubi
433 1578 549 1612 Orion
571 1578 727 1613 hibernis
751 1581 914 1614 conditur
931 1583 1045 1616 undis.
1099 1581 1178 1614 Ma-

201 1631 310 1662 nilius
338 1631 384 1663 ait
419 1631 553 1662 labores
588 1628 790 1662 hominibus
819 1638 849 1664 et
884 1632 1179 1674 peregrinationes

201 1681 404 1722 significari,
432 1692 508 1711 cum
531 1681 660 1723 inquit:
690 1679 804 1713 Instar
828 1682 892 1714 erit
918 1683 1059 1725 populi,
1087 1689 1177 1714 toto-

202 1742 268 1774 que
293 1727 465 1762 habitabit
490 1730 523 1761 in
548 1731 644 1765 orbe.
695 1730 762 1763 Sed
781 1732 822 1762 ‹le
841 1729 903 1764 liae
927 1733 1178 1774 significatione

200 1778 293 1812 nihil
323 1780 476 1814 adfirmo.
530 1779 647 1812 Simus
676 1781 829 1813 contenti
855 1780 994 1826 physica
1018 1783 1179 1815 admoni-

201 1830 297 1862 tione
321 1830 362 1862 de
393 1830 672 1872 tempestatibus,
707 1842 768 1863 nec
793 1832 865 1864 eius
889 1833 1024 1874 generis
1048 1833 1179 1865 doctri-

201 1891 282 1911 nam
303 1880 591 1912 contemnendam
610 1892 682 1912 esse
699 1888 866 1923 putemus.
921 1882 1058 1917 Scimus
1075 1883 1178 1915 etiam

201 1941 274 1961 non
291 1929 361 1971 regi
377 1928 565 1962 Ecclesiam
584 1931 761 1963 stellarum
780 1932 943 1973 imperio,
971 1935 1028 1966 sed
1051 1934 1179 1966 saluta-

201 1979 249 2011 ris
265 1979 468 2021 gubernatio
486 1979 521 2011 fit
539 1991 556 2011 a
582 1981 653 2012 filio
673 1979 738 2012 Dei
756 1983 897 2014 custode
913 1981 1105 2023 Ecclesiae,
1132 1984 1179 2015 si-

203 2035 260 2061 cut
279 2029 409 2073 inquit:
438 2027 511 2070 Ego
528 2040 603 2061 sum
616 2030 705 2070 vitis,
733 2042 793 2063 vos
810 2033 980 2075 palmites.
1017 2033 1180 2067 Turbant

202 2085 317 2111 autem
334 2090 408 2111 eam
428 2079 561 2111 diaboli
577 2086 609 2112 et
628 2077 665 2111 hi
683 2086 828 2113 utuntur
846 2084 1002 2125 organis,
1030 2096 1178 2128 quorum

203 2135 284 2161 sunt
301 2128 438 2170 ingenia
461 2136 493 2162 et
518 2135 788 2171 temperamenta
808 2140 987 2166 venenata.
1041 2134 1109 2167 Sed
1129 2141 1179 2167 ta-

203 2189 284 2209 men
303 2178 413 2219 pinxit
429 2179 464 2210 in
483 2179 578 2211 coelo
597 2179 694 2212 Deus
712 2180 960 2215 similitudines
982 2183 1178 2227 aliquarum

204 2238 321 2259 rerum
338 2227 374 2258 in
392 2225 556 2260 Ecclesia.
612 2229 657 2263 Ut
674 2229 773 2262 Luna
790 2230 900 2264 aSole
916 2232 1026 2265 lucem
1045 2233 1180 2277 accipit,

205 2277 253 2309 ita
271 2276 308 2307 in
323 2274 512 2309 Ecclesiam
532 2279 826 2312 transfunduntur
848 2293 865 2313 a
886 2282 957 2314 filio
977 2281 1042 2315 Dei
1067 2283 1125 2315 lux
1149 2290 1181 2317 et

206 2327 310 2359 calor.
363 2324 505 2368 Agnitio
521 2325 585 2359 Dei
609 2340 747 2361 accensa
775 2341 834 2372 per
850 2343 968 2364 vocem
986 2330 1181 2374 Evangelii,

205 2383 238 2408 et
257 2375 407 2419 Spiritus
428 2382 564 2408 sanctus
588 2380 778 2411 accendens
793 2392 945 2413 amorem
964 2380 1029 2414 Dei
1046 2389 1078 2415 et
1094 2383 1181 2416 alios

205 2426 371 2459 salutares
386 2433 511 2458 motus.
565 2424 615 2458 Ac
632 2428 781 2470 picturas
797 2430 985 2463 multarum
1009 2444 1127 2465 rerum
1144 2433 1180 2465 in

205 2476 302 2508 coelo
317 2487 387 2508 esse
404 2475 569 2508 credibile
587 2483 646 2510 est.
701 2476 746 2510 Ut
762 2476 877 2512 Orion
896 2482 1053 2526 sequitur
1066 2481 1181 2514 Pleia—

205 2526 266 2557 des
285 2532 447 2570 tanquam
465 2522 719 2568 praehensurus
736 2539 807 2567 eas,
834 2529 879 2562 ita
894 2532 1018 2563 mundi
1034 2532 1178 2575 imperia

205 2575 382 2607 imbellem
397 2573 588 2608 Ecclesiam
611 2585 878 2621 persequuntur.
928 2579 975 2614 Et
992 2594 1068 2614 cum
1087 2582 1178 2614 filius

2158 113 2209 150 52

1235 194 1393 227 Pleiadas
1421 201 1452 226 et
1475 192 1659 231 Orionem.
1714 197 1764 230 Ita
1783 197 1915 231 ultimis
1939 197 2153 240 temporibus
2176 204 2210 231 et

1235 245 1460 288 imperiorum
1485 245 1629 278 saevicia
1649 247 1760 280 maior
1776 248 1859 286 erit,
1887 253 1918 280 et
1935 247 1971 279 in
1988 246 2140 280 Ecclesia
2159 254 2210 280 te-

1235 296 1362 327 nebrae
1385 294 1553 326 tristiores
1577 303 1690 328 erunt.
1744 296 1813 330 Sed
1837 299 1879 329 de
1900 295 1954 329 his
1978 297 2080 329 rebus
2104 295 2210 329 habe-

1233 356 1309 376 mus
1326 343 1582 376 admonitiones
1600 344 1684 376 alias
1699 357 1854 389 expressa
1876 359 1959 379 voce
1976 347 2036 378 filii
2054 345 2118 379 Dei
2139 353 2211 378 tra-

1234 394 1341 432 ditas,
1377 405 1524 436 quarum
1556 394 1763 435 cogitatione
1787 408 2007 435 moveamur,
2042 402 2080 428 ut
2102 395 2210 428 simus

1233 443 1447 476 ardentiores
1482 443 1518 475 in
1553 444 1735 476 doctrinae
1763 447 1886 479 studiis
1922 453 1953 479 et
1989 445 2210 478 invocatione

1235 492 1316 529 Dei,
1353 493 1440 525 sicut
1469 493 1540 536 ipse
1563 493 1654 526 filius
1669 492 1734 526 Dei
1758 494 1794 526 in
1818 507 1925 536 agone
1949 507 2010 528 suo
2033 494 2210 538 Apostolis

1234 542 1416 586 praecipit:
1445 540 1554 575 Orate
1570 555 1613 575 ne
1629 543 1764 576 intretis
1782 544 1817 576 in
1836 545 2074 578 tentationem.
2103 543 2211 577 Pauci

1233 599 1352 625 amant
1376 593 1554 626 doctrinae
1578 593 1710 633 studia,
1744 601 1776 627 et
1802 594 1893 627 inter
1915 606 1972 626 eos
1996 595 2055 637 qui
2072 594 2211 626 discunt

1234 653 1357 683 magna
1381 642 1629 675 dissimilitudo
1661 650 1726 683 est,
1759 644 1861 676 multi
1887 644 2025 677 fanatici
2051 641 2210 675 homines

1234 689 1397 724 horribili
1420 693 1537 724 surore
1563 693 1712 734 gignunt
1736 693 1842 736 impia
1861 695 2040 735 dogmata,
2066 693 2113 725 ita
2136 703 2210 725 cre-

1233 748 1327 774 scent
1353 742 1524 776 tenebrae.
1577 741 1671 774 Haec
1693 743 1783 775 mala
1805 744 2055 786 intelligamus,
2082 749 2114 776 et
2135 753 2211 775 ma-

1235 791 1307 823 iore
1331 804 1410 824 cura
1438 792 1615 825 veritatem
1640 804 1866 836 quaeramus,
1893 800 1925 826 et
1948 793 2210 835 amplectamur,

1234 848 1267 874 et
1284 848 1452 873 tueamur.
1506 840 1584 883 Qua
1609 841 1645 873 in
1670 854 1706 874 re
1729 848 1767 874 ut
1784 842 1856 886 ipse
1872 843 1963 875 filins
1979 842 2044 875 Dei
2065 853 2127 874 nos
2147 853 2210 882 gu-

1235 892 1354 923 bernet
1381 898 1411 923 et
1442 891 1600 930 adimet,
1634 898 1706 924 toto
1729 903 1806 924 eum
1838 899 1976 935 pectore
2000 904 2074 924 oro.
2133 889 2209 923 Oro

1234 941 1335 973 etiam
1349 967 1356 980 ‚
1389 947 1427 973 ut
1448 941 1553 973 leniat
1579 952 1726 983 poenaS,
1761 948 1792 974 et
1807 940 1997 974 Ecclesiam
2019 941 2084 973 sibi
2103 940 2137 971 in
2154 938 2209 972 his

1234 990 1434 1032 regionibus
1458 998 1624 1034 perpetuo
1653 991 1809 1033 colligat,
1843 992 2012 1034 gubernet
2032 998 2065 1023 et
2088 995 2210 1022 servet.

1234 1039 1325 1072 Dixi.

1232 1205 1297 1241 No.
1320 1206 1400 1239 138.
2045 1219 2090 1236 an.
2108 1207 2201 1238 1554.

2035 1250 2204 1264 Μ

1357 1322 1432 1361 De
1456 1320 1691 1361 Frae'derz'co
1717 1320 1926 1368 Landgr.
1948 1319 2083 1360 Thur.

1300 1412 1329 1436 ln
1356 1411 1447 1436 select.
1474 1408 1596 1435 Declam.
1621 1408 1652 1436 T.
1675 1408 1722 1434 111.
1747 1417 1773 1441 p.
1795 1409 1844 1434 125
1865 1418 1940 1443 sqq.,
1975 1410 2089 1437 Servest.
2115 1412 2147 1439 Τ,
2166 1413 2211 1439 ΙΠ,

1334 1455 1358 1479 p.
1377 1445 1448 1475 119.,
1474 1443 1543 1475 apud
1564 1442 1741 1480 Richard3T.
1758 1443 1790 1467 ll.
1816 1451 1842 1474 p.
1856 1443 1915 1468 744.
1959 1443 2045 1470 Etiam
2065 1448 2208 1480 separatim

1333 1478 1444 1512 prodiit,
1481 1477 1523 1502 Cs.
1543 1477 1658 1502 Strobet.
1678 1476 1743 1502 bibl.
1763 1476 1828 1501 Mel.
1849 1477 1902 1503 No.
1916 1478 1976 1503 417.

1232 1567 1359 1599 Oratio
1383 1564 1428 1597 de
1453 1562 1691 1597 Friderico
1718 1562 1956 1609 Landgram'o
1978 1564 2210 1613 Tltzeritzyiae

1232 1621 1267 1649 et
1301 1614 1520 1649 Man-chione
1552 1616 1735 1655 Mimeiae,
1780 1616 1887 1647 cuius
1921 1613 2002 1658 fuit
2033 1628 2056 1649 a
2085 1622 2209 1653 maire

1232 1665 1408 1699 admorsa
1439 1675 1559 1710 gemm
1592 1666 1754 1697 recitata
1787 1675 1809 1697 α
1837 1666 1963 1708 Casp.
1992 1668 2206 1709 Peucero,

1232 1718 1381 1750 Decano
1399 1718 1436 1749 ιή
1454 1716 1734 1748 renunciatione
1752 1714 1890 1760 gradus
1906 1719 2111 1762 magisterii
2126 1718 2210 1762 phi·

1501 1764 1690 1809 Iosophici,
1717 1775 1811 1798 anno
1830 1765 1941 1801 155⁴.

1232 1844 1316 1882 Ideo
1339 1848 1430 1880 filins
1447 1846 1509 1880 Dei
1532 1858 1677 1879 massam
1694 1845 1839 1879 humani
1861 1849 1995 1889 generis
2012 1848 2145 1890 induit,
2170 1859 2210 1887 ut

1233 1912 1295 1932 nos
1319 1906 1481 1942 tanquam
1507 1898 1664 1930 surculos
1682 1908 1811 1930 massae
1830 1909 1908 1930 suae
1927 1898 2074 1932 insertos
2092 1908 2208 1943 gestet,

1232 1957 1263 1982 et
1286 1949 1424 1990 colligat
1442 1947 1649 1987 Ecclesiam,
1677 1959 1764 1991 quae
1790 1948 1926 1981 fruetur
1951 1949 2044 1989 luce,
2070 1951 2209 1994 sapien-

1232 2000 1299 2039 tia,
1332 1998 1467 2032 iusticia
1495 2004 1527 2031 et
1559 1998 1691 2030 laeticia
1715 1997 1781 2030 Dei
1806 1997 1842 2029 in
1865 1998 1962 2030 omni
1993 2001 2206 2037 aeternitate.

1232 2050 1373 2091 Colligit
1395 2055 1508 2081 autem
1528 2059 1610 2080 voce
1627 2046 1811 2090 Evangelii
1829 2054 1861 2080 et
1880 2060 1951 2080 non
1969 2049 2089 2093 aliter⁷
2115 2063 2208 2084 eam-

1233 2112 1299 2144 quc
1320 2101 1365 2132 ob
1386 2110 1522 2131 causam
1545 2104 1657 2130 servat
1673 2098 1788 2141 aliqua
1807 2098 2005 2131 docentium
2024 2105 2056 2132 et
2072 2100 2207 2134 discen-

1232 2152 1318 2184 tium
1342 2149 1492 2191 agmina.
1546 2147 1651 2189 Quod
1670 2148 1777 2190 igitur
1796 2160 1859 2180 nos
1875 2145 2039 2181 hactenus
2057 2150 2208 2184 clemen-

1232 2208 1283 2233 ter
1307 2200 1388 2232 texit
1411 2198 1501 2230 fitius
1519 2197 1602 2238 Dei,
1629 2210 1705 2230 cnm
1733 2198 1896 2242 utrinque
1921 2198 2046 2231 vicinia
2071 2201 2207 2235 arderet

1232 2251 1349 2289 bellis,
1374 2249 1500 2291 gratias
1519 2248 1549 2280 ei
1569 2254 1640 2280 toto
1660 2254 1795 2291 pectore
1811 2259 1892 2289 ago,
1919 2254 1951 2280 et
1966 2259 2044 2281 eum
2061 2261 2142 2289 oro,
2169 2257 2207 2285 ut

1232 2300 1394 2343 deinceps
1424 2309 1562 2342 quoque
1592 2309 1656 2330 nos
1686 2298 1854 2340 gubernet
1881 2303 1915 2329 et
1937 2304 2110 2340 protegat,
2144 2312 2207 2334 nec

1231 2351 1321 2383 sinat
1352 2350 1443 2382 inter
1472 2359 1536 2380 nos
1567 2347 1719 2390 extingui
1748 2358 1849 2379 verae
1879 2347 2058 2381 doctrinae
2080 2350 2206 2386 studia.

1232 2399 1436 2433 Rectissime
1460 2405 1574 2431 autem
1601 2398 1798 2430 institutum
1822 2402 1890 2436 est,
1924 2403 1961 2430 ut
1986 2397 2021 2429 in
2045 2396 2099 2431 his
2121 2411 2208 2433 con—

1231 2450 1403 2492 gressibus
1433 2449 1475 2480 ad
1506 2448 1562 2491 pia
1585 2454 1663 2480 vota
1685 2446 1896 2488 adiungatur
1919 2449 2207 2484 commonefactio

1233 2498 1406 2534 iuventuti
1421 2498 1517 2531 utilis
1536 2498 1608 2531 sive
1625 2498 1668 2529 de
1686 2496 1838 2536 artibus,
1859 2496 1931 2529 sive
1946 2497 1989 2529 de
2004 2498 2171 2534 moribus.

1329 2581 1417 2616 Cum
1434 2592 1515 2614 vero
1531 2581 1573 2614 de
1588 2578 1721 2611 artibus
1736 2577 1893 2622 quotidie
1905 2580 2095 2613 necessaria
2107 2592 2207 2624 prae-

203 2623 270 2658 Dei
295 2625 332 2658 in
353 2637 452 2659 cruce
480 2625 664 2669 pependit,
697 2626 759 2661 Sol
783 2628 985 2664 obscuratus
1009 2638 1059 2666 est
1087 2632 1178 2667 inter
1203 2671 1205 2673 ¹
1229 2638 1327 2677 cepta
1349 2631 1517 2672 audiatis,
1541 2636 1574 2664 et
1595 2640 1691 2662 nunc
1714 2627 1752 2661 in
1772 2625 1826 2662 his
1847 2628 2002 2662 motibus
2023 2641 2122 2674 saepe
2146 2631 2205 2666 fiat
