2324 2955
94 102 170 139 453

93 250 173 278 ται,
215 234 282 271 τὸν
312 234 428 271 αὐτὸν
456 232 595 293 τρόπον
627 246 689 268 και
720 233 776 268 ἐπὶ
799 236 876 270 τῶν
900 230 1020 281 λόγων
1047 231 1081 266 οἱ
1107 262 1109 269 ,

92 290 168 322 τῶν
188 283 387 332 ὀνομάτων
408 288 472 331 τῆς
496 281 691 328 ὸυνάιιεως
715 284 856 332 ἄπειροι
879 286 999 331 παρα).
993 280 1081 330 ,ογί-
1107 299 1109 333 Ι

94 337 240 382 Komai,
292 336 354 372 καὶ
401 333 507 371 αὐτοι
557 333 811 381 &calaminum
852 333 916 370 καὶ
959 334 1082 368 ἄλλων

94 386 303 427 ἀκούοντες.

198 440 255 472 12.
291 437 472 481 Significat
491 438 598 481 igitur
621 436 802 471 iustificari
821 438 913 482 apud
930 435 1081 470 Paulum

92 489 234 535 proprie
252 489 407 532 reputari
423 489 574 530 iustum,
597 495 648 522 est
662 488 756 521 enim
766 485 917 521 Ebraica
935 497 1083 521 consue-

52 568 54 570 .
92 540 216 573 tudine
239 540 377 573 forense
400 540 631 579 vocabulum,
658 546 697 572 ut
720 539 748 571 si
774 538 853 583 quis
875 538 987 577 dicat,
1013 536 1082 570 Po-

92 590 198 634 pulus
222 589 406 624 Romanus
436 589 636 623 iustificavit
658 589 858 632 Scipionem
884 594 1082 622 accusatum

95 653 115 674 a
131 640 296 674 Tribuno
314 641 445 685 plebis,
479 637 545 672 hoc
562 645 638 683 hest,
670 640 922 684 pronunciavit
939 639 1083 676 iustum,

94 691 330 724 innocentem.

200 741 259 776 13.
296 740 459 775 Relative
484 739 593 783 igitur
615 741 860 784 intelligantur
876 738 960 774 haec
978 751 1082 773 voca-

93 793 196 831 bula,
224 803 296 825 non
315 792 356 824 de
373 791 615 836 qualitatibus.
666 791 781 825 Iustus
799 803 862 835 pro
878 803 918 825 eo
936 790 997 837 qui
1007 789 1083 824 Deo

93 843 228 887 placet,
254 853 313 875 seu
338 853 400 885 pro
428 849 581 886 accepto.
634 841 854 881 Iustificati0‚
881 841 1084 886 acceptatio,

93 892 315 937 approbatio,
370 891 530 934 Iusticia,
557 893 729 937 reputatio
747 892 924 934 iusticiae‚
948 904 1009 927 seu
1025 903 1083 925 ac-

94 943 244 988 ceptatio
260 944 405 988 passive.

200 993 258 1028 14.
290 992 337 1027 Et
360 993 470 1037 gratia
495 1004 569 1026 non
595 1000 752 1027 nostram
771 993 997 1039 qualitatem,
1023 994 1084 1028 sed

94 1043 373 1078 misericordiam
390 1044 426 1076 in
440 1042 515 1077 Deo
534 1044 717 1088 significat.

199 1093 258 1130 15.
291 1092 369 1129 Etsi
384 1106 506 1127 verum
525 1101 594 1134 est,
618 1096 712 1140 quod
732 1095 770 1128 in
786 1094 1031 1129 iustificatione
1047 1095 1085 1128 fit

93 1145 329 1189 regeneratio,
353 1153 386 1180 et
402 1156 514 1178 novae
533 1146 719 1190 qualitates
736 1145 890 1180 existunt
908 1146 946 1178 in
970 1145 1085 1187 nobis,

96 1202 188 1229 certe
205 1196 298 1228 enim
316 1207 408 1230 nova
425 1195 496 1228 vita
513 1196 638 1229 existit.

203 1246 260 1281 16.
296 1246 365 1280 Sed
390 1257 464 1279 non
486 1246 766 1289 pronunciamur
789 1246 893 1287 iusti,
928 1243 996 1279 hoc
1023 1252 1085 1287 est,

95 1296 228 1340 accepti
245 1303 390 1340 propter
406 1302 544 1328 nostras
560 1307 668 1328 novas
687 1297 871 1340 qualitates
887 1308 925 1329 ac
940 1296 1084 1328 mundi-

95 1346 199 1386 tiem,
235 1347 296 1379 sed
327 1357 390 1390 per
418 1344 695 1379 misericordiam
721 1352 866 1390 propter
892 1343 1086 1387 Christum,

97 1403 137 1430 ut
152 1396 258 1440 paulo
275 1403 355 1440 post
370 1396 536 1429 dicemus.

203 1445 260 1479 17.
301 1445 461 1485 Deinde,
505 1456 584 1477 cum
608 1445 650 1477 de
672 1445 919 1478 iustificatione
943 1445 1085 1486 dicitur,

97 1495 250 1530 discerni
272 1495 401 1529 debent
422 1494 476 1526 lex
505 1500 539 1526 et
563 1494 770 1537 promissio,
796 1495 834 1527 in
850 1506 918 1540 qua
935 1495 1085 1529 offertur

96 1545 337 1581 reconciliatio
356 1556 418 1589 per
434 1541 630 1579 Christum.

203 1595 261 1631 18.
298 1593 516 1629 Obedientia
531 1604 611 1637 erga
630 1594 741 1637 legem
765 1600 855 1628 esset
875 1593 1031 1637 iusticia,
1054 1594 1084 1628 si

94 1648 208 1692 legem
223 1647 426 1680 faceremus.

203 1696 262 1732 19.
309 1695 377 1730 Sed
411 1695 494 1741 quia
525 1695 595 1738 legi
626 1707 811 1741 nunquam
842 1694 1086 1735 satisfacimus,

100 1760 175 1782 non
192 1753 242 1781 est
255 1747 497 1787 sentiendum,
523 1757 588 1779 nos
603 1758 621 1779 a
637 1744 713 1779 Deo
730 1746 959 1791 pronunciari
976 1746 1086 1779 iustos

100 1805 246 1844 propter
263 1796 499 1831 obedientiam
515 1807 594 1839 erga
609 1796 730 1839 legem.
758 1796 839 1829 Non
858 1797 965 1840 igitur
979 1808 1086 1841 quae-

100 1850 211 1884 renda
228 1855 278 1883 est
301 1849 337 1881 in
362 1848 436 1891 lege
456 1846 672 1887 iustificatio,
698 1847 758 1880 sed
779 1859 879 1880 mens
900 1859 919 1881 a
944 1847 1019 1890 lege
1042 1847 1084 1879 ad

100 1899 371 1946 promissionem
391 1897 652 1931 misericordiae
669 1898 825 1931 revocari
843 1898 959 1933 debet.

202 1950 262 1984 20.
292 1949 374 1983 ldeo
384 1948 516 1982 Paulus
533 1948 596 1981 ait:
623 1946 795 1981 Homines
813 1949 881 1981 fide
897 1947 1087 1989 iustificari,

103 2002 186 2048 quia
204 2001 276 2034 sola
294 2001 377 2033 fides
395 1995 629 2044 apprehendit
643 1998 923 2042 promissionem

205 2053 266 2086 21.
306 2050 396 2084 Nam
428 2050 507 2082 ideo
539 2049 606 2082 fide
636 2049 880 2088 iustificamur,
924 2049 1007 2094 quia
1037 2055 1088 2082 est

104 2102 229 2137 fiducia
245 2102 351 2135 alieni
371 2100 552 2139 beneficii,
578 2111 651 2132 non
668 2106 805 2134 nostrae
822 2100 1012 2146 qualitatis.

206 2154 266 2189 22.
301 2151 395 2185 Ilaec
412 2157 494 2184 sunt
516 2150 675 2195 opposita
701 2150 792 2184 inter
817 2163 867 2184 se:
897 2151 964 2183 side
987 2150 1088 2183 iusti-

105 2206 261 2244 ficamur,
287 2210 336 2237 et:
364 2203 431 2235 fide
450 2201 680 2235 iustificamur
696 2208 838 2245 propter
854 2213 972 2245 opera.
1000 2200 1087 2234 Nam

107 2257 174 2289 fide
194 2253 375 2289 iustificari
399 2259 449 2286 est
474 2251 653 2286 iustificari
674 2252 798 2286 fiducia
817 2251 1091 2295 misericordiae,

108 2318 180 2340 non
197 2313 339 2351 propter
358 2315 473 2348 opera.

210 2356 269 2390 23.
303 2355 386 2390 Ideo
405 2354 555 2388 ridicula
576 2360 626 2387 est
651 2353 890 2397 interpretatio
908 2351 1092 2398 Sopliista-

110 2419 188 2441 rum
212 2407 273 2452 qui
296 2406 469 2449 affingunt
493 2406 537 2438 ad
558 2405 666 2438 verba
684 2403 804 2446 Pauli,
836 2405 903 2438 side
926 2405 1093 2439 iustifica-

109 2470 191 2492 mur
210 2463 354 2502 propter
369 2456 605 2490 dilectionem.

211 2507 273 2544 24,
307 2506 377 2540 Nec
402 2513 514 2551 potest
539 2506 609 2540 dici
635 2503 867 2552 synecdoche:
903 2506 970 2539 fide
994 2506 1096 2540 iusti-

110 2559 272 2600 ficamur,
300 2558 397 2598 ideo,
422 2558 503 2602 quia
530 2558 644 2591 incoct
669 2558 952 2598 renovationem,
984 2564 1096 2591 caete-

114 2621 194 2643 rum
210 2607 372 2643 homines
388 2609 501 2654 reipsa
518 2608 626 2643 iustos
643 2620 716 2643 esse
734 2616 876 2653 propter
893 2615 1096 2653 sequentem

114 2659 350 2694 dilectionem.

741 94 1005 132 PHILIPPI
1037 91 1491 130 MELANTHONIS.

93 184 243 235 ψηφους
252 197 376 232 (pGQCIV
394 183 466 220 υπὸ
482 186 558 219 Τίῦν
575 180 831 228 ἐπίσῒὶμιόνων
837 178 1081 243 &ssapomoziov-
1105 189 1110 255 ἱ

2053 98 2128 136 454

1236 179 1297 217 25.
1330 180 1420 215 Nam
1448 178 1672 227 synecdoche
1687 192 1760 215 non
1778 180 2046 227 comprehendit
2059 197 2125 229 pu-

1134 231 1297 274 gnantia,
1325 232 1404 265 ideo
1424 234 1519 267 enim
1536 232 1616 265 fidei
1631 233 1799 267 tribuitur
1815 234 2033 277 iustificatio,
2058 234 2125 270 hoc

1135 289 1203 323 est,
1231 280 1505 326 apprehensioni
1531 283 1813 326 misericordiae,
1848 285 1931 331 quia
1955 286 2125 321 adimitur

1134 332 1263 366 nostris
1286 334 1463 377 operibus.

1235 383 1295 418 26.
1323 383 1490 429 Sequitur
1507 384 1613 428 igitur
1630 385 1738 427 clare,
1760 386 1854 432 quod
1870 383 2033 422 homines
2051 389 2124 423 sola

1135 433 1201 466 fide
1219 433 1302 467 iusti
1320 442 1539 478 reputentur.

1237 483 1298 520 27.
1332 483 1427 518 Haec
1442 487 1508 520 tria
1525 486 1652 519 diserte
1668 486 1838 530 coniungi
1852 488 1996 523 debent:
2026 489 2123 531 Fide,

1135 531 1203 567 hoc
1236 541 1302 575 est,
1342 547 1415 569 non
1448 543 1592 581 propter
1619 544 1775 571 nostram
1798 539 2027 581 munditiem,
2063 543 2122 574 sed

1136 585 1263 618 fiducia
1294 585 1574 628 misericordiae,
1607 587 1857 632 consequimur
1881 590 2122 624 remissionem

1136 642 1376 680 peccatorum,
1408 638 1491 672 item
1517 638 1783 682 consequimur,
1814 645 1854 672 ut
1877 639 1960 672 iusti
1984 648 2123 683 repute-

1136 699 1234 727 mur,
1263 687 1345 720 item
1363 688 1612 734 consequimur
1628 688 1735 721 vitam
1755 695 1945 722 aeternam.

1239 738 1300 773 28,
1342 737 1478 773 Incerta
1507 745 1595 772 esset
1619 739 1800 779 remissio,
1835 740 1863 772 si
1888 741 2057 783 penderet
2081 754 2120 774 ex

1137 788 1341 822 conditione
1366 798 1569 824 nostrorum
1595 790 1821 827 meritorum,
1856 790 1933 824 ideo
1959 792 2031 825 sola
2058 792 2124 824 fide

1137 839 1327 883 accipimus
1343 841 1586 874 remissionem
1605 847 1838 884 peccatorum.

1239 889 1301 925 29.
1345 889 1480 924 Incerta
1500 898 1587 924 esset
1605 891 1818 923 conscientia
1844 891 1881 923 in
1903 888 2047 926 homine
2070 906 2124 927 re-

1137 948 1239 982 nato,
1266 940 1295 973 si
1321 947 1439 984 postea
1462 941 1688 974 sentiendum
1704 948 1807 979 esset,
1833 939 1995 976 homines
2021 956 2126 988 repu-

1137 992 1203 1026 tari
1231 991 1340 1024 iustos
1363 998 1509 1036 propter
1533 1003 1658 1034 opera,
1684 997 1743 1024 aut
1768 991 1852 1034 legis
1872 992 2126 1036 impletionem.

1138 1042 1286 1086 Semper
1300 1042 1395 1075 enim
1411 1048 1549 1075 accusat
1565 1052 1629 1074 nos
1648 1041 1714 1073 lex.

1239 1093 1300 1127 30.
1335 1091 1482 1126 Necesse
1505 1098 1556 1125 est
1582 1098 1698 1125 autem
1722 1092 1971 1126 conscientiam
1999 1092 2125 1129 habere

1139 1144 1274 1176 firmam
1299 1143 1598 1183 consolationem,
1638 1153 1746 1187 quare
1771 1149 1804 1176 et
1829 1144 1942 1178 renati
1964 1145 2035 1178 sola
2059 1147 2125 1180 fide

1140 1200 1283 1238 propter
1299 1191 1481 1227 Christum
1494 1199 1705 1236 reputantur
1721 1193 1814 1228 iusti.

1241 1244 1300 1277 31.
1334 1243 1481 1277 Necesse
1497 1250 1547 1276 est
1563 1250 1597 1277 et
1614 1249 1754 1276 renatos
1777 1244 1922 1286 sentire,
1951 1248 2044 1291 quod
2066 1259 2126 1291 per

1139 1294 1417 1327 misericordiam
1434 1294 1518 1328 iusti
1535 1300 1761 1337 reputentur,
1788 1306 1860 1328 non
1878 1304 2022 1340 propter
2047 1309 2127 1332 suas

1139 1344 1336 1389 qualitates.

1240 1395 1301 1430 32.
1328 1391 1376 1427 Et
1391 1400 1507 1427 tamen
1523 1405 1646 1427 verum
1665 1401 1732 1435 est,
1757 1395 1851 1440 quod
1869 1396 1935 1429 fide
1952 1398 2055 1432 etiam
2070 1411 2127 1433 re-

1140 1455 1332 1485 novamur,
1359 1455 1439 1476 cum
1463 1444 1557 1477 enim
1583 1445 1707 1478 liberet
1733 1457 1773 1477 ex
1794 1448 2007 1490 terroribus,
2033 1451 2127 1494 parit

1139 1494 1308 1536 gaudium
1329 1500 1361 1526 et
1378 1505 1506 1526 novam
1522 1494 1632 1526 vitam
1650 1494 1686 1526 in
1705 1496 1819 1528 corde.

1241 1543 1303 1579 35.
1342 1542 1511 1588 Sequitur
1527 1554 1602 1576 eam
1622 1550 1654 1577 et
1677 1544 1876 1579 obedientia
1901 1558 1980 1590 erga
2005 1549 2130 1592 legem,

1139 1593 1221 1639 quia
1246 1600 1432 1638 postquam
1462 1600 1495 1627 et
1516 1594 1604 1626 iram
1621 1593 1687 1627 Dei
1711 1596 1877 1629 adversus
1903 1606 2060 1641 peccata,
2096 1609 2128 1635 et

1140 1655 1260 1678 rursus
1282 1644 1350 1677 fide
1375 1644 1652 1677 misericordiam
1675 1646 1921 1689 cognovimus,
1965 1655 1998 1682 et
2020 1651 2129 1685 senti-

1140 1707 1217 1728 mus
1234 1694 1310 1729 Deo
1329 1706 1408 1727 vere
1432 1706 1498 1728 nos
1523 1706 1626 1728 curae
1650 1707 1743 1738 esse,
1767 1697 1947 1740 diligimus
1968 1706 2001 1733 et
2025 1701 2129 1736 invo-

1139 1757 1258 1780 camus
1275 1757 1370 1779 eum.

1243 1795 1304 1831 34.
1339 1796 1462 1830 Liberi
1486 1807 1607 1830 sumus
1631 1808 1649 1829 a
1680 1797 1773 1840 lege,
1809 1810 1880 1832 non
1907 1800 1972 1841 ita,
2000 1813 2043 1835 ne
2069 1802 2129 1837 fiat

1140 1848 1213 1886 lex,
1260 1847 1319 1879 sed
1352 1847 1434 1891 quia
1461 1847 1630 1890 obligatio
1655 1854 1762 1881 cessat
1786 1849 2045 1885 iustificationis
2068 1865 2129 1897 per

1141 1898 1251 1941 legem
1267 1898 1507 1941 quaerendae,
1533 1898 1687 1931 donatur
1709 1899 1802 1931 enim
1827 1901 2028 1936 iustificatio
2055 1916 2128 1936 non

1141 1954 1285 1993 propter
1300 1948 1430 1990 legem,
1456 1948 1515 1980 sed
1534 1955 1676 1992 propter
1693 1946 1886 1985 Christum.

1242 1995 1303 2031 35.
1334 1996 1382 2032 Et
1398 1996 1482 2031 haec
1500 2010 1604 2041 opera
1626 1998 1727 2040 legis,
1754 2007 1836 2032 sunt
1860 2001 2012 2044 iusticia,
2041 2016 2128 2049 qua·

1142 2056 1244 2083 tenus
1270 2055 1352 2083 sunt
1376 2049 1576 2082 obedientia
1603 2060 1682 2091 erga
1707 2049 1838 2091 legem,
1872 2063 1985 2096 neque
2010 2061 2128 2088 tamen

1142 2107 1285 2145 propter
1298 2111 1336 2132 ea
1352 2106 1559 2144 reputamur
1583 2099 1684 2139 iusti,
1711 2100 1791 2144 quia
1819 2113 1890 2134 non
1914 2104 2129 2140 satisfaciunt

1142 2151 1229 2194 legi,
1255 2157 1289 2184 et
1307 2157 1398 2184 certe
1415 2161 1563 2194 persona
1581 2156 1630 2183 est
1656 2150 1854 2192 immunda,
1889 2153 1957 2186 nisi
1980 2155 2046 2188 fide
2072 2168 2129 2189 re-

1143 2201 1347 2235 missionem
1365 2201 1537 2245 impetret.

1245 2252 1308 2285 36.
1343 2251 1435 2285 Sunt
1459 2252 1565 2294 igitur
1590 2252 1680 2284 bona
1705 2264 1810 2296 opera
1829 2255 2028 2296 meritoria,
2057 2270 2128 2291 non

1143 2302 1361 2336 remissionis
1389 2309 1627 2347 peccatorum,
1672 2309 1732 2336 aut
1763 2303 2036 2346 iustificationis,
2071 2317 2130 2343 aut

1145 2354 1238 2388 vitae
1265 2360 1446 2393 aeternae,
1480 2353 1562 2397 quia
1595 2359 1680 2386 tunc
1709 2354 1851 2388 demum
1884 2356 2021 2400 placent
2045 2358 2131 2398 Deo,

1146 2417 1225 2438 cum
1258 2404 1347 2438 fiunt
1377 2404 1414 2436 in
1445 2403 1657 2443 iustificatis,
1692 2403 1790 2448 prius
1813 2405 1920 2449 igitur
1944 2420 2131 2452 personam

1146 2456 1212 2489 fide
1229 2454 1409 2489 iustificari
1425 2460 1575 2498 oportet.

1249 2505 1310 2541 37,
1338 2504 1418 2538 Vita
1436 2511 1576 2538 aeterna
1594 2513 1643 2539 est
1660 2517 1811 2547 merces,
1839 2519 1911 2541 non
1929 2511 2010 2555 quia
2027 2524 2130 2555 opera

1148 2557 1217 2590 sint
1237 2556 1392 2600 precium
1411 2555 1558 2597 dignum
1579 2556 1647 2589 vita
1674 2563 1832 2598 aeterna,
1863 2561 1920 2592 sed
1948 2569 2130 2606 postquam

1149 2610 1252 2642 datur
1277 2606 1377 2640 iustis
1405 2606 1475 2639 vita
1510 2613 1649 2640 aeterna
1680 2615 1824 2651 propter
1851 2610 1956 2644 aliam
1985 2624 2133 2649 cansam.

1150 2658 1255 2692 simul
1273 2663 1473 2703 compensat
1488 2662 1605 2692 tamen
1622 2659 1716 2693 bona
1735 2671 1851 2704 opera.

1440 2704 1524 2742 29*
