2324 2955
85 91 159 126 5-73

87 177 194 210 nitate
211 174 439 220 opinionum,
466 186 554 221 quae
575 182 613 209 ut
639 176 807 220 scriptum
832 183 900 218 est,
926 182 1068 210 vertunt

85 224 154 270 τὴν
166 222 280 272 χάριν
298 226 346 265 εἰς
363 224 564 273 ἀσέλγειαν.
618 225 817 260 Invitantur
840 239 920 270 ergo
944 227 1068 259 diabo-

84 276 172 312 licae
190 277 303 310 furiae
315 303 324 317 ,
345 283 377 310 et
396 274 433 309 hi
451 276 565 309 morbi
582 287 713 319 poenae
731 284 812 310 sunt
837 275 1066 321 prophanita-

83 325 141 362 tiS.
193 325 266 360 Has
283 337 412 371 poenas
429 326 556 359 deinde
572 327 697 360 ruinae
716 327 963 372 imperiorum,
991 327 1068 360 bel-

82 376 117 409 la
139 383 173 410 et
188 377 397 411 vastationes
415 377 691 411 comitabuntur.

184 441 281 476 Inter
307 440 432 476 harum
458 444 711 487 cogitationum
736 443 862 476 ssuctus
886 441 952 477 hac
971 443 1065 476 velut

80 503 209 526 ancora
230 504 297 526 nos
322 500 574 534 sustentamus,
607 493 790 532 videlicet,
825 495 1059 537 promissione

78 542 145 575 fil-ii
159 541 249 584 Dei,
275 544 338 589 qui
356 544 535 585 adfirmat,
561 555 597 577 se
611 543 778 588 reliquias
796 542 971 577 Ecclesiae
989 555 1062 576 ser—-

78 599 242 627 vaturum
269 605 340 628 esse
362 595 466 628 etiam
489 595 527 626 in
552 592 616 627 hac
638 594 748 627 delira
772 595 897 627 mundi
914 600 1063 634 senecta,

78 643 168 677 sicut
192 643 325 690 inquit:
366 643 484 677 Etiam
515 644 553 676 in
584 650 720 677 senecta
749 656 811 679 vos
837 645 996 687 gestabo,
1030 651 1062 678 et

77 694 268 738 praecipit,
305 706 350 728 ne
371 694 527 729 officium
551 695 719 734 docendi,
747 701 779 728 et
802 694 970 729 monendi
996 705 1058 726 no-

77 749 168 777 stros
180 743 397 782 abiiciamus.

180 808 299 853 Quare
330 810 483 854 primum
514 818 552 844 ut
586 812 753 845 mandato
780 810 846 845 Dei
880 811 1061 852 obediam,

77 859 244 893 omnibus
270 862 491 895 auditoribus
515 862 645 894 nostris
670 862 864 905 praecipio,
892 868 1059 906 tanquam

628 89 784 127 DECL.
820 89 892 130 DE
929 88 1115 126 DICTO
1154 91 1171 124 1
1205 90 1477 127 PARALIP.
1513 92 1575 127 17.

73 907 251 944 Ecclesiae
276 908 382 945 huius
406 919 543 955 pastor,
577 919 615 945 ut
639 912 788 945 iniustos
814 913 963 955 impetus
989 912 1061 944 sre-

74 966 173 1001 nent,
200 967 233 994 et
252 961 323 995 sint
339 962 500 1002 modesti,
518 967 551 994 et
568 972 603 994 se
620 962 663 994 ad
682 962 777 1005 piam
794 961 1059 995 meditationem

74 1017 108 1043 et
122 1010 382 1044 invocationem
398 1011 603 1046 exuscitent.

176 1075 312 1111 Hortor
346 1077 450 1111 etiam
478 1078 719 1121 magistratus,
756 1085 796 1112 ut
828 1079 903 1112 illas
937 1085 1059 1122 pestes,

76 1138 166 1171 quae
183 1128 299 1160 sanari
317 1128 446 1162 nolunt
462 1135 629 1174 tanquam
646 1126 850 1175 ἀλάστορας
862 1130 1002 1174 patriae,
1020 1141 1058 1162 ex

73 1177 206 1221 oppido
224 1177 379 1212 eiiciant.

173 1243 310 1278 Deinde
329 1250 469 1278 coetum
486 1245 627 1289 piorum
652 1246 835 1291 alloquor,
860 1247 952 1280 inter
971 1259 1059 1291 quos

72 1294 175 1326 multi
192 1302 274 1327 sunt
289 1295 526 1326 adolescentes
542 1296 646 1335 tales,
673 1297 715 1327 de
733 1297 862 1339 quibus
887 1297 1058 1339 scriptum

73 1349 141 1376 est:
177 1342 290 1377 Sinite
316 1343 480 1387 parvulos
506 1345 550 1376 ad
574 1356 628 1377 me
653 1345 790 1387 venire,
825 1344 908 1389 quia
934 1346 1058 1378 talium

72 1400 123 1427 est
140 1404 288 1435 regnum
312 1393 502 1427 coelorum.

173 1457 249 1490 Hos
266 1458 371 1490 iubeo
387 1470 523 1490 mecum
543 1458 717 1502 supplices
731 1459 773 1491 ad
785 1456 899 1490 Deum
917 1460 1059 1491 accede-

71 1519 127 1546 re,
154 1508 210 1541 cui
228 1507 380 1551 primum
395 1507 524 1550 gratias
540 1509 692 1549 agimus,
722 1509 814 1552 quod
832 1508 943 1540 fitium
963 1509 1059 1541 misit

71 1558 349 1602 redemptorem,
376 1559 471 1602 quod
489 1555 681 1591 Ecclesiam
699 1565 875 1591 aeternam
892 1558 960 1590 sibi
983 1558 1057 1590 col-

70 1608 168 1651 ligit,
202 1609 298 1653 quod
324 1608 426 1641 nobis
452 1608 556 1641 etiam
578 1609 692 1642 filium
724 1608 896 1646 ostendit,
935 1615 968 1641 et
992 1619 1058 1641 nos

71 1656 249 1692 Ecclesiae
273 1670 355 1691 suae
383 1658 552 1700 inseruit,
585 1665 618 1692 et
640 1659 830 1692 clementer
853 1669 917 1691 nos
941 1665 975 1692 et
992 1670 1058 1692 no-

71 1715 158 1743 stras
176 1709 326 1742 familias
344 1706 512 1742 hactenus
528 1710 690 1753 protexit.

173 1775 364 1809 Precamur
394 1775 498 1809 etiam
530 1776 621 1809 veris
655 1776 841 1819 gemitibus
873 1783 1056 1810 aeternum

71 1833 205 1871 patrem
237 1826 387 1859 Domini
418 1826 532 1859 nostri
564 1825 641 1859 lesu
672 1824 825 1867 Christi,
865 1833 1056 1860 creatorem

71 1877 208 1920 generis
231 1874 400 1917 humani,
434 1883 474 1909 ut
498 1883 642 1920 propter
663 1877 774 1910 filium
800 1888 937 1921 semper
965 1877 1057 1910 inter

71 1939 137 1961 nos
151 1934 328 1961 aeternam
346 1925 541 1960 Ecclesiam
559 1927 718 1970 colligat,
744 1939 809 1961 nos
827 1929 965 1969 doceat,
992 1939 1057 1970 gu-

72 1979 198 2012 bernet
225 1985 259 2012 et
284 1984 453 2022 protegat.

174 2044 276 2078 Hanc
309 2044 601 2087 significationem
641 2045 866 2087 gratitudinis
903 2052 937 2079 et
970 2042 1054 2078 haec

72 2101 153 2130 vota
171 2096 325 2140 primum
344 2095 420 2127 fieri
434 2095 470 2127 iu
489 2093 542 2128 his
563 2096 805 2139 congressibus
820 2097 928 2129 decet.

171 2161 275 2195 Nunc
301 2168 334 2195 et
357 2162 399 2194 de
424 2167 522 2205 parte
538 2161 655 2206 aliqua
671 2162 848 2196 doctrinae
865 2163 1055 2196 dicendum

71 2219 142 2254 est,
163 2223 252 2258 quae
271 2218 304 2245 et
330 2212 405 2255 ipsa
430 2213 472 2244 ad
503 2213 721 2246 excitandam
745 2213 992 2256 gratitudinem
1023 2219 1055 2246 et

71 2263 329 2297 invocationem
353 2263 507 2306 prodest.

172 2329 213 2362 In
232 2329 347 2373 priore
364 2329 457 2362 libro
475 2328 820 2375 παραλειπομένων,
837 2337 876 2364 ut
890 2331 1055 2364 nomina-

72 2391 169 2420 mus,
196 2391 270 2423 cap.
287 2379 342 2412 17.
368 2378 482 2413 David
501 2380 630 2423 gratias
647 2381 717 2423 agit
735 2387 876 2425 propter
892 2382 1052 2415 traditam

71 2430 342 2475 promissionem
359 2430 609 2474 redemptoris,
636 2444 706 2475 quo
730 2433 766 2464 in
785 2432 861 2464 loco
878 2432 1053 2465 sententia

74 2481 222 2524 insignis
240 2480 351 2524 posita
370 2487 430 2521 est,
446 2493 534 2526 quae
552 2481 588 2513 in
606 2481 707 2514 libris
724 2482 858 2514 Latinis
874 2483 1055 2525 negligen-

73 2539 126 2566 ter
141 2531 277 2564 reddita
296 2537 357 2568 est,
375 2542 452 2564 cum
471 2531 611 2576 quidem
631 2532 854 2573 grammatica
871 2532 907 2564 in
917 2531 1054 2566 Ebraea

76 2581 226 2616 lectione
243 2593 315 2614 nou
335 2582 379 2614 sit
396 2581 569 2624 ambigua.
622 2581 782 2615 Brevitas
798 2582 881 2616 dicti
900 2583 990 2621 fecit,
1017 2590 1057 2617 ut

73 2633 279 2677 interpretes
295 2631 392 2677 quasi
419 2632 727 2676 praetervolavcrit
752 2634 937 2669 sententia.
1039 2655 1055 2661 -
1080 2670 1082 2677 ,

2031 98 2106 132 374

1124 174 1193 208 ctio
1210 186 1328 218 graeca
1348 178 1493 220 propior
1510 185 1560 212 est
1574 178 1745 212 sontibus:
1768 178 1829 214 καὶ
1845 178 1979 218 guid&
1992 192 2036 224 με
2055 179 2104 219 ὠ,-

1118 223 1245 269 tipum„-
1263 224 1491 272 ἀνθρώπου,
1517 227 1579 262 καὶ
1599 228 1750 274 {fumeas
1766 243 1809 273 με
1827 227 1951 275 κύριος
1968 229 1986 264 ὁ
2005 229 2100 269 θεός.

1221 298 1434 333 Meministis
1449 299 1670 336 Bernardum
1688 302 1866 346 Ziglerum
1881 332 1889 345 ,
1916 312 2037 338 natum
2065 307 2100 338 in

1116 350 1250 383 familia
1275 351 1389 383 nobili
1418 352 1528 392 gentis
1556 352 1760 397 Mysorum,
1788 355 1902 387 virum
1930 357 2101 389 excelleu-

1115 406 1186 433 tem
1220 400 1381 443 ingenio,
1420 402 1636 443 eruditione,
1674 403 1796 435 iudicii
1827 406 2036 439 rectitudine
2068 414 2100 440 et

1114 450 1199 491 fide,
1227 462 1296 495 quo
1314 463 1392 483 cum
1414 449 1501 484 mihi
1520 453 1631 485 dulcis
1659 453 1809 486 amicitia
1824 455 1901 489 fuit.
1954 455 1986 488 Is
2003 457 2099 489 affir-

1114 502 1254 541 mahat,
1282 501 1356 533 sine
1373 501 1454 533 ullis
1474 502 1681 546 corruptelis
1700 499 1789 534 hanc
1808 515 1879 536 esse
1896 507 2098 547 grammati-

1114 563 1188 583 cam
1210 558 1243 584 et
1266 552 1418 584 nativam
1446 552 1783 596 interpretationem:
1819 556 1865 587 Et
1886 558 2022 598 aspici-5
2040 568 2096 590 me

1114 603 1153 635 ἱη
1177 599 1305 646 forma
1332 601 1511 645 hominis,
1556 605 1616 647 (μα’
1641 606 1679 636 in
1710 605 1868 637 eaecelsis
1900 616 1937 638 es
1960 605 2094 640 lelzot'a

1112 653 1229 686 Deus.
1285 652 1385 685 Hanc
1412 654 1736 696 interpretationem
1763 660 1796 687 et
1813 651 1989 687 Lutherus
2012 667 2096 698 pro-

1113 703 1239 743 babat,
1276 710 1307 736 ct
1330 703 1475 735 lectores
1498 703 1723 736 mediocriter
1749 703 1878 737 eruditi
1913 704 1950 736 in
1975 705 2096 747 lingua

1111 750 1265 793 Ebraea,
1293 760 1323 785 et
1340 765 1411 785 non
1429 751 1616 797 prophani,
1644 765 1828 796 agnoscere
1847 762 2006 797 possunt,
2034 767 2096 788 nc-

1112 815 1289 847 quaquam
1324 805 1543 846 peregrinam
1569 815 1651 838 esse.
1705 802 1806 837 Certe
1833 804 1951 847 priora
1972 806 2094 838 verba:

1110 851 1157 885 Et
1184 853 1308 896 aspicis
1333 865 1387 885 me
1410 855 1445 885 in
1471 854 1582 887 forma
1601 851 1777 895 hominis,
1801 862 1999 898 congruunt
2018 867 2095 889 cum

1112 902 1247 936 Graeca
1265 903 1562 947 interpretatione.

1211 969 1312 1003 Hanc
1331 970 1437 1012 igitur
1455 971 1716 1013 grammaticam
1734 978 1765 1004 et
1784 984 1856 1004 non
1874 973 2094 1016 peregrinam

1111 1019 1439 1065 interpretationem
1465 1021 1693 1061 retineamus,
1728 1028 1761 1054 et
1784 1022 2014 1065 adiungamus
2040 1024 2094 1055 di—

1110 1071 1173 1103 ctis
1193 1071 1418 1114 evangelicis,
1447 1077 1479 1103 et
1507 1072 1664 1115 pondera
1691 1072 1877 1105 verborum
1897 1073 2095 1106 considere-

1109 1132 1201 1155 mus,

1210 1186 1367 1220 Verbum
1393 1186 1531 1231 Aspicis
1560 1189 1722 1230 congruit
1748 1200 1825 1222 curn
1854 1189 1964 1223 dicto:
1995 1188 2095 1223 Vidit

1109 1235 1290 1271 Abraham
1308 1239 1400 1270 diem
1420 1250 1536 1271 meum
1549 1264 1557 1278 ‚
1584 1245 1616 1271 et
1634 1239 1781 1272 laetatus
1803 1246 1863 1273 est.

1210 1301 1496 1345 Appellationem
1530 1303 1662 1336 formae
1690 1305 1845 1338 imitatus
1880 1311 1931 1338 est
1954 1304 2095 1345 Paulus,

1109 1363 1188 1384 cum
1214 1352 1276 1384 ait:
1307 1351 1379 1393 Qui
1404 1364 1482 1385 cum
1512 1359 1597 1384 esset
1620 1353 1656 1386 in
1692 1355 1804 1386 forma
1828 1353 1910 1394 Dei,
1944 1355 2094 1388 sormam

1110 1401 1201 1434 servi
1218 1402 1414 1434 adsumens.

1210 1466 1370 1511 Cumque
1386 1468 1544 1501 adfirmet
1558 1466 1653 1501 hunc
1672 1468 1855 1508 MessLun,
1883 1483 1987 1515 quem
2006 1473 2094 1504 allo-

1109 1516 1229 1560 quitur
1243 1542 1252 1556 ,
1278 1528 1358 1548 vere
1375 1528 1446 1549 esse
1463 1518 1576 1550 Deum
1597 1516 1725 1551 leliova
1743 1521 1778 1551 in
1797 1521 1955 1558 excelsis,
1984 1529 2015 1554 et
2040 1523 2094 1553 di-

1110 1573 1163 1598 cat
1182 1572 1299 1599 tamen
1317 1578 1396 1599 eum
1421 1568 1575 1611 conspici
1600 1569 1637 1600 in
1654 1569 1763 1601 forma
1782 1568 1935 1602 hominis
1949 1597 1958 1610 ,
1986 1583 2093 1614 agno-

1108 1616 1173 1649 scit
1199 1614 1293 1649 hunc
1319 1617 1522 1658 domiuum,
1550 1631 1655 1662 quem
1679 1620 1889 1664 alloquitur,
1926 1633 2006 1653 vere
2030 1622 2094 1654 ati-

1109 1673 1331 1710 sumpturum
1352 1679 1423 1700 esse
1447 1665 1635 1701 humanam
1655 1676 1834 1710 naturam,
1864 1678 1900 1704 ut
1918 1678 2019 1704 antea
2038 1672 2093 1704 di-

1109 1724 1203 1750 ctum
1225 1724 1295 1758 est,
1325 1718 1453 1751 Semen
1469 1719 1627 1751 mulieris
1644 1721 1865 1753 conculcabit
1892 1728 1993 1765 caput
2021 1734 2094 1754 ser-

1108 1767 1233 1811 pentis.
1286 1766 1333 1801 Et
1358 1769 1401 1800 ad
1418 1766 1597 1801 Abraham
1621 1782 1777 1813 expresse
1801 1771 1932 1804 dictum
1959 1778 2022 1804 est:
2052 1773 2092 1804 ln

1108 1818 1240 1850 semiue
1258 1824 1318 1851 tuo
1337 1819 1591 1853 benedicentur
1607 1832 1728 1853 omues
1746 1829 1874 1863 gentes.
1927 1821 1983 1854 Ad
2010 1820 2092 1855 haec

1108 1868 1198 1901 dicta
1215 1868 1428 1912 adiungatur
1445 1871 1661 1904 adseveratio
1678 1869 1734 1906 liic
1751 1872 1882 1916 posita,
1912 1872 1954 1904 de
1980 1873 2093 1905 forma

1108 1916 1274 1954 hominis.

1210 1985 1325 2019 Simul
1352 1993 1468 2019 autem
1493 1987 1672 2027 adfirmat,
1709 1986 1803 2020 hunc
1828 1987 1994 2021 Messiam
2019 2000 2092 2022 esse

1107 2035 1222 2070 Deum
1242 2034 1370 2069 lehova
1389 2037 1426 2068 in
1444 2037 1597 2077 excelsis,
1616 2038 1676 2082 qui
1695 2045 1727 2070 et
1744 2049 1880 2081 semper
1896 2039 2006 2072 adfuit
2023 2037 2091 2072 Ec-

1108 2087 1252 2126 clesiae,
1277 2094 1315 2121 ut
1339 2098 1498 2131 expresse
1523 2088 1710 2122 adfirmant
1725 2086 1921 2132 Prophetae
1945 2096 1976 2122 et
1994 2086 2091 2133 Apo-

1108 2138 1200 2172 stoli.

1208 2202 1258 2237 Ut
1284 2204 1391 2247 igitur
1416 2203 1586 2236 consessio
1617 2211 1709 2238 extat
1734 2206 1777 2237 de
1802 2212 1949 2251 utraque
1965 2213 2089 2240 natura

1107 2255 1144 2287 in
1170 2255 1284 2299 pri'no
1311 2268 1384 2298 cap.
1404 2252 1526 2289 lohan.
1581 2253 1630 2287 Ita
1654 2255 1691 2287 in
1718 2252 1783 2288 hoc
1802 2256 1878 2289 loco
1896 2257 2023 2290 tradita
2040 2266 2089 2291 est

1107 2306 1277 2339 consessio
1301 2307 1344 2338 de
1367 2312 1512 2348 utraque
1539 2311 1680 2342 natura,
1706 2318 1744 2338 ac
1769 2307 1812 2339 ad
1831 2307 2089 2341 confirmandos

1108 2368 1173 2389 nos
1190 2354 1483 2392 contraEbionis‚
1513 2355 1742 2394 Samosateni‚
1770 2354 1979 2398 Maliometi,
2007 2359 2089 2392 Ser-

1107 2407 1197 2445 veti,
1224 2414 1257 2440 et
1272 2407 1440 2439 similium
1460 2403 1710 2448 blasphemias,
1738 2407 1924 2450 diligenter
1941 2409 2087 2443 illustria

1107 2458 1304 2492 testimonia
1325 2458 1367 2489 de
1385 2456 1542 2489 doctriua
1566 2456 1783 2499 colligamus.

1208 2532 1329 2565 Postea
1354 2537 1386 2563 et
1414 2530 1671 2563 consolationes
1701 2531 1782 2564 inde
1815 2544 2012 2572 sumamus,
2046 2536 2088 2567 de

1106 2583 1233 2628 quibus
1251 2594 1328 2614 mox
1348 2581 1515 2614 dicemus.
1552 2580 1655 2614 Prius
1672 2582 1762 2614 enim
1782 2587 2086 2617 commemoranda

1106 2640 1156 2668 est
1180 2632 1326 2666 historia
1344 2632 1484 2665 Latomi
1502 2630 1743 2666 Lovaniensis.
1798 2633 1921 2667 Edidit
1949 2636 1977 2666 is
2002 2635 2086 2667 scri—

1399 2678 1477 2717 24*
