2324 2955
194 98 241 133 91

200 180 396 216 rationibus
413 175 583 215 adhibuit,
600 182 632 208 et
646 175 759 207 locum
776 174 806 206 ei
821 174 947 208 tribuit
964 174 999 206 in
1016 186 1178 218 supremo

207 232 337 265 iudicio
357 229 494 262 Ducum
515 224 702 263 saxoniae,
731 225 824 267 quod
848 236 983 268 semper
1002 224 1182 268 Principes

202 283 390 315 voluerunt
406 289 475 310 esse
495 286 607 307 arcem
634 274 789 306 iusticiae
814 275 850 306 in
869 273 922 307 his
945 275 1063 314 terris,
1090 287 1183 307 eam-

204 344 271 377 que
288 332 332 363 ol)
349 337 484 361 causam
502 336 541 356 ex
560 324 750 357 Nobilitate
767 331 796 357 et
815 337 853 357 ex
868 324 1079 358 Ductoribus
1103 325 1184 358 lecti

205 389 285 415 suut
311 378 457 415 iudices,
485 386 634 419 quorum
649 374 796 407 maxime
816 376 962 419 probata
978 382 1027 408 est
1045 375 1185 419 sapien-

206 433 252 465 tia
271 437 304 462 et
324 427 514 469 integritas.

308 477 470 510 Habebat
504 472 560 506 hic
588 472 736 516 collegas
763 487 834 508 non
863 476 1041 519 vulgares,
1083 474 1184 507 initio

207 528 504 570 XVoltlgangum,
538 523 665 556 deinde
685 530 717 556 et
739 524 979 568 Henningum.
1031 523 1078 557 Et
1102 537 1186 557 con—

207 580 385 614 sulebatur
402 575 484 608 haec
498 573 687 607 Academia
703 586 720 606 a
737 575 855 607 multis
871 577 1033 618 gentibus
1051 576 1092 607 de
1109 586 1187 617 gra-

207 628 359 662 vissimis
394 623 652 659 controversiis.
716 623 836 668 Itaque
866 623 1124 670 Hieronymum
1155 631 1188 657 et

210 681 380 720 collegae,
422 684 455 709 et
485 674 705 716 negotiorum
734 675 882 706 varietas
914 687 951 706 ac
981 675 1187 717 magnitudo

210 729 365 775 quotidie
389 726 568 759 acuebant.
620 721 666 756 Et
691 724 762 767 ipse
789 724 928 757 intuens
949 723 1189 767 Henningum,

213 788 246 814 et
268 784 398 812 attente
424 774 647 808 considerans
670 775 782 807 fontes
804 775 1077 815 sententiarum,
1105 786 1189 818 quas

212 833 249 863 in
284 824 597 861 deliberationibus
632 823 787 863 dicebat,
840 825 885 857 ita
924 825 1104 866 processit,
1152 830 1191 856 ut

212 886 329 925 postea
354 876 419 920 ipsi
445 886 546 906 nemo
573 873 744 915 praelatus
769 875 824 907 sit.
889 873 1059 916 Magnum
1087 875 1191 906 decus

213 937 262 963 est
281 936 311 961 et
337 925 546 970 praesidium
563 922 792 966 Reipublicae
813 924 892 956 talis
909 924 1191 962 Iurisconsultus,

213 980 311 1013 cuius
335 974 516 1009 sententiis
539 979 613 1006 tuto
638 974 731 1006 credi
757 980 877 1017 potest.
932 973 989 1007 Sic
1013 975 1104 1017 apud
1124 981 1192 1006 tres

213 1029 393 1064 Electores
411 1024 600 1059 saxonicos
618 1023 703 1056 vixit
720 1036 829 1057 annos
848 1024 1077 1068 quadraginta
1096 1025 1193 1063 duos,

215 1087 255 1113 ut
276 1086 306 1111 et
332 1076 445 1110 studia
474 1073 653 1107 doctrinae
680 1074 768 1107 luris
799 1081 831 1107 et
858 1074 985 1106 iudicia
1012 1074 1193 1117 praecipue

216 1129 353 1167 rexerit,
380 1133 411 1158 et
430 1123 589 1169 plurimis
606 1124 760 1157 consiliis
778 1122 957 1157 adhibitus
973 1124 1034 1164 sit,
1061 1124 1097 1155 in
1116 1124 1195 1168 qui-

216 1182 282 1213 bus
301 1190 365 1210 vox
386 1176 459 1208 eius
477 1174 638 1207 salutaris
656 1175 724 1207 suit
740 1174 981 1218 Reipublicae.

318 1226 460 1261 Erudiit
500 1231 533 1257 et
577 1224 714 1268 scriptis
752 1225 1000 1268 posteritatem.
1067 1220 1195 1255 Extant

218 1279 310 1313 enim
336 1278 408 1309 eius
435 1274 600 1311 consilia,
650 1286 736 1318 quae
766 1276 957 1307 ostendunt
983 1284 1056 1305 non
1082 1273 1195 1305 solum

218 1328 451 1362 eruditionem
480 1324 588 1366 ipsius
616 1331 648 1356 et
675 1324 797 1356 iudicii
825 1323 1088 1357 rectitudinem,
1137 1323 1196 1353 sed

220 1380 322 1412 etiam
345 1373 498 1407 veritatis
526 1378 558 1404 et
586 1371 742 1404 iusticiae
770 1383 923 1404 amorem
952 1370 990 1401 in
1018 1369 1092 1412 ipso
1119 1380 1198 1412 per-

221 1435 374 1473 petuum.
1022 1468 1029 1476 ·
1162 1467 1169 1474 ·

321 1475 532 1518 Quanquam
550 1477 664 1504 autem
688 1481 812 1513 magna
837 1477 886 1503 est
910 1479 1135 1512 negociorum
1161 1479 1197 1498 1n

219 1529 290 1561 illis
303 1524 487 1561 Centuriis,
519 1533 606 1566 quae
623 1527 750 1560 extant,
777 1521 935 1560 varietas,
963 1527 1079 1552 tamen
1097 1518 1197 1550 lectio

220 1580 259 1611 in
277 1576 396 1620 primis
414 1573 509 1606 utilis
526 1578 576 1604 est
594 1571 635 1603 ad
664 1570 866 1603 iudicandas
893 1569 1112 1613 emptionum
1136 1580 1199 1600 na-

221 1636 336 1668 turaS,
372 1632 404 1658 et
421 1625 464 1656 ad
480 1621 726 1655 discernendas
744 1620 937 1663 emptiones
955 1620 997 1651 ab
1013 1630 1199 1651 usurarum

220 1676 452 1722 pactionibus,
510 1671 650 1704 Nullius
678 1670 771 1702 enim
799 1677 916 1703 extant
942 1669 1067 1712 scripta
1094 1668 1200 1708 magis

221 1727 403 1772 perspicua
429 1725 471 1756 de
497 1727 738 1754 contractuum
766 1720 1004 1753 distinctione.
1057 1717 1103 1751 Et
1128 1730 1199 1750 non

223 1778 336 1811 solum
363 1773 447 1807 haec
470 1772 612 1814 scripta,
638 1771 698 1803 sed
722 1771 823 1803 etiam
850 1771 920 1804 vita
940 1771 1012 1802 eius
1035 1770 1201 1807 ostendit,

221 1828 326 1861 fuisse
347 1836 424 1857 eum
440 1822 648 1855 acerrimum
667 1833 851 1853 usurarum
869 1819 1018 1853 hostem.

325 1876 513 1918 Postquam
544 1878 657 1904 autem
691 1883 730 1903 ex
758 1869 822 1903 hac
849 1870 1037 1904 Academia
1061 1875 1203 1912 propter

224 1928 355 1961 bellum
381 1923 553 1961 discessit,
581 1923 624 1954 ab
648 1921 780 1966 inclyto
806 1921 969 1964 Principe
994 1917 1202 1952 Mareliione

225 1976 385 2010 Electore
412 1975 447 2006 in
474 1971 700 2006 Academiam
729 1971 1064 2004 Francoi'ordianam
1090 1982 1204 2002 accer-

226 2028 310 2061 situs
329 2033 395 2063 est,
421 2023 483 2057 ubi
502 2033 612 2055 annos
635 2029 762 2065 septem
787 2033 910 2065 magna
938 2021 1138 2059 sedulitate,
1173 2027 1205 2053 et

225 2080 262 2111 in
288 2087 411 2118 magna
435 2073 635 2107 auditorum
662 2073 857 2116 frequentia
883 2071 1089 2115 propagavit
1117 2070 1207 2103 luris

227 2127 434 2161 doctrinam.
486 2122 683 2157 Accersitus
709 2129 823 2155 autem
847 2123 889 2155 ab
910 2121 1122 2164 Imperatore
1140 2120 1207 2153 Ca—

226 2178 302 2210 rolo
329 2176 470 2220 quinto,
512 2180 551 2206 ut
577 2173 668 2205 inter
693 2173 826 2206 iudices
857 2172 984 2204 summi
1020 2171 1141 2204 iudicii
1171 2173 1207 2203 in

227 2226 294 2260 hoc
319 2224 527 2258 Germanico
553 2222 701 2266 imperio
727 2223 843 2256 locum
869 2220 1032 2262 haberet,
1066 2233 1208 2254 excusa-

228 2278 324 2310 tione
345 2281 498 2307 senectae
522 2284 604 2305 usus
629 2279 688 2305 est.

332 2325 508 2358 Hactenus
525 2324 567 2355 de
590 2335 628 2356 eo
652 2323 768 2356 studio
797 2323 886 2361 dixi,
915 2324 1008 2367 quod
1036 2323 1209 2366 professus

230 2384 290 2411 est.
343 2374 444 2408 Nunc
468 2374 509 2405 de
534 2373 609 2405 aliis
635 2374 707 2406 eius
724 2373 920 2407 ’virtutibus
943 2374 1067 2408 dicam.
1120 2373 1209 2405 Cum
1234 2383 1237 2416 ς

231 2426 432 2460 adolescens
458 2424 501 2455 ad
527 2423 741 2466 agnitionem
769 2431 801 2457 et
825 2424 1084 2457 invocationem
1102 2422 1166 2456 Dei
1192 2436 1210 2456 a

231 2484 326 2521 patre
345 2474 562 2508 adsuefactus
582 2481 687 2513 esset,
714 2474 899 2517 diligenter
916 2481 949 2506 et
967 2474 1108 2518 quidem
1130 2472 1212 2506 lior-

232 2534 325 2560 tante
345 2532 459 2569 patre,
487 2523 523 2555 iu
538 2521 734 2556 Academiis
745 2522 918 2557 Ecclesiae
935 2524 1129 2557 doctrinam
1150 2536 1212 2556 au-
1235 2504 1238 2578 ¹

232 2577 331 2611 divit.
381 2573 426 2607 Et
443 2573 524 2617 quia
543 2573 671 2606 sciebat
689 2574 724 2605 in
743 2575 901 2608 doctrina
917 2575 1042 2608 usitata
1061 2575 1211 2606 multum

234 2638 304 2660 esse
342 2623 638 2658 inextricabilium
680 2624 979 2668 disputationum,
1028 2631 1210 2668 postquam
1234 2624 1239 2664 i

767 88 931 124 DECL.
964 86 1040 123 DE
1072 87 1310 126 HIERON.
1350 89 1627 127 SCHURFF.

2163 94 2212 131 92

1233 173 1410 210 Lutherus
1433 175 1633 209 concionari
1657 176 1694 209 in
1720 173 1787 210 hoc
1810 176 1940 222 oppido
1968 178 2098 223 coepit,
2138 184 2212 212 stu-

1236 227 1332 259 diose
1364 237 1442 259 cum
1476 226 1630 267 audivit,
1672 227 1799 260 deinde
1828 235 1861 260 et
1884 227 2012 271 scripta
2035 229 2136 272 legit,
2179 236 2213 262 et

1235 277 1382 319 cognitis
1407 276 1628 319 incorruptae
1650 277 1828 310 doctrinae
1851 278 2026 319 sontibus,
2058 290 2132 311 eam
2156 279 2212 323 pie

1237 327 1414 370 amplexus
1438 331 1506 366 est,
1532 333 1565 359 et
1592 326 1634 358 de
1657 327 1822 360 omnibus
1844 328 2091 361 controversiis
2113 340 2213 372 saepe

1237 388 1315 409 cum
1342 373 1515 415 Luthero,
1548 387 1626 408 cum
1650 374 1881 418 Amsdorffio,
1915 390 2002 423 quos
2029 385 2069 412 ut
2092 371 2215 411 fratres

1237 426 1424 468 diligebat,
1451 431 1484 458 et
1504 437 1581 457 cum
1600 425 1678 457 aliis
1699 426 1819 459 amicis
1843 428 2079 461 eruditissime
2103 429 2214 461 disse-

1238 477 1327 514 ruit,
1354 475 1435 519 quia
1458 474 1548 508 serio
1572 476 1742 509 statuebat
1758 476 1910 520 aliquam
1927 489 1998 511 esse
2013 477 2079 510 Dei
2092 476 2216 511 Eccle-

1239 527 1337 565 siam,
1359 532 1390 557 et
1409 523 1497 558 hanc
1513 525 1623 558 solam
1642 537 1724 566 esse,
1750 538 1838 570 quae
1851 528 2072 570 amplectitur
2089 528 2217 571 scripta

1240 573 1441 620 prophetica
1477 581 1510 608 et
1540 576 1727 619 apostolica
1750 577 1825 608 sine
1848 578 2064 620 corruptelis.
2116 577 2218 620 Legit

1241 627 1347 669 igitur
1378 625 1478 657 avide
1509 626 1666 658 omnium
1692 632 1888 670 temporum
1909 625 2083 659 Ecclesiae
2106 634 2217 660 certa-

1241 677 1355 715 mina,
1392 675 1540 708 contulit
1562 675 1779 720 antiquitatis
1803 677 1932 709 iudicia
1956 678 1998 709 ad
2026 677 2218 710 recentium

1243 726 1438 758 seculorum
1454 731 1487 758 et
1505 722 1610 758 huius
1627 726 1792 769 temporis
1809 727 2015 762 doctrinam.
2049 726 2101 759 Ac
2117 727 2218 759 valde

1244 777 1455 815 laetabatur,
1484 775 1605 808 videns
1624 775 1736 818 reipsa
1755 787 1944 818 congruere
1962 774 2085 809 harum
2098 775 2219 809 Eccle-

1244 827 1371 858 siarum
1407 825 1603 858 doctrinam
1636 836 1714 857 cum
1747 823 1856 858 veteri
1880 825 2034 859 Ecclesia
2066 827 2220 870 puriore,

1245 887 1322 908 cum
1348 875 1483 918 scriptis
1501 874 1691 918 Augustini
1715 881 1747 908 et
1772 875 1850 907 aliis
1874 882 2010 919 postea.
2035 876 2071 908 in
2092 877 2220 921 quibus

1246 925 1341 967 signa
1365 924 1572 957 eruditionis
1598 931 1630 957 et
1653 925 1791 968 pietatis
1816 925 2099 968 conspiciuntur,
2140 926 2222 970 quia

1246 974 1392 1016 siugulis
1409 975 1578 1008 aetatibus
1596 974 1706 1018 aliqui
1727 975 1870 1008 suerunt
1884 973 2068 1017 Evangelii
2085 982 2198 1009 testes.

1348 1048 1579 1082 BIeminimus
1612 1047 1757 1080 mirifice
1789 1049 1997 1082 delectatum
2029 1060 2100 1082 esse
2129 1051 2221 1084 dicto

1247 1096 1462 1138 Bernhardi,
1504 1098 1541 1130 in
1567 1109 1636 1142 quo
1670 1098 1814 1132 dicitur:
1861 1098 2005 1132 Necesse
2033 1106 2083 1133 est
2109 1100 2223 1143 primo

1247 1150 1406 1182 omnium
1435 1150 1595 1187 credere,
1623 1149 1715 1192 quod
1741 1149 1979 1182 remissionem
2005 1157 2224 1193 peccatorum

1248 1198 1377 1232 habere
1402 1210 1473 1230 non
1497 1197 1624 1241 possis,
1663 1197 1732 1229 nisi
1760 1210 1821 1241 per
1848 1199 2123 1232 misericordiam
2147 1199 2224 1233 Dei.

1249 1249 1317 1282 Sed
1335 1249 1442 1288 adde,
1468 1254 1507 1280 ut
1524 1248 1641 1280 credas
1659 1253 1692 1280 et
1709 1244 1793 1288 hoc,
1820 1249 1914 1292 quod
1932 1261 1992 1292 per
2009 1249 2123 1292 ipsum
2145 1261 2225 1292 pec-

1249 1305 1323 1330 cata
1340 1299 1402 1330 tibi
1418 1309 1557 1341 quoque
1574 1298 1761 1330 donantur.
1815 1297 1892 1330 Hoc
1908 1305 1957 1331 est
1973 1299 2227 1339 testimonium,

1250 1348 1343 1389 quod
1379 1345 1538 1388 perhibet
1572 1344 1725 1387 Spiritus
1758 1352 1897 1378 sanctus
1930 1345 1968 1377 in
2008 1349 2111 1379 corde
2155 1355 2228 1388 tuo,

1251 1396 1384 1427 dicens:
1413 1394 1572 1427 Remissa
1586 1400 1667 1425 sunt
1686 1393 1751 1425 tibi
1772 1401 1909 1436 peccata
1933 1402 2006 1428 tua.
2059 1396 2116 1429 Sic
2134 1398 2226 1430 enim

1250 1445 1297 1476 ait
1330 1444 1537 1487 Apostolus:
1593 1441 1713 1474 Gratis
1745 1443 1923 1477 iustificari
1954 1442 2133 1478 hominem
2166 1459 2230 1491 per

1250 1495 1365 1528 fidem.
1419 1493 1519 1526 Talia
1537 1493 1629 1525 dicta
1647 1492 1756 1525 multa
1779 1493 1895 1536 legens
1920 1501 1953 1527 et
1976 1495 2122 1528 audiens
2144 1509 2230 1530 con-

1251 1544 1407 1576 firmabat
1428 1543 1464 1575 in
1482 1551 1619 1585 pectore
1636 1542 1758 1581 fidem,
1779 1550 1811 1575 et
1829 1545 1939 1576 animi
1962 1545 2125 1588 pietatem
2149 1559 2230 1579 vera

1251 1593 1472 1626 invocatione
1484 1592 1550 1625 Dei
1579 1598 1612 1626 et
1633 1589 1877 1628 honestissima
1900 1606 2037 1627 morum
2056 1596 2231 1639 guberna-

1252 1644 1347 1676 tione
1369 1644 1585 1677 ostendebat.

1353 1716 1405 1751 De
1431 1718 1589 1750 doctrina
1613 1729 1713 1761 saepe
1738 1730 1816 1751 cum
1841 1716 1938 1751 Duce
1965 1718 2136 1753 Saxoniae
2152 1719 2231 1753 Fri-

1255 1768 1372 1801 derico
1402 1767 1563 1801 Electore
1593 1769 1796 1809 gravissime
1827 1769 2020 1802 collocutus
2053 1777 2113 1805 est.
2174 1770 2231 1803 Ad

1254 1818 1387 1852 Ducem
1413 1818 1584 1851 Saxoniae
1608 1818 1775 1851 loannem
1807 1819 1944 1862 scripsit
1968 1820 2233 1860 confessionem,

1256 1870 1291 1901 in
1315 1881 1381 1913 qua
1407 1869 1533 1901 diserte
1559 1869 1706 1911 explicat
1733 1869 2027 1913 propositionem:
2064 1870 2146 1903 Sola
2166 1871 2232 1903 fide

1256 1919 1502 1959 iustificamur,
1529 1925 1561 1951 et
1587 1916 1640 1951 his
1664 1919 1778 1951 verbis
1802 1931 1883 1952 usus
1906 1926 1976 1960 est,
2005 1932 2077 1953 non
2102 1921 2233 1954 intelli-

1256 1971 1403 2011 gendam
1424 1981 1495 2002 esse
1513 1967 1602 2001 hanc
1622 1970 1916 2012 propositionem,
1944 1971 2010 2002 fide
2034 1982 2098 2003 nos
2125 1971 2234 2004 iustos

1259 2032 1347 2059 esse,
1371 2020 1459 2053 sicut
1472 2019 1575 2052 multi
1594 2019 1888 2061 imaginabantur.
1941 2019 2102 2053 Nox-itate
2119 2018 2235 2053 homi-

1259 2082 1320 2103 nes
1341 2070 1449 2103 iustos
1473 2081 1563 2109 esse,
1597 2070 1655 2102 sed
1680 2077 1822 2113 propter
1846 2070 1957 2103 filium
1976 2069 2041 2103 Dei
2067 2071 2236 2104 mediato-

1260 2133 1353 2160 rem,
1398 2132 1500 2165 quem
1525 2120 1592 2152 fide
1616 2121 1755 2163 agnosci
1783 2127 1815 2153 et
1842 2121 1940 2153 cuius
1968 2121 2235 2164 promissionem

1259 2172 1326 2203 fide
1354 2170 1463 2214 accipi
1491 2177 1637 2214 oportet.
1697 2168 1811 2204 Erant
1837 2171 1942 2214 igitur
1969 2171 2072 2203 verba
2099 2170 2134 2203 in
2163 2171 2237 2204 eius

1260 2222 1411 2265 scripto:
1463 2220 1543 2253 Non
1585 2227 1727 2264 propter
1766 2228 1923 2253 nostrum
1965 2221 2104 2253 credere
2120 2247 2129 2261 ,
2176 2223 2235 2253 sed

1263 2279 1402 2316 propter
1419 2271 1528 2303 filium
1546 2270 1611 2304 Dei
1628 2271 1865 2305 mediatorem.
1917 2268 2116 2303 Certamina
2134 2271 2236 2304 etiam

1262 2325 1303 2356 de
1316 2322 1473 2354 doctrina
1491 2334 1567 2353 cum
1587 2321 1805 2365 principibus
1821 2321 1904 2353 viris
1922 2320 1952 2352 ei
1970 2332 2068 2364 saepe
2086 2322 2237 2360 suerunt,

1263 2380 1293 2407 et
1311 2373 1445 2416 aliquos
1463 2372 1557 2405 flexit
1573 2373 1613 2405 ad
1634 2371 1812 2404 doctrinae
1836 2371 2011 2411 studium,
2037 2371 2173 2415 aliquos
2195 2373 2237 2404 ad

1262 2423 1549 2456 moderationem.
1584 2420 1682 2455 Nihil
1696 2421 1798 2463 fingo.
1832 2420 1923 2454 Sunt
1940 2418 2023 2453 haec
2038 2428 2122 2454 nota
2139 2434 2238 2465 prac-

1236 2492 1238 2502 ·
1263 2473 1482 2507 stantissimis
1499 2473 1593 2513 viris,
1621 2471 1680 2516 qui
1696 2469 1810 2504 adhuc
1827 2471 1963 2511 vivunt,
1990 2470 2133 2504 Doctori
2148 2471 2238 2505 Gre-

1264 2524 1360 2567 gorio
1372 2522 1532 2556 Pontano
1552 2531 1583 2557 et
1593 2521 1738 2555 Nicolao
1749 2519 1970 2562 Amsfordio,
1990 2528 2023 2555 et
2040 2522 2134 2562 aliis,
2160 2534 2238 2555 cum

1235 2594 1239 2619 ς
1265 2575 1393 2618 quibus
1410 2581 1567 2607 amanter
1584 2580 1616 2606 et
1635 2571 1768 2615 placide
1785 2572 1900 2604 studio
1926 2572 2080 2604 veritatis
2103 2572 2145 2605 de
2167 2579 2238 2606 tota

1264 2623 1438 2657 Ecclesiae
1455 2623 1614 2657 doctrina
1631 2621 1827 2665 saepissime
1846 2622 2119 2667 colloquebatur.
