2324 2955
95 140 170 178 225

94 225 260 259 arborum
275 223 408 257 fructus
424 230 652 256 maturescere
670 222 855 266 incipiunt,
879 221 1073 254 monendos

93 286 166 308 esse
184 274 415 307 adolescentes
437 273 553 306 censui
578 274 620 306 de
638 273 855 318 dysenteriis.
909 271 1074 304 Vidimus

93 325 188 357 enim
207 324 391 368 aliquoties
409 324 613 356 immaturos
630 323 780 363 fructus,
803 329 862 356 aut
881 322 982 355 etiam
1000 332 1075 353 ma-

92 381 210 412 turos,
243 386 321 406 cum
345 373 485 406 accessit
508 374 794 416 intemperantia,
829 373 965 405 adferre
988 372 1073 403 leta-

92 425 142 457 les
158 424 309 457 morbos.
343 422 485 455 Conditi
502 430 584 456 sunt
601 424 765 455 arborum
783 424 917 456 fructus
934 423 978 455 ad
995 432 1074 463 gra—

90 474 248 506 vissimas
271 473 450 507 utilitates.
510 472 579 506 Sed
605 479 678 505 arte
702 479 734 505 et
759 473 895 505 ratione
919 479 1075 505 utamur.

89 522 215 557 Cerasa
231 529 264 556 et
279 535 391 566 pruna
402 547 411 561 ,
439 529 478 556 ut
493 524 536 555 de
555 522 632 555 aliis
648 534 720 554 non
740 522 873 561 dicam,
901 522 1075 555 delectant

90 573 228 613 oculos,
253 574 406 606 suaviter
420 573 642 615 refrigerant,
669 572 797 606 deinde
814 573 886 606 sole
904 569 1073 605 nonnihil

91 629 187 657 cocta
199 650 208 665 ,
235 623 306 657 cibi
325 630 406 657 sunt
422 622 523 655 valde
537 622 703 657 salubres.

176 722 272 766 Quid
290 723 451 757 usitatius
467 730 516 757 est
532 723 569 755 in
585 723 757 764 febribus,
774 730 899 757 etcum
916 721 1073 755 facienda

89 779 140 807 est
161 771 338 814 εὖκοιλία,
371 785 475 817 quam
503 773 662 816 vulgaria
689 786 820 817 pruna,
853 773 980 817 quibus
1005 771 1075 804 uti-

88 835 182 863 mur,
201 830 385 868 postquam
403 824 454 856 sol
472 824 619 856 crudum
636 835 779 857 succum
797 821 965 862 exhausit,
984 833 1074 866 quae

89 874 314 906 nominamus
349 870 537 919 βράβυλα.
595 872 712 907 Credo
748 875 842 906 enim
878 871 1074 911 Athenaeo,

89 923 149 967 qui
166 920 341 968 βράβυλα
367 935 438 956 esse
455 935 565 966 pruna
584 924 716 957 scribit.
769 922 817 957 Et
833 923 959 957 Suidas
975 922 1074 954 addit

89 974 334 1018 etymologiam
366 971 488 1018 βορὰν
517 972 723 1018 βάλλοντα,
762 974 798 1007 id
831 980 896 1013 est,
929 973 1072 1005 crudam

88 1023 216 1055 molem
241 1035 281 1056 ex
309 1024 505 1056 ventriculo
538 1024 729 1057 eiicientia.
784 1023 830 1057 Ut
854 1029 969 1056 autem
993 1034 1072 1055 cum

88 1079 182 1106 recte
198 1073 332 1106 utimur
348 1073 576 1106 saluberrima
592 1081 686 1112 sunt,
709 1074 757 1107 ita
774 1086 853 1107 cum
872 1074 980 1106 cruda
998 1072 1073 1104 avi-

89 1123 133 1155 de
157 1130 346 1163 vorantur,
381 1124 560 1156 celerrime
583 1125 676 1157 succi
703 1124 756 1156 illi
788 1130 1011 1167 putrescunt,
1041 1128 1073 1154 et

89 1173 216 1216 passim
234 1174 270 1205 in
286 1185 430 1217 corpore
449 1175 720 1216 putrefactiones
736 1174 903 1207 efficiunt.
955 1172 1073 1205 Verti-

91 1229 253 1266 tur‘ergo
278 1234 387 1256 massa
411 1225 602 1267 putrefacta
632 1225 670 1257 in
693 1225 876 1257 materiam
900 1223 1074 1262 biliosam‚

90 1278 123 1306 et
139 1274 321 1306 rodentem
339 1285 378 1306 ac
392 1274 602 1306 lacerantem
620 1275 808 1314 intestina,
834 1274 928 1306 unde
945 1273 1073 1316 dysen-

89 1323 196 1355 teriae
220 1334 348 1354 nomen
371 1329 430 1354 est.
482 1322 586 1354 Scitis
609 1329 724 1355 autem
751 1322 879 1354 multos
898 1321 957 1353 illa
984 1322 1074 1353 lace-

91 1372 226 1405 ratione
260 1371 508 1403 intestinorum
551 1371 712 1405 interfici.
779 1370 826 1404 Et
863 1370 1073 1414 putrefactae

91 1433 242 1460 massae,
268 1421 430 1452 incendia
447 1420 662 1454 adiuvantur
677 1421 762 1453 soris
779 1427 894 1462 aestu,
921 1426 956 1452 et
981 1420 1074 1451 intus

91 1472 208 1504 infuso
231 1476 315 1513 potu
340 1469 584 1504 immoderato.
638 1469 733 1502 Ilaec
757 1470 846 1501 mala
872 1468 1074 1510 diligentius

90 1519 158 1554 hoc
182 1532 274 1553 anno
298 1519 450 1552 cavenda
473 1525 571 1552 sunt:
601 1519 682 1564 quia
705 1519 821 1552 minus
845 1519 934 1550 bene
959 1524 1075 1550 matu-

92 1577 228 1604 rescent
252 1570 406 1609 fructus,
432 1581 542 1613 quum
555 1568 679 1617 *tas
700 1569 862 1612 frigidior
879 1568 941 1606 sit,
969 1578 1073 1611 quam

92 1621 233 1667 qualem
249 1620 360 1653 coctio
378 1626 469 1653 terra
484 1620 701 1652 nascentium
718 1619 839 1662 poscit.
875 1618 996 1661 Longe
1012 1629 1075 1650 au-

93 1678 163 1706 tem
187 1671 297 1704 tutius
321 1676 370 1703 est
384 1681 501 1702 arcere
524 1670 668 1703 morbos
688 1669 942 1713 temperantia,
970 1678 1074 1712 quam

95 1728 259 1755 attractos
275 1720 447 1763 depellere
464 1717 677 1763 pharmacis,
705 1732 813 1764 quum
832 1718 993 1751 videlicet
1009 1719 1076 1750 du-

94 1771 234 1816 pliciter
256 1771 470 1813 languefacta
494 1776 545 1803 est
567 1777 709 1810 natura,
735 1777 768 1803 et
786 1769 910 1801 morbo
935 1779 1076 1812 praece-

95 1823 219 1860 dente,
248 1828 280 1854 et
303 1820 584 1864 intemperantia,
635 1820 752 1854 Multo
777 1820 856 1863 plus
881 1819 971 1852 valet
996 1825 1076 1851 ante

95 1873 260 1905 morbum
286 1871 472 1903 mediocris
492 1870 721 1910 abstinentia,
757 1882 862 1914 quam
889 1869 927 1901 in
951 1869 1076 1901 morbo

96 1929 187 1956 terra
202 1921 369 1961 Lemnia,
395 1928 454 1954 aut
475 1933 618 1964 pomum
636 1919 847 1966 Cydonium.
900 1918 985 1952 Sitis
1010 1919 1076 1961 igi-

97 1979 155 2007 tur
172 1983 343 2005 memores
368 1969 473 2004 huius
490 1971 589 2004 dicti:
624 1972 757 2016 Sperne
774 1971 987 2013 voluptates,
1013 1980 1078 2001 no-

99 2029 152 2057 cet
169 2029 281 2066 empta
299 2022 421 2055 dolore
439 2022 610 2065 voluptas.

201 2112 279 2148 Oro
303 2120 418 2146 autem
441 2111 634 2146 Dominum
658 2118 817 2145 nostrum
838 2111 952 2145 Iesum
974 2108 1080 2144 Chri-

100 2172 212 2204 stum,
248 2164 426 2197 custodem
451 2170 484 2196 ct
507 2169 609 2205 caput
633 2159 825 2202 Ecclesiae,
858 2169 896 2196 ut
920 2162 1080 2195 omnium

101 2211 263 2250 nostrum
283 2225 431 2259 corpora
447 2219 479 2247 et
497 2219 630 2246 mentes
646 2219 814 2257 protegat.
865 2211 961 2247 Dixi.

103 2414 170 2449 No.
189 2412 271 2448 161.
932 2425 980 2446 an.
994 2412 1087 2444 1557.

920 2457 1083 2473 Μ

288 2521 361 2562 De
393 2518 519 2576 febri
547 2533 640 2561 non
670 2520 910 2562 intermitt-

178 2612 209 2638 ln
213 2610 351 2678 pontion.
364 2609 447 2635 Tom.
461 2609 495 2634 V.
511 2607 579 2642 p.25
592 2617 622 2641 sq
607 2617 651 2668 qn}
665 2612 693 2634 et
707 2606 735 2633 in
750 2606 930 2633 Orationibus
944 2608 1089 2642 postremis

212 2687 239 2712 p
213 2645 314 2705 agg&
331 2643 417 2670 Etiam
440 2642 467 2668 in
484 2618 614 2669 Dei-,L'L
642 2641 674 2670 V.
695 2641 1089 2677 p.920.et1tichard.'r.11.

140 2726 316 2758 Mum-ru.
341 2724 446 2757 Ormi.
476 2723 652 2758 Von.X11.

590 137 746 175 DECL.
785 136 858 172 DE
897 133 1070 173 FEBRI
1102 131 1220 168 NON
1254 132 1607 170 INTERMITT.

2039 135 2111 168 226

1124 238 1299 277 Quaestio
1328 236 1521 279 explicata
1558 247 1580 269 a
1609 236 1714 270 Dect.
1742 238 1948 271 Henrz‘co
1984 240 2107 270 Pass-

1528 298 1705 320 manno.

1125 352 1174 394 Si
1196 370 1284 403 quos
1308 358 1431 391 scirem
1451 358 1487 390 in
1509 356 1574 392 hoc
1591 371 1662 392 esse
1681 360 1979 392 circumstantium
2002 358 2103 392 scho-

1124 409 1327 442 lasticorum
1351 415 1467 451 eoem,
1497 410 1551 441 vel
1576 410 1712 452 ignaros
1732 410 1952 452 publicorum
1971 411 2101 443 rituum

1124 457 1230 492 huius
1247 457 1403 501 scholae,
1429 459 1483 490 vel
1503 471 1661 502 perversa
1682 457 1807 492 horum
1832 467 2027 504 temporum
2047 474 2101 492 sa-

1124 509 1256 553 pientia
1282 509 1328 542 ita
1360 509 1531 548 imbutos,
1565 516 1603 542 ut
1630 507 1721 540 nihil
1747 510 1892 543 delectet
1923 522 1998 550 eos,
2034 511 2103 542 nisi

1124 559 1253 592 derisio
1279 565 1310 591 et
1331 556 1555 602 reprehensio
1581 559 1737 591 omnium
1751 584 1760 598 ,
1783 571 1870 602 quae
1887 561 2102 602 sapientissi-

1123 622 1180 642 mo
1198 609 1345 642 consilio
1361 621 1378 641 a
1394 609 1586 641 maioribus
1602 607 1773 648 instituta,
1801 609 1857 651 pie
1872 610 2102 654 religioseque

1124 657 1192 692 huc
1215 671 1324 703 usque
1349 659 1439 692 culta
1463 667 1543 692 sunt
1574 665 1606 691 et
1629 664 1847 698 conservata,
1881 670 1919 691 ac
1944 662 2100 693 scurrilis

1124 710 1308 753 exagitatio
1332 709 1386 741 vel
1408 709 1582 742 cavillatio
1612 708 1728 750 potius
1757 715 1847 741 recte
1872 709 2046 742 dictorum
2070 717 2102 743 et

1123 761 1309 792 sactorum:
1346 766 1536 802 repeterem
1560 758 1663 791 altius
1694 770 1813 791 causas
1838 760 2101 792 consuetudinis

1122 810 1388 854 probatissimae
1411 816 1443 841 et
1469 808 1740 845 vetustissimae,
1778 820 1866 853 quae
1892 810 1994 841 nobis
2020 822 2102 852 pro-

1123 860 1236 894 ductis
1264 860 1299 891 in
1323 859 1503 903 publicum
1528 859 1677 902 imponit
1702 866 1815 902 partes
1832 859 1874 891 de
1896 867 2101 901 argumento

1122 910 1240 954 aliquo
1265 909 1470 942 disserendi.
1539 908 1607 942 Sed
1632 908 1714 952 quia
1739 920 1812 941 non
1837 910 1959 942 dubito
1988 922 2046 942 vos
2069 917 2101 943 et

1122 961 1209 993 scire
1234 958 1328 992 hunc
1353 970 1486 991 morem
1509 958 1717 991 Academiae
1741 959 1925 1003 antiquum
1954 972 2041 996 esse,
2069 967 2102 993 et

1122 1023 1205 1043 vero
1223 1009 1442 1042 obedientiae
1468 1020 1505 1041 ac
1528 1009 1769 1041 observantiae
1795 1009 1910 1042 studio
1928 1010 2102 1042 maiorum

1123 1060 1282 1094 instituta
1302 1059 1473 1099 venerari,
1490 1070 1552 1091 nec
1568 1059 1746 1102 aspernari
1762 1071 1799 1091 ea
1815 1060 1869 1091 vel
1883 1059 2022 1091 fastidio
2041 1061 2102 1091 de-

1123 1111 1227 1143 licato
1246 1110 1301 1142 vel
1322 1109 1452 1142 insulsa
1472 1120 1637 1148 censura,
1664 1105 1755 1142 hanc
1779 1109 1972 1142 orationem
1998 1111 2103 1143 omit-

1122 1162 1263 1193 tendam
1284 1172 1418 1193 censeo.
1473 1158 1590 1200 Quare
1615 1159 1740 1192 omissa
1759 1160 1979 1192 excusatione
2001 1172 2102 1193 accu-

1122 1211 1250 1244 ratiore
1267 1209 1400 1253 publici
1424 1209 1511 1242 ritus
1535 1210 1577 1241 de
1593 1222 1647 1242 me
1664 1210 1793 1249 dicam,
1821 1210 1881 1254 qui
1901 1222 2103 1254 quanquam

1123 1261 1324 1293 maluissem
1350 1267 1463 1292 tacere
1479 1271 1622 1301 prorsus
1639 1260 1675 1291 in
1692 1257 1757 1292 hoc
1773 1260 1914 1303 publico
1929 1272 2104 1298 consessu,

1123 1323 1199 1343 sum
1216 1310 1309 1342 enim
1331 1316 1455 1341 natura
1473 1309 1648 1349 timidior,
1675 1316 1708 1342 et
1724 1321 1820 1342 meae
1839 1307 1925 1341 mihi
1942 1311 2103 1342 imbecil-

1124 1359 1231 1391 litatis
1245 1358 1375 1401 optime
1393 1360 1567 1389 conscius:
1587 1365 1701 1390 tamen
1718 1359 1797 1403 quia
1814 1360 1848 1391 id
1866 1360 1968 1391 unice
1984 1360 2105 1393 studui

1124 1420 1272 1451 semper,
1296 1414 1334 1440 ut
1349 1408 1482 1449 legibus
1500 1405 1638 1440 scholae
1655 1414 1688 1441 et
1706 1409 1883 1442 autoritati
1901 1417 2105 1454 praecepto-

1124 1469 1202 1490 rum
1226 1464 1426 1489 reverenter
1447 1468 1623 1499 parerem,
1651 1465 1683 1490 et
1706 1460 1924 1492 ostenderem
1953 1472 2024 1492 non
2041 1462 2103 1493 de-

1124 1507 1244 1539 lectari
1261 1517 1315 1537 me
1324 1505 1454 1549 Cynica
1471 1506 1528 1537 illa
1546 1507 1725 1549 sapientia,
1745 1520 1833 1552 quae
1850 1521 1988 1541 omnem
2008 1522 2106 1543 ever·

1125 1557 1166 1590 tit
1184 1562 1216 1589 et
1231 1555 1423 1588 contemnit
1439 1555 1598 1587 ordinem
1617 1556 1652 1588 in
1672 1556 1752 1597 vita,
1778 1564 1811 1591 et
1825 1557 1988 1592 virtutem
2008 1568 2107 1602 putat

1126 1617 1197 1639 esse
1222 1606 1396 1649 sapienter
1421 1617 1439 1638 a
1456 1606 1648 1639 maioribus
1674 1608 1832 1641 conditas
1850 1608 1939 1650 leges
1959 1610 2107 1643 abiicere

1126 1663 1186 1690 aut
1211 1656 1376 1695 irridere,
1410 1656 1505 1688 volui
1540 1654 1628 1689 hanc
1654 1669 1794 1702 quoque
1816 1660 2106 1692 consuetudinem

1127 1718 1277 1742 servare.
1336 1704 1389 1739 Ac
1412 1703 1636 1740 vehementer
1659 1707 1761 1740 etiam
1786 1715 1889 1752 atque
1914 1710 2016 1742 etiam
2046 1722 2107 1743 vos

1127 1770 1209 1798 oro,
1232 1764 1271 1791 ut
1288 1768 1342 1789 me
1359 1757 1624 1790 consuetudinis
1643 1763 1675 1789 et
1692 1758 1798 1790 officii
1816 1771 1916 1792 causa
1933 1760 2106 1793 dicentem

1127 1808 1280 1841 libenter
1303 1807 1469 1847 audiatis,
1498 1819 1536 1840 ac
1566 1805 1782 1842 humanitate
1807 1816 1917 1842 vestra
1945 1817 1977 1843 et
2001 1812 2109 1842 bene-

1129 1858 1283 1891 volentia
1305 1857 1505 1891 sublevetis.
1568 1856 1825 1900 Argumentum
1851 1860 2020 1893 orationis
2046 1863 2108 1893 ‹le-

1129 1908 1263 1951 sumpsi
1292 1908 1419 1941 usitato
1453 1905 1591 1940 scholae
1617 1920 1715 1941 more
1742 1921 1781 1941 ex
1810 1908 2024 1953 Aphorismo
2049 1911 2108 1945 46.

1130 1958 1239 2003 partis
1264 1965 1422 2002 quartae,
1458 1956 1663 2000 Aphorismi
1687 1960 1791 1991 verba
1816 1967 1913 1993 sunt:
1950 1960 1986 1993 Si
2014 1961 2110 2002 rigor

1132 2010 1265 2042 incidat
1286 2008 1380 2040 febre
1404 2019 1478 2039 non
1496 2008 1759 2046 intermittente,
1783 2020 1883 2050 aegro
1903 2010 1971 2042 iam
1989 2011 2110 2048 debili,

1132 2057 1260 2092 lethale
1286 2065 1347 2093 est.
1400 2057 1495 2099 Quid
1520 2057 1563 2090 sit
1583 2058 1796 2090 discriminis
1814 2059 1995 2102 quaeritur
2020 2061 2111 2093 iuter

1132 2110 1264 2152 rigores
1282 2109 1377 2147 illos,
1404 2108 1556 2151 quicum
1574 2108 1731 2140 febribus
1748 2109 1948 2151 praesertim
1972 2110 2112 2144 biliosis

1133 2167 1166 2194 et
1192 2154 1463 2196 διαλειπούσαις
1491 2158 1595 2190 simul
1619 2158 1809 2196 invadunt,
1842 2166 2112 2205 correptumque

1135 2210 1343 2245 concutiunt
1357 2220 1497 2251 aegrum
1513 2208 1732 2250 gravissime,
1756 2215 1859 2253 atque
1872 2209 1964 2242 inter
1980 2212 2112 2254 omitia

1136 2256 1406 2304 συνεδρεύοντα
1423 2265 1512 2291 recte
1528 2265 1767 2291 recensentur:
1801 2265 1834 2292 et
1850 2259 2022 2304 reliquos,
2051 2261 2111 2305 qui

1136 2318 1170 2346 et
1185 2306 1440 2346 διαλειπουσας
1457 2309 1685 2352 qua,ndoque
1710 2320 1787 2341 cum
1812 2309 1964 2343 resoluta
1982 2323 2020 2343 ac
2041 2312 2114 2343 dis-

1137 2362 1245 2406 sipata
1262 2360 1406 2393 materia
1426 2359 1607 2397 desinunt,
1635 2359 1848 2403 quandoque
1865 2361 2006 2393 ardores
2029 2373 2114 2393 con-

1138 2413 1274 2450 tinuos,
1321 2421 1408 2454 quos
1434 2405 1629 2447 mammae
1655 2415 1802 2450 vocant,
1835 2419 2111 2455 consequuntur,

1139 2474 1227 2509 quae
1243 2461 1397 2504 rigorum
1415 2460 1459 2492 sit
1475 2471 1501 2491 c
1497 2470 1596 2499 1¹,1151
1623 2461 1800 2503 quomodo
1820 2460 1978 2493 cieantur
2001 2468 2033 2494 (t
2054 2474 2113 2494 cu-

1140 2514 1195 2546 ius
1211 2511 1374 2545 materiae
1390 2509 1561 2552 impulsu,
1586 2516 1685 2542 motu
1702 2516 1806 2554 atque
1822 2511 2026 2553 agitatione,
2054 2512 2114 2543 de-

1140 2564 1247 2608 nique
1264 2573 1282 2594 a
1300 2572 1367 2605 qua
1393 2571 1493 2592 causa
1520 2559 1685 2592 incitetur
1709 2561 1851 2593 materia
1871 2567 1967 2594 tauto
1987 2562 2115 2604 impetu

1140 2620 1305 2656 tantaque
1321 2608 1557 2648 vehementia,
1584 2617 1622 2643 ut
1638 2622 1764 2654 corpus
1784 2618 1851 2644 tam
1875 2612 2046 2643 violenter
2064 2624 2075 2641 κ
2088 2611 2117 2642 ἰ-

1141 2666 1235 2703 bret,
1268 2669 1372 2707 atque
1393 2667 1627 2702 commoveat,
1655 2673 1700 2696 an
1725 2673 1785 2695 sua
1810 2668 1933 2706 sponte
1957 2668 2118 2705 nutuque.

1535 2719 1580 2754 15
