2324 2955
106 117 177 152 281

103 199 293 235 Ecclesiam
311 199 348 232 in
364 200 514 244 publicis
527 199 767 236 concionibus.
820 200 874 234 lbi
891 202 1002 234 donec
1023 212 1084 245 pa·

102 258 156 285 ter
173 251 279 291 vixit,
307 257 340 284 et
360 251 486 285 deinde
501 257 579 295 post
602 257 749 285 mortem
768 252 877 295 patris
893 250 1084 285 Ecclesiam

101 300 251 335 feliciter
266 301 366 336 rexit.

201 349 278 385 Etsi
292 357 407 384 autem
428 350 586 385 Valentis
605 350 829 396 Imperatoris
846 352 986 386 saevitia
1003 364 1084 397 pas-

100 402 164 436 sim
180 413 220 435 ex
237 400 401 435 Ecclesiis
424 402 475 445 pii
501 401 670 436 Doctores
694 404 932 446 pellebantur,
967 410 1083 437 tamen

101 451 293 495 Gregorius
318 464 390 484 non
413 459 463 485 est
482 453 616 496 pulsus.
676 451 723 486 Et
746 454 899 486 fortassis
918 466 997 486 eum
1017 454 1083 487 ali-

98 513 168 547 quo
194 502 300 535 modo
325 502 409 537 texit
432 500 592 548 Olympii
612 503 781 547 praesidis
803 504 929 547 pietas,
952 505 995 537 de
1011 516 1080 548 quo

98 552 219 585 scribit
245 552 337 596 ipse,
370 553 547 586 discedere
571 565 650 586 eum
685 553 942 598 relinquentem
968 555 1081 600 lacry-

98 613 171 636 mas
185 603 320 636 civibus
334 610 366 637 et
385 603 588 636 memoriam
612 604 860 637 beneficiorum
876 617 949 638 non
964 605 1001 637 in
1020 617 1079 638 co-

98 652 247 693 lumnis,
281 655 338 686 sed
372 655 408 686 in
431 654 608 686 mentibus
636 655 834 695 bonorum,
869 661 901 688 et
924 655 1076 689 reditum

97 703 171 735 eins
194 710 301 747 optat.
356 703 525 745 Magnum
550 704 683 738 bonum
710 712 780 746 est,
806 706 991 739 concordia
1009 705 1079 739 I‘a-

96 754 199 787 storis
221 760 255 787 et
276 754 465 797 praesidis,
499 753 569 788 Sed
593 752 677 789 haec
700 767 772 788 esse
801 768 874 788 non
896 756 1078 799 potuisset,

95 803 200 837 siant
223 802 413 848 Olympius
437 805 480 838 ad
506 811 695 850 tyrannum
723 817 757 839 se
780 806 988 848 inflexisset,
1018 814 1077 840 aut

95 852 287 896 Gregorius
310 855 458 888 alterum
476 857 599 899 pedem
624 857 660 889 in
675 855 848 897 Ecclesia,
875 857 1022 890 alterum
1039 858 1077 891 in

92 902 198 937 Curia
217 901 344 938 habere
361 906 539 942 voluisset.
589 906 782 940 Laudanda
799 914 847 940 est
870 907 977 950 igitur
992 920 1077 952 pru-

93 954 211 988 dentia
222 953 404 998 Gregorii,
427 957 521 1001 quod
538 956 696 990 animum
713 958 883 1001 praesidis
900 970 972 991 non
990 959 1075 992 alie-

92 1004 190 1038 navit
213 1003 563 1053 πολυπραγμοσύνῃ.
625 1005 672 1041 Et
694 1009 883 1042 ostendunt
909 1009 1075 1052 epistolae

93 1054 256 1098 Gregorii
270 1063 428 1090 mutuam
453 1057 544 1091 inter
561 1057 654 1102 ipsos
672 1058 952 1092 benevolentiam
969 1060 1074 1093 fuisse

90 1105 265 1140 eximiam.

190 1156 314 1190 Postea
338 1168 417 1190 cum
433 1154 559 1191 Ariani
584 1159 853 1193 dominarentur
869 1158 1074 1194 Constanti-

89 1207 230 1251 nopoli,
263 1214 405 1240 vocatus
432 1215 482 1242 est
514 1221 554 1241 eo
584 1208 797 1253 Gregorius,
833 1216 871 1243 ut
904 1209 1073 1254 Episcopi

88 1269 234 1290 munere
266 1258 487 1300 fungeretur,
529 1265 562 1291 et
592 1259 745 1292 Arianos
784 1261 961 1293 refutaret.
1020 1260 1073 1293 lbi

88 1308 217 1339 mansit
249 1319 359 1339 annos
385 1308 571 1338 duodecim
604 1309 696 1338 inter
726 1318 851 1348 magna
884 1310 1072 1341 certamina

89 1367 270 1400 nunqnam
296 1355 413 1387 animo
436 1356 581 1395 fractus,
616 1356 751 1388 etiamsi
781 1358 916 1398 magnis
947 1365 1071 1391 contu-

88 1406 203 1438 meliis
219 1406 373 1438 adfectus
391 1412 450 1437 est.
500 1405 657 1438 Primum
682 1406 717 1437 in
737 1408 866 1449 templo
884 1408 1069 1450 praecipuo

87 1462 125 1488 ut
142 1454 337 1498 Episcopus
353 1454 488 1493 docuit,
516 1454 598 1486 inde
621 1455 741 1497 pulsus
767 1456 810 1488 ab
829 1454 989 1498 Arianis,
1019 1458 1070 1489 lo-

86 1516 182 1544 cum,
217 1515 289 1536 non
313 1503 462 1536 docendi
486 1514 614 1536 munus
637 1505 796 1548 reliquit,
825 1517 902 1537 cum
928 1507 1068 1549 quidem

86 1554 263 1598 lapidibus
280 1554 383 1587 etiam
402 1554 549 1586 obrutus
567 1560 672 1592 esset,
708 1555 768 1587 sed
792 1555 829 1587 in
850 1555 984 1598 privata
1003 1557 1068 1589 do-

83 1616 141 1638 mo
166 1616 278 1638 annos
300 1604 434 1649 aliquot
456 1604 593 1645 docuit,
619 1605 732 1638 donec
756 1602 979 1639 Theodosius
999 1605 1069 1639 lm-

83 1661 224 1700 perator
243 1654 578 1698 Constantinopolin
603 1655 710 1688 venit.
770 1654 837 1688 Hic
863 1656 961 1689 duxit
989 1669 1066 1689 eum

83 1707 122 1739 in
146 1705 315 1750 templum
340 1705 506 1749 repressis
532 1703 695 1746 Arianis,
725 1706 788 1740 ubi
813 1706 977 1751 deinceps
1003 1708 1067 1740 do—

82 1756 170 1797 cuit,
197 1757 308 1789 donec
326 1756 373 1788 ibi
393 1756 531 1790 mansit.

182 1805 273 1840 Cum
296 1812 410 1839 autem
438 1804 563 1839 Ariani
588 1818 660 1839 non
677 1807 873 1850 potuissent
895 1819 974 1840 eum
992 1808 1066 1852 pel-

82 1858 171 1898 lere,
216 1857 370 1890 exoritur
402 1856 468 1889 alia
500 1857 606 1900 pestis
641 1858 684 1890 ad
721 1869 798 1890 eum
833 1859 1066 1902 perdendum,

83 1906 276 1951 Gregorius
301 1906 434 1952 Cynico
467 1907 605 1940 cuidam
628 1908 772 1940 nomine
796 1907 953 1941 Maximo
987 1921 1065 1952 pcr-

83 1965 253 1999 suaserat,
285 1964 323 1990 nt
353 1957 548 1990 doctrinam
579 1955 754 1991 Ecclesiae
786 1959 1065 2002 amplecteretur,

82 2020 231 2053 eumque
256 2008 297 2040 atl
323 2006 521 2053 Presbyteri
546 2014 578 2041 et
600 2007 755 2042 Lectoris
777 2021 906 2042 munus
937 2007 1063 2044 evehit.

81 2057 149 2091 Hic
166 2065 204 2091 ut
221 2056 373 2102 Cynicus
396 2065 429 2091 et
449 2056 602 2091 hnmana
630 2065 661 2092 et
683 2059 803 2092 divina
828 2059 903 2092 iura
921 2060 1063 2102 oblitus,

81 2109 208 2142 ardens
224 2108 416 2141 ambitione
433 2109 592 2151 adiungit
611 2120 644 2142 se
669 2110 831 2150 factioni,
859 2122 946 2154 quae
969 2109 1060 2142 (ire-

81 2159 180 2202 gorio
204 2165 276 2191 erat
299 2158 461 2199 inimica,
494 2165 526 2192 et
547 2165 703 2192 excutere
720 2171 855 2200 senem,
882 2167 914 2193 et
938 2161 974 2192 in
991 2172 1062 2193 sese

79 2209 267 2244 transferre
291 2207 458 2252 Episcopi
491 2209 696 2252 dignitatem
724 2217 887 2251 conatur,
930 2218 1061 2254 pugnat

80 2259 252 2299 factione,
289 2264 323 2292 et
352 2259 515 2302 pecunia,
549 2267 580 2294 et
608 2260 781 2302 profectus
809 2258 1060 2294 Alexandriam

79 2309 264 2343 calumniis
288 2308 674 2353 accenditEpiscopum
699 2310 1060 2354 contraGregorinm.

80 2360 146 2393 Sed
164 2370 299 2403 praeses
315 2360 370 2392 cui
389 2367 470 2394 nota
487 2367 558 2393 erat
578 2361 754 2402 integritas
771 2360 953 2404 Gregorii,
981 2374 1058 2394 enm

79 2410 162 2443 inde
182 2409 292 2453 pellit.
344 2408 452 2444 Redit
475 2417 590 2444 tamen
616 2418 767 2445 armatus
789 2412 833 2444 ab
848 2410 1059 2444 Alexandri-

79 2472 142 2500 no,
169 2467 201 2493 et
226 2470 368 2501 magnos
391 2461 561 2494 tumultus
593 2460 671 2496 ciet.
732 2461 867 2494 Interea
893 2460 1059 2495 Theodo-

78 2511 149 2543 sius
172 2509 325 2554 optimus
350 2508 542 2553 Imperator
565 2523 643 2544 cnm
674 2512 856 2544 seditiosos
881 2520 910 2546 et
939 2519 1059 2557 tyran-

78 2571 142 2593 nos
158 2560 193 2592 in
211 2559 354 2602 Europa
374 2562 508 2603 magnis
523 2562 662 2605 praeliis
678 2563 872 2601 delevisset,
900 2568 932 2595 et
947 2564 1058 2595 victor

78 2611 146 2643 iam
164 2617 322 2654 pacatum
347 2610 532 2654 imperium
549 2618 696 2654 teneret,
724 2613 846 2646 tollere
863 2613 964 2645 ctiam
985 2614 1057 2645 dis-

75 2661 163 2694 sidia
189 2660 415 2695 ecclesiastica
437 2669 579 2697 conatus
600 2670 660 2700 cst.
712 2662 758 2698 Et
783 2664 938 2708 exemplo
961 2662 1056 2698 Con-

645 112 802 151 DECL.
837 114 908 151 DE
945 112 1264 151 GREGORIO
1296 115 1566 159 NAZIANZ.

2044 127 2118 162 282

1137 202 1282 235 stantini
1301 202 1483 248 Synodum
1508 206 1651 248 indixit,
1678 219 1766 253 quae
1785 211 1936 244 secunda
1953 211 2116 246 nomina·

1137 258 1211 290 tur,
1250 254 1293 286 ad
1322 265 1426 298 quarn
1455 265 1694 292 convenerunt
1722 257 1889 305 Episcopi
1915 269 2054 296 centum
2083 269 2116 296 et

1137 302 1391 347 qninquaginta
1430 303 1754 353 Constantinopoli,
1806 323 1899 345 anno
1940 324 1959 346 a
2006 313 2115 346 natali

1135 349 1267 386 Christi
1299 356 1539 390 trecentesimo
1576 360 1785 402 octogesimo
1824 362 1937 395 tertio.
2010 361 2115 397 Extat

1134 400 1321 436 Decretum
1352 404 1389 436 in
1419 418 1487 450 quo
1518 409 1724 451 profitentur
1746 410 1866 445 Patres
1887 424 1922 446 se
1953 413 2114 456 amplecti

1133 451 1342 497 Symbolum
1373 453 1565 497 Nicetium,
1608 466 1640 492 et
1667 461 1711 493 ab
1739 473 1778 493 eo
1807 474 1879 494 non
1903 463 2113 497 discessuros

1133 513 1225 543 esse,
1260 511 1292 538 et
1315 505 1548 548 damnantur,
1583 509 1644 553 qui
1670 518 1798 555 negant
1822 510 1886 546 τὸν
1910 510 2020 560 λόγον
2039 525 2112 547 esse

1132 549 1405 598 ὑφιστάμενον,
1446 564 1477 590 et
1502 559 1563 603 qui
1589 566 1718 602 negant
1745 560 1917 604 Spiritum
1952 570 2111 597 sanctum

1132 614 1204 636 esse
1225 602 1490 650 ὑφιστάμενον.

1229 653 1283 688 De
1304 653 1359 689 his
1383 659 1487 691 tantis
1511 659 1614 692 rebus
1632 671 1709 693 cum
1727 661 1862 695 decreta
1880 662 1968 696 facta
1989 671 2112 705 essent,

1130 703 1278 738 Maximi
1307 707 1452 741 ambitio
1487 720 1620 743 novum
1656 717 1830 744 certamen
1857 713 1978 747 movit.
2044 713 2111 747 Hic

1129 755 1279 789 factione
1295 755 1535 793 Alexandrina
1551 759 1698 804 stipatus
1718 773 1752 794 se
1768 763 1880 796 voluit
1896 761 2110 807 Episcopum

1129 804 1436 852 Constantinopoli
1471 810 1591 845 creari.
1655 810 1847 855 Gregorius
1877 814 2110 857 placidissime

1128 855 1261 900 inquit:
1288 856 1333 891 Se
1353 859 1380 891 si
1400 860 1442 892 de
1459 860 1616 894 doctrina
1634 869 1832 905 accusetur,
1858 875 2109 908 responsurum

1128 917 1216 947 esse,
1260 914 1292 942 et
1318 908 1486 942 iudicium
1512 911 1614 954 ipsis,
1656 913 1716 956 qui
1752 920 1836 947 tunc
1863 921 2110 955 convenerant,

1127 968 1262 990 summa
1296 959 1477 992 voluntate
1509 962 1718 1004 permittere.
1788 963 1836 998 At
1871 965 1914 997 de
1942 963 2108 1008 Episcopi

1127 1008 1295 1050 dignitate
1322 1020 1356 1042 se
1380 1021 1522 1052 prorsus
1548 1011 1639 1044 nihil
1663 1015 1885 1048 contendere.
1937 1014 2005 1047 Sed
2032 1026 2107 1048 ma—

1126 1058 1176 1100 gis
1191 1064 1324 1101 petere,
1353 1066 1392 1092 ut
1406 1071 1508 1093 senex
1527 1061 1595 1093 iam
1616 1063 1784 1097 liberetur
1800 1064 1961 1097 maximis
1977 1064 2109 1097 labori-

1126 1108 1207 1148 bus,
1234 1109 1346 1147 curis,
1373 1111 1674 1153 contentionibus,
1702 1125 1786 1157 quas
1803 1114 1972 1147 sustinere
1990 1114 2026 1146 in
2043 1112 2107 1148 hac

1125 1158 1246 1191 aetatis
1269 1159 1505 1194 imbecillitate
1534 1174 1606 1194 non
1630 1170 1755 1206 posset.
1813 1163 1924 1197 Addit
1951 1165 2052 1197 etiam
2073 1176 2108 1197 se

1125 1209 1228 1241 malle
1254 1216 1293 1242 ut
1312 1208 1432 1242 Ionam
1457 1223 1474 1243 e
1498 1212 1578 1244 navi
1602 1213 1698 1253 eiici,
1725 1225 1828 1258 quam
1855 1215 2107 1247 dissensionem

1125 1259 1167 1290 de
1183 1259 1350 1300 dignitate
1365 1261 1499 1293 diutius
1515 1262 1652 1297 durare.
1695 1262 1867 1297 Hortatur
1882 1270 1921 1298 ut
1940 1265 2106 1298 idoneum

1125 1308 1274 1349 eligant,
1302 1316 1335 1341 et
1353 1310 1420 1342 sint
1436 1323 1607 1344 memores
1624 1313 1707 1346 dicti
1731 1312 1943 1356 prophetici:
1977 1314 2106 1357 Diligi-

1124 1363 1155 1388 te
1178 1357 1359 1390 veritatem
1386 1365 1418 1392 et
1442 1371 1571 1402 pacem.
1629 1361 1718 1394 Nam
1745 1361 1828 1396 haec
1848 1364 1919 1407 ipsa
1940 1365 2044 1397 verba
2066 1365 2104 1397 in

1124 1406 1197 1438 eius
1233 1408 1392 1440 oratione
1424 1418 1660 1445 recensentur.
1720 1411 1800 1445 Non
1837 1414 1919 1447 vicit
1956 1415 2103 1447 ambitio

1125 1455 1288 1496 Maximi,
1329 1464 1361 1490 et
1393 1460 1532 1491 tandem
1565 1462 1746 1495 severitate
1777 1461 1967 1496 Theodosii
2003 1477 2104 1501 syco-

1122 1502 1252 1547 phanta
1270 1505 1445 1540 Maximus
1464 1520 1639 1552 repressus
1657 1518 1724 1550 est,
1751 1519 1783 1545 et
1805 1513 1945 1555 piorum
1963 1504 2104 1548 senlen-

1122 1555 1178 1586 tiis
1194 1563 1328 1589 creatus
1338 1555 1532 1600 Episcopus
1542 1559 1723 1594 Nectarius
1733 1560 1926 1604 Tarsensis,
1953 1565 2007 1596 vir
2024 1576 2103 1598 eru-

1121 1605 1215 1638 ditus
1234 1612 1265 1640 et
1283 1613 1374 1639 recte
1396 1609 1559 1644 sentiens.

1220 1654 1329 1690 Redit
1346 1657 1451 1699 igitur
1468 1659 1503 1690 in
1521 1660 1668 1702 patriam
1681 1660 1889 1705 Gregorius,
1917 1670 1948 1697 et
1966 1664 2013 1697 ibi
2031 1665 2102 1698 dis-

1119 1706 1249 1738 cordiis
1274 1707 1400 1740 sedatis
1423 1719 1654 1743 successorem
1678 1713 1757 1754 eligi
1791 1721 1887 1747 curat
1911 1712 2103 1751 Eulalium.

1120 1755 1196 1799 Ipse
1218 1757 1346 1790 secedit
1370 1758 1406 1790 iu
1431 1760 1611 1801 praedium
1635 1769 1820 1805 paternum
1841 1762 2011 1806 Arianza,
2038 1766 2101 1799 uhi

1119 1807 1275 1839 consiliis
1297 1814 1329 1841 et
1352 1808 1461 1842 literis
1486 1811 1616 1844 multos
1641 1813 1741 1848 rexit.
1793 1813 1862 1847 Sed
1887 1822 2030 1848 vocatus
2057 1817 2101 1848 ad

1118 1856 1279 1901 Synodos
1304 1870 1376 1890 non
1397 1861 1537 1894 accessit
1562 1863 1606 1894 ad
1632 1874 1687 1895 eas
1703 1874 1786 1896 usus
1803 1866 2024 1898 excusatione
2040 1878 2102 1899 va-

1118 1907 1301 1948 letudinis,
1327 1915 1366 1942 ut
1382 1911 1534 1944 ostendit
1551 1912 1625 1944 eius
1647 1913 1810 1956 epistola,
1838 1927 1941 1959 quam
1959 1917 2101 1959 prodest

1117 1964 1237 1990 notam
1263 1969 1354 1999 esse,
1388 1966 1427 1993 ut
1450 1961 1706 2003 consideretur,
1734 1976 1838 2008 qnam
1864 1966 2100 2008 periculosum

1116 2008 1159 2040 sit
1175 2007 1337 2052 Synodos
1355 2021 1565 2049 convocare,
1599 2019 1659 2045 ant
1674 2013 1717 2045 ad
1738 2025 1793 2046 eas
1814 2016 1988 2049 accedere.
2041 2014 2098 2048 Ad

1116 2057 1325 2102 Procopium
1351 2059 1399 2092 sic
1423 2060 1561 2094 scribit:
1597 2061 1654 2095 Sic
1676 2063 1831 2096 adfectus
1854 2075 1928 2097 sum
1943 2092 1952 2104 ,
1986 2066 2014 2098 si
2038 2078 2098 2098 ve-

1115 2120 1192 2141 rum
1205 2109 1428 2142 scribendum
1445 2117 1506 2149 est,
1528 2118 1566 2144 nt
1581 2124 1700 2144 omnes
1712 2111 1966 2157 Episcopornm
1981 2116 2097 2151 Svno-

1114 2160 1176 2191 dos
1193 2159 1310 2202 sugere
1327 2160 1449 2198 velim,
1475 2161 1556 2206 quia
1574 2163 1705 2196 nullius
1720 2162 1854 2208 Synodi
1874 2156 2095 2198 exitum-vidi

1114 2210 1265 2249 bonnm,
1301 2217 1360 2243 ant
1383 2210 1492 2253 magis
1516 2212 1615 2245 finire
1637 2224 1691 2245 eas
1714 2214 1875 2254 dissidia,
1908 2227 2012 2260 quam
2040 2228 2097 2248 ac-

1112 2260 1271 2293 cendere.
1324 2259 1413 2293 Nam
1436 2260 1607 2305 cupiditas
1629 2264 1864 2298 contentionis
1884 2272 1915 2298 et
1933 2266 2095 2298 domina-

1113 2310 1217 2343 tionis
1245 2310 1393 2344 vincunt
1426 2312 1608 2347 rationem.
1669 2312 1739 2345 Nec
1773 2321 1888 2347 tamen
1920 2317 2095 2349 existimes

1112 2358 1194 2394 haec
1211 2373 1265 2393 me
1283 2361 1364 2394 odio
1382 2362 1544 2396 scribere.
1598 2361 1649 2395 Ac
1665 2363 1767 2396 citius
1782 2365 1910 2409 aliquis
1927 2366 2094 2404 indicans,

1110 2412 1329 2444 accusabitur
1347 2412 1435 2454 ipse,
1461 2424 1564 2456 qnam
1583 2413 1732 2445 aliorum
1751 2421 1925 2448 certamen
1942 2417 2094 2450 dirimet.

1111 2461 1192 2494 ldeo
1219 2474 1273 2494 me
1297 2462 1333 2494 in
1357 2459 1422 2494 hoc
1445 2473 1577 2495 secessu
1602 2464 1783 2503 contineo,
1817 2473 1849 2499 et
1866 2478 1909 2498 ne
1934 2468 2094 2500 turbetur

1109 2512 1280 2555 precatio,
1309 2512 1600 2555 tranquillitatem
1620 2514 1707 2546 tueri
1725 2516 1857 2548 studeo.
1912 2515 2013 2549 Nunc
2030 2530 2091 2549 an-

1108 2569 1175 2596 tem
1192 2562 1389 2605 etcorporis
1405 2563 1587 2596 infirmitas
1603 2576 1658 2597 me
1675 2573 1825 2606 excusat,
1845 2566 1981 2600 assidue
1997 2567 2089 2599 enini

1108 2613 1202 2645 velut
1219 2619 1409 2645 extremum
1429 2610 1576 2646 halitum
1594 2615 1708 2658 spiro,
1735 2622 1767 2649 et
1783 2628 1859 2648 ineo
1877 2629 2020 2659 corpore
2039 2617 2088 2648 nti

1107 2675 1178 2697 non
1194 2674 1348 2707 possum.
1402 2661 1485 2697 Ideo
1501 2670 1533 2699 te
1548 2677 1628 2707 oro,
1653 2672 1690 2701 ut
1708 2672 1740 2701 ct
1755 2673 1791 2700 tu
1811 2664 1897 2699 mihi
1922 2667 2092 2709 ignoscas.
