<?xml version="1.0" encoding="UTF-8"?>
<!DOCTYPE html PUBLIC "-//W3C//DTD XHTML 1.0 Transitional//EN"
    "http://www.w3.org/TR/xhtml1/DTD/xhtml1-transitional.dtd">
<html xmlns="http://www.w3.org/1999/xhtml" xml:lang="en" lang="en">
 <head>
  <title>
</title>
<meta http-equiv="Content-Type" content="text/html;charset=utf-8" />
  <meta name='ocr-system' content='tesseract 3.04.00' />
  <meta name='ocr-capabilities' content='ocr_page ocr_carea ocr_par ocr_line ocrx_word'/>
</head>
<body>
  <div class='ocr_page' id='page_1' title='image "./operaquaesupersu12melauoft/operaquaesupersu12melauoft_0390.png"; bbox 0 0 2324 2955; ppageno 0'>
   <div class='ocr_carea' id='block_1_1' title="bbox 204 105 276 141">
    <p class='ocr_par' dir='ltr' id='par_1_1' title="bbox 204 105 276 141">
     <span class='ocr_line' id='line_1_1' title="bbox 204 107 225 139; textangle 90"><span class='ocrx_word' id='word_1_1' title='bbox 204 107 225 139; x_wconf 54' lang='lat' dir='ltr'>q</span> 
     </span>
     <span class='ocr_line' id='line_1_2' title="bbox 230 105 276 141; textangle 90"><span class='ocrx_word' id='word_1_2' title='bbox 230 105 276 141; x_wconf 62' lang='grc' dir='ltr'>ἓξ</span> 
     </span>
    </p>
   </div>
   <div class='ocr_carea' id='block_1_2' title="bbox 310 178 1097 224">
    <p class='ocr_par' dir='ltr' id='par_1_2' title="bbox 310 178 1097 224">
     <span class='ocr_line' id='line_1_3' title="bbox 310 178 1097 224; baseline -0.022 0"><span class='ocrx_word' id='word_1_3' title='bbox 310 188 344 224; x_wconf 87' lang='grc'><strong><em>0</em></strong></span> <span class='ocrx_word' id='word_1_4' title='bbox 356 194 367 222; x_wconf 84' lang='lat' dir='ltr'>l</span> <span class='ocrx_word' id='word_1_5' title='bbox 378 186 399 221; x_wconf 81' lang='grc' dir='ltr'>Ιι</span> <span class='ocrx_word' id='word_1_6' title='bbox 411 200 429 220; x_wconf 84' lang='lat'><strong><em>0</em></strong></span> <span class='ocrx_word' id='word_1_7' title='bbox 440 182 552 224; x_wconf 81' lang='lat' dir='ltr'>niel,</span> <span class='ocrx_word' id='word_1_8' title='bbox 582 193 621 214; x_wconf 84' lang='lat' dir='ltr'>ex</span> <span class='ocrx_word' id='word_1_9' title='bbox 637 180 732 213; x_wconf 88' lang='lat' dir='ltr'>tribu</span> <span class='ocrx_word' id='word_1_10' title='bbox 747 178 855 218; x_wconf 88' lang='lat' dir='ltr'>Iuda,</span> <span class='ocrx_word' id='word_1_11' title='bbox 880 186 992 209; x_wconf 86' lang='lat' dir='ltr'>annos</span> <span class='ocrx_word' id='word_1_12' title='bbox 1008 182 1097 212; x_wconf 84' lang='lat' dir='ltr'>octo.</span> 
     </span>
    </p>
   </div>
   <div class='ocr_carea' id='block_1_3' title="bbox 211 327 973 375">
    <p class='ocr_par' dir='ltr' id='par_1_3' title="bbox 211 327 973 375">
     <span class='ocr_line' id='line_1_4' title="bbox 211 327 973 375; baseline -0.016 -1"><span class='ocrx_word' id='word_1_13' title='bbox 211 341 292 375; x_wconf 89' lang='lat' dir='ltr'>bitis</span> <span class='ocrx_word' id='word_1_14' title='bbox 312 336 498 372; x_wconf 82' lang='lat' dir='ltr'>trucidavit</span> <span class='ocrx_word' id='word_1_15' title='bbox 513 335 631 367; x_wconf 89' lang='lat' dir='ltr'>decem</span> <span class='ocrx_word' id='word_1_16' title='bbox 650 330 760 363; x_wconf 89' lang='lat' dir='ltr'>millia</span> <span class='ocrx_word' id='word_1_17' title='bbox 774 327 973 362; x_wconf 88' lang='lat' dir='ltr'>hominum.</span> 
     </span>
    </p>
   </div>
   <div class='ocr_carea' id='block_1_4' title="bbox 314 374 2212 470">
    <p class='ocr_par' dir='ltr' id='par_1_4' title="bbox 314 374 2212 470">
     <span class='ocr_line' id='line_1_5' title="bbox 314 374 1184 422; baseline -0.017 0"><span class='ocrx_word' id='word_1_18' title='bbox 314 385 501 422; x_wconf 81' lang='lat' dir='ltr'>Debora</span> <span class='ocrx_word' id='word_1_19' title='bbox 518 390 550 417; x_wconf 92' lang='lat' dir='ltr'>et</span> <span class='ocrx_word' id='word_1_20' title='bbox 569 380 742 421; x_wconf 81' lang='lat' dir='ltr'>Barac,</span> <span class='ocrx_word' id='word_1_21' title='bbox 763 391 803 412; x_wconf 84' lang='lat' dir='ltr'>ex</span> <span class='ocrx_word' id='word_1_22' title='bbox 817 379 913 412; x_wconf 91' lang='lat' dir='ltr'>tribu</span> <span class='ocrx_word' id='word_1_23' title='bbox 924 374 1100 421; x_wconf 87' lang='lat' dir='ltr'>Nephtali,</span> <span class='ocrx_word' id='word_1_24' title='bbox 1122 388 1184 409; x_wconf 86' lang='lat' dir='ltr'>an-</span> 
     </span>
     <span class='ocr_line' id='line_1_6' title="bbox 585 424 2212 470; baseline -0.004 -5"><span class='ocrx_word' id='word_1_25' title='bbox 585 433 755 467; x_wconf 89' lang='lat' dir='ltr'>Vicerunt</span> <span class='ocrx_word' id='word_1_26' title='bbox 780 429 953 466; x_wconf 87' lang='lat' dir='ltr'>Sisaram,</span> <span class='ocrx_word' id='word_1_27' title='bbox 981 429 1103 460; x_wconf 90' lang='lat' dir='ltr'>ducem</span> <span class='ocrx_word' id='word_1_28' title='bbox 1131 439 1185 460; x_wconf 85' lang='lat' dir='ltr'>re·</span> <span class='ocrx_word' id='word_1_29' title='bbox 1210 432 1212 468; x_wconf 64' lang='lat'>¹,</span> <span class='ocrx_word' id='word_1_30' title='bbox 1236 436 1325 464; x_wconf 85' lang='lat' dir='ltr'>esse,</span> <span class='ocrx_word' id='word_1_31' title='bbox 1351 430 1390 457; x_wconf 88' lang='lat' dir='ltr'>ut</span> <span class='ocrx_word' id='word_1_32' title='bbox 1414 431 1526 457; x_wconf 87' lang='lat' dir='ltr'>certus</span> <span class='ocrx_word' id='word_1_33' title='bbox 1555 425 1625 457; x_wconf 89' lang='lat' dir='ltr'>dux</span> <span class='ocrx_word' id='word_1_34' title='bbox 1648 424 1756 457; x_wconf 74' lang='lat' dir='ltr'>esset?</span> <span class='ocrx_word' id='word_1_35' title='bbox 1799 426 1943 468; x_wconf 76' lang='lat' dir='ltr'>simplex</span> <span class='ocrx_word' id='word_1_36' title='bbox 1962 427 2142 470; x_wconf 81' lang='lat' dir='ltr'>responsio</span> <span class='ocrx_word' id='word_1_37' title='bbox 2161 433 2212 460; x_wconf 87' lang='lat' dir='ltr'>est</span> 
     </span>
    </p>
   </div>
   <div class='ocr_carea' id='block_1_5' title="bbox 212 437 1191 722">
    <p class='ocr_par' dir='ltr' id='par_1_5' title="bbox 212 437 1187 584">
     <span class='ocr_line' id='line_1_7' title="bbox 212 437 1169 484; baseline -0.022 -9"><span class='ocrx_word' id='word_1_38' title='bbox 212 452 274 475; x_wconf 87' lang='lat' dir='ltr'>nos</span> <span class='ocrx_word' id='word_1_39' title='bbox 293 437 532 484; x_wconf 87' lang='lat' dir='ltr'>quadraginta.</span> <span class='ocrx_word' id='word_1_40' title='bbox 1162 478 1169 483; x_wconf 35' lang='lat'>⁵</span> 
     </span>
     <span class='ocr_line' id='line_1_8' title="bbox 213 475 1187 535; baseline -0.015 -11"><span class='ocrx_word' id='word_1_41' title='bbox 213 493 264 535; x_wconf 86' lang='lat' dir='ltr'>gis</span> <span class='ocrx_word' id='word_1_42' title='bbox 282 489 379 522; x_wconf 82' lang='lat' dir='ltr'>labin</span> <span class='ocrx_word' id='word_1_43' title='bbox 392 515 401 528; x_wconf 92' lang='lat'>,</span> <span class='ocrx_word' id='word_1_44' title='bbox 427 486 487 531; x_wconf 89' lang='lat' dir='ltr'>qui</span> <span class='ocrx_word' id='word_1_45' title='bbox 502 483 615 518; x_wconf 88' lang='lat' dir='ltr'>tenuit</span> <span class='ocrx_word' id='word_1_46' title='bbox 632 482 758 521; x_wconf 87' lang='lat' dir='ltr'>Ilazor,</span> <span class='ocrx_word' id='word_1_47' title='bbox 786 491 874 524; x_wconf 88' lang='lat' dir='ltr'>quae</span> <span class='ocrx_word' id='word_1_48' title='bbox 891 486 975 512; x_wconf 86' lang='lat' dir='ltr'>tunc</span> <span class='ocrx_word' id='word_1_49' title='bbox 991 475 1104 510; x_wconf 84' lang='lat' dir='ltr'>adhuc</span> <span class='ocrx_word' id='word_1_50' title='bbox 1121 478 1187 510; x_wconf 82' lang='lat' dir='ltr'>suit</span> 
     </span>
     <span class='ocr_line' id='line_1_9' title="bbox 214 527 951 584; baseline -0.019 -10"><span class='ocrx_word' id='word_1_51' title='bbox 214 540 308 584; x_wconf 87' lang='lat' dir='ltr'>regia</span> <span class='ocrx_word' id='word_1_52' title='bbox 326 540 592 572; x_wconf 88' lang='lat' dir='ltr'>Cananaeorum</span> <span class='ocrx_word' id='word_1_53' title='bbox 611 533 647 565; x_wconf 90' lang='lat' dir='ltr'>in</span> <span class='ocrx_word' id='word_1_54' title='bbox 666 538 758 564; x_wconf 89' lang='lat' dir='ltr'>sorte</span> <span class='ocrx_word' id='word_1_55' title='bbox 774 527 951 573; x_wconf 83' lang='lat' dir='ltr'>Nephtali.</span> 
     </span>
    </p>

    <p class='ocr_par' dir='ltr' id='par_1_6' title="bbox 214 578 1188 686">
     <span class='ocr_line' id='line_1_10' title="bbox 317 578 1188 625; baseline -0.015 -3"><span class='ocrx_word' id='word_1_56' title='bbox 317 586 352 623; x_wconf 91' lang='lat' dir='ltr'><strong><em>G</em></strong></span> <span class='ocrx_word' id='word_1_57' title='bbox 364 585 437 621; x_wconf 79' lang='lat' dir='ltr'>ede</span> <span class='ocrx_word' id='word_1_58' title='bbox 448 598 467 618; x_wconf 88' lang='grc' dir='ltr'>ο</span> <span class='ocrx_word' id='word_1_59' title='bbox 478 599 500 619; x_wconf 90' lang='lat' dir='ltr'>n</span> <span class='ocrx_word' id='word_1_60' title='bbox 511 613 519 625; x_wconf 84' lang='lat'><strong>‚</strong></span> <span class='ocrx_word' id='word_1_61' title='bbox 544 597 583 617; x_wconf 85' lang='lat' dir='ltr'>ex</span> <span class='ocrx_word' id='word_1_62' title='bbox 598 583 694 617; x_wconf 88' lang='lat' dir='ltr'>tribu</span> <span class='ocrx_word' id='word_1_63' title='bbox 711 580 884 620; x_wconf 74' lang='lat' dir='ltr'>manasse,</span> <span class='ocrx_word' id='word_1_64' title='bbox 911 589 1021 612; x_wconf 89' lang='lat' dir='ltr'>annos</span> <span class='ocrx_word' id='word_1_65' title='bbox 1039 578 1188 622; x_wconf 88' lang='lat' dir='ltr'>quadra-</span> 
     </span>
     <span class='ocr_line' id='line_1_11' title="bbox 214 633 704 686; baseline -0.022 -11"><span class='ocrx_word' id='word_1_66' title='bbox 214 643 317 686; x_wconf 80' lang='lat' dir='ltr'>ginta.</span> <span class='ocrx_word' id='word_1_67' title='bbox 373 638 467 671; x_wconf 70' lang='lat' dir='ltr'>vicit</span> <span class='ocrx_word' id='word_1_68' title='bbox 482 633 704 669; x_wconf 70' lang='lat' dir='ltr'>Madianitas,</span> 
     </span>
    </p>

    <p class='ocr_par' dir='ltr' id='par_1_7' title="bbox 319 677 1191 722">
     <span class='ocr_line' id='line_1_12' title="bbox 319 677 1191 722; baseline -0.015 -1"><span class='ocrx_word' id='word_1_69' title='bbox 319 687 380 722; x_wconf 82' lang='lat' dir='ltr'>Ab</span> <span class='ocrx_word' id='word_1_70' title='bbox 393 684 520 720; x_wconf 78' lang='lat' dir='ltr'>imele</span> <span class='ocrx_word' id='word_1_71' title='bbox 533 681 601 722; x_wconf 75' lang='lat' dir='ltr'>ch,</span> <span class='ocrx_word' id='word_1_72' title='bbox 628 689 730 716; x_wconf 88' lang='lat' dir='ltr'>natus</span> <span class='ocrx_word' id='word_1_73' title='bbox 754 692 794 714; x_wconf 77' lang='lat' dir='ltr'>ex</span> <span class='ocrx_word' id='word_1_74' title='bbox 817 680 1013 713; x_wconf 88' lang='lat' dir='ltr'>concubina</span> <span class='ocrx_word' id='word_1_75' title='bbox 1032 677 1191 717; x_wconf 87' lang='lat' dir='ltr'>Gedeon,</span> 
     </span>
    </p>
   </div>
   <div class='ocr_carea' id='block_1_6' title="bbox 216 730 1217 834">
    <p class='ocr_par' dir='ltr' id='par_1_8' title="bbox 216 730 1217 834">
     <span class='ocr_line' id='line_1_13' title="bbox 219 730 1216 777; baseline -0.017 -2"><span class='ocrx_word' id='word_1_76' title='bbox 219 740 391 775; x_wconf 75' lang='lat' dir='ltr'><strong>interfecit</strong></span> <span class='ocrx_word' id='word_1_77' title='bbox 419 738 542 770; x_wconf 82' lang='lat' dir='ltr'>fratres</span> <span class='ocrx_word' id='word_1_78' title='bbox 573 732 809 777; x_wconf 73' lang='lat' dir='ltr'>septuaginta,</span> <span class='ocrx_word' id='word_1_79' title='bbox 845 737 878 763; x_wconf 84' lang='lat' dir='ltr'>et</span> <span class='ocrx_word' id='word_1_80' title='bbox 902 730 999 764; x_wconf 88' lang='lat' dir='ltr'>velut</span> <span class='ocrx_word' id='word_1_81' title='bbox 1022 735 1191 773; x_wconf 77' lang='lat' dir='ltr'>tyrannus</span> <span class='ocrx_word' id='word_1_82' title='bbox 1215 757 1216 765; x_wconf 59' lang='grc'>,</span> 
     </span>
     <span class='ocr_line' id='line_1_14' title="bbox 216 781 1217 834; baseline -0.016 -9"><span class='ocrx_word' id='word_1_83' title='bbox 216 790 375 834; x_wconf 80' lang='lat' dir='ltr'>regnavit</span> <span class='ocrx_word' id='word_1_84' title='bbox 400 788 436 820; x_wconf 92' lang='lat' dir='ltr'>in</span> <span class='ocrx_word' id='word_1_85' title='bbox 459 785 563 820; x_wconf 60' lang='lat' dir='ltr'>Israel</span> <span class='ocrx_word' id='word_1_86' title='bbox 589 791 656 816; x_wconf 89' lang='lat' dir='ltr'>tres</span> <span class='ocrx_word' id='word_1_87' title='bbox 682 793 813 821; x_wconf 88' lang='lat' dir='ltr'>annos,</span> <span class='ocrx_word' id='word_1_88' title='bbox 839 787 872 814; x_wconf 91' lang='lat' dir='ltr'>et</span> <span class='ocrx_word' id='word_1_89' title='bbox 888 781 1090 813; x_wconf 87' lang='lat' dir='ltr'>interfectus</span> <span class='ocrx_word' id='word_1_90' title='bbox 1107 784 1155 810; x_wconf 83' lang='lat' dir='ltr'>est</span> <span class='ocrx_word' id='word_1_91' title='bbox 1173 790 1191 810; x_wconf 85' lang='lat' dir='ltr'>a</span> <span class='ocrx_word' id='word_1_92' title='bbox 1215 791 1217 802; x_wconf 55' lang='grc' dir='ltr'>ι</span> 
     </span>
    </p>
   </div>
   <div class='ocr_carea' id='block_1_7' title="bbox 218 828 1203 2625">
    <p class='ocr_par' dir='ltr' id='par_1_9' title="bbox 218 828 1197 1236">
     <span class='ocr_line' id='line_1_15' title="bbox 218 828 1192 877; baseline -0.014 -3"><span class='ocrx_word' id='word_1_93' title='bbox 218 843 290 877; x_wconf 86' lang='lat' dir='ltr'>suis</span> <span class='ocrx_word' id='word_1_94' title='bbox 312 839 463 873; x_wconf 72' lang='lat' dir='ltr'>civibus.</span> <span class='ocrx_word' id='word_1_95' title='bbox 520 836 635 868; x_wconf 75' lang='lat' dir='ltr'>Tanta</span> <span class='ocrx_word' id='word_1_96' title='bbox 653 832 829 866; x_wconf 86' lang='lat' dir='ltr'>calamitas</span> <span class='ocrx_word' id='word_1_97' title='bbox 853 831 977 864; x_wconf 90' lang='lat' dir='ltr'>accidit</span> <span class='ocrx_word' id='word_1_98' title='bbox 999 828 1192 873; x_wconf 67' lang='lat' dir='ltr'>posteritati</span> 
     </span>
     <span class='ocr_line' id='line_1_16' title="bbox 221 882 1194 932; baseline -0.013 -9"><span class='ocrx_word' id='word_1_99' title='bbox 221 889 418 928; x_wconf 68' lang='lat' dir='ltr'>Getieonis,</span> <span class='ocrx_word' id='word_1_100' title='bbox 445 898 546 932; x_wconf 90' lang='lat' dir='ltr'>quem</span> <span class='ocrx_word' id='word_1_101' title='bbox 566 885 665 917; x_wconf 91' lang='lat' dir='ltr'>Deus</span> <span class='ocrx_word' id='word_1_102' title='bbox 688 882 855 924; x_wconf 78' lang='lat' dir='ltr'>singulari</span> <span class='ocrx_word' id='word_1_103' title='bbox 878 882 982 913; x_wconf 88' lang='lat' dir='ltr'>modo</span> <span class='ocrx_word' id='word_1_104' title='bbox 1003 886 1194 918; x_wconf 68' lang='lat' dir='ltr'>vocaverat,</span> 
     </span>
     <span class='ocr_line' id='line_1_17' title="bbox 218 929 1194 976; baseline -0.014 -1"><span class='ocrx_word' id='word_1_105' title='bbox 218 949 252 976; x_wconf 87' lang='lat' dir='ltr'>et</span> <span class='ocrx_word' id='word_1_106' title='bbox 284 945 469 973; x_wconf 79' lang='lat' dir='ltr'>ornaverat</span> <span class='ocrx_word' id='word_1_107' title='bbox 499 935 694 968; x_wconf 77' lang='lat' dir='ltr'>illustribus</span> <span class='ocrx_word' id='word_1_108' title='bbox 725 932 881 965; x_wconf 85' lang='lat' dir='ltr'>victoriis</span> <span class='ocrx_word' id='word_1_109' title='bbox 910 938 942 964; x_wconf 86' lang='lat' dir='ltr'>et</span> <span class='ocrx_word' id='word_1_110' title='bbox 973 929 1194 966; x_wconf 82' lang='lat' dir='ltr'>testimoniis,</span> 
     </span>
     <span class='ocr_line' id='line_1_18' title="bbox 219 980 1194 1037; baseline -0.016 -12"><span class='ocrx_word' id='word_1_111' title='bbox 219 992 301 1037; x_wconf 90' lang='lat' dir='ltr'>quia</span> <span class='ocrx_word' id='word_1_112' title='bbox 327 991 398 1033; x_wconf 87' lang='lat' dir='ltr'>ipsc</span> <span class='ocrx_word' id='word_1_113' title='bbox 429 988 569 1021; x_wconf 86' lang='lat' dir='ltr'>tandem</span> <span class='ocrx_word' id='word_1_114' title='bbox 595 983 749 1016; x_wconf 87' lang='lat' dir='ltr'>instituit</span> <span class='ocrx_word' id='word_1_115' title='bbox 773 982 903 1014; x_wconf 89' lang='lat' dir='ltr'>cultum</span> <span class='ocrx_word' id='word_1_116' title='bbox 932 981 1006 1013; x_wconf 87' lang='lat' dir='ltr'>sine</span> <span class='ocrx_word' id='word_1_117' title='bbox 1031 980 1194 1012; x_wconf 83' lang='lat' dir='ltr'>mandato</span> 
     </span>
     <span class='ocr_line' id='line_1_19' title="bbox 218 1029 1195 1076; baseline -0.017 -1"><span class='ocrx_word' id='word_1_118' title='bbox 218 1042 297 1076; x_wconf 82' lang='lat' dir='ltr'>Dei.</span> <span class='ocrx_word' id='word_1_119' title='bbox 359 1037 403 1072; x_wconf 85' lang='lat' dir='ltr'>Et</span> <span class='ocrx_word' id='word_1_120' title='bbox 432 1036 544 1070; x_wconf 82' lang='lat' dir='ltr'>voluit</span> <span class='ocrx_word' id='word_1_121' title='bbox 569 1034 663 1067; x_wconf 88' lang='lat' dir='ltr'>Deus</span> <span class='ocrx_word' id='word_1_122' title='bbox 692 1033 891 1070; x_wconf 76' lang='lat' dir='ltr'><strong>ostendere,</strong></span> <span class='ocrx_word' id='word_1_123' title='bbox 925 1042 960 1062; x_wconf 92' lang='lat' dir='ltr'>se</span> <span class='ocrx_word' id='word_1_124' title='bbox 993 1041 1064 1060; x_wconf 92' lang='lat' dir='ltr'>non</span> <span class='ocrx_word' id='word_1_125' title='bbox 1096 1029 1195 1064; x_wconf 82' lang='lat' dir='ltr'>velle,</span> 
     </span>
     <span class='ocr_line' id='line_1_20' title="bbox 222 1077 1197 1136; baseline -0.018 -11"><span class='ocrx_word' id='word_1_126' title='bbox 222 1100 420 1136; x_wconf 80' lang='lat' dir='ltr'>quenquam</span> <span class='ocrx_word' id='word_1_127' title='bbox 438 1096 606 1128; x_wconf 86' lang='lat' dir='ltr'>occupare</span> <span class='ocrx_word' id='word_1_128' title='bbox 621 1082 896 1115; x_wconf 75' lang='lat' dir='ltr'>dominationem</span> <span class='ocrx_word' id='word_1_129' title='bbox 914 1078 1038 1110; x_wconf 78' lang='lat' dir='ltr'>fiducia</span> <span class='ocrx_word' id='word_1_130' title='bbox 1051 1077 1197 1117; x_wconf 75' lang='lat' dir='ltr'>generis,</span> 
     </span>
     <span class='ocr_line' id='line_1_21' title="bbox 223 1125 1197 1175; baseline -0.018 0"><span class='ocrx_word' id='word_1_131' title='bbox 223 1143 282 1175; x_wconf 86' lang='lat' dir='ltr'>sed</span> <span class='ocrx_word' id='word_1_132' title='bbox 300 1138 517 1173; x_wconf 79' lang='lat' dir='ltr'>retinendam</span> <span class='ocrx_word' id='word_1_133' title='bbox 536 1145 607 1166; x_wconf 89' lang='lat' dir='ltr'>esse</span> <span class='ocrx_word' id='word_1_134' title='bbox 625 1130 909 1166; x_wconf 78' lang='lat' dir='ltr'>Aristocratiam,</span> <span class='ocrx_word' id='word_1_135' title='bbox 937 1135 969 1161; x_wconf 87' lang='lat' dir='ltr'>et</span> <span class='ocrx_word' id='word_1_136' title='bbox 993 1140 1011 1160; x_wconf 90' lang='lat' dir='ltr'>a</span> <span class='ocrx_word' id='word_1_137' title='bbox 1034 1125 1117 1158; x_wconf 70' lang='lat' dir='ltr'>])eo</span> <span class='ocrx_word' id='word_1_138' title='bbox 1140 1138 1197 1158; x_wconf 86' lang='lat' dir='ltr'>ex-</span> 
     </span>
     <span class='ocr_line' id='line_1_22' title="bbox 223 1181 839 1236; baseline -0.023 -11"><span class='ocrx_word' id='word_1_139' title='bbox 223 1190 428 1236; x_wconf 84' lang='lat' dir='ltr'>pectandam</span> <span class='ocrx_word' id='word_1_140' title='bbox 448 1197 519 1218; x_wconf 86' lang='lat' dir='ltr'>esse</span> <span class='ocrx_word' id='word_1_141' title='bbox 539 1181 839 1226; x_wconf 81' lang='lat' dir='ltr'>gubernationem.</span> 
     </span>
    </p>

    <p class='ocr_par' dir='ltr' id='par_1_10' title="bbox 223 1227 1198 1326">
     <span class='ocr_line' id='line_1_23' title="bbox 325 1227 1198 1274; baseline -0.016 -3"><span class='ocrx_word' id='word_1_142' title='bbox 325 1235 498 1274; x_wconf 67' lang='lat' dir='ltr'>Thelet,</span> <span class='ocrx_word' id='word_1_143' title='bbox 534 1246 573 1267; x_wconf 84' lang='lat' dir='ltr'>ex</span> <span class='ocrx_word' id='word_1_144' title='bbox 600 1232 695 1266; x_wconf 90' lang='lat' dir='ltr'>tribu</span> <span class='ocrx_word' id='word_1_145' title='bbox 728 1227 903 1267; x_wconf 85' lang='lat' dir='ltr'>lsaschar,</span> <span class='ocrx_word' id='word_1_146' title='bbox 942 1238 1053 1260; x_wconf 89' lang='lat' dir='ltr'>annos</span> <span class='ocrx_word' id='word_1_147' title='bbox 1083 1227 1198 1269; x_wconf 70' lang='lat' dir='ltr'>vigin-</span> 
     </span>
     <span class='ocr_line' id='line_1_24' title="bbox 223 1292 341 1326; baseline -0.034 0"><span class='ocrx_word' id='word_1_148' title='bbox 223 1292 251 1326; x_wconf 86' lang='lat' dir='ltr'>ti</span> <span class='ocrx_word' id='word_1_149' title='bbox 274 1302 341 1324; x_wconf 85' lang='lat' dir='ltr'>sex.</span> 
     </span>
    </p>

    <p class='ocr_par' dir='ltr' id='par_1_11' title="bbox 224 1327 1201 1576">
     <span class='ocr_line' id='line_1_25' title="bbox 325 1327 1199 1374; baseline -0.015 -3"><span class='ocrx_word' id='word_1_150' title='bbox 325 1336 448 1374; x_wconf 83' lang='lat' dir='ltr'>Iair,</span> <span class='ocrx_word' id='word_1_151' title='bbox 474 1347 514 1368; x_wconf 81' lang='lat' dir='ltr'>ex</span> <span class='ocrx_word' id='word_1_152' title='bbox 535 1333 630 1367; x_wconf 91' lang='lat' dir='ltr'>tribu</span> <span class='ocrx_word' id='word_1_153' title='bbox 653 1330 836 1367; x_wconf 86' lang='lat' dir='ltr'>Manasse,</span> <span class='ocrx_word' id='word_1_154' title='bbox 863 1328 900 1360; x_wconf 87' lang='lat' dir='ltr'>in</span> <span class='ocrx_word' id='word_1_155' title='bbox 924 1327 1078 1367; x_wconf 86' lang='lat' dir='ltr'>Galaad,</span> <span class='ocrx_word' id='word_1_156' title='bbox 1112 1338 1199 1371; x_wconf 86' lang='lat' dir='ltr'>quae</span> 
     </span>
     <span class='ocr_line' id='line_1_26' title="bbox 224 1377 1201 1433; baseline -0.017 -8"><span class='ocrx_word' id='word_1_157' title='bbox 224 1390 319 1433; x_wconf 85' lang='lat' dir='ltr'>regio</span> <span class='ocrx_word' id='word_1_158' title='bbox 350 1388 418 1421; x_wconf 86' lang='lat' dir='ltr'>fuit</span> <span class='ocrx_word' id='word_1_159' title='bbox 448 1386 539 1419; x_wconf 90' lang='lat' dir='ltr'>ultra</span> <span class='ocrx_word' id='word_1_160' title='bbox 564 1383 768 1421; x_wconf 79' lang='lat' dir='ltr'>Iordanem,</span> <span class='ocrx_word' id='word_1_161' title='bbox 806 1390 925 1412; x_wconf 71' lang='lat' dir='ltr'>versus</span> <span class='ocrx_word' id='word_1_162' title='bbox 957 1377 1134 1411; x_wconf 76' lang='lat' dir='ltr'>Libanum</span> <span class='ocrx_word' id='word_1_163' title='bbox 1168 1383 1201 1410; x_wconf 86' lang='lat' dir='ltr'>et</span> 
     </span>
     <span class='ocr_line' id='line_1_27' title="bbox 226 1428 1200 1480; baseline -0.016 -6"><span class='ocrx_word' id='word_1_164' title='bbox 226 1439 412 1478; x_wconf 80' lang='lat' dir='ltr'>Arabiam,</span> <span class='ocrx_word' id='word_1_165' title='bbox 436 1442 555 1480; x_wconf 88' lang='lat' dir='ltr'>postea</span> <span class='ocrx_word' id='word_1_166' title='bbox 581 1433 673 1466; x_wconf 76' lang='lat' dir='ltr'>dicta</span> <span class='ocrx_word' id='word_1_167' title='bbox 697 1431 832 1470; x_wconf 88' lang='lat' dir='ltr'>lturea‚</span> <span class='ocrx_word' id='word_1_168' title='bbox 861 1429 895 1461; x_wconf 90' lang='lat' dir='ltr'>id</span> <span class='ocrx_word' id='word_1_169' title='bbox 913 1435 980 1465; x_wconf 89' lang='lat' dir='ltr'>est,</span> <span class='ocrx_word' id='word_1_170' title='bbox 1007 1428 1200 1471; x_wconf 86' lang='lat' dir='ltr'>scopulosa,</span> 
     </span>
     <span class='ocr_line' id='line_1_28' title="bbox 227 1476 1200 1535; baseline -0.015 -11"><span class='ocrx_word' id='word_1_171' title='bbox 227 1491 322 1535; x_wconf 89' lang='lat' dir='ltr'>quod</span> <span class='ocrx_word' id='word_1_172' title='bbox 338 1489 431 1521; x_wconf 82' lang='lat' dir='ltr'>idem</span> <span class='ocrx_word' id='word_1_173' title='bbox 451 1483 594 1519; x_wconf 82' lang='lat' dir='ltr'>Graecis</span> <span class='ocrx_word' id='word_1_174' title='bbox 611 1489 661 1515; x_wconf 92' lang='lat' dir='ltr'>est</span> <span class='ocrx_word' id='word_1_175' title='bbox 680 1476 923 1527; x_wconf 70' lang='grc' dir='ltr'><strong><em>Τραχωνίτις,</em></strong></span> <span class='ocrx_word' id='word_1_176' title='bbox 950 1479 986 1512; x_wconf 87' lang='lat' dir='ltr'>id</span> <span class='ocrx_word' id='word_1_177' title='bbox 1005 1485 1073 1518; x_wconf 85' lang='lat' dir='ltr'>est,</span> <span class='ocrx_word' id='word_1_178' title='bbox 1101 1489 1200 1521; x_wconf 89' lang='lat' dir='ltr'>aspe-</span> 
     </span>
     <span class='ocr_line' id='line_1_29' title="bbox 226 1532 868 1576; baseline -0.019 -3"><span class='ocrx_word' id='word_1_179' title='bbox 226 1553 275 1576; x_wconf 86' lang='lat' dir='ltr'>ra.</span> <span class='ocrx_word' id='word_1_180' title='bbox 329 1536 485 1571; x_wconf 84' lang='lat' dir='ltr'>Praefuit</span> <span class='ocrx_word' id='word_1_181' title='bbox 499 1545 609 1567; x_wconf 90' lang='lat' dir='ltr'>annos</span> <span class='ocrx_word' id='word_1_182' title='bbox 628 1532 753 1574; x_wconf 83' lang='lat' dir='ltr'>viginti</span> <span class='ocrx_word' id='word_1_183' title='bbox 769 1532 868 1563; x_wconf 84' lang='lat' dir='ltr'>duos.</span> 
     </span>
    </p>

    <p class='ocr_par' dir='ltr' id='par_1_12' title="bbox 223 1577 1200 1725">
     <span class='ocr_line' id='line_1_30' title="bbox 329 1577 1200 1633; baseline -0.014 -12"><span class='ocrx_word' id='word_1_184' title='bbox 329 1583 465 1633; x_wconf 73' lang='lat' dir='ltr'>Ieptla</span> <span class='ocrx_word' id='word_1_185' title='bbox 477 1597 510 1625; x_wconf 79' lang='lat' dir='ltr'>e,</span> <span class='ocrx_word' id='word_1_186' title='bbox 540 1596 579 1616; x_wconf 81' lang='lat' dir='ltr'>ex</span> <span class='ocrx_word' id='word_1_187' title='bbox 604 1583 699 1616; x_wconf 91' lang='lat' dir='ltr'>tribu</span> <span class='ocrx_word' id='word_1_188' title='bbox 716 1580 878 1614; x_wconf 79' lang='lat' dir='ltr'>Manasse</span> <span class='ocrx_word' id='word_1_189' title='bbox 894 1579 930 1610; x_wconf 91' lang='lat' dir='ltr'>in</span> <span class='ocrx_word' id='word_1_190' title='bbox 949 1577 1083 1611; x_wconf 86' lang='lat' dir='ltr'>Galaad</span> <span class='ocrx_word' id='word_1_191' title='bbox 1097 1605 1106 1618; x_wconf 92' lang='lat'>,</span> <span class='ocrx_word' id='word_1_192' title='bbox 1137 1590 1200 1611; x_wconf 87' lang='lat' dir='ltr'>an-</span> 
     </span>
     <span class='ocr_line' id='line_1_31' title="bbox 227 1629 1200 1678; baseline -0.013 -5"><span class='ocrx_word' id='word_1_193' title='bbox 227 1651 292 1674; x_wconf 90' lang='lat' dir='ltr'>nos</span> <span class='ocrx_word' id='word_1_194' title='bbox 309 1649 384 1678; x_wconf 85' lang='lat' dir='ltr'>sex,</span> <span class='ocrx_word' id='word_1_195' title='bbox 409 1634 592 1671; x_wconf 88' lang='lat' dir='ltr'>temerario</span> <span class='ocrx_word' id='word_1_196' title='bbox 614 1639 695 1666; x_wconf 75' lang='lat' dir='ltr'>voto</span> <span class='ocrx_word' id='word_1_197' title='bbox 718 1630 881 1665; x_wconf 81' lang='lat' dir='ltr'>mactavit</span> <span class='ocrx_word' id='word_1_198' title='bbox 904 1629 1011 1662; x_wconf 85' lang='lat' dir='ltr'>filiam</span> <span class='ocrx_word' id='word_1_199' title='bbox 1035 1636 1200 1673; x_wconf 88' lang='lat' dir='ltr'>tanquam</span> 
     </span>
     <span class='ocr_line' id='line_1_32' title="bbox 223 1690 386 1725; baseline -0.012 0"><span class='ocrx_word' id='word_1_200' title='bbox 223 1690 386 1725; x_wconf 87' lang='lat' dir='ltr'>hostiam.</span> 
     </span>
    </p>

    <p class='ocr_par' dir='ltr' id='par_1_13' title="bbox 228 1726 1201 1885">
     <span class='ocr_line' id='line_1_33' title="bbox 330 1726 1200 1771; baseline -0.015 0"><span class='ocrx_word' id='word_1_201' title='bbox 330 1736 391 1771; x_wconf 81' lang='lat' dir='ltr'>Ab</span> <span class='ocrx_word' id='word_1_202' title='bbox 403 1747 509 1769; x_wconf 82' lang='lat' dir='ltr'>esan</span> <span class='ocrx_word' id='word_1_203' title='bbox 534 1729 806 1766; x_wconf 86' lang='lat' dir='ltr'>Bethlehemites</span> <span class='ocrx_word' id='word_1_204' title='bbox 829 1740 869 1761; x_wconf 82' lang='lat' dir='ltr'>ex</span> <span class='ocrx_word' id='word_1_205' title='bbox 891 1728 987 1761; x_wconf 89' lang='lat' dir='ltr'>tribu</span> <span class='ocrx_word' id='word_1_206' title='bbox 1008 1726 1111 1764; x_wconf 81' lang='lat' dir='ltr'>Iuda,</span> <span class='ocrx_word' id='word_1_207' title='bbox 1138 1738 1200 1759; x_wconf 82' lang='lat' dir='ltr'>an-</span> 
     </span>
     <span class='ocr_line' id='line_1_34' title="bbox 228 1774 1201 1832; baseline -0.017 -7"><span class='ocrx_word' id='word_1_208' title='bbox 228 1801 293 1825; x_wconf 86' lang='lat' dir='ltr'>nos</span> <span class='ocrx_word' id='word_1_209' title='bbox 308 1795 448 1832; x_wconf 84' lang='lat' dir='ltr'>septem.</span> <span class='ocrx_word' id='word_1_210' title='bbox 502 1784 657 1827; x_wconf 82' lang='lat' dir='ltr'>Quidam</span> <span class='ocrx_word' id='word_1_211' title='bbox 677 1781 853 1819; x_wconf 85' lang='lat' dir='ltr'>scribunt,</span> <span class='ocrx_word' id='word_1_212' title='bbox 879 1776 974 1811; x_wconf 90' lang='lat' dir='ltr'>hunc</span> <span class='ocrx_word' id='word_1_213' title='bbox 992 1788 1063 1810; x_wconf 88' lang='lat' dir='ltr'>esse</span> <span class='ocrx_word' id='word_1_214' title='bbox 1084 1774 1201 1818; x_wconf 80' lang='lat' dir='ltr'>Boas,</span> 
     </span>
     <span class='ocr_line' id='line_1_35' title="bbox 228 1831 779 1885; baseline -0.024 -10"><span class='ocrx_word' id='word_1_215' title='bbox 228 1847 362 1885; x_wconf 88' lang='lat' dir='ltr'>patrem</span> <span class='ocrx_word' id='word_1_216' title='bbox 381 1835 480 1875; x_wconf 79' lang='lat' dir='ltr'>Isai,</span> <span class='ocrx_word' id='word_1_217' title='bbox 505 1845 607 1867; x_wconf 79' lang='lat' dir='ltr'>avum</span> <span class='ocrx_word' id='word_1_218' title='bbox 622 1831 779 1865; x_wconf 89' lang='lat' dir='ltr'>Davidis.</span> 
     </span>
    </p>

    <p class='ocr_par' dir='ltr' id='par_1_14' title="bbox 330 1878 1119 1926">
     <span class='ocr_line' id='line_1_36' title="bbox 330 1878 1119 1926; baseline -0.014 -6"><span class='ocrx_word' id='word_1_219' title='bbox 330 1886 472 1926; x_wconf 85' lang='lat' dir='ltr'>Elon,</span> <span class='ocrx_word' id='word_1_220' title='bbox 497 1896 537 1917; x_wconf 82' lang='lat' dir='ltr'>ex</span> <span class='ocrx_word' id='word_1_221' title='bbox 550 1883 646 1917; x_wconf 90' lang='lat' dir='ltr'>tribu</span> <span class='ocrx_word' id='word_1_222' title='bbox 663 1880 841 1918; x_wconf 86' lang='lat' dir='ltr'>Sabulon,</span> <span class='ocrx_word' id='word_1_223' title='bbox 867 1889 978 1911; x_wconf 89' lang='lat' dir='ltr'>annos</span> <span class='ocrx_word' id='word_1_224' title='bbox 991 1878 1119 1910; x_wconf 87' lang='lat' dir='ltr'>decem.</span> 
     </span>
    </p>

    <p class='ocr_par' dir='ltr' id='par_1_15' title="bbox 331 1927 1136 1974">
     <span class='ocr_line' id='line_1_37' title="bbox 331 1927 1136 1974; baseline -0.012 -4"><span class='ocrx_word' id='word_1_225' title='bbox 331 1936 394 1970; x_wconf 84' lang='lat' dir='ltr'>Ab</span> <span class='ocrx_word' id='word_1_226' title='bbox 406 1934 509 1974; x_wconf 81' lang='lat' dir='ltr'>don,</span> <span class='ocrx_word' id='word_1_227' title='bbox 536 1946 575 1966; x_wconf 79' lang='lat' dir='ltr'>ex</span> <span class='ocrx_word' id='word_1_228' title='bbox 592 1932 686 1965; x_wconf 88' lang='lat' dir='ltr'>tribu</span> <span class='ocrx_word' id='word_1_229' title='bbox 702 1927 892 1973; x_wconf 87' lang='lat' dir='ltr'>Ephraim,</span> <span class='ocrx_word' id='word_1_230' title='bbox 918 1939 1028 1961; x_wconf 85' lang='lat' dir='ltr'>annos</span> <span class='ocrx_word' id='word_1_231' title='bbox 1048 1934 1136 1961; x_wconf 83' lang='lat' dir='ltr'>octo.</span> 
     </span>
    </p>

    <p class='ocr_par' dir='ltr' id='par_1_16' title="bbox 330 1978 1129 2022">
     <span class='ocr_line' id='line_1_38' title="bbox 330 1978 1129 2022; baseline -0.015 -2"><span class='ocrx_word' id='word_1_232' title='bbox 330 1987 541 2022; x_wconf 82' lang='lat' dir='ltr'>Samson,</span> <span class='ocrx_word' id='word_1_233' title='bbox 569 1994 608 2016; x_wconf 90' lang='lat' dir='ltr'>ex</span> <span class='ocrx_word' id='word_1_234' title='bbox 627 1981 721 2015; x_wconf 88' lang='lat' dir='ltr'>tribu</span> <span class='ocrx_word' id='word_1_235' title='bbox 736 1980 838 2018; x_wconf 88' lang='lat' dir='ltr'>Dan,</span> <span class='ocrx_word' id='word_1_236' title='bbox 865 1990 976 2012; x_wconf 89' lang='lat' dir='ltr'>annos</span> <span class='ocrx_word' id='word_1_237' title='bbox 995 1978 1129 2019; x_wconf 79' lang='lat' dir='ltr'>viginti,</span> 
     </span>
    </p>

    <p class='ocr_par' dir='ltr' id='par_1_17' title="bbox 229 2027 1202 2329">
     <span class='ocr_line' id='line_1_39' title="bbox 332 2027 1201 2071; baseline -0.014 0"><span class='ocrx_word' id='word_1_238' title='bbox 332 2038 455 2071; x_wconf 81' lang='lat' dir='ltr'>Postea</span> <span class='ocrx_word' id='word_1_239' title='bbox 484 2046 557 2067; x_wconf 88' lang='lat' dir='ltr'>non</span> <span class='ocrx_word' id='word_1_240' title='bbox 580 2031 811 2065; x_wconf 84' lang='lat' dir='ltr'>nominantur</span> <span class='ocrx_word' id='word_1_241' title='bbox 833 2030 954 2067; x_wconf 87' lang='lat' dir='ltr'>duces,</span> <span class='ocrx_word' id='word_1_242' title='bbox 986 2029 1045 2061; x_wconf 89' lang='lat' dir='ltr'>sed</span> <span class='ocrx_word' id='word_1_243' title='bbox 1068 2027 1201 2071; x_wconf 85' lang='lat' dir='ltr'>praeci-</span> 
     </span>
     <span class='ocr_line' id='line_1_40' title="bbox 230 2076 1201 2134; baseline -0.014 -11"><span class='ocrx_word' id='word_1_244' title='bbox 230 2101 300 2134; x_wconf 82' lang='lat' dir='ltr'>pua</span> <span class='ocrx_word' id='word_1_245' title='bbox 322 2087 490 2121; x_wconf 86' lang='lat' dir='ltr'>autoritas</span> <span class='ocrx_word' id='word_1_246' title='bbox 517 2083 585 2117; x_wconf 86' lang='lat' dir='ltr'>fuit</span> <span class='ocrx_word' id='word_1_247' title='bbox 611 2081 740 2116; x_wconf 87' lang='lat' dir='ltr'>summi</span> <span class='ocrx_word' id='word_1_248' title='bbox 756 2080 944 2113; x_wconf 89' lang='lat' dir='ltr'>sacerdotis</span> <span class='ocrx_word' id='word_1_249' title='bbox 964 2076 1067 2120; x_wconf 82' lang='lat' dir='ltr'>Eli,</span> <span class='ocrx_word' id='word_1_250' title='bbox 1103 2078 1201 2110; x_wconf 87' lang='lat' dir='ltr'>cuius</span> 
     </span>
     <span class='ocr_line' id='line_1_41' title="bbox 230 2127 1202 2174; baseline -0.014 -1"><span class='ocrx_word' id='word_1_251' title='bbox 230 2141 297 2174; x_wconf 85' lang='lat' dir='ltr'>suit</span> <span class='ocrx_word' id='word_1_252' title='bbox 316 2137 458 2171; x_wconf 74' lang='lat' dir='ltr'>infoelix</span> <span class='ocrx_word' id='word_1_253' title='bbox 476 2135 605 2172; x_wconf 85' lang='lat' dir='ltr'>exitus,</span> <span class='ocrx_word' id='word_1_254' title='bbox 629 2131 755 2165; x_wconf 84' lang='lat' dir='ltr'>amissa</span> <span class='ocrx_word' id='word_1_255' title='bbox 772 2142 867 2170; x_wconf 87' lang='lat' dir='ltr'>arca,</span> <span class='ocrx_word' id='word_1_256' title='bbox 901 2141 1004 2174; x_wconf 84' lang='lat' dir='ltr'>quam</span> <span class='ocrx_word' id='word_1_257' title='bbox 1024 2127 1120 2162; x_wconf 84' lang='lat' dir='ltr'>Deus</span> <span class='ocrx_word' id='word_1_258' title='bbox 1136 2128 1202 2160; x_wconf 90' lang='lat' dir='ltr'>mi-</span> 
     </span>
     <span class='ocr_line' id='line_1_42' title="bbox 231 2179 1202 2222; baseline -0.013 0"><span class='ocrx_word' id='word_1_259' title='bbox 231 2189 350 2222; x_wconf 84' lang='lat' dir='ltr'>randis</span> <span class='ocrx_word' id='word_1_260' title='bbox 383 2186 497 2219; x_wconf 89' lang='lat' dir='ltr'>modis</span> <span class='ocrx_word' id='word_1_261' title='bbox 528 2183 680 2217; x_wconf 86' lang='lat' dir='ltr'>restituit</span> <span class='ocrx_word' id='word_1_262' title='bbox 708 2180 892 2220; x_wconf 71' lang='lat' dir='ltr'>Israelitis,</span> <span class='ocrx_word' id='word_1_263' title='bbox 922 2187 960 2213; x_wconf 88' lang='lat' dir='ltr'>ut</span> <span class='ocrx_word' id='word_1_264' title='bbox 995 2179 1202 2218; x_wconf 75' lang='lat' dir='ltr'>ostenderet,</span> 
     </span>
     <span class='ocr_line' id='line_1_43' title="bbox 229 2229 1202 2272; baseline -0.012 0"><span class='ocrx_word' id='word_1_265' title='bbox 229 2237 420 2272; x_wconf 86' lang='lat' dir='ltr'>Ecclesiam</span> <span class='ocrx_word' id='word_1_266' title='bbox 436 2247 533 2269; x_wconf 88' lang='lat' dir='ltr'>suam</span> <span class='ocrx_word' id='word_1_267' title='bbox 558 2244 629 2267; x_wconf 89' lang='lat' dir='ltr'>non</span> <span class='ocrx_word' id='word_1_268' title='bbox 653 2229 817 2264; x_wconf 89' lang='lat' dir='ltr'>humanis</span> <span class='ocrx_word' id='word_1_269' title='bbox 838 2229 994 2263; x_wconf 90' lang='lat' dir='ltr'>consiliis</span> <span class='ocrx_word' id='word_1_270' title='bbox 1010 2235 1043 2262; x_wconf 91' lang='lat' dir='ltr'>et</span> <span class='ocrx_word' id='word_1_271' title='bbox 1059 2229 1202 2268; x_wconf 81' lang='lat' dir='ltr'>viribus,</span> 
     </span>
     <span class='ocr_line' id='line_1_44' title="bbox 232 2280 946 2329; baseline -0.013 -8"><span class='ocrx_word' id='word_1_272' title='bbox 232 2289 291 2321; x_wconf 82' lang='lat' dir='ltr'>sed</span> <span class='ocrx_word' id='word_1_273' title='bbox 309 2288 428 2321; x_wconf 88' lang='lat' dir='ltr'>divina</span> <span class='ocrx_word' id='word_1_274' title='bbox 443 2284 598 2329; x_wconf 89' lang='lat' dir='ltr'>potentia</span> <span class='ocrx_word' id='word_1_275' title='bbox 618 2282 734 2324; x_wconf 83' lang='lat' dir='ltr'>colligi</span> <span class='ocrx_word' id='word_1_276' title='bbox 753 2287 786 2314; x_wconf 88' lang='lat' dir='ltr'>et</span> <span class='ocrx_word' id='word_1_277' title='bbox 804 2280 946 2314; x_wconf 87' lang='lat' dir='ltr'>servari.</span> 
     </span>
    </p>

    <p class='ocr_par' dir='ltr' id='par_1_18' title="bbox 232 2327 1203 2578">
     <span class='ocr_line' id='line_1_45' title="bbox 331 2327 1202 2374; baseline -0.011 -3"><span class='ocrx_word' id='word_1_278' title='bbox 331 2337 402 2371; x_wconf 80' lang='lat' dir='ltr'>Nec</span> <span class='ocrx_word' id='word_1_279' title='bbox 426 2343 543 2369; x_wconf 87' lang='lat' dir='ltr'>tamen</span> <span class='ocrx_word' id='word_1_280' title='bbox 573 2339 633 2366; x_wconf 88' lang='lat' dir='ltr'>aut</span> <span class='ocrx_word' id='word_1_281' title='bbox 657 2331 832 2365; x_wconf 88' lang='lat' dir='ltr'>veteribus</span> <span class='ocrx_word' id='word_1_282' title='bbox 862 2330 1027 2374; x_wconf 83' lang='lat' dir='ltr'>exemplis</span> <span class='ocrx_word' id='word_1_283' title='bbox 1053 2336 1112 2362; x_wconf 86' lang='lat' dir='ltr'>aut</span> <span class='ocrx_word' id='word_1_284' title='bbox 1136 2327 1202 2362; x_wconf 88' lang='lat' dir='ltr'>hoc</span> 
     </span>
     <span class='ocr_line' id='line_1_46' title="bbox 233 2379 1203 2422; baseline -0.01 -1"><span class='ocrx_word' id='word_1_285' title='bbox 233 2387 363 2422; x_wconf 85' lang='lat' dir='ltr'>recenti</span> <span class='ocrx_word' id='word_1_286' title='bbox 385 2393 418 2419; x_wconf 85' lang='lat' dir='ltr'>et</span> <span class='ocrx_word' id='word_1_287' title='bbox 448 2385 577 2418; x_wconf 86' lang='lat' dir='ltr'>illustri</span> <span class='ocrx_word' id='word_1_288' title='bbox 603 2382 772 2415; x_wconf 88' lang='lat' dir='ltr'>miraculo</span> <span class='ocrx_word' id='word_1_289' title='bbox 803 2381 889 2414; x_wconf 90' lang='lat' dir='ltr'>moti</span> <span class='ocrx_word' id='word_1_290' title='bbox 912 2388 993 2414; x_wconf 88' lang='lat' dir='ltr'>sunt</span> <span class='ocrx_word' id='word_1_291' title='bbox 1018 2379 1203 2417; x_wconf 74' lang='lat' dir='ltr'>israelitae,</span> 
     </span>
     <span class='ocr_line' id='line_1_47' title="bbox 232 2430 1203 2484; baseline -0.012 -12"><span class='ocrx_word' id='word_1_292' title='bbox 232 2450 301 2484; x_wconf 90' lang='lat' dir='ltr'>quo</span> <span class='ocrx_word' id='word_1_293' title='bbox 330 2436 447 2469; x_wconf 87' lang='lat' dir='ltr'>minus</span> <span class='ocrx_word' id='word_1_294' title='bbox 469 2432 634 2468; x_wconf 88' lang='lat' dir='ltr'>humanis</span> <span class='ocrx_word' id='word_1_295' title='bbox 661 2432 815 2465; x_wconf 88' lang='lat' dir='ltr'>consiliis</span> <span class='ocrx_word' id='word_1_296' title='bbox 849 2437 1024 2465; x_wconf 88' lang='lat' dir='ltr'>mutarent</span> <span class='ocrx_word' id='word_1_297' title='bbox 1055 2430 1203 2462; x_wconf 87' lang='lat' dir='ltr'>sormam</span> 
     </span>
     <span class='ocr_line' id='line_1_48' title="bbox 233 2480 1202 2532; baseline -0.01 -11"><span class='ocrx_word' id='word_1_298' title='bbox 233 2484 495 2532; x_wconf 87' lang='lat' dir='ltr'>gubernationis</span> <span class='ocrx_word' id='word_1_299' title='bbox 531 2494 550 2515; x_wconf 82' lang='lat' dir='ltr'>a</span> <span class='ocrx_word' id='word_1_300' title='bbox 577 2481 658 2515; x_wconf 84' lang='lat' dir='ltr'>Deo</span> <span class='ocrx_word' id='word_1_301' title='bbox 689 2482 897 2515; x_wconf 88' lang='lat' dir='ltr'>institutam.</span> <span class='ocrx_word' id='word_1_302' title='bbox 961 2480 1052 2514; x_wconf 88' lang='lat' dir='ltr'>Sunt</span> <span class='ocrx_word' id='word_1_303' title='bbox 1087 2485 1202 2512; x_wconf 88' lang='lat' dir='ltr'>autem</span> 
     </span>
     <span class='ocr_line' id='line_1_49' title="bbox 232 2530 1087 2578; baseline -0.008 -7"><span class='ocrx_word' id='word_1_304' title='bbox 232 2538 317 2571; x_wconf 88' lang='lat' dir='ltr'>anni</span> <span class='ocrx_word' id='word_1_305' title='bbox 333 2534 392 2569; x_wconf 88' lang='lat' dir='ltr'>Eli</span> <span class='ocrx_word' id='word_1_306' title='bbox 407 2545 517 2578; x_wconf 86' lang='lat' dir='ltr'>usque</span> <span class='ocrx_word' id='word_1_307' title='bbox 532 2533 575 2565; x_wconf 88' lang='lat' dir='ltr'>ad</span> <span class='ocrx_word' id='word_1_308' title='bbox 592 2533 664 2565; x_wconf 91' lang='lat' dir='ltr'>eius</span> <span class='ocrx_word' id='word_1_309' title='bbox 679 2538 826 2564; x_wconf 91' lang='lat' dir='ltr'>mortem</span> <span class='ocrx_word' id='word_1_310' title='bbox 845 2530 1087 2575; x_wconf 83' lang='lat' dir='ltr'>quadraginta.</span> 
     </span>
    </p>

    <p class='ocr_par' dir='ltr' id='par_1_19' title="bbox 332 2579 1203 2625">
     <span class='ocr_line' id='line_1_50' title="bbox 332 2579 1203 2625; baseline -0.008 -6"><span class='ocrx_word' id='word_1_311' title='bbox 332 2580 519 2619; x_wconf 80' lang='lat' dir='ltr'>Samuel</span> <span class='ocrx_word' id='word_1_312' title='bbox 561 2587 594 2614; x_wconf 88' lang='lat' dir='ltr'>et</span> <span class='ocrx_word' id='word_1_313' title='bbox 627 2579 763 2620; x_wconf 80' lang='lat' dir='ltr'>Saul,</span> <span class='ocrx_word' id='word_1_314' title='bbox 809 2592 920 2614; x_wconf 84' lang='lat' dir='ltr'>annos</span> <span class='ocrx_word' id='word_1_315' title='bbox 961 2579 1203 2625; x_wconf 81' lang='lat' dir='ltr'>quadraginta.</span> 
     </span>
    </p>
   </div>
   <div class='ocr_carea' id='block_1_8' title="bbox 232 2629 1228 2681">
    <p class='ocr_par' dir='ltr' id='par_1_20' title="bbox 232 2629 1228 2681">
     <span class='ocr_line' id='line_1_51' title="bbox 232 2629 1228 2681; baseline -0.01 -11"><span class='ocrx_word' id='word_1_316' title='bbox 232 2640 442 2681; x_wconf 81' lang='lat' dir='ltr'>Quanquam</span> <span class='ocrx_word' id='word_1_317' title='bbox 469 2639 585 2666; x_wconf 86' lang='lat' dir='ltr'>autem</span> <span class='ocrx_word' id='word_1_318' title='bbox 610 2629 781 2663; x_wconf 86' lang='lat' dir='ltr'>Samuelis</span> <span class='ocrx_word' id='word_1_319' title='bbox 809 2631 1015 2673; x_wconf 82' lang='lat' dir='ltr'>gubernatio</span> <span class='ocrx_word' id='word_1_320' title='bbox 1040 2630 1146 2663; x_wconf 83' lang='lat' dir='ltr'>foelix</span> <span class='ocrx_word' id='word_1_321' title='bbox 1172 2636 1204 2662; x_wconf 87' lang='lat' dir='ltr'>et</span> <span class='ocrx_word' id='word_1_322' title='bbox 1227 2655 1228 2659; x_wconf 70' lang='grc'>,</span> 
     </span>
    </p>
   </div>
   <div class='ocr_carea' id='block_1_9' title="bbox 436 85 1961 138">
    <p class='ocr_par' dir='ltr' id='par_1_21' title="bbox 436 85 1961 138">
     <span class='ocr_line' id='line_1_52' title="bbox 436 85 1961 138; baseline -0.009 1"><span class='ocrx_word' id='word_1_323' title='bbox 436 97 643 138; x_wconf 66' lang='lat' dir='ltr'>semem</span> <span class='ocrx_word' id='word_1_324' title='bbox 671 94 745 129; x_wconf 80' lang='grc' dir='ltr'>ΡΗ.</span> <span class='ocrx_word' id='word_1_325' title='bbox 772 90 887 128; x_wconf 81' lang='lat' dir='ltr'>MEL,</span> <span class='ocrx_word' id='word_1_326' title='bbox 915 88 981 125; x_wconf 73' lang='lat' dir='ltr'>An</span> <span class='ocrx_word' id='word_1_327' title='bbox 1007 90 1134 126; x_wconf 77' lang='lat' dir='ltr'>fflsr.</span> <span class='ocrx_word' id='word_1_328' title='bbox 1162 88 1306 126; x_wconf 72' lang='lat' dir='ltr'>paor.</span> <span class='ocrx_word' id='word_1_329' title='bbox 1331 86 1397 122; x_wconf 85' lang='lat' dir='ltr'>ET</span> <span class='ocrx_word' id='word_1_330' title='bbox 1425 85 1615 125; x_wconf 76' lang='lat' dir='ltr'>enims,</span> <span class='ocrx_word' id='word_1_331' title='bbox 1641 85 1961 126; x_wconf 78' lang='lat' dir='ltr'>sPEcrANT1A.</span> 
     </span>
    </p>
   </div>
   <div class='ocr_carea' id='block_1_10' title="bbox 1216 826 1934 870">
    <p class='ocr_par' dir='ltr' id='par_1_22' title="bbox 1216 826 1934 870">
     <span class='ocr_line' id='line_1_53' title="bbox 1216 826 1934 870; baseline 0 -10"><span class='ocrx_word' id='word_1_332' title='bbox 1216 851 1219 861; x_wconf 72' lang='lat'>.</span> <span class='ocrx_word' id='word_1_333' title='bbox 1243 828 1280 859; x_wconf 89' lang='lat' dir='ltr'>in</span> <span class='ocrx_word' id='word_1_334' title='bbox 1302 827 1478 870; x_wconf 76' lang='lat' dir='ltr'>Aegypto,</span> <span class='ocrx_word' id='word_1_335' title='bbox 1513 827 1590 870; x_wconf 90' lang='lat' dir='ltr'>plus</span> <span class='ocrx_word' id='word_1_336' title='bbox 1620 826 1794 869; x_wconf 88' lang='lat' dir='ltr'>octoginta</span> <span class='ocrx_word' id='word_1_337' title='bbox 1819 827 1934 860; x_wconf 88' lang='lat' dir='ltr'>annis.</span> 
     </span>
    </p>
   </div>
   <div class='ocr_carea' id='block_1_11' title="bbox 1212 516 1224 1182">
    <p class='ocr_par' dir='ltr' id='par_1_23' title="bbox 1212 516 1224 1182">
     <span class='ocr_line' id='line_1_54' title="bbox 1212 516 1224 1182; baseline 0 0"><span class='ocrx_word' id='word_1_338' title='bbox 1212 516 1224 1182; x_wconf 95' lang='lat' dir='ltr'> </span> 
     </span>
    </p>
   </div>
   <div class='ocr_carea' id='block_1_12' title="bbox 1227 2480 2226 2573">
    <p class='ocr_par' dir='ltr' id='par_1_24' title="bbox 1227 2480 2226 2573">
     <span class='ocr_line' id='line_1_55' title="bbox 1227 2480 1700 2524; baseline -0.002 -12"><span class='ocrx_word' id='word_1_339' title='bbox 1227 2521 1228 2524; x_wconf 11' lang='grc' dir='ltr'><strong>Ἴ</strong></span> <span class='ocrx_word' id='word_1_340' title='bbox 1254 2486 1435 2522; x_wconf 85' lang='lat' dir='ltr'>erepturus</span> <span class='ocrx_word' id='word_1_341' title='bbox 1459 2486 1532 2512; x_wconf 83' lang='lat' dir='ltr'>erat</span> <span class='ocrx_word' id='word_1_342' title='bbox 1552 2480 1700 2512; x_wconf 84' lang='lat' dir='ltr'>vineam.</span> 
     </span>
     <span class='ocr_line' id='line_1_56' title="bbox 1228 2528 2226 2573; baseline 0 -10"><span class='ocrx_word' id='word_1_343' title='bbox 1228 2544 1229 2568; x_wconf 60' lang='grc' dir='ltr'>ς</span> <span class='ocrx_word' id='word_1_344' title='bbox 1253 2530 1392 2563; x_wconf 87' lang='lat' dir='ltr'>terdum</span> <span class='ocrx_word' id='word_1_345' title='bbox 1413 2530 1508 2563; x_wconf 88' lang='lat' dir='ltr'>mitis</span> <span class='ocrx_word' id='word_1_346' title='bbox 1531 2536 1563 2562; x_wconf 85' lang='lat' dir='ltr'>et</span> <span class='ocrx_word' id='word_1_347' title='bbox 1586 2528 1745 2562; x_wconf 75' lang='lat' dir='ltr'>salutatis</span> <span class='ocrx_word' id='word_1_348' title='bbox 1771 2535 1821 2561; x_wconf 87' lang='lat' dir='ltr'>est</span> <span class='ocrx_word' id='word_1_349' title='bbox 1837 2529 1948 2563; x_wconf 85' lang='lat' dir='ltr'>forma</span> <span class='ocrx_word' id='word_1_350' title='bbox 1969 2531 2084 2573; x_wconf 79' lang='lat' dir='ltr'>regni,</span> <span class='ocrx_word' id='word_1_351' title='bbox 2111 2539 2226 2567; x_wconf 78' lang='lat' dir='ltr'>tamen</span> 
     </span>
    </p>
   </div>
   <div class='ocr_carea' id='block_1_13' title="bbox 1222 1979 1234 2641">
    <p class='ocr_par' dir='ltr' id='par_1_25' title="bbox 1222 1979 1234 2641">
     <span class='ocr_line' id='line_1_57' title="bbox 1222 1979 1234 2641; baseline 0 0"><span class='ocrx_word' id='word_1_352' title='bbox 1222 1979 1234 2641; x_wconf 95' lang='lat' dir='ltr'> </span> 
     </span>
    </p>
   </div>
   <div class='ocr_carea' id='block_1_14' title="bbox 2133 90 2206 126">
    <p class='ocr_par' dir='ltr' id='par_1_26' title="bbox 2133 90 2206 126">
     <span class='ocr_line' id='line_1_58' title="bbox 2133 90 2206 126; baseline 0.027 -2"><span class='ocrx_word' id='word_1_353' title='bbox 2133 90 2206 126; x_wconf 81' lang='lat'>756</span> 
     </span>
    </p>
   </div>
   <div class='ocr_carea' id='block_1_15' title="bbox 311 172 2208 275">
    <p class='ocr_par' dir='ltr' id='par_1_27' title="bbox 311 172 2208 275">
     <span class='ocr_line' id='line_1_59' title="bbox 1206 172 2208 219; baseline -0.005 -11"><span class='ocrx_word' id='word_1_354' title='bbox 1206 175 1207 180; x_wconf 75' lang='grc'>’</span> <span class='ocrx_word' id='word_1_355' title='bbox 1232 172 1394 207; x_wconf 86' lang='lat' dir='ltr'>salutaris</span> <span class='ocrx_word' id='word_1_356' title='bbox 1415 173 1546 214; x_wconf 86' lang='lat' dir='ltr'>suerat,</span> <span class='ocrx_word' id='word_1_357' title='bbox 1581 180 1697 207; x_wconf 85' lang='lat' dir='ltr'>tamen</span> <span class='ocrx_word' id='word_1_358' title='bbox 1722 174 1874 218; x_wconf 89' lang='lat' dir='ltr'>populus</span> <span class='ocrx_word' id='word_1_359' title='bbox 1894 175 2058 219; x_wconf 78' lang='lat' dir='ltr'>expetivit</span> <span class='ocrx_word' id='word_1_360' title='bbox 2080 188 2208 210; x_wconf 70' lang='lat' dir='ltr'>novam</span> 
     </span>
     <span class='ocr_line' id='line_1_60' title="bbox 311 226 1208 275; baseline -0.017 -3"><span class='ocrx_word' id='word_1_361' title='bbox 311 236 379 272; x_wconf 81' lang='lat' dir='ltr'>Eh</span> <span class='ocrx_word' id='word_1_362' title='bbox 395 251 415 270; x_wconf 80' lang='grc' dir='ltr'>ιι</span> <span class='ocrx_word' id='word_1_363' title='bbox 429 234 469 275; x_wconf 86' lang='lat' dir='ltr'>d,</span> <span class='ocrx_word' id='word_1_364' title='bbox 491 246 531 267; x_wconf 84' lang='lat' dir='ltr'>ex</span> <span class='ocrx_word' id='word_1_365' title='bbox 547 232 642 266; x_wconf 87' lang='lat' dir='ltr'>tribu</span> <span class='ocrx_word' id='word_1_366' title='bbox 652 228 852 269; x_wconf 84' lang='lat' dir='ltr'>Beniamin,</span> <span class='ocrx_word' id='word_1_367' title='bbox 869 238 980 260; x_wconf 89' lang='lat' dir='ltr'>annos</span> <span class='ocrx_word' id='word_1_368' title='bbox 997 226 1182 268; x_wconf 76' lang='lat' dir='ltr'>octoginta.</span> <span class='ocrx_word' id='word_1_369' title='bbox 1207 253 1208 265; x_wconf 59' lang='grc'>,</span> 
     </span>
    </p>
   </div>
   <div class='ocr_carea' id='block_1_16' title="bbox 210 272 1208 328">
    <p class='ocr_par' dir='ltr' id='par_1_28' title="bbox 210 272 1208 328">
     <span class='ocr_line' id='line_1_61' title="bbox 210 272 1208 328; baseline -0.018 -3"><span class='ocrx_word' id='word_1_370' title='bbox 210 289 383 326; x_wconf 79' lang='lat' dir='ltr'>interfecit</span> <span class='ocrx_word' id='word_1_371' title='bbox 406 285 519 328; x_wconf 83' lang='lat' dir='ltr'>Egton</span> <span class='ocrx_word' id='word_1_372' title='bbox 541 293 653 325; x_wconf 87' lang='lat' dir='ltr'>regem</span> <span class='ocrx_word' id='word_1_373' title='bbox 669 279 795 319; x_wconf 85' lang='lat' dir='ltr'>Moab,</span> <span class='ocrx_word' id='word_1_374' title='bbox 822 285 855 312; x_wconf 87' lang='lat' dir='ltr'>et</span> <span class='ocrx_word' id='word_1_375' title='bbox 872 277 1063 321; x_wconf 80' lang='lat' dir='ltr'>profligatis</span> <span class='ocrx_word' id='word_1_376' title='bbox 1079 276 1182 310; x_wconf 84' lang='lat' dir='ltr'>Moa-</span> <span class='ocrx_word' id='word_1_377' title='bbox 1207 272 1208 278; x_wconf 48' lang='lat'>¹</span> 
     </span>
    </p>
   </div>
   <div class='ocr_carea' id='block_1_17' title="bbox 1232 222 2210 418">
    <p class='ocr_par' dir='ltr' id='par_1_29' title="bbox 1232 222 2209 318">
     <span class='ocr_line' id='line_1_62' title="bbox 1232 222 2209 267; baseline 0.001 -9"><span class='ocrx_word' id='word_1_378' title='bbox 1232 222 1496 267; x_wconf 84' lang='lat' dir='ltr'>gubernationis</span> <span class='ocrx_word' id='word_1_379' title='bbox 1519 224 1678 257; x_wconf 85' lang='lat' dir='ltr'>formam.</span> <span class='ocrx_word' id='word_1_380' title='bbox 1738 224 1842 257; x_wconf 90' lang='lat' dir='ltr'>Hunc</span> <span class='ocrx_word' id='word_1_381' title='bbox 1874 237 2026 259; x_wconf 87' lang='lat' dir='ltr'>errorem</span> <span class='ocrx_word' id='word_1_382' title='bbox 2057 233 2090 261; x_wconf 90' lang='lat' dir='ltr'>et</span> <span class='ocrx_word' id='word_1_383' title='bbox 2119 225 2209 260; x_wconf 90' lang='lat' dir='ltr'>hanc</span> 
     </span>
     <span class='ocr_line' id='line_1_63' title="bbox 1233 272 1958 318; baseline 0.001 -11"><span class='ocrx_word' id='word_1_384' title='bbox 1233 274 1459 318; x_wconf 85' lang='lat' dir='ltr'>cupiditatem</span> <span class='ocrx_word' id='word_1_385' title='bbox 1477 274 1596 317; x_wconf 88' lang='lat' dir='ltr'>populi</span> <span class='ocrx_word' id='word_1_386' title='bbox 1613 273 1706 307; x_wconf 90' lang='lat' dir='ltr'>Deus</span> <span class='ocrx_word' id='word_1_387' title='bbox 1720 272 1958 318; x_wconf 84' lang='lat' dir='ltr'>reprehendit.</span> 
     </span>
    </p>

    <p class='ocr_par' dir='ltr' id='par_1_30' title="bbox 1234 323 2210 418">
     <span class='ocr_line' id='line_1_64' title="bbox 1336 323 2209 370; baseline 0.005 -14"><span class='ocrx_word' id='word_1_388' title='bbox 1336 325 1387 356; x_wconf 84' lang='lat' dir='ltr'>Ac</span> <span class='ocrx_word' id='word_1_389' title='bbox 1418 323 1446 355; x_wconf 88' lang='lat' dir='ltr'>si</span> <span class='ocrx_word' id='word_1_390' title='bbox 1467 325 1545 367; x_wconf 89' lang='lat' dir='ltr'>quis</span> <span class='ocrx_word' id='word_1_391' title='bbox 1578 325 1784 367; x_wconf 85' lang='lat' dir='ltr'>interrogat:</span> <span class='ocrx_word' id='word_1_392' title='bbox 1819 326 1924 367; x_wconf 82' lang='lat' dir='ltr'>Quod</span> <span class='ocrx_word' id='word_1_393' title='bbox 1949 326 2055 359; x_wconf 86' lang='lat' dir='ltr'>suerit</span> <span class='ocrx_word' id='word_1_394' title='bbox 2088 327 2209 370; x_wconf 85' lang='lat' dir='ltr'>populi</span> 
     </span>
     <span class='ocr_line' id='line_1_65' title="bbox 1234 374 2210 418; baseline 0.003 -12"><span class='ocrx_word' id='word_1_395' title='bbox 1234 380 1431 418; x_wconf 86' lang='lat' dir='ltr'>peccatum,</span> <span class='ocrx_word' id='word_1_396' title='bbox 1466 385 1543 406; x_wconf 91' lang='lat' dir='ltr'>cum</span> <span class='ocrx_word' id='word_1_397' title='bbox 1583 374 1741 407; x_wconf 85' lang='lat' dir='ltr'>videatur</span> <span class='ocrx_word' id='word_1_398' title='bbox 1775 376 1949 418; x_wconf 85' lang='lat' dir='ltr'>sapienter</span> <span class='ocrx_word' id='word_1_399' title='bbox 1980 376 2210 410; x_wconf 84' lang='lat' dir='ltr'>deliberatum</span> 
     </span>
    </p>
   </div>
   <div class='ocr_carea' id='block_1_18' title="bbox 1236 473 2218 861">
    <p class='ocr_par' dir='ltr' id='par_1_31' title="bbox 1236 473 2218 861">
     <span class='ocr_line' id='line_1_66' title="bbox 1236 473 2212 518; baseline 0.003 -11"><span class='ocrx_word' id='word_1_400' title='bbox 1236 474 1334 508; x_wconf 87' lang='lat' dir='ltr'>haec:</span> <span class='ocrx_word' id='word_1_401' title='bbox 1371 473 1451 507; x_wconf 90' lang='lat' dir='ltr'>Duo</span> <span class='ocrx_word' id='word_1_402' title='bbox 1467 486 1589 518; x_wconf 83' lang='lat' dir='ltr'>magna</span> <span class='ocrx_word' id='word_1_403' title='bbox 1607 482 1743 518; x_wconf 89' lang='lat' dir='ltr'>peccata</span> <span class='ocrx_word' id='word_1_404' title='bbox 1769 476 1895 515; x_wconf 85' lang='lat' dir='ltr'>taxari,</span> <span class='ocrx_word' id='word_1_405' title='bbox 1921 477 2150 511; x_wconf 82' lang='lat' dir='ltr'>diffidentiam</span> <span class='ocrx_word' id='word_1_406' title='bbox 2178 483 2212 510; x_wconf 84' lang='lat' dir='ltr'>et</span> 
     </span>
     <span class='ocr_line' id='line_1_67' title="bbox 1237 524 2212 566; baseline 0.001 -8"><span class='ocrx_word' id='word_1_407' title='bbox 1237 524 1417 558; x_wconf 85' lang='lat' dir='ltr'>audaciam</span> <span class='ocrx_word' id='word_1_408' title='bbox 1442 536 1553 557; x_wconf 85' lang='lat' dir='ltr'>novae</span> <span class='ocrx_word' id='word_1_409' title='bbox 1583 526 1714 557; x_wconf 81' lang='lat' dir='ltr'>formae</span> <span class='ocrx_word' id='word_1_410' title='bbox 1745 525 2023 566; x_wconf 80' lang='lat' dir='ltr'>constituendae,</span> <span class='ocrx_word' id='word_1_411' title='bbox 2057 525 2212 561; x_wconf 85' lang='lat' dir='ltr'>humano</span> 
     </span>
     <span class='ocr_line' id='line_1_68' title="bbox 1238 575 2214 618; baseline 0.003 -10"><span class='ocrx_word' id='word_1_412' title='bbox 1238 575 1405 612; x_wconf 89' lang='lat' dir='ltr'>consilio,</span> <span class='ocrx_word' id='word_1_413' title='bbox 1441 575 1477 607; x_wconf 90' lang='lat' dir='ltr'>in</span> <span class='ocrx_word' id='word_1_414' title='bbox 1510 575 1631 618; x_wconf 87' lang='lat' dir='ltr'>politia</span> <span class='ocrx_word' id='word_1_415' title='bbox 1667 575 1838 607; x_wconf 55' lang='lat' dir='ltr'>diuinitus</span> <span class='ocrx_word' id='word_1_416' title='bbox 1871 577 2068 609; x_wconf 82' lang='lat' dir='ltr'>constituta.</span> <span class='ocrx_word' id='word_1_417' title='bbox 2129 577 2214 611; x_wconf 75' lang='lat' dir='ltr'>Vult</span> 
     </span>
     <span class='ocr_line' id='line_1_69' title="bbox 1240 624 2215 669; baseline 0 -10"><span class='ocrx_word' id='word_1_418' title='bbox 1240 626 1332 659; x_wconf 82' lang='lat' dir='ltr'>enim</span> <span class='ocrx_word' id='word_1_419' title='bbox 1357 624 1451 658; x_wconf 89' lang='lat' dir='ltr'>Deus</span> <span class='ocrx_word' id='word_1_420' title='bbox 1476 625 1670 668; x_wconf 89' lang='lat' dir='ltr'>intelligere</span> <span class='ocrx_word' id='word_1_421' title='bbox 1692 624 1904 666; x_wconf 86' lang='lat' dir='ltr'>Ecclesiam,</span> <span class='ocrx_word' id='word_1_422' title='bbox 1931 626 2063 669; x_wconf 86' lang='lat' dir='ltr'>protegi</span> <span class='ocrx_word' id='word_1_423' title='bbox 2087 633 2120 659; x_wconf 92' lang='lat' dir='ltr'>et</span> <span class='ocrx_word' id='word_1_424' title='bbox 2143 638 2215 659; x_wconf 90' lang='lat' dir='ltr'>ser-</span> 
     </span>
     <span class='ocr_line' id='line_1_70' title="bbox 1241 674 2215 720; baseline 0 -11"><span class='ocrx_word' id='word_1_425' title='bbox 1241 676 1315 709; x_wconf 79' lang='lat' dir='ltr'>vari</span> <span class='ocrx_word' id='word_1_426' title='bbox 1332 687 1405 708; x_wconf 86' lang='lat' dir='ltr'>eam</span> <span class='ocrx_word' id='word_1_427' title='bbox 1423 687 1441 707; x_wconf 89' lang='lat' dir='ltr'>a</span> <span class='ocrx_word' id='word_1_428' title='bbox 1459 676 1530 708; x_wconf 85' lang='lat' dir='ltr'>filio</span> <span class='ocrx_word' id='word_1_429' title='bbox 1544 702 1553 715; x_wconf 91' lang='lat'>,</span> <span class='ocrx_word' id='word_1_430' title='bbox 1579 676 1638 720; x_wconf 88' lang='lat' dir='ltr'>qui</span> <span class='ocrx_word' id='word_1_431' title='bbox 1657 682 1704 708; x_wconf 90' lang='lat' dir='ltr'>est</span> <span class='ocrx_word' id='word_1_432' title='bbox 1721 682 1824 718; x_wconf 86' lang='lat' dir='ltr'>caput</span> <span class='ocrx_word' id='word_1_433' title='bbox 1837 674 2030 716; x_wconf 83' lang='lat' dir='ltr'>Ecclesiae,</span> <span class='ocrx_word' id='word_1_434' title='bbox 2058 688 2130 709; x_wconf 88' lang='lat' dir='ltr'>non</span> <span class='ocrx_word' id='word_1_435' title='bbox 2146 674 2215 709; x_wconf 88' lang='lat' dir='ltr'>hu-</span> 
     </span>
     <span class='ocr_line' id='line_1_71' title="bbox 1240 724 2216 770; baseline 0.001 -12"><span class='ocrx_word' id='word_1_436' title='bbox 1240 727 1352 759; x_wconf 87' lang='lat' dir='ltr'>manis</span> <span class='ocrx_word' id='word_1_437' title='bbox 1377 726 1569 768; x_wconf 82' lang='lat' dir='ltr'>praesidiis.</span> <span class='ocrx_word' id='word_1_438' title='bbox 1622 724 1668 759; x_wconf 86' lang='lat' dir='ltr'>Et</span> <span class='ocrx_word' id='word_1_439' title='bbox 1695 726 1771 758; x_wconf 89' lang='lat' dir='ltr'>vult</span> <span class='ocrx_word' id='word_1_440' title='bbox 1794 738 1868 758; x_wconf 89' lang='lat' dir='ltr'>eam</span> <span class='ocrx_word' id='word_1_441' title='bbox 1894 733 2071 770; x_wconf 80' lang='lat' dir='ltr'>expectare</span> <span class='ocrx_word' id='word_1_442' title='bbox 2094 727 2216 759; x_wconf 90' lang='lat' dir='ltr'>desen-</span> 
     </span>
     <span class='ocr_line' id='line_1_72' title="bbox 1241 776 2217 819; baseline 0.001 -10"><span class='ocrx_word' id='word_1_443' title='bbox 1241 778 1373 809; x_wconf 88' lang='lat' dir='ltr'>sionem</span> <span class='ocrx_word' id='word_1_444' title='bbox 1389 776 1576 816; x_wconf 76' lang='lat' dir='ltr'>divinitus,</span> <span class='ocrx_word' id='word_1_445' title='bbox 1603 776 1693 809; x_wconf 90' lang='lat' dir='ltr'>sicut</span> <span class='ocrx_word' id='word_1_446' title='bbox 1715 783 1953 819; x_wconf 71' lang='lat' dir='ltr'>expectaverat</span> <span class='ocrx_word' id='word_1_447' title='bbox 1973 777 2217 810; x_wconf 83' lang='lat' dir='ltr'>liberationem</span> 
     </span>
     <span class='ocr_line' id='line_1_73' title="bbox 1994 826 2218 861; baseline 0.004 -2"><span class='ocrx_word' id='word_1_448' title='bbox 1994 826 2067 859; x_wconf 84' lang='lat' dir='ltr'>Hac</span> <span class='ocrx_word' id='word_1_449' title='bbox 2091 827 2218 861; x_wconf 78' lang='lat' dir='ltr'>fiducia</span> 
     </span>
    </p>
   </div>
   <div class='ocr_carea' id='block_1_19' title="bbox 1243 875 2218 971">
    <p class='ocr_par' dir='ltr' id='par_1_32' title="bbox 1243 875 2218 971">
     <span class='ocr_line' id='line_1_74' title="bbox 1243 875 2218 919; baseline 0.001 -9"><span class='ocrx_word' id='word_1_450' title='bbox 1243 885 1325 910; x_wconf 87' lang='lat' dir='ltr'>tunc</span> <span class='ocrx_word' id='word_1_451' title='bbox 1362 877 1515 909; x_wconf 76' lang='lat' dir='ltr'>seniores</span> <span class='ocrx_word' id='word_1_452' title='bbox 1551 877 1686 910; x_wconf 87' lang='lat' dir='ltr'>abiecta</span> <span class='ocrx_word' id='word_1_453' title='bbox 1726 877 1925 919; x_wconf 74' lang='lat' dir='ltr'>cogitabant</span> <span class='ocrx_word' id='word_1_454' title='bbox 1966 878 2008 910; x_wconf 86' lang='lat' dir='ltr'>de</span> <span class='ocrx_word' id='word_1_455' title='bbox 2054 875 2218 911; x_wconf 70' lang='lat' dir='ltr'>humanis</span> 
     </span>
     <span class='ocr_line' id='line_1_75' title="bbox 1244 927 1436 971; baseline -0.01 -11"><span class='ocrx_word' id='word_1_456' title='bbox 1244 927 1436 971; x_wconf 79' lang='lat' dir='ltr'>praesidiis.</span> 
     </span>
    </p>
   </div>
   <div class='ocr_carea' id='block_1_20' title="bbox 1246 975 2229 2220">
    <p class='ocr_par' dir='ltr' id='par_1_33' title="bbox 1246 975 2225 1568">
     <span class='ocr_line' id='line_1_76' title="bbox 1344 975 2220 1015; baseline 0.002 -6"><span class='ocrx_word' id='word_1_457' title='bbox 1344 975 1506 1009; x_wconf 74' lang='lat' dir='ltr'>Alterum</span> <span class='ocrx_word' id='word_1_458' title='bbox 1531 976 1694 1008; x_wconf 87' lang='lat' dir='ltr'>delictum</span> <span class='ocrx_word' id='word_1_459' title='bbox 1717 982 1784 1015; x_wconf 83' lang='lat' dir='ltr'>est,</span> <span class='ocrx_word' id='word_1_460' title='bbox 1817 977 1960 1009; x_wconf 83' lang='lat' dir='ltr'>audacia</span> <span class='ocrx_word' id='word_1_461' title='bbox 1985 978 2220 1012; x_wconf 87' lang='lat' dir='ltr'>constituendi</span> 
     </span>
     <span class='ocr_line' id='line_1_77' title="bbox 1246 1025 2221 1068; baseline 0.003 -10"><span class='ocrx_word' id='word_1_462' title='bbox 1246 1037 1373 1058; x_wconf 86' lang='lat' dir='ltr'>novam</span> <span class='ocrx_word' id='word_1_463' title='bbox 1390 1027 1537 1058; x_wconf 84' lang='lat' dir='ltr'>sormam</span> <span class='ocrx_word' id='word_1_464' title='bbox 1556 1025 1592 1057; x_wconf 91' lang='lat' dir='ltr'>in</span> <span class='ocrx_word' id='word_1_465' title='bbox 1610 1025 1731 1068; x_wconf 87' lang='lat' dir='ltr'>politia</span> <span class='ocrx_word' id='word_1_466' title='bbox 1751 1037 1767 1057; x_wconf 87' lang='lat' dir='ltr'>a</span> <span class='ocrx_word' id='word_1_467' title='bbox 1788 1026 1858 1058; x_wconf 89' lang='lat' dir='ltr'>Deo</span> <span class='ocrx_word' id='word_1_468' title='bbox 1883 1028 2080 1063; x_wconf 87' lang='lat' dir='ltr'>constituta.</span> <span class='ocrx_word' id='word_1_469' title='bbox 2132 1028 2221 1061; x_wconf 86' lang='lat' dir='ltr'>Nam</span> 
     </span>
     <span class='ocr_line' id='line_1_78' title="bbox 1248 1076 2221 1122; baseline 0.005 -16"><span class='ocrx_word' id='word_1_470' title='bbox 1248 1076 1340 1107; x_wconf 85' lang='lat' dir='ltr'>Deus</span> <span class='ocrx_word' id='word_1_471' title='bbox 1363 1086 1476 1118; x_wconf 88' lang='lat' dir='ltr'>neque</span> <span class='ocrx_word' id='word_1_472' title='bbox 1497 1076 1710 1114; x_wconf 85' lang='lat' dir='ltr'>doctrinam,</span> <span class='ocrx_word' id='word_1_473' title='bbox 1737 1087 1849 1119; x_wconf 79' lang='lat' dir='ltr'>neque</span> <span class='ocrx_word' id='word_1_474' title='bbox 1873 1077 2006 1117; x_wconf 89' lang='lat' dir='ltr'>cultus,</span> <span class='ocrx_word' id='word_1_475' title='bbox 2037 1089 2149 1122; x_wconf 87' lang='lat' dir='ltr'>neque</span> <span class='ocrx_word' id='word_1_476' title='bbox 2171 1079 2221 1111; x_wconf 92' lang='lat' dir='ltr'>le-</span> 
     </span>
     <span class='ocr_line' id='line_1_79' title="bbox 1248 1125 2223 1168; baseline 0.005 -12"><span class='ocrx_word' id='word_1_477' title='bbox 1248 1137 1334 1167; x_wconf 82' lang='lat' dir='ltr'>gem,</span> <span class='ocrx_word' id='word_1_478' title='bbox 1362 1136 1464 1168; x_wconf 85' lang='lat' dir='ltr'>quam</span> <span class='ocrx_word' id='word_1_479' title='bbox 1483 1125 1683 1162; x_wconf 77' lang='lat' dir='ltr'>tradiderat,</span> <span class='ocrx_word' id='word_1_480' title='bbox 1706 1125 1832 1156; x_wconf 85' lang='lat' dir='ltr'>mutari</span> <span class='ocrx_word' id='word_1_481' title='bbox 1851 1126 1972 1158; x_wconf 85' lang='lat' dir='ltr'>voluit.</span> <span class='ocrx_word' id='word_1_482' title='bbox 2026 1126 2143 1168; x_wconf 84' lang='lat' dir='ltr'>Quare</span> <span class='ocrx_word' id='word_1_483' title='bbox 2160 1139 2223 1161; x_wconf 82' lang='lat' dir='ltr'>nec</span> 
     </span>
     <span class='ocr_line' id='line_1_80' title="bbox 1249 1173 2223 1218; baseline 0.004 -12"><span class='ocrx_word' id='word_1_484' title='bbox 1249 1176 1394 1206; x_wconf 75' lang='lat' dir='ltr'>sormam</span> <span class='ocrx_word' id='word_1_485' title='bbox 1413 1174 1554 1216; x_wconf 78' lang='lat' dir='ltr'>politiae</span> <span class='ocrx_word' id='word_1_486' title='bbox 1571 1173 1697 1206; x_wconf 85' lang='lat' dir='ltr'>mutari</span> <span class='ocrx_word' id='word_1_487' title='bbox 1716 1174 1864 1211; x_wconf 76' lang='lat' dir='ltr'>volebat,</span> <span class='ocrx_word' id='word_1_488' title='bbox 1889 1175 1968 1218; x_wconf 80' lang='lat' dir='ltr'>quia</span> <span class='ocrx_word' id='word_1_489' title='bbox 1986 1176 2062 1208; x_wconf 86' lang='lat' dir='ltr'>talis</span> <span class='ocrx_word' id='word_1_490' title='bbox 2077 1178 2223 1210; x_wconf 82' lang='lat' dir='ltr'>mutatio</span> 
     </span>
     <span class='ocr_line' id='line_1_81' title="bbox 1249 1223 2223 1266; baseline 0.003 -9"><span class='ocrx_word' id='word_1_491' title='bbox 1249 1225 1351 1258; x_wconf 85' lang='lat' dir='ltr'>etiam</span> <span class='ocrx_word' id='word_1_492' title='bbox 1380 1224 1490 1266; x_wconf 87' lang='lat' dir='ltr'>legem</span> <span class='ocrx_word' id='word_1_493' title='bbox 1514 1231 1546 1256; x_wconf 91' lang='lat' dir='ltr'>et</span> <span class='ocrx_word' id='word_1_494' title='bbox 1571 1223 1765 1256; x_wconf 83' lang='lat' dir='ltr'>doctrinam</span> <span class='ocrx_word' id='word_1_495' title='bbox 1798 1224 1996 1264; x_wconf 82' lang='lat' dir='ltr'>labefactat,</span> <span class='ocrx_word' id='word_1_496' title='bbox 2031 1226 2119 1260; x_wconf 87' lang='lat' dir='ltr'>sicut</span> <span class='ocrx_word' id='word_1_497' title='bbox 2143 1228 2223 1260; x_wconf 78' lang='lat' dir='ltr'>viu-</span> 
     </span>
     <span class='ocr_line' id='line_1_82' title="bbox 1250 1275 2222 1317; baseline 0.003 -10"><span class='ocrx_word' id='word_1_498' title='bbox 1250 1275 1325 1307; x_wconf 89' lang='lat' dir='ltr'>cula</span> <span class='ocrx_word' id='word_1_499' title='bbox 1342 1275 1457 1316; x_wconf 84' lang='lat' dir='ltr'>legum</span> <span class='ocrx_word' id='word_1_500' title='bbox 1475 1285 1574 1317; x_wconf 88' lang='lat' dir='ltr'>saepe</span> <span class='ocrx_word' id='word_1_501' title='bbox 1597 1285 1691 1316; x_wconf 84' lang='lat' dir='ltr'>reges</span> <span class='ocrx_word' id='word_1_502' title='bbox 1708 1285 1807 1316; x_wconf 84' lang='lat' dir='ltr'>aegre</span> <span class='ocrx_word' id='word_1_503' title='bbox 1824 1275 1950 1308; x_wconf 84' lang='lat' dir='ltr'>serunt.</span> <span class='ocrx_word' id='word_1_504' title='bbox 1993 1275 2102 1309; x_wconf 80' lang='lat' dir='ltr'>Multi</span> <span class='ocrx_word' id='word_1_505' title='bbox 2119 1277 2222 1310; x_wconf 91' lang='lat' dir='ltr'>etiam</span> 
     </span>
     <span class='ocr_line' id='line_1_83' title="bbox 1252 1324 2223 1371; baseline 0.004 -14"><span class='ocrx_word' id='word_1_506' title='bbox 1252 1325 1436 1357; x_wconf 76' lang='lat' dir='ltr'>inflectunt</span> <span class='ocrx_word' id='word_1_507' title='bbox 1453 1324 1639 1367; x_wconf 82' lang='lat' dir='ltr'>religiones</span> <span class='ocrx_word' id='word_1_508' title='bbox 1662 1325 1703 1356; x_wconf 88' lang='lat' dir='ltr'>ad</span> <span class='ocrx_word' id='word_1_509' title='bbox 1723 1335 1801 1357; x_wconf 85' lang='lat' dir='ltr'>suas</span> <span class='ocrx_word' id='word_1_510' title='bbox 1820 1325 2046 1368; x_wconf 84' lang='lat' dir='ltr'>cupiditates,</span> <span class='ocrx_word' id='word_1_511' title='bbox 2073 1334 2111 1360; x_wconf 90' lang='lat' dir='ltr'>ut</span> <span class='ocrx_word' id='word_1_512' title='bbox 2129 1339 2223 1371; x_wconf 83' lang='lat' dir='ltr'>reges</span> 
     </span>
     <span class='ocr_line' id='line_1_84' title="bbox 1251 1374 2224 1417; baseline 0.003 -9"><span class='ocrx_word' id='word_1_513' title='bbox 1251 1375 1426 1408; x_wconf 83' lang='lat' dir='ltr'>Samariae</span> <span class='ocrx_word' id='word_1_514' title='bbox 1449 1386 1580 1407; x_wconf 72' lang='lat' dir='ltr'>novum</span> <span class='ocrx_word' id='word_1_515' title='bbox 1600 1374 1731 1407; x_wconf 86' lang='lat' dir='ltr'>cultum</span> <span class='ocrx_word' id='word_1_516' title='bbox 1751 1375 1849 1417; x_wconf 84' lang='lat' dir='ltr'>regni</span> <span class='ocrx_word' id='word_1_517' title='bbox 1867 1387 1965 1408; x_wconf 87' lang='lat' dir='ltr'>causa</span> <span class='ocrx_word' id='word_1_518' title='bbox 1985 1376 2224 1412; x_wconf 86' lang='lat' dir='ltr'>instituebant.</span> 
     </span>
     <span class='ocr_line' id='line_1_85' title="bbox 1252 1425 2225 1468; baseline 0.002 -10"><span class='ocrx_word' id='word_1_519' title='bbox 1252 1425 1321 1458; x_wconf 82' lang='lat' dir='ltr'>Nec</span> <span class='ocrx_word' id='word_1_520' title='bbox 1335 1426 1459 1458; x_wconf 86' lang='lat' dir='ltr'>desunt</span> <span class='ocrx_word' id='word_1_521' title='bbox 1477 1425 1632 1468; x_wconf 79' lang='lat' dir='ltr'>exempla</span> <span class='ocrx_word' id='word_1_522' title='bbox 1650 1425 1773 1457; x_wconf 71' lang='lat' dir='ltr'>veteris</span> <span class='ocrx_word' id='word_1_523' title='bbox 1790 1425 1892 1465; x_wconf 87' lang='lat' dir='ltr'>dicti,</span> <span class='ocrx_word' id='word_1_524' title='bbox 1913 1426 1976 1458; x_wconf 90' lang='lat' dir='ltr'>ulli</span> <span class='ocrx_word' id='word_1_525' title='bbox 1993 1427 2111 1460; x_wconf 83' lang='lat' dir='ltr'>aetati:</span> <span class='ocrx_word' id='word_1_526' title='bbox 2140 1425 2225 1460; x_wconf 79' lang='lat' dir='ltr'>Pie-</span> 
     </span>
     <span class='ocr_line' id='line_1_86' title="bbox 1252 1474 2225 1521; baseline 0.005 -14"><span class='ocrx_word' id='word_1_527' title='bbox 1252 1480 1328 1514; x_wconf 80' lang='lat' dir='ltr'>tas,</span> <span class='ocrx_word' id='word_1_528' title='bbox 1357 1474 1566 1513; x_wconf 77' lang='lat' dir='ltr'>Sanclilas,</span> <span class='ocrx_word' id='word_1_529' title='bbox 1592 1475 1714 1515; x_wconf 88' lang='lat' dir='ltr'>Fides,</span> <span class='ocrx_word' id='word_1_530' title='bbox 1740 1475 1874 1518; x_wconf 84' lang='lat' dir='ltr'>privata</span> <span class='ocrx_word' id='word_1_531' title='bbox 1889 1476 1981 1509; x_wconf 86' lang='lat' dir='ltr'>bona</span> <span class='ocrx_word' id='word_1_532' title='bbox 1999 1484 2091 1513; x_wconf 83' lang='lat' dir='ltr'>sunt.</span> <span class='ocrx_word' id='word_1_533' title='bbox 2146 1478 2225 1521; x_wconf 81' lang='lat' dir='ltr'>Qua</span> 
     </span>
     <span class='ocr_line' id='line_1_87' title="bbox 1253 1526 1567 1568; baseline -0.003 -10"><span class='ocrx_word' id='word_1_534' title='bbox 1253 1526 1347 1558; x_wconf 82' lang='lat' dir='ltr'>iuvat</span> <span class='ocrx_word' id='word_1_535' title='bbox 1366 1537 1460 1568; x_wconf 87' lang='lat' dir='ltr'>reges</span> <span class='ocrx_word' id='word_1_536' title='bbox 1478 1532 1567 1557; x_wconf 86' lang='lat' dir='ltr'>eant.</span> 
     </span>
    </p>

    <p class='ocr_par' dir='ltr' id='par_1_34' title="bbox 1253 1575 2229 1866">
     <span class='ocr_line' id='line_1_88' title="bbox 1353 1575 2227 1619; baseline 0.002 -11"><span class='ocrx_word' id='word_1_537' title='bbox 1353 1575 1449 1609; x_wconf 84' lang='lat' dir='ltr'>Ilaec</span> <span class='ocrx_word' id='word_1_538' title='bbox 1464 1575 1695 1608; x_wconf 89' lang='lat' dir='ltr'>consideratio</span> <span class='ocrx_word' id='word_1_539' title='bbox 1721 1575 1763 1607; x_wconf 92' lang='lat' dir='ltr'>de</span> <span class='ocrx_word' id='word_1_540' title='bbox 1779 1575 1912 1608; x_wconf 87' lang='lat' dir='ltr'>delictis</span> <span class='ocrx_word' id='word_1_541' title='bbox 1931 1576 2051 1619; x_wconf 91' lang='lat' dir='ltr'>populi</span> <span class='ocrx_word' id='word_1_542' title='bbox 2071 1589 2227 1611; x_wconf 88' lang='lat' dir='ltr'>commo-</span> 
     </span>
     <span class='ocr_line' id='line_1_89' title="bbox 1253 1624 2228 1671; baseline 0.002 -13"><span class='ocrx_word' id='word_1_543' title='bbox 1253 1626 1380 1658; x_wconf 82' lang='lat' dir='ltr'>nefacit</span> <span class='ocrx_word' id='word_1_544' title='bbox 1406 1637 1468 1659; x_wconf 89' lang='lat' dir='ltr'>nos</span> <span class='ocrx_word' id='word_1_545' title='bbox 1493 1626 1535 1657; x_wconf 88' lang='lat' dir='ltr'>de</span> <span class='ocrx_word' id='word_1_546' title='bbox 1559 1625 1773 1668; x_wconf 87' lang='lat' dir='ltr'>protectione</span> <span class='ocrx_word' id='word_1_547' title='bbox 1788 1624 1980 1664; x_wconf 85' lang='lat' dir='ltr'>Ecclesiae,</span> <span class='ocrx_word' id='word_1_548' title='bbox 2008 1633 2039 1659; x_wconf 90' lang='lat' dir='ltr'>et</span> <span class='ocrx_word' id='word_1_549' title='bbox 2062 1628 2105 1658; x_wconf 91' lang='lat' dir='ltr'>de</span> <span class='ocrx_word' id='word_1_550' title='bbox 2121 1628 2228 1671; x_wconf 85' lang='lat' dir='ltr'>impia</span> 
     </span>
     <span class='ocr_line' id='line_1_90' title="bbox 1253 1675 2228 1720; baseline 0.003 -13"><span class='ocrx_word' id='word_1_551' title='bbox 1253 1675 1461 1707; x_wconf 87' lang='lat' dir='ltr'>Pontificum</span> <span class='ocrx_word' id='word_1_552' title='bbox 1478 1682 1509 1707; x_wconf 89' lang='lat' dir='ltr'>et</span> <span class='ocrx_word' id='word_1_553' title='bbox 1525 1676 1674 1707; x_wconf 89' lang='lat' dir='ltr'>aliorum</span> <span class='ocrx_word' id='word_1_554' title='bbox 1691 1675 1853 1715; x_wconf 87' lang='lat' dir='ltr'>audacia,</span> <span class='ocrx_word' id='word_1_555' title='bbox 1878 1676 1939 1719; x_wconf 88' lang='lat' dir='ltr'>qui</span> <span class='ocrx_word' id='word_1_556' title='bbox 1957 1687 2049 1708; x_wconf 69' lang='lat' dir='ltr'>nova</span> <span class='ocrx_word' id='word_1_557' title='bbox 2067 1677 2228 1720; x_wconf 86' lang='lat' dir='ltr'>dogmata</span> 
     </span>
     <span class='ocr_line' id='line_1_91' title="bbox 1253 1724 2229 1767; baseline 0.006 -11"><span class='ocrx_word' id='word_1_558' title='bbox 1253 1731 1287 1757; x_wconf 86' lang='lat' dir='ltr'>et</span> <span class='ocrx_word' id='word_1_559' title='bbox 1303 1736 1412 1756; x_wconf 85' lang='lat' dir='ltr'>novos</span> <span class='ocrx_word' id='word_1_560' title='bbox 1430 1724 1542 1756; x_wconf 92' lang='lat' dir='ltr'>cultus</span> <span class='ocrx_word' id='word_1_561' title='bbox 1558 1725 1787 1757; x_wconf 89' lang='lat' dir='ltr'>instituerunt</span> <span class='ocrx_word' id='word_1_562' title='bbox 1808 1731 1867 1756; x_wconf 88' lang='lat' dir='ltr'>aut</span> <span class='ocrx_word' id='word_1_563' title='bbox 1882 1725 2082 1767; x_wconf 86' lang='lat' dir='ltr'>stabiliunt,</span> <span class='ocrx_word' id='word_1_564' title='bbox 2109 1728 2229 1762; x_wconf 82' lang='lat' dir='ltr'>relicta</span> 
     </span>
     <span class='ocr_line' id='line_1_92' title="bbox 1253 1771 2229 1820; baseline 0.005 -13"><span class='ocrx_word' id='word_1_565' title='bbox 1253 1774 1403 1818; x_wconf 88' lang='lat' dir='ltr'>puritate</span> <span class='ocrx_word' id='word_1_566' title='bbox 1422 1774 1553 1817; x_wconf 85' lang='lat' dir='ltr'>primae</span> <span class='ocrx_word' id='word_1_567' title='bbox 1570 1771 1755 1806; x_wconf 87' lang='lat' dir='ltr'>Ecclesiae.</span> <span class='ocrx_word' id='word_1_568' title='bbox 1810 1772 1915 1815; x_wconf 89' lang='lat' dir='ltr'>Item,</span> <span class='ocrx_word' id='word_1_569' title='bbox 1941 1776 2003 1820; x_wconf 89' lang='lat' dir='ltr'>qui</span> <span class='ocrx_word' id='word_1_570' title='bbox 2028 1783 2148 1811; x_wconf 87' lang='lat' dir='ltr'>contra</span> <span class='ocrx_word' id='word_1_571' title='bbox 2167 1791 2229 1811; x_wconf 77' lang='lat' dir='ltr'>vo-</span> 
     </span>
     <span class='ocr_line' id='line_1_93' title="bbox 1254 1822 1844 1866; baseline 0 -9"><span class='ocrx_word' id='word_1_572' title='bbox 1254 1825 1423 1857; x_wconf 88' lang='lat' dir='ltr'>cationem</span> <span class='ocrx_word' id='word_1_573' title='bbox 1442 1830 1583 1856; x_wconf 82' lang='lat' dir='ltr'>movent</span> <span class='ocrx_word' id='word_1_574' title='bbox 1600 1822 1844 1866; x_wconf 80' lang='lat' dir='ltr'>Respublicas.</span> 
     </span>
    </p>

    <p class='ocr_par' dir='ltr' id='par_1_35' title="bbox 1254 1873 2228 2220">
     <span class='ocr_line' id='line_1_94' title="bbox 1356 1873 2228 1920; baseline 0.007 -14"><span class='ocrx_word' id='word_1_575' title='bbox 1356 1873 1563 1907; x_wconf 82' lang='lat' dir='ltr'>Adsentitur</span> <span class='ocrx_word' id='word_1_576' title='bbox 1579 1880 1693 1906; x_wconf 87' lang='lat' dir='ltr'>tamen</span> <span class='ocrx_word' id='word_1_577' title='bbox 1711 1874 1823 1912; x_wconf 78' lang='lat' dir='ltr'>Deus,</span> <span class='ocrx_word' id='word_1_578' title='bbox 1851 1882 1882 1908; x_wconf 91' lang='lat' dir='ltr'>et</span> <span class='ocrx_word' id='word_1_579' title='bbox 1903 1887 2016 1918; x_wconf 83' lang='lat' dir='ltr'>regem</span> <span class='ocrx_word' id='word_1_580' title='bbox 2036 1879 2228 1920; x_wconf 86' lang='lat' dir='ltr'>constituit,</span> 
     </span>
     <span class='ocr_line' id='line_1_95' title="bbox 1254 1924 2227 1970; baseline 0.006 -13"><span class='ocrx_word' id='word_1_581' title='bbox 1254 1926 1310 1958; x_wconf 91' lang='lat' dir='ltr'>sed</span> <span class='ocrx_word' id='word_1_582' title='bbox 1337 1925 1506 1968; x_wconf 83' lang='lat' dir='ltr'>praedicit</span> <span class='ocrx_word' id='word_1_583' title='bbox 1530 1936 1634 1957; x_wconf 84' lang='lat' dir='ltr'>onera</span> <span class='ocrx_word' id='word_1_584' title='bbox 1655 1925 1771 1966; x_wconf 76' lang='lat' dir='ltr'>regni:</span> <span class='ocrx_word' id='word_1_585' title='bbox 1806 1924 1882 1958; x_wconf 83' lang='lat' dir='ltr'>Hoc</span> <span class='ocrx_word' id='word_1_586' title='bbox 1907 1933 1957 1959; x_wconf 90' lang='lat' dir='ltr'>est</span> <span class='ocrx_word' id='word_1_587' title='bbox 1980 1927 2033 1959; x_wconf 88' lang='lat' dir='ltr'>ius</span> <span class='ocrx_word' id='word_1_588' title='bbox 2056 1928 2144 1970; x_wconf 84' lang='lat' dir='ltr'>regis</span> <span class='ocrx_word' id='word_1_589' title='bbox 2163 1935 2227 1964; x_wconf 85' lang='lat' dir='ltr'>etc.</span> 
     </span>
     <span class='ocr_line' id='line_1_96' title="bbox 1255 1975 2228 2022; baseline 0.005 -15"><span class='ocrx_word' id='word_1_590' title='bbox 1255 1975 1321 2008; x_wconf 92' lang='lat' dir='ltr'>Ilic</span> <span class='ocrx_word' id='word_1_591' title='bbox 1337 1976 1458 2008; x_wconf 85' lang='lat' dir='ltr'>dicunt</span> <span class='ocrx_word' id='word_1_592' title='bbox 1475 1975 1583 2019; x_wconf 86' lang='lat' dir='ltr'>aliqui</span> <span class='ocrx_word' id='word_1_593' title='bbox 1601 1976 1749 2007; x_wconf 83' lang='lat' dir='ltr'>describi</span> <span class='ocrx_word' id='word_1_594' title='bbox 1772 1983 1978 2020; x_wconf 83' lang='lat' dir='ltr'>tyrannum,</span> <span class='ocrx_word' id='word_1_595' title='bbox 2010 1990 2082 2010; x_wconf 90' lang='lat' dir='ltr'>non</span> <span class='ocrx_word' id='word_1_596' title='bbox 2102 1990 2228 2022; x_wconf 84' lang='lat' dir='ltr'>regem,</span> 
     </span>
     <span class='ocr_line' id='line_1_97' title="bbox 1255 2023 2228 2070; baseline 0.005 -12"><span class='ocrx_word' id='word_1_597' title='bbox 1255 2038 1317 2058; x_wconf 89' lang='lat' dir='ltr'>nec</span> <span class='ocrx_word' id='word_1_598' title='bbox 1334 2026 1402 2058; x_wconf 89' lang='lat' dir='ltr'>dici</span> <span class='ocrx_word' id='word_1_599' title='bbox 1423 2023 1506 2058; x_wconf 86' lang='lat' dir='ltr'>haec</span> <span class='ocrx_word' id='word_1_600' title='bbox 1524 2026 1587 2064; x_wconf 79' lang='lat' dir='ltr'>ita,</span> <span class='ocrx_word' id='word_1_601' title='bbox 1616 2032 1780 2070; x_wconf 85' lang='lat' dir='ltr'>tanquam</span> <span class='ocrx_word' id='word_1_602' title='bbox 1799 2027 2013 2070; x_wconf 85' lang='lat' dir='ltr'>approbante</span> <span class='ocrx_word' id='word_1_603' title='bbox 2029 2027 2102 2061; x_wconf 92' lang='lat' dir='ltr'>Deo</span> <span class='ocrx_word' id='word_1_604' title='bbox 2119 2031 2228 2063; x_wconf 87' lang='lat' dir='ltr'>servi-</span> 
     </span>
     <span class='ocr_line' id='line_1_98' title="bbox 1255 2075 2228 2123; baseline 0.004 -14"><span class='ocrx_word' id='word_1_605' title='bbox 1255 2084 1373 2109; x_wconf 84' lang='lat' dir='ltr'>tutem.</span> <span class='ocrx_word' id='word_1_606' title='bbox 1434 2075 1501 2108; x_wconf 91' lang='lat' dir='ltr'>Sed</span> <span class='ocrx_word' id='word_1_607' title='bbox 1525 2083 1635 2109; x_wconf 70' lang='lat' dir='ltr'>textus</span> <span class='ocrx_word' id='word_1_608' title='bbox 1659 2077 1817 2110; x_wconf 85' lang='lat' dir='ltr'>nominat</span> <span class='ocrx_word' id='word_1_609' title='bbox 1847 2076 1917 2110; x_wconf 80' lang='lat' dir='ltr'>ius</span> <span class='ocrx_word' id='word_1_610' title='bbox 1950 2078 2092 2123; x_wconf 76' lang='lat' dir='ltr'>regis,</span> <span class='ocrx_word' id='word_1_611' title='bbox 2120 2087 2152 2113; x_wconf 93' lang='lat' dir='ltr'>et</span> <span class='ocrx_word' id='word_1_612' title='bbox 2176 2081 2228 2113; x_wconf 91' lang='lat' dir='ltr'>lo-</span> 
     </span>
     <span class='ocr_line' id='line_1_99' title="bbox 1255 2127 2228 2174; baseline 0.003 -14"><span class='ocrx_word' id='word_1_613' title='bbox 1255 2128 1375 2171; x_wconf 89' lang='lat' dir='ltr'>quitur</span> <span class='ocrx_word' id='word_1_614' title='bbox 1390 2127 1432 2158; x_wconf 90' lang='lat' dir='ltr'>de</span> <span class='ocrx_word' id='word_1_615' title='bbox 1450 2127 1632 2164; x_wconf 84' lang='lat' dir='ltr'>oneribus,</span> <span class='ocrx_word' id='word_1_616' title='bbox 1657 2127 1911 2170; x_wconf 88' lang='lat' dir='ltr'>stipendiorum</span> <span class='ocrx_word' id='word_1_617' title='bbox 1931 2140 2029 2161; x_wconf 88' lang='lat' dir='ltr'>causa</span> <span class='ocrx_word' id='word_1_618' title='bbox 2048 2130 2228 2174; x_wconf 79' lang='lat' dir='ltr'>impositis,</span> 
     </span>
     <span class='ocr_line' id='line_1_100' title="bbox 1254 2177 2226 2220; baseline 0.005 -11"><span class='ocrx_word' id='word_1_619' title='bbox 1254 2190 1326 2210; x_wconf 85' lang='lat' dir='ltr'>non</span> <span class='ocrx_word' id='word_1_620' title='bbox 1343 2177 1467 2210; x_wconf 87' lang='lat' dir='ltr'>tribuit</span> <span class='ocrx_word' id='word_1_621' title='bbox 1486 2184 1691 2220; x_wconf 83' lang='lat' dir='ltr'>potestatem</span> <span class='ocrx_word' id='word_1_622' title='bbox 1720 2178 1927 2211; x_wconf 86' lang='lat' dir='ltr'>instituendi</span> <span class='ocrx_word' id='word_1_623' title='bbox 1951 2186 2137 2212; x_wconf 85' lang='lat' dir='ltr'>extremam</span> <span class='ocrx_word' id='word_1_624' title='bbox 2155 2191 2226 2215; x_wconf 86' lang='lat' dir='ltr'>ser-</span> 
     </span>
    </p>
   </div>
   <div class='ocr_carea' id='block_1_21' title="bbox 1226 2228 2228 2270">
    <p class='ocr_par' dir='ltr' id='par_1_36' title="bbox 1226 2228 2228 2270">
     <span class='ocr_line' id='line_1_101' title="bbox 1226 2228 2228 2270; baseline -0.001 -10"><span class='ocrx_word' id='word_1_625' title='bbox 1226 2251 1228 2263; x_wconf 66' lang='lat'><em>,</em></span> <span class='ocrx_word' id='word_1_626' title='bbox 1253 2228 1399 2261; x_wconf 86' lang='lat' dir='ltr'>vitutem</span> <span class='ocrx_word' id='word_1_627' title='bbox 1418 2235 1536 2260; x_wconf 89' lang='lat' dir='ltr'>contra</span> <span class='ocrx_word' id='word_1_628' title='bbox 1556 2228 1664 2270; x_wconf 85' lang='lat' dir='ltr'>legem</span> <span class='ocrx_word' id='word_1_629' title='bbox 1682 2228 1851 2264; x_wconf 86' lang='lat' dir='ltr'>divinam.</span> <span class='ocrx_word' id='word_1_630' title='bbox 1894 2228 1984 2270; x_wconf 87' lang='lat' dir='ltr'>Quia</span> <span class='ocrx_word' id='word_1_631' title='bbox 2003 2229 2228 2264; x_wconf 77' lang='lat' dir='ltr'>Deuterono-</span> 
     </span>
    </p>
   </div>
   <div class='ocr_carea' id='block_1_22' title="bbox 1253 2278 2229 2374">
    <p class='ocr_par' dir='ltr' id='par_1_37' title="bbox 1253 2278 2229 2374">
     <span class='ocr_line' id='line_1_102' title="bbox 1253 2278 2227 2323; baseline 0.003 -13"><span class='ocrx_word' id='word_1_632' title='bbox 1253 2278 1316 2311; x_wconf 87' lang='lat' dir='ltr'>mii</span> <span class='ocrx_word' id='word_1_633' title='bbox 1338 2278 1393 2312; x_wconf 85' lang='lat'>17.</span> <span class='ocrx_word' id='word_1_634' title='bbox 1417 2285 1637 2321; x_wconf 88' lang='lat' dir='ltr'>praeceptum</span> <span class='ocrx_word' id='word_1_635' title='bbox 1664 2285 1733 2318; x_wconf 88' lang='lat' dir='ltr'>cst,</span> <span class='ocrx_word' id='word_1_636' title='bbox 1760 2286 1799 2313; x_wconf 87' lang='lat' dir='ltr'>ut</span> <span class='ocrx_word' id='word_1_637' title='bbox 1824 2291 1880 2311; x_wconf 82' lang='lat' dir='ltr'>rex</span> <span class='ocrx_word' id='word_1_638' title='bbox 1907 2279 2015 2311; x_wconf 89' lang='lat' dir='ltr'>discat</span> <span class='ocrx_word' id='word_1_639' title='bbox 2040 2280 2169 2323; x_wconf 83' lang='lat' dir='ltr'>legem,</span> <span class='ocrx_word' id='word_1_640' title='bbox 2195 2289 2227 2316; x_wconf 85' lang='lat' dir='ltr'>et</span> 
     </span>
     <span class='ocr_line' id='line_1_103' title="bbox 1254 2327 2229 2374; baseline 0.005 -13"><span class='ocrx_word' id='word_1_641' title='bbox 1254 2341 1328 2361; x_wconf 88' lang='lat' dir='ltr'>eam</span> <span class='ocrx_word' id='word_1_642' title='bbox 1352 2335 1519 2373; x_wconf 86' lang='lat' dir='ltr'>sequatur</span> <span class='ocrx_word' id='word_1_643' title='bbox 1544 2329 1578 2361; x_wconf 89' lang='lat' dir='ltr'>in</span> <span class='ocrx_word' id='word_1_644' title='bbox 1605 2335 1675 2362; x_wconf 87' lang='lat' dir='ltr'>tota</span> <span class='ocrx_word' id='word_1_645' title='bbox 1698 2328 1960 2371; x_wconf 86' lang='lat' dir='ltr'>gubernatione.</span> <span class='ocrx_word' id='word_1_646' title='bbox 2013 2327 2059 2363; x_wconf 84' lang='lat' dir='ltr'>Et</span> <span class='ocrx_word' id='word_1_647' title='bbox 2082 2332 2229 2374; x_wconf 88' lang='lat' dir='ltr'>punitur</span> 
     </span>
    </p>
   </div>
   <div class='ocr_carea' id='block_1_23' title="bbox 1226 2377 2228 2425">
    <p class='ocr_par' dir='ltr' id='par_1_38' title="bbox 1226 2377 2228 2425">
     <span class='ocr_line' id='line_1_104' title="bbox 1226 2377 2228 2425; baseline 0.004 -13"><span class='ocrx_word' id='word_1_648' title='bbox 1226 2417 1228 2420; x_wconf 17' lang='lat' dir='ltr'>y</span> <span class='ocrx_word' id='word_1_649' title='bbox 1254 2377 1395 2422; x_wconf 79' lang='lat' dir='ltr'>Achab,</span> <span class='ocrx_word' id='word_1_650' title='bbox 1421 2379 1501 2423; x_wconf 87' lang='lat' dir='ltr'>quia</span> <span class='ocrx_word' id='word_1_651' title='bbox 1521 2380 1780 2413; x_wconf 86' lang='lat' dir='ltr'>distinctionem</span> <span class='ocrx_word' id='word_1_652' title='bbox 1806 2378 2063 2420; x_wconf 85' lang='lat' dir='ltr'>dominiorum,</span> <span class='ocrx_word' id='word_1_653' title='bbox 2092 2381 2127 2414; x_wconf 89' lang='lat' dir='ltr'>in</span> <span class='ocrx_word' id='word_1_654' title='bbox 2154 2383 2228 2425; x_wconf 84' lang='lat' dir='ltr'>lege</span> 
     </span>
    </p>
   </div>
   <div class='ocr_carea' id='block_1_24' title="bbox 1254 2429 1772 2468">
    <p class='ocr_par' dir='ltr' id='par_1_39' title="bbox 1254 2429 1772 2468">
     <span class='ocr_line' id='line_1_105' title="bbox 1254 2429 1772 2468; baseline 0 -7"><span class='ocrx_word' id='word_1_655' title='bbox 1254 2430 1441 2468; x_wconf 90' lang='lat' dir='ltr'>sancitam,</span> <span class='ocrx_word' id='word_1_656' title='bbox 1488 2429 1609 2462; x_wconf 89' lang='lat' dir='ltr'>tollere</span> <span class='ocrx_word' id='word_1_657' title='bbox 1644 2429 1772 2465; x_wconf 78' lang='lat' dir='ltr'>voluit,</span> 
     </span>
    </p>
   </div>
   <div class='ocr_carea' id='block_1_25' title="bbox 1753 2429 2226 2522">
    <p class='ocr_par' dir='ltr' id='par_1_40' title="bbox 1753 2429 2226 2522">
     <span class='ocr_line' id='line_1_106' title="bbox 1819 2429 2226 2466; baseline 0.017 -7"><span class='ocrx_word' id='word_1_658' title='bbox 1819 2440 1897 2460; x_wconf 89' lang='lat' dir='ltr'>cum</span> <span class='ocrx_word' id='word_1_659' title='bbox 1931 2429 2074 2463; x_wconf 87' lang='lat' dir='ltr'>Naboth</span> <span class='ocrx_word' id='word_1_660' title='bbox 2115 2432 2226 2466; x_wconf 87' lang='lat' dir='ltr'>invito</span> 
     </span>
     <span class='ocr_line' id='line_1_107' title="bbox 1753 2478 2226 2522; baseline 0.015 -13"><span class='ocrx_word' id='word_1_661' title='bbox 1753 2478 1963 2522; x_wconf 84' lang='lat' dir='ltr'>Quanquam</span> <span class='ocrx_word' id='word_1_662' title='bbox 1983 2488 2097 2514; x_wconf 84' lang='lat' dir='ltr'>autem</span> <span class='ocrx_word' id='word_1_663' title='bbox 2116 2490 2148 2516; x_wconf 89' lang='lat' dir='ltr'>et</span> <span class='ocrx_word' id='word_1_664' title='bbox 2170 2484 2226 2516; x_wconf 89' lang='lat' dir='ltr'>in-</span> 
     </span>
    </p>
   </div>
   <div class='ocr_carea' id='block_1_26' title="bbox 1255 2576 1918 2623">
    <p class='ocr_par' dir='ltr' id='par_1_41' title="bbox 1255 2576 1918 2623">
     <span class='ocr_line' id='line_1_108' title="bbox 1255 2576 1918 2623; baseline 0 -10"><span class='ocrx_word' id='word_1_665' title='bbox 1255 2580 1411 2622; x_wconf 79' lang='lat' dir='ltr'>asperior</span> <span class='ocrx_word' id='word_1_666' title='bbox 1441 2587 1508 2619; x_wconf 89' lang='lat' dir='ltr'>est,</span> <span class='ocrx_word' id='word_1_667' title='bbox 1547 2590 1649 2623; x_wconf 86' lang='lat' dir='ltr'>quam</span> <span class='ocrx_word' id='word_1_668' title='bbox 1679 2576 1918 2613; x_wconf 82' lang='lat' dir='ltr'>Aristocratia.</span> 
     </span>
    </p>
   </div>
   <div class='ocr_carea' id='block_1_27' title="bbox 1253 2579 2225 2676">
    <p class='ocr_par' dir='ltr' id='par_1_42' title="bbox 1253 2579 2225 2676">
     <span class='ocr_line' id='line_1_109' title="bbox 1978 2579 2225 2626; baseline 0.008 -12"><span class='ocrx_word' id='word_1_669' title='bbox 1978 2579 2024 2615; x_wconf 89' lang='lat' dir='ltr'>Et</span> <span class='ocrx_word' id='word_1_670' title='bbox 2056 2584 2158 2626; x_wconf 86' lang='lat' dir='ltr'>pauci</span> <span class='ocrx_word' id='word_1_671' title='bbox 2190 2585 2225 2616; x_wconf 82' lang='lat' dir='ltr'>in</span> 
     </span>
     <span class='ocr_line' id='line_1_110' title="bbox 1253 2628 1848 2676; baseline 0.003 -14"><span class='ocrx_word' id='word_1_672' title='bbox 1253 2640 1378 2676; x_wconf 83' lang='lat' dir='ltr'>magna</span> <span class='ocrx_word' id='word_1_673' title='bbox 1395 2629 1550 2673; x_wconf 86' lang='lat' dir='ltr'>potentia</span> <span class='ocrx_word' id='word_1_674' title='bbox 1567 2628 1737 2661; x_wconf 86' lang='lat' dir='ltr'>moderati</span> <span class='ocrx_word' id='word_1_675' title='bbox 1755 2636 1848 2664; x_wconf 88' lang='lat' dir='ltr'>sunt.</span> 
     </span>
    </p>
   </div>
  </div>
 </body>
</html>
