2324 2955
174 115 248 151 299

179 203 264 235 bant
285 197 341 239 bi,
375 197 435 242 qui
457 197 636 238 legerunt,
671 193 729 225 sed
753 191 856 225 etiam
877 191 1025 224 sormam
1043 193 1158 236 operis

181 259 213 285 et
232 250 436 283 orationem.

281 298 380 332 Circa
406 296 441 328 id
466 300 601 338 tempus
630 299 663 325 et
686 290 888 325 Reverendi
919 292 986 324 viri
1015 290 1162 325 Martini

182 348 326 385 Lutberi
353 345 541 380 certamina
564 350 656 376 mota
682 349 779 383 sunt,
806 354 955 387 quorum
983 343 1071 374 fama
1094 349 1162 375 sta-

182 402 243 434 tim
271 398 468 431 universam
487 393 714 427 Germaniam
742 400 926 436 pervagata
953 399 1012 425 est.
1067 390 1163 432 Erat,

182 458 220 484 ut
241 449 352 487 scitis,
371 442 496 492 ῖιρώτη
512 442 679 489 σύῤῥαξις
694 443 736 475 de
754 443 1000 486 indulgentiis,
1030 442 1163 485 ingrata

182 496 369 534 Mcnacbis
390 505 423 530 et
438 496 536 529 aulae
553 494 753 534 Romanae,
780 495 839 526 sed
859 494 939 538 quia
963 494 1076 526 fontes
1101 494 1164 526 do-

182 552 313 585 ctrinae
341 550 382 581 de
406 559 487 580 vera
519 544 734 589 poenitentia
763 556 823 577 seu
856 544 1101 583 conversione,
1134 550 1166 576 et

182 602 348 635 salutares
373 597 629 631 consolationes
652 595 885 635 monstrabat,
918 594 1082 627 omnibus
1100 594 1166 638 piis

182 653 218 685 in
236 651 399 684 universa
412 647 615 686 Germania,
642 645 847 688 gratissima.
900 643 1084 677 Crescente
1102 645 1166 687 igi-

182 710 239 737 tur
263 699 453 734 certamine
481 697 639 730 doctrina
663 694 838 728 Ecclesiae
865 695 1033 738 paulatim
1059 695 1167 738 magiS

183 754 356 786 illustrata
374 756 434 782 est.
488 748 586 791 Legit
602 747 729 790 scripta
745 743 892 779 Lutheri
908 743 1166 788 Bugenhagius,

184 811 217 836 et
244 802 333 834 vidit
358 800 407 832 ibi
436 799 656 843 perspicuum
683 797 870 830 discrimen
885 797 1041 837 ostendi,
1067 796 1168 839 Legis

184 861 216 887 et
235 850 441 894 Evangelii,
467 849 556 882 vidit
579 847 752 881 iusticiam
774 847 855 880 fidei
878 847 1003 880 melius
1031 846 1169 890 exponi,

185 914 288 948 quam
307 902 350 934 ab
371 898 548 942 Origene,
573 899 627 931 vel
646 910 663 931 a
682 895 822 930 Thoma
845 898 997 941 exposita
1017 905 1087 938 est,
1115 897 1169 929 vi-

184 956 241 987 det
259 962 449 994 congruere
467 949 655 992 Augustini
678 955 711 981 et
732 946 879 982 Lutheri
897 949 1105 988 sententias,
1133 960 1170 980 ac

183 1016 220 1038 re
242 1009 337 1036 tanta
362 1001 600 1040 considerata,
633 997 783 1032 Lutheri
809 999 1066 1032 enarrationem
1088 1010 1171 1042 pro-

183 1056 261 1091 bat,
290 1053 416 1086 deinde
435 1058 467 1085 et
485 1048 575 1085 banc
597 1049 871 1082 consolationem
898 1050 1027 1092 populo
1052 1050 1171 1092 copio-

184 1106 256 1138 sius
271 1103 439 1141 declarat,
465 1107 497 1133 et
515 1102 551 1133 in
571 1099 729 1132 doctrina
752 1099 989 1143 poenitentiae
1011 1100 1172 1132 tenebras

185 1153 361 1188 Ecclesiae
380 1151 516 1195 saepius
534 1150 712 1194 deplorat,
741 1156 775 1183 et
798 1149 1025 1182 deliramenta
1044 1149 1171 1182 Mona-

187 1203 332 1238 cborum
350 1203 494 1235 liberius
510 1208 612 1234 taxat.

294 1253 348 1286 Ibi
374 1252 528 1285 artificiis
546 1249 808 1296 hypocritarum
827 1251 1049 1292 quorundam
1067 1249 1174 1280 Prin-

186 1304 273 1348 cipis
294 1303 432 1336 animus
454 1302 497 1334 ab
520 1313 559 1333 eo
582 1300 621 1332 fit
637 1298 795 1331 alienior.
850 1298 968 1339 Quare
984 1300 1025 1330 de
1045 1299 1174 1340 migra-

185 1356 281 1389 tione
304 1365 343 1386 ex
367 1351 477 1396 patria
504 1350 694 1387 deliberat,
728 1348 930 1390 praesertim
956 1359 1033 1380 cum
1053 1348 1174 1380 audire

186 1402 383 1439 Lutherum
416 1413 550 1441 coram,
591 1406 622 1432 et
651 1398 870 1432 familiariter
893 1410 973 1431 eum
1006 1398 1174 1431 sciscitari

187 1455 359 1501 quaedam
383 1453 497 1486 vellet.
556 1449 778 1483 Invitabatur
811 1449 914 1482 etiam
943 1449 1052 1482 literis
1079 1448 1174 1482 Petri

189 1504 376 1544 Suavenii,
419 1503 518 1535 cuius
545 1507 618 1534 erat
648 1500 818 1532 excellens
852 1499 1021 1538 eruditio,
1058 1505 1092 1531 et
1115 1498 1175 1543 qui

187 1556 365 1590 iudicabat
391 1553 540 1585 multum
566 1551 597 1582 ei
624 1549 842 1593 profuturam
867 1560 938 1581 esse
956 1546 1105 1581 Lutheri
1125 1549 1176 1581 fa—

188 1605 437 1639 miliaritatem.
491 1600 597 1634 Venit
619 1600 725 1642 igitur
746 1598 820 1632 Deo
847 1597 931 1631 haec
958 1599 1104 1632 consilia
1129 1600 1174 1632 ita

190 1657 408 1700 gubernante
445 1654 595 1685 Ioannes
628 1648 878 1692 Bugenhagius
915 1649 1177 1691 Witebergam,

189 1720 282 1741 anno
306 1704 512 1740 millesimo,
542 1700 842 1746 quingentesimo,
868 1700 1032 1733 vicesimo
1052 1700 1178 1744 primo,

191 1758 295 1802 paulo
319 1763 398 1788 ante
416 1755 479 1788 iter
496 1750 643 1786 Lutheri
660 1751 700 1783 ad
720 1757 932 1784 conventum
953 1750 1178 1794 Imperatoris

190 1807 308 1841 Caroli
326 1806 368 1840 V.
389 1805 448 1850 qui
466 1816 504 1836 eo
520 1810 676 1846 tempore
698 1802 765 1835 fuit
780 1801 817 1833 in
835 1802 920 1834 urbe
940 1801 1178 1844 vangionum,

192 1858 342 1891 addebat
358 1857 427 1888 iam
445 1855 482 1887 in
497 1854 572 1886 viro
591 1854 692 1886 docto
712 1859 744 1885 et
766 1864 839 1885 non
856 1852 955 1892 rudi,
977 1860 1069 1885 aetas
1083 1852 1178 1884 iudi-

192 1909 236 1942 cii
263 1907 480 1950 gravitatem.
533 1902 670 1947 Agebat
694 1904 786 1936 enim
812 1915 945 1936 annum
964 1910 1128 1947 quartum
1146 1909 1179 1936 et

192 1958 419 1993 tricesimum.
472 1954 525 1988 De
545 1954 666 1987 multis
684 1954 790 1997 igitur
813 1954 993 1987 doctrinae
1012 1954 1179 1987 membris

192 2021 271 2043 cum
294 2005 451 2041 Luthero
477 2005 701 2050 colloquitur,
759 2003 882 2038 Postea
917 2002 1095 2038 Lutberus
1125 2016 1179 2037 re-

193 2061 292 2093 diens
323 2071 362 2091 ex
392 2062 568 2090 conventu
598 2055 785 2088 abducitur
808 2055 846 2087 in
874 2067 972 2088 suam
993 2053 1180 2095 Pathmon,

193 2118 227 2144 et
247 2109 383 2143 circiter
399 2107 584 2141 biennium
602 2104 687 2138 hinc
702 2106 809 2141 abest.

298 2160 430 2192 interea
455 2157 550 2190 ducit
579 2167 723 2189 uxorem
749 2155 803 2188 vir
822 2154 991 2190 honestus
1009 2163 1040 2190 et
1059 2157 1181 2190 doctus

196 2210 319 2243 Pastor
342 2208 518 2242 Ecclesiae
540 2205 828 2249 Kembergensis,
867 2207 928 2250 qui
958 2218 1037 2239 cum
1069 2207 1181 2240 iussus

196 2268 281 2294 esset
297 2271 415 2293 causas
432 2269 622 2302 exponere,
648 2269 709 2290 cur
725 2268 788 2290 nec
811 2256 987 2300 pontificia
1002 2258 1092 2299 lege,
1119 2270 1182 2291 nec

196 2318 276 2344 voto
318 2309 556 2353 impediantur
601 2308 762 2350 coniugia
809 2307 979 2340 divinitus
1026 2308 1182 2351 probata,

197 2372 342 2403 magnae
367 2358 423 2393 bic
448 2359 701 2403 disputationes
727 2365 821 2391 ortae
845 2365 943 2396 sunt,
969 2357 1026 2391 An
1044 2365 1180 2392 tantum

196 2411 372 2456 pontificia
397 2411 470 2452 lege
496 2410 697 2452 coniugium
724 2409 962 2442 sacerdotibus
982 2410 1181 2452 ademptum

197 2462 263 2495 sit?
304 2472 349 2493 an
365 2461 503 2493 accedat
520 2460 663 2493 votum'?
705 2458 762 2492 An
782 2466 901 2492 votum
922 2457 1181 2493 Monacborum

197 2513 241 2545 sit
258 2511 370 2544 maius
386 2510 590 2543 vinculum‘?
628 2509 834 2543 Consulitur
852 2508 1029 2544 Lutherus
1048 2511 1182 2549 absens,

197 2562 258 2608 qui
274 2573 355 2594 mox
372 2560 629 2605 propositiones
651 2561 693 2593 de
717 2561 806 2594 votis
832 2568 865 2595 et
892 2561 1019 2594 deinde
1042 2561 1184 2601 librum,

197 2613 258 2658 qui
274 2619 383 2651 extat,
409 2610 531 2643 mittit:
561 2610 597 2642 in
619 2623 706 2654 quo,
733 2618 771 2644 ut
790 2610 990 2645 Alexander
1007 2611 1183 2645 Gordium

197 2664 331 2697 nodum
356 2662 519 2702 dissecat,
552 2661 599 2694 ita
631 2661 772 2705 laqueos
801 2669 833 2696 et
861 2663 975 2706 legum
997 2663 1183 2707 impiarum

745 106 902 141 DECL.
945 105 1017 141 DE
1053 106 1195 143 VITA
1230 106 1618 144 BUGENHAGH.

2121 113 2194 146 300

1213 202 1244 228 et
1261 200 1420 226 votorum
1432 193 1620 236 impiorum
1638 206 1707 228 una
1718 191 1878 227 machera
1895 195 2047 229 discidit.
2083 194 2195 230 Erant

1214 252 1296 278 tunc
1320 243 1536 276 convictores
1559 243 1603 280 D.
1627 243 1783 289 Philippi
1806 243 1930 278 Petrus
1953 245 2147 281 Suavenius
2163 255 2196 281 et

1215 292 1473 337 BugenbagiuS.
1525 292 1613 326 Cum
1644 295 1750 338 igitur
1776 296 1812 327 in
1846 307 1951 327 coena
1987 297 2197 339 propositio-

1217 357 1275 378 nes
1300 342 1445 377 Lutheri
1470 341 1656 387 Philippus
1682 346 1884 389 accepisset,
1918 346 2000 388 legit
2025 353 2055 379 et
2078 347 2199 390 relegit

1217 401 1346 429 attente
1382 394 1638 438 propositiones
1661 393 1928 438 Bugenbagius,
1964 403 1997 429 et
2027 409 2103 429 cum
2136 397 2200 429 ali-

1218 445 1375 491 quandiu
1398 445 1523 478 tacitus
1549 445 1825 488 magnitudinem
1848 447 1897 478 rei
1916 447 2097 489 cogitaret,
2124 454 2201 480 tan-

1218 499 1295 529 dem
1324 495 1456 540 inquit:
1489 494 1584 528 Haec
1607 507 1661 528 res
1684 495 1912 528 mutationem
1939 498 2071 540 publici
2096 504 2202 531 status

1218 546 1357 586 efficiet,
1391 546 1550 578 doctrina
1587 553 1667 580 ante
1698 543 1761 579 has
1790 546 2046 589 propositiones
2075 548 2201 581 tradita

1218 609 1290 630 non
1314 603 1478 629 mutasset
1495 596 1676 640 publicum
1699 603 1837 630 statum.
1891 595 1985 630 Haec
2004 605 2085 632 sunt
2103 599 2202 631 initia

1220 647 1439 681 liberationis
1457 644 1715 680 Monacborum
1738 658 1817 680 vere
1833 647 1985 682 recitata.

1321 723 1442 757 Postea
1474 721 1756 761 Carolostadius,
1791 736 1834 756 ne
1867 730 2003 757 tantum
2029 725 2206 758 videretur

1221 772 1368 807 Lutberi
1387 774 1486 806 miles
1501 780 1561 806 aut
1577 770 1924 820 ὃευτεραγωνίστης,
1955 775 2097 819 propria
2114 775 2205 808 bella

1222 825 1349 863 movit,
1382 825 1530 857 alterum
1557 825 1599 857 de
1627 824 1748 857 statuis
1773 825 1959 866 tollendis,
1990 826 2139 859 alterum
2165 826 2207 858 de

1222 876 1357 918 legibus
1366 874 1474 908 Moisi
1491 875 1527 907 in
1543 874 1660 908 sorum
1679 874 1908 918 recipiendis,
1934 887 1972 908 ac
1988 882 2116 910 statuas
2135 876 2207 919 pri-

1223 927 1292 959 vati
1316 926 1457 970 quidam
1481 925 1645 958 seditiose
1672 937 1711 957 ex
1730 925 1860 969 templo
1880 926 2061 961 tollebant.
2115 925 2208 968 Quia

1225 988 1305 1009 vero
1328 977 1447 1009 aberat
1471 973 1665 1015 Lutherus‚
1699 976 1891 1009 multorum
1918 976 2026 1008 animi
2047 976 2209 1009 clamori-

1224 1028 1289 1060 bus
1321 1025 1555 1060 Carolostadii
1585 1026 1839 1067 turbabantur,
1873 1027 1931 1059 sed
1961 1027 2210 1060 adversabatur

1225 1077 1256 1110 ei
1278 1077 1428 1119 graviter
1452 1074 1719 1120 Bugenhagius‚
1754 1084 1786 1111 et
1812 1076 1993 1110 seditiosas
2019 1084 2210 1110 statuarum

1225 1128 1423 1160 eversiones
1456 1126 1687 1170 improbavit,
1723 1133 1756 1160 et
1787 1127 1829 1160 de
1859 1127 2000 1160 iudiciis
2024 1134 2056 1160 et
2076 1128 2212 1170 legibus

1226 1177 1398 1212 Romanis
1421 1178 1557 1210 erudite
1581 1177 1751 1217 ostendit,
1786 1189 1859 1210 non
1892 1184 2052 1221 oportere
2077 1184 2213 1211 nostras

1226 1227 1365 1269 politias
1388 1227 1631 1259 transformari
1654 1227 1691 1258 in
1716 1226 1903 1261 Iudaicam.
1970 1227 2046 1260 Hae
2070 1236 2214 1262 contro-

1227 1276 1357 1308 versiae
1381 1288 1458 1307 cum
1485 1277 1719 1316 agitarentur,
1747 1278 1835 1308 redit
1863 1275 1932 1311 huc
1955 1276 2150 1317 Lutherus‚
2176 1285 2213 1310 ut

1227 1324 1371 1357 dissidia
1401 1324 1540 1356 tolleret
1569 1330 1601 1356 et
1633 1324 1924 1367 tranquillitatem
1960 1323 2065 1358 huius
2093 1325 2214 1359 Eccle-

1228 1375 1295 1408 siae
1314 1374 1525 1407 restitueret.
1577 1372 1654 1406 Hoc
1670 1380 1825 1417 tempore
1847 1373 2095 1419 Bugenhagius
2113 1376 2216 1410 Psal-

1230 1425 1356 1459 terium
1383 1424 1576 1462 enarravit,
1618 1431 1650 1456 et
1681 1424 1897 1458 iuventutem
1929 1427 2062 1459 utiliter
2087 1428 2216 1467 docuit,

1229 1483 1260 1508 et
1289 1476 1326 1506 in
1358 1476 1486 1507 tuenda
1517 1474 1703 1506 concordia
1735 1480 1767 1506 et
1793 1486 1875 1517 pace
1902 1472 2007 1507 huius
2030 1473 2216 1517 Ecclesiae,

1230 1525 1504 1558 moderationem
1530 1530 1562 1556 et
1586 1523 1818 1557 constantiam
1846 1525 2007 1557 eximiam
2034 1528 2215 1568 praestitit.

1230 1575 1347 1618 Quare
1365 1575 1545 1619 aliquanto
1563 1581 1639 1617 post
1653 1574 1952 1607 consentientibus
1969 1575 2142 1619 suffragiis
2153 1577 2216 1611 Se—

1230 1633 1331 1658 natus
1350 1624 1557 1658 Academiae
1574 1631 1606 1657 et
1622 1626 1771 1658 Senatus
1789 1625 1909 1668 oppidi
1922 1652 1930 1663 ,
1957 1626 2067 1659 factus
2083 1635 2133 1661 est
2150 1627 2215 1660 Pa-

1230 1683 1301 1709 stor
1325 1674 1499 1708 Ecclesiae
1524 1674 1829 1717 VVitebergensiS,
1862 1688 1965 1719 quam
1985 1675 2060 1709 Deo
2078 1678 2217 1712 iuvante

1230 1727 1286 1770 pie
1305 1733 1336 1759 et
1352 1726 1524 1759 foeliciter
1542 1726 1578 1757 in
1604 1736 1728 1768 magna
1747 1726 1912 1759 varietate
1935 1733 2133 1771 temporum
2152 1740 2216 1771 gu—

1231 1777 1393 1811 bernavit
1411 1788 1521 1809 annos
1540 1788 1597 1808 sex
1617 1783 1649 1809 et
1672 1775 1825 1818 triginta.

1331 1853 1402 1886 'Nec
1429 1864 1446 1884 a
1464 1865 1524 1885 sua
1543 1852 1691 1885 statione
1711 1852 1866 1885 discessit
1891 1859 2034 1896 propter
2052 1852 2217 1896 pestilen-

1232 1905 1315 1938 tiam
1342 1911 1375 1937 et
1402 1903 1510 1940 bella,
1543 1901 1702 1947 Cumque
1726 1903 1768 1935 ad
1791 1914 1933 1945 magnas
1950 1915 2049 1945 opes,
2078 1909 2109 1935 et
2128 1902 2218 1947 Epi—

1233 1955 1327 1999 scopi
1353 1954 1575 1998 splendorem
1604 1954 1638 1985 in
1666 1952 1815 1986 Daniam
1845 1960 1878 1986 et
1906 1953 1941 1985 in
1960 1952 2216 1990 Pomeraniam,

1234 2013 1266 2039 et
1289 2005 1431 2050 quidem
1459 2004 1502 2037 ab
1526 2004 1658 2047 optimo
1679 2015 1757 2046 rege
1781 2011 1813 2037 et
1838 2004 1881 2036 ab
1905 2003 2038 2047 optimo
2055 2002 2219 2047 Principe

1234 2062 1434 2095 vocaretur,
1460 2066 1642 2099 nunquam
1659 2054 1771 2087 voluit
1790 2052 1883 2087 hunc
1901 2061 2040 2087 tenuem
2056 2054 2217 2087 nidulum

1234 2107 1440 2151 relinquere.
1494 2105 1545 2138 Ac
1563 2117 1662 2149 saepe
1679 2105 1851 2138 dicentem
1869 2105 2087 2144 audivimus,
2114 2104 2219 2137 intel-

1234 2158 1340 2200 ligere
1364 2168 1400 2190 se
1424 2163 1593 2201 quantum
1626 2167 1716 2189 onus
1741 2156 1786 2189 sit
1819 2155 1993 2200 quaelibet
2020 2153 2219 2195 Academia,

1236 2209 1316 2254 quia
1344 2208 1425 2240 inde
1449 2206 1722 2239 difficilimarum
1746 2206 2061 2239 controversiarum
2087 2205 2220 2238 diiudi-

1236 2259 1325 2292 catio
1342 2258 1481 2302 petitur,
1509 2264 1540 2290 et
1560 2257 1708 2290 liberum
1727 2264 1775 2290 est
1791 2257 1906 2289 dicere
1921 2256 2126 2288 sententiam
2146 2255 2220 2289 cui-

1236 2311 1338 2347 libet,
1366 2309 1468 2342 etiam
1486 2308 1656 2350 ingratam
1674 2307 1791 2347 alteri,
1820 2318 1853 2339 se
1873 2318 1971 2350 posse
1990 2303 2118 2338 habere
2137 2318 2220 2349 opes

1237 2368 1268 2394 et
1295 2359 1427 2397 otium,
1458 2359 1485 2391 si
1508 2359 1550 2392 sit
1574 2358 1677 2397 alibi,
1711 2365 1742 2391 et
1760 2363 1874 2390 tenere
1895 2357 1998 2389 talem
2018 2357 2155 2397 locum,
2182 2357 2219 2388 in

1237 2423 1306 2456 quo
1322 2411 1393 2443 suis
1410 2410 1590 2443 sententiis
1602 2420 1673 2441 non
1692 2408 1792 2440 facile
1809 2407 1868 2439 alii
1886 2408 2133 2454 adversentur,
2160 2407 2216 2440 sed

1235 2469 1352 2495 tamen
1370 2473 1405 2494 se
1423 2461 1466 2493 ab
1479 2458 1668 2494 Academia
1684 2470 1757 2491 non
1775 2458 2007 2491 discessurum
2025 2469 2113 2497 esse,
2139 2457 2221 2502 quia

1237 2525 1307 2545 non
1336 2511 1471 2545 dubitet
1493 2508 1583 2543 hanc
1600 2509 1836 2546 vocationem,
1864 2510 1904 2541 ad
1932 2509 2039 2541 solius
2062 2508 2220 2541 ministe-

1236 2564 1278 2595 rii
1301 2562 1492 2606 evangelici
1510 2561 1646 2594 labores
1663 2566 1695 2592 et
1717 2559 1867 2603 pericula
1885 2559 2026 2597 factam,
2061 2559 2219 2592 divinam

1237 2626 1328 2653 esse,
1357 2625 1419 2646 nec
1444 2624 1479 2645 se
1504 2611 1589 2644 alibi
1609 2611 1802 2654 voluptates
1820 2617 1853 2644 et
1874 2622 1956 2654 opes
1980 2609 2219 2654 quaesiturum

1237 2676 1325 2705 esse,
1361 2676 1425 2697 nec
1450 2675 1484 2696 se
1512 2673 1627 2695 amare
1657 2661 1879 2706 tyrannides,
1914 2661 1971 2694 sed
2001 2660 2218 2705 aequabilem
