2324 2955
231 126 302 162 855

229 213 340 245 dicax.
391 204 555 240 Exulavit
583 202 619 233 in
646 198 776 244 Cypro.
835 196 960 229 Postea
984 196 1121 229 rediens
1142 197 1206 230 tri-

233 263 326 305 ginta
364 256 473 289 millia
511 252 720 285 ludaeorum
761 247 964 284 trucidavit,
1019 253 1051 279 et
1093 248 1205 289 co'e'git
1257 255 1347 282 octo.

232 310 386 352 captivos
405 304 494 336 vesci
514 302 774 335 interfectorum
795 298 894 329 eadm
907 297 1031 329 eribus.
1069 296 1203 330 Harum

232 356 457 392 horribilium
476 352 709 386 calamitatum
727 354 934 391 spectatores
948 348 1090 380 suerunt
1105 348 1204 380 multi

231 406 341 441 sancti
357 403 536 440 homiues,
564 401 624 445 qui
645 407 726 433 tuuc
747 399 926 437 vixerunt,
954 397 1111 436 Simeon,
1140 397 1206 429 Za-

231 456 365 491 cliarias
384 453 533 487 etmulti
552 451 622 490 alii,
650 462 718 494 quo
736 455 889 491 tempore
907 448 1010 480 simul
1030 448 1065 479 in
1081 446 1206 479 Iudaea

231 509 353 540 fratres
371 506 462 537 inter
479 515 513 535 se
535 500 731 545 parricidiis
748 498 943 537 certabant,
970 496 1207 537 Aristobulus,

232 557 430 598 Antigonus
449 560 479 585 et
497 551 694 586 Alexander
713 548 872 580 lanueus.

337 608 392 639 11.
426 600 795 637 PtolemaeusAuletes
814 595 1206 640 paterCleopatraeAn-

232 656 340 695 lonii,
376 654 518 687 exulans
542 651 687 684 Romae.
747 648 882 681 Deinde
908 648 1070 680 reductus
1091 647 1127 680 in
1153 660 1207 680 rc-

232 718 338 750 gnum
359 716 419 749 per
438 703 642 737 Gabinium.

337 756 392 789 12.
428 753 646 786 Ptolemaeus
674 748 886 792 Dionysius,
926 747 1032 779 frater
1058 745 1207 790 Cleopa-

233 815 323 845 trae,
351 804 410 849 qui
432 802 637 844 Pompeium
657 799 848 838 interfecit,
883 804 915 829 et
940 803 1056 840 postea
1077 796 1205 830 lulium

232 856 414 890 Caesarem
440 851 593 895 bospitio
627 856 806 893 exceptum
836 847 1032 890 opprimere
1063 854 1206 880 conatus

233 913 293 939 est.
346 905 413 937 Sed
432 914 509 935 cum
529 900 639 933 Iulius
656 900 782 933 Caesar
798 898 933 939 maguis
949 897 1087 940 praeliis
1104 898 1205 930 vicis-

231 963 281 988 set
300 954 486 987 exercitum
506 951 656 993 regium,
680 962 737 982 rex
763 949 798 980 iu
826 945 951 990 scapha
974 947 1125 989 effugere
1149 959 1206 980 co-

232 1012 351 1044 natus,
379 1004 471 1036 inter
487 1002 622 1034 collisas
639 1010 742 1032 naves
761 999 796 1030 in
823 997 973 1030 tumultu
997 997 1205 1039 fugientium

234 1067 351 1088 eversa
370 1053 491 1098 cymba
511 1051 547 1083 in
570 1050 659 1082 mari
678 1049 790 1092 periit.

233 1117 379 1147 regnum
412 1102 634 1144 Cleopatrae,
677 1110 764 1142 quae
795 1103 873 1140 post
904 1102 1051 1127 mortem
1090 1097 1207 1128 fratris

231 1167 339 1200 usque
372 1154 414 1185 ad
443 1162 575 1184 annum
607 1147 748 1181 Octavii
780 1145 928 1188 Augusti
960 1145 1207 1178 duodecimum

232 1204 408 1246 regnarit,
448 1214 517 1246 quo
542 1211 632 1232 auno
658 1198 737 1231 victi
764 1196 941 1231 Antonius
961 1195 1001 1227 'et
1025 1195 1206 1238 Cleopatra

233 1246 299 1288 sibi
317 1259 461 1285 mortem
480 1250 734 1283 consciverunt.
788 1246 853 1279 Hic
871 1245 948 1277 finis
964 1245 1029 1278 suit
1049 1245 1149 1287 regni
1176 1252 1208 1279 et

232 1302 443 1348 posteritatis
468 1300 749 1333 Ptolemaeorum
782 1297 818 1328 in
841 1296 1010 1339 Aegypto,
1076 1294 1209 1336 Postea,

230 1361 268 1387 ut
286 1355 458 1391 dicemus,
482 1348 660 1393 Aegyptus
677 1348 763 1379 sacta
783 1352 832 1379 est
850 1345 1029 1388 proxincia
1048 1344 1208 1378 Romana

233 1405 275 1437 ab
296 1403 464 1445 Augusto.

844 1046 965 1078 Postea
984 1047 1080 1079 dedit
1098 1046 1207 1079 Iulius
1232 1057 1233 1065 ¹

469 116 673 157 SCRIPTA
698 114 773 148 PII.
799 110 916 147 MEL.
944 110 1012 145 AD
1040 111 1163 147 HIST.
1190 111 1331 149 PROF.
1356 110 1420 146 ET
1447 112 1636 151 PHILOS.
1663 113 1980 152 SPECTANTIA·

2153 116 2226 153 856

1358 196 1555 231 zorobabel
1579 200 1647 232 dux
1668 199 1818 244 praefuit
1842 212 1952 233 annos
1976 201 2230 247 quinquaginta

1421 245 1642 293 Etymologia
1678 257 1742 283 est:
1787 250 1994 293 Alienigena
2028 251 2230 298 Babylonis.

1258 298 1371 330 Huius
1388 299 1518 331 mentio
1539 299 1575 331 fit
1592 300 1628 331 in
1644 298 1804 342 Ilaggaeo
1822 307 1854 334 et
1872 298 2056 334 Zacharia.

1358 346 1447 381 Resa
1461 348 1645 381 Mesollam
1657 375 1666 389 ,
1689 351 1859 383 secundus
1876 352 1963 389 dux,
1987 352 2161 394 sexaginta
2174 363 2229 384 sex

1259 408 1379 430 anuos.
1420 397 1642 443 Etymologia
1659 406 1725 431 est:
1751 399 1863 442 Caput
1880 401 2073 443 pacificum.
2117 400 2233 434 Huius

1231 464 1235 502 i
1260 455 1414 491 tempore
1447 449 1635 482 veniebant
1666 448 1914 494 lerosolymam
1941 449 2071 484 Esdras
2104 458 2137 484 et
2165 450 2233 484 Ne-

233 1489 389 1522 Duces
430 1482 709 1518 ludaeorum
753 1484 857 1524 post
900 1478 1114 1513 reditum
1156 1490 1238 1520 ex,

598 1530 841 1575 Babylone.

334 1600 526 1635 Ecclesiam
571 1599 607 1631 in
651 1598 752 1630 exilio
784 1596 1001 1641 Babylonico
1038 1597 1210 1631 mirandis

233 1653 396 1697 operibus
417 1650 548 1684 divinis
573 1655 603 1681 et
624 1654 790 1680 servatam
817 1653 848 1678 et
873 1653 1032 1679 ornatam
1064 1659 1134 1678 esse
1157 1649 1211 1678 in-

234 1703 325 1747 genti
361 1701 470 1744 gloria
504 1700 594 1732 inter
630 1708 754 1739 magna
786 1696 959 1738 pericula,
998 1695 1128 1728 (lictum
1162 1704 1210 1730 est

235 1765 337 1796 supra
363 1753 400 1783 in
423 1746 624 1782 monarchia
641 1747 790 1780 Persica.
844 1744 992 1788 Fuitque
1016 1753 1092 1787 post
1117 1747 1210 1778 redi-

235 1810 308 1836 tum
332 1814 371 1834 ex
394 1800 574 1844 Babylone
600 1797 783 1830 mediocris
809 1795 1045 1838 tranquillitas
1064 1795 1210 1829 Iudaeae
1235 1815 1236 1824 κ

234 1864 343 1896 usque
361 1852 401 1883 ad
420 1847 512 1882 Ochi
529 1856 697 1891 tempora.
749 1845 837 1878 Nam
856 1853 888 1877 ct
901 1842 1089 1895 Nehemiae
1106 1846 1208 1888 longa

234 1909 325 1936 aetas
342 1901 425 1939 suit,
453 1899 614 1931 videlicet
638 1907 812 1929 annorum
838 1901 976 1927 centum
1001 1901 1030 1926 et
1057 1896 1210 1937 triginta,

234 1953 293 1997 qui
318 1951 345 1984 si
367 1950 478 1992 attigit
504 1956 658 1990 tempora
677 1943 788 1985 Ochi,
823 1945 910 1977 vidit
937 1956 1064 1977 novam
1089 1947 1210 1989 populi

235 2002 466 2035 calamitatem
484 1999 519 2031 in
534 1998 657 2031 ultima
676 2002 823 2030 senecta.
878 1994 1080 2028 Teneantur
1095 2004 1208 2029 autem

236 2052 382 2085 nomina
400 2051 526 2082 (lurum
543 2046 816 2091 postleconiam.
872 2042 947 2077 Etsi
969 2046 1060 2077 enim
1081 2048 1209 2089 posteri

233 2102 346 2136 David
364 2112 472 2144 usque
489 2100 530 2131 ad
549 2098 774 2130 Maccahaeos
790 2096 932 2128 fuerunt
959 2096 1132 2139 principes
1151 2110 1211 2140 po-

236 2153 319 2196 puli,
347 2159 462 2184 tamen
481 2161 553 2181 nou
572 2148 801 2180 nominarunt
817 2157 850 2178 se
866 2156 973 2187 reges,
1001 2153 1037 2178 ut
1053 2147 1210 2180 existimo

236 2209 377 2246 propter
410 2199 641 2232 reverentiam
667 2196 887 2229 Persicorum
919 2207 1057 2237 regum,
1091 2209 1134 2228 ne
1160 2199 1211 2230 vi-

237 2254 401 2284 derentur
425 2250 512 2281 velle
538 2259 636 2291 pares
662 2258 730 2279 esse
758 2242 977 2284 monarchis,
1007 2249 1210 2289 praesertim

238 2313 313 2333 cum
334 2302 375 2332 ab
394 2300 439 2332 eis
459 2299 610 2341 iugentia
638 2297 802 2330 beneficia
828 2296 1049 2339 accepissent.

236 2363 303 2396 que
321 2350 568 2393 appellationes
587 2349 707 2381 (lucem
729 2347 763 2378 in
782 2346 887 2380 Luca.

340 2398 522 2439 lemnias,
566 2399 599 2430 id
634 2404 699 2434 est,
741 2403 894 2435 erectus,
938 2396 1130 2435 stabilitus,
1175 2399 1210 2430 in

237 2450 339 2483 exilio
365 2447 564 2481 honoratus.
617 2447 827 2480 Nominatur
854 2447 944 2489 apud
968 2446 1097 2479 Lucam
1114 2447 1212 2489 Neri,

237 2502 271 2534 id
297 2507 363 2537 est,
392 2499 550 2530 Lucerna
569 2509 654 2530 mea.

338 2549 451 2582 Huius
475 2548 567 2579 filius
591 2548 655 2580 suit
676 2543 877 2586 Smlthiel‚
906 2546 939 2578 id
966 2554 1032 2586 est,
1059 2548 1210 2591 postula·
1236 2566 1237 2588 1

236 2608 291 2633 tus
315 2612 332 2632 a
357 2599 442 2632 Deo.
513 2596 593 2630 Fuit
627 2604 740 2630 autem
766 2597 801 2628 in
827 2597 940 2630 reditu
966 2598 1035 2630 dux
1069 2599 1211 2641 primus,

237 2652 326 2683 tilius
343 2646 521 2683 Sealtliiel.

1103 2297 1211 2332 Sunt·
1236 2321 1238 2326 ¹

1259 496 1402 530 hemias.

1362 546 1519 581 lohanna
1544 548 1618 581 Ben
1642 548 1753 590 Resa,
1787 550 1909 583 tertius
1934 551 2022 590 dux,
2059 550 2233 594 quinqua-

1259 599 1354 640 ginta
1374 605 1456 632 tres.

1362 648 1649 682 ludasHircanus
1665 650 1819 693 primus,
1847 656 1990 694 quartus
2007 650 2094 690 dux,
2121 660 2232 682 annos

1259 699 1541 743 quatuordecim,
1567 700 1724 733 fortassis
1741 712 1779 733 eo
1797 699 2113 740 ‹lictusHircanus‚
2138 700 2233 744 quod

1259 750 1332 782 eius
1353 757 1507 792 tempore
1526 747 1650 783 Ochus
1674 751 1853 784 transtulit
1876 757 2008 793 partem
2025 750 2234 783 Iudaeorum

1259 800 1294 831 iu
1318 799 1541 838 Ilii-cuniam,
1584 800 1678 833 iuxta
1711 813 1806 833 mare
1836 801 2013 844 Caspium.
2080 799 2234 833 Praesuit

1261 848 1426 889 Iudaeae,
1455 862 1531 882 cum
1553 848 1753 883 Alexander
1771 851 1854 883 vicit
1869 850 2031 884 Darium.

1359 898 1485 944 Ioseph
1504 900 1654 943 primus,
1681 901 1825 945 quintus
1847 901 1937 940 dux,
1964 910 2075 933 annos
2096 906 2236 942 septem.

1514 1018 1620 1050 Post
1654 1017 1982 1051 Alexandrum.

1361 1095 1484 1128 Abner
1503 1095 1636 1136 Semei,
1667 1098 1737 1131 dux
1761 1105 1892 1138 sextus,
1927 1097 2092 1131 undecim
2115 1107 2236 1132 annos.

1258 1144 1376 1178 Huius
1405 1152 1562 1189 tempore
1587 1145 1807 1180 Ptolemaeus
1834 1148 1919 1189 Lagi
1945 1147 2036 1179 filius
2064 1146 2238 1191 lerosoly-

1259 1208 1350 1228 mam
1368 1196 1490 1228 fraude
1507 1196 1620 1239 coepit
1636 1196 1672 1229 in
1690 1195 1863 1238 sabbato,
1895 1197 2064 1231 simulans
2080 1208 2115 1229 se
2132 1196 2238 1229 sacri-

1260 1246 1443 1279 ficaturum
1460 1257 1540 1279 esse.

1361 1294 1420 1328 Eti
1453 1294 1640 1338 Matathia,
1683 1297 1848 1341 septimus
1874 1299 1962 1335 dux,
2006 1307 2116 1330 annos
2151 1296 2239 1328 duo-

1260 1346 1383 1380 decim.

1362 1394 1453 1428 Asar
1478 1394 1618 1436 Maluit,
1661 1403 1802 1429 octavus
1831 1397 1919 1436 dux,
1960 1396 1995 1429 id
2018 1403 2084 1436 est,
2118 1396 2238 1429 beatus

1262 1457 1460 1489 percussor,
1488 1458 1598 1479 annos
1619 1458 1756 1481 novem.

1363 1495 1473 1538 Nagid
1495 1495 1668 1536 Artaxad‚
1695 1508 1810 1529 nonus
1835 1497 1925 1535 (lux,
1952 1495 2102 1539 praefuit
2125 1506 2237 1528 annos

1262 1547 1391 1578 decem.
1460 1545 1637 1587 Significat
1662 1546 1772 1589 Nagid
1798 1547 2010 1590 principem,
2053 1544 2138 1578 Arta
2164 1557 2238 1577 ma—

1263 1607 1380 1638 gnum.
1433 1595 1539 1628 Hesid
1579 1603 1746 1629 sanctum.
1802 1595 1917 1628 Huius
1952 1603 2106 1639 tempore
2141 1595 2238 1627 missi

1262 1652 1344 1677 sunt
1363 1646 1579 1688 septuaginta
1597 1647 1801 1688 interpretes
1820 1648 1855 1678 in
1873 1645 2071 1690 Aegyptum
2094 1645 2137 1677 ad
2151 1642 2238 1677 Phi-

1261 1692 1481 1737 ladelphum,
1510 1696 1644 1740 fuitque
1662 1696 1850 1739 tranquilla
1871 1694 2008 1729 Iudaea.

1363 1744 1497 1786 Haggai
1516 1743 1590 1784 Eli,
1617 1746 1772 1777 decimus
1790 1746 1877 1780 «lux,
1912 1744 2062 1788 praefuit
2079 1750 2156 1777 octo
2174 1755 2238 1776 an—

1263 1805 1337 1826 nos.
1390 1794 1570 1835 Significat
1588 1795 1712 1827 festum
1732 1793 1795 1827 Dei
1813 1794 1889 1827 mei.
1944 1794 2055 1828 Lucas
2078 1794 2237 1827 nominat

1262 1842 1353 1882 Esli‚
1378 1844 1412 1876 id
1433 1851 1502 1884 est,
1530 1851 1715 1878 servatum.

1365 1893 1636 1934 MaslotNaum‚
1654 1894 1859 1927 undecimus
1877 1895 1957 1933 dux,
1975 1905 2087 1927 annos
2107 1900 2236 1937 septem

1262 1944 1424 1989 praefuit.
1478 1944 1656 1986 Significat
1675 1945 1857 1977 dominum
1878 1945 2084 1977 iucundum.

1363 1995 1471 2027 Amos
1482 1992 1615 2034 Sirach,
1633 1995 1948 2034 duodecimusdux,
1965 1994 2114 2038 praefuit
2128 2005 2237 2027 annos

1262 2044 1538 2090 quatuordeciim
1591 2044 1706 2078 Fortis
1723 2045 1920 2089 praeliator.

1364 2093 1535 2128 Matathia
1560 2093 1699 2135 Siloali,
1731 2096 1936 2128 tredecimus
1953 2095 2032 2127 dux.
2084 2092 2194 2127 Datus
2217 2104 2234 2126 a

1261 2145 1354 2187 Deo,
1381 2145 1485 2178 foelix
1505 2157 1562 2178 seu
1581 2146 1723 2184 missus,
1751 2146 1902 2190 praefuit
1918 2156 2028 2178 annos
2045 2145 2172 2177 decem.

1365 2193 1488 2238 Ioseph
1508 2196 1644 2236 iunior,
1669 2203 1813 2241 quartus
1834 2196 1987 2229 decimus
2005 2196 2094 2233 dux,
2119 2194 2234 2226 nomi-

1264 2253 1366 2280 natus
1392 2246 1515 2286 Arses,
1560 2244 1751 2280 honoratus
1784 2258 1802 2279 a
1831 2245 2030 2279 Ptolemaeo
2054 2242 2234 2287 Evergete‚

1264 2296 1413 2341 praefuit
1429 2308 1540 2329 annos
1556 2297 1741 2339 sexaginta.

1366 2346 1473 2379 launa
1492 2349 1663 2379 secundus
1674 2347 1864 2385 Hircanus,
1892 2344 2135 2389 quindecimus
2154 2345 2234 2384 dux,

1262 2408 1373 2430 annos
1408 2397 1567 2429 sedecim.
1637 2397 1762 2430 Multis
1797 2395 1934 2439 praeliis
1969 2394 2052 2427 vicit
2087 2394 2232 2429 Arabes.

1263 2447 1384 2480 Postea
1414 2447 1448 2479 in
1475 2447 1676 2479 defensione
1699 2446 1784 2478 arcis
1811 2445 2021 2484 cuiusdam,⁴
2042 2456 2144 2488 quam
2170 2456 2233 2487 op·-

1263 2498 1430 2540 puguavit
1455 2495 1650 2530 Antiochus
1674 2493 1921 2538 Epliiplianes,
1962 2494 2160 2527 interfectus
2183 2500 2232 2527 est

1264 2547 1320 2580 bic
1345 2547 1452 2580 launa
1476 2549 1648 2579 secundus
1670 2545 1856 2579 Hircanus.
1925 2545 2074 2589 Fuitque
2100 2551 2232 2587 postre-

1262 2609 1338 2630 mus
1355 2599 1482 2630 ducum
1504 2609 1542 2629 ex
1561 2596 1704 2640 posteris
1714 2594 1839 2630 David.
1893 2594 1980 2628 Nam
1998 2594 2124 2627 scelera
2143 2605 2231 2638 pon-

1236 2649 1391 2682 sstificum
1436 2652 1647 2680 attraxerant
1686 2643 1901 2680 Antiochum
1936 2641 2156 2688 Epiphauem
2194 2643 2230 2674 in
