2324 2955
195 119 267 153 923

196 209 351 247 postores
376 208 457 234 tunc
479 198 673 233 Domitiani
699 204 854 241 tempore
877 197 988 231 exorti
1010 206 1110 241 sunt,
1141 208 1175 235 et

199 260 237 286 ut
263 253 298 284 fit
324 252 359 283 in
385 249 561 282 erroribus
586 256 619 282 et
642 248 936 288 dissensionibus,
968 260 1040 283 uno
1063 251 1174 294 capite

198 301 338 346 Ilydrae
362 299 514 343 praeciso
539 305 657 342 postea
682 298 748 332 tria
773 305 855 332 nata
872 305 964 335 sunt.
1016 299 1087 333 Nec
1103 302 1176 334 sin-

198 351 359 393 gulorum
389 350 524 382 furores
549 349 712 384 recitabo,
765 348 834 382 Sed
861 347 951 382 hanc
974 351 1176 385 considera-

198 401 328 433 tionem
354 399 469 432 iudico
492 399 614 432 utilem
638 410 727 439 esse,
753 400 796 432 de
819 399 948 444 quibus
973 407 1176 435 controver-

197 450 256 483 siis
275 450 458 493 praecipua
477 450 608 482 suerint
626 449 814 483 certamina
832 450 869 482 in
887 448 1061 492 Ecclesia,
1088 464 1176 497 quo-

197 512 275 532 rum
299 499 427 532 similia
451 500 614 544 deinceps
637 507 730 534 mota
754 506 854 541 sunt,
881 507 914 534 et
937 498 1004 535 hoc
1023 509 1177 546 tempore

197 557 393 585 moventur.

248 599 409 642 Quatuor
425 600 566 633 fuerunt
584 601 787 645 praecipuae
803 601 1071 636 controversiae.

300 647 429 683 Prima
446 651 488 683 de
506 651 576 683 filio
593 650 676 692 Dei,
704 649 892 686 Cerinthus
910 658 942 686 et
957 651 1075 686 Ebion
1092 665 1177 686 con-

197 701 402 742 tenderunt,
449 707 585 734 tantum
624 713 695 734 esse
726 700 916 735 humanam
946 710 1108 737 naturam
1138 703 1175 736 in

196 749 351 786 Christo.
409 749 455 784 Et
488 749 579 784 nihil
608 763 680 784 esse
708 750 887 786 Christum
921 759 1107 798 antequam
1137 766 1176 787 ex

197 801 331 844 virgine
347 807 448 834 natus
465 808 531 834 est:
560 801 648 835 sicut
665 809 697 835 et
718 809 835 846 postea
852 802 1117 845 samosatenus,
1144 811 1177 838 et

199 862 317 884 recens
335 850 499 884 Servetus
515 853 782 887 contenderunt.

297 897 466 933 Secunda
491 903 728 936 controversia
752 902 819 936 fuit
843 903 968 936 similis
992 905 1176 948 anabapti-

196 951 333 991 sticiae,
355 958 393 984 ut
404 951 622 995 Carpocratis
638 960 670 986 et
685 953 895 993 multorum,
922 953 983 998 qui
1000 954 1176 989 finxerunt

196 999 415 1035 Christianos
444 1009 606 1045 oportere
632 1003 810 1036 facultates
835 1003 993 1036 conferre
1015 1004 1052 1036 in
1077 1017 1176 1037 com-

196 1063 322 1088 mune,
349 1058 380 1084 et
398 1052 634 1094 probaverunt
652 1053 873 1086 confusiones
890 1053 1092 1088 libidinum.

298 1098 425 1133 Tertia
440 1100 663 1135 suitEbionis
678 1109 709 1136 et
724 1103 913 1135 multorum
926 1103 1088 1141 aliorum,
1116 1103 1176 1148 qui

197 1151 453 1184 contenderunt
465 1158 624 1195 oportere
634 1152 764 1185 servari
774 1152 1176 1189 ceremoniasMusaicaS.

298 1198 443 1246 Quarta
461 1202 526 1235 fuit
545 1209 630 1235 tetra
648 1203 806 1236 confusio
824 1209 898 1236 orta
916 1215 956 1235 ex
973 1204 1176 1247 quaestione

196 1251 238 1283 de
270 1263 370 1284 causa
395 1251 497 1285 Mali.
556 1251 718 1285 Marcion
743 1259 775 1286 et
800 1259 880 1286 ante
904 1264 982 1286 eum
1004 1253 1175 1287 Basilides

195 1308 388 1344 posuerunt
422 1302 492 1334 duo
531 1302 704 1346 principia
744 1302 937 1344 contraria,
981 1311 1175 1345 coaeterna,

194 1349 333 1383 Bonum
359 1358 392 1384 et
408 1350 563 1391 Malum,
590 1354 669 1397 (μῦς
690 1350 752 1386 καὶ
775 1349 920 1391 σκότος;
948 1360 980 1386 et
997 1353 1175 1388 finxerunt

195 1401 339 1433 stoicam
365 1401 602 1435 necessitatem
625 1403 661 1435 in
685 1403 786 1436 bonis
804 1410 835 1436 et
852 1403 952 1436 malis
968 1404 1175 1446 actionibus,

195 1457 228 1484 et
241 1451 347 1483 multa
366 1458 566 1494 portentosa
583 1453 812 1488 deliramenta
829 1454 1053 1490 addiderunt.

296 1501 430 1535 Harum
464 1509 617 1547 quatuor
643 1509 813 1537 sectarum
847 1504 1006 1546 contagia
1039 1516 1175 1549 semper

195 1557 310 1594 postea
336 1548 524 1586 haeserunt
548 1553 583 1585 in
602 1551 768 1586 Ecclesia.
821 1551 956 1587 Omnes
978 1562 1092 1588 autem
1121 1567 1174 1589 se-

195 1608 268 1634 ctae
297 1602 340 1633 de
363 1599 519 1635 Iustz'cia
543 1615 764 1636 communem
787 1615 940 1637 errorem
963 1602 1174 1646 habuerunt,

194 1648 354 1684 homines
378 1664 450 1685 esse
474 1653 581 1686 iustos
598 1661 740 1697 propter
756 1654 897 1697 propria
914 1666 1036 1697 opera,
1063 1663 1095 1689 et
1113 1657 1173 1688 alii

196 1701 401 1744 impostores
427 1703 524 1745 plus,
558 1703 618 1735 alii
643 1704 760 1735 minus
783 1704 1045 1746 praestigiarum
1070 1706 1173 1737 addi-

194 1751 339 1791 derunt,
365 1759 403 1785 ut
426 1752 623 1785 Menander
646 1753 711 1786 fuit
730 1752 870 1796 Magus:
899 1752 1020 1799 Aliqui
1045 1755 1172 1788 imitati

196 1798 438 1843 Theogoniam
462 1801 607 1836 Hesiodi
636 1802 811 1836 finxerunt
842 1815 1001 1845 magnam
1032 1806 1171 1837 turbam

194 1849 369 1889 Deorum,
406 1863 509 1896 quam
541 1852 719 1895 allegorici
752 1853 970 1896 interpretati
1002 1861 1101 1894 sunt,
1134 1862 1172 1888 ut

193 1900 374 1934 eluderent
403 1902 599 1935 doctrinam
631 1904 674 1935 de
708 1902 779 1935 filio
804 1902 871 1936 Dei
905 1912 937 1937 et
970 1905 1013 1937 de
1036 1904 1172 1949 Spiritu

193 1957 325 1984 sancto.

293 1999 386 2034 Haec
409 2002 558 2046 praefari
583 2003 619 2035 in
642 2014 767 2045 genere
788 2004 901 2045 volui,
929 2004 1010 2049 quia
1034 2005 1170 2038 Diabo—

191 2050 243 2083 lus
274 2051 403 2084 similes
432 2052 567 2085 furores
598 2054 763 2086 omnibus
792 2054 1007 2098 temporibus
1029 2056 1171 2099 spargit,

191 2101 370 2143 paululum
396 2109 525 2136 mutata
551 2103 672 2147 specie.
724 2103 870 2137 Necesse
892 2112 941 2139 est
960 2105 1067 2147 igitur
1083 2119 1169 2139 con-

191 2150 342 2184 siderare
366 2152 541 2195 integrum
567 2165 693 2197 corpus
716 2166 816 2187 verae
838 2155 1034 2196 doctrinae,
1062 2164 1094 2190 et
1119 2164 1168 2190 te-

189 2212 270 2234 nere
287 2202 568 2236 confirmationes
583 2210 615 2237 et
631 2205 867 2238 refutationes.

291 2250 448 2285 Primum
475 2259 590 2286 autem
625 2255 879 2290 confirmentur
916 2255 966 2299 pii
999 2257 1167 2289 adversus

189 2297 255 2333 hoc
279 2301 398 2342 ingens
425 2304 626 2337 scandalum
650 2305 828 2346 videlicet,
856 2307 949 2350 quod
971 2305 1007 2339 in
1027 2314 1077 2341 tot
1094 2307 1165 2339 dis-

189 2350 286 2383 sidiis
308 2352 479 2386 dubitatio
502 2354 634 2394 oritur,
662 2356 723 2388 ubi
748 2356 792 2389 sit
816 2357 958 2390 veritas:
987 2364 1018 2390 et
1038 2369 1081 2389 an
1099 2357 1165 2389 ali-

188 2411 255 2445 qua
279 2400 321 2433 sit
339 2399 491 2436 Ecclesia
509 2404 576 2437 Dei
599 2405 762 2440 distincta
786 2418 805 2439 a
830 2407 972 2439 caeteris
990 2408 1162 2449 gentibus.

187 2449 280 2483 Huic
301 2453 465 2484 scandalo
488 2466 705 2497 opponamus
723 2456 908 2489 articulum
925 2457 1021 2490 fidei:
1050 2457 1162 2491 Credo

187 2511 258 2533 esse
286 2499 475 2534 Ecclesiam
498 2511 649 2537 sanctam
675 2504 893 2540 catholicam.
946 2505 990 2541 Et
1015 2520 1162 2553 quaera-

185 2562 280 2590 mus,
307 2563 395 2595 quae
416 2559 447 2585 et
471 2553 530 2585 ubi
554 2554 595 2587 sit
621 2555 680 2588 illa
695 2554 867 2596 Ecclesia,
894 2557 1044 2599 scilicet,
1072 2570 1160 2603 quae

183 2602 306 2633 retinet
323 2601 447 2645 scripta
466 2601 665 2646 prophetica
680 2612 709 2637 et
728 2607 916 2649 apostolica
938 2614 970 2641 et
986 2609 1159 2653 symbola:

431 115 637 152 SCRIPTA
664 113 738 148 PH.
765 111 880 147 MEL.
906 111 972 147 AD
1000 112 1126 152 HIST.
1154 111 1295 149 PROF.
1322 110 1386 145 ET
1414 108 1604 149 PHILOS.
1631 110 1948 148 SPECTANTIA.

182 2650 227 2685 Et
260 2651 459 2684 intueamur
485 2653 670 2694 miracula,
709 2667 797 2699 quae
820 2655 915 2690 Deus
944 2658 1056 2692 voluit
1086 2671 1184 2699 esse.

1211 2609 1255 2642 sit
1278 2620 1382 2649 agens
1397 2620 1528 2640 annum
1545 2613 1676 2639 sextum
1695 2613 1727 2639 et
1742 2606 2004 2648 sexagesimum.

1211 2659 1396 2702 imperium
1420 2669 1550 2690 annum
1575 2669 1705 2698 unum,
1734 2668 1869 2689 menses
1892 2664 2043 2701 quatuor
2065 2664 2096 2692 et
2115 2659 2189 2691 dies

2137 114 2212 150 924

1227 195 1426 231 testimonia
1451 193 1557 229 huius
1578 197 1771 231 doctrinae.
1840 195 2023 232 Discamus
2042 199 2145 232 etiam
2170 211 2209 232 ex

1228 249 1301 292 ipsa
1333 246 1491 280 doctrina
1523 258 1542 280 a
1574 245 1649 280 Deo
1683 248 1828 287 tradita,
1870 259 2006 292 semper
2037 247 2210 283 horribile

1228 298 1349 331 odium
1381 308 1452 330 esse
1482 296 1520 329 in
1544 295 1704 330 Diabolis
1727 305 1760 331 et
1785 298 1860 331 eius
1882 299 2022 341 organis
2044 300 2210 333 adversus

1228 346 1437 391 Ecclesiam,
1467 353 1506 381 ut
1528 347 1565 379 in
1588 347 1702 390 prima
1727 348 1895 381 concione
1914 348 2057 382 dicitur:
2087 348 2210 382 lnimi-

1229 399 1327 431 citias
1346 409 1476 442 ponam
1496 397 1588 431 inter
1605 404 1802 441 serpentem
1828 405 1860 432 et
1884 399 2079 435 mulierem.
2131 399 2210 432 Non

1229 448 1336 491 igitur
1352 448 1527 481 excutiant
1544 448 1646 481 nobis
1663 448 1765 480 fidem
1782 444 1866 481 haec
1879 449 1989 482 tristia
2007 450 2212 493 spectacula.

1230 498 1428 542 Cogitemus
1445 505 1478 532 et
1496 495 1577 531 hoc:
1605 497 1693 532 Cum
1710 498 1746 531 in
1764 498 1826 531 illo
1844 498 1929 531 flore
1943 497 2117 533 Ecclesiae
2132 507 2211 533 tan-

1230 556 1304 583 tum
1329 548 1435 582 fuerit
1458 548 1705 593 dissidiorum,
1742 546 1831 582 hanc
1855 549 2014 582 ultimam
2040 557 2211 584 senectam

1231 612 1301 633 non
1321 600 1394 632 sore
1410 599 1690 644 tranquiliorem.

1331 648 1424 692 Quia
1441 661 1521 682 vero
1539 650 1676 682 easdem
1692 648 2099 683 controversiasDiaboli
2113 661 2212 694 saepe

1231 706 1422 740 renovant,
1446 700 1599 744 pertinet
1620 701 1663 732 ad
1687 697 1871 733 historiam
1892 700 1979 733 scire
2003 700 2063 745 qui
2081 700 2212 733 suerint

1230 752 1423 785 adsertores
1455 750 1627 790 veritatis,
1670 750 1799 795 quibus
1821 750 1875 783 usi
1898 751 1967 784 sint
1989 750 2210 784 testimoniis.

1230 799 1405 834 lohannes
1427 801 1592 834 refutavit
1612 798 1820 834 Cerinthum
1842 807 1874 833 et
1890 799 2077 834 Ebionem.
2131 799 2213 834 Fuit

1229 853 1368 885 auditor
1399 849 1567 885 Iohannis
1599 850 1832 896 polycarpus,
1865 849 2060 895 Episcopus
2089 850 2212 896 Smyr·

1229 914 1313 934 nae:
1348 901 1534 947 Polycarpi
1565 901 1725 942 lreneus,
1761 901 1859 934 cuius
1888 908 1979 936 extat
2009 902 2116 940 liber,
2151 902 2211 946 qui

1229 952 1410 996 perspicue
1447 953 1604 986 defendit
1642 950 1731 985 hanc
1763 952 1988 985 sententiam:
2033 951 2138 994 Quod
2175 951 2211 984 in

1228 1000 1387 1042 Christo,
1414 1008 1496 1035 nato
1517 1014 1555 1034 ex
1574 1002 1710 1044 virgine
1727 1001 1841 1034 Maria
1861 1002 1930 1035 sint
1945 1003 2035 1035 duae
2051 1008 2211 1035 naturae:

1229 1048 1351 1097 λόγος,
1388 1058 1420 1084 et
1455 1058 1578 1084 natura
1607 1049 1761 1084 humana
1787 1053 1971 1095 adsumpta
1999 1064 2038 1084 ex
2063 1052 2209 1094 virgine.

1227 1099 1273 1134 Et
1289 1101 1383 1145 quod
1398 1097 1523 1146 Λόγος
1534 1113 1606 1132 non
1617 1101 1784 1143 significet
1795 1112 1989 1134 sermonem
2002 1113 2211 1134 evanescen-

1228 1157 1316 1188 tem,
1345 1151 1404 1183 sed
1428 1148 1539 1197 λόγον
1563 1147 1836 1196 ὑφιστάμενον,
1863 1150 1924 1195 qui
1946 1163 2082 1194 semper
2096 1152 2209 1186 adsuit

1227 1198 1422 1241 Ecclesiae,
1450 1207 1483 1234 et
1507 1212 1586 1233 cum
1612 1199 1792 1233 Abraham
1818 1206 1851 1233 et
1874 1200 1953 1234 aliis
1978 1201 2136 1245 patribus
2158 1202 2212 1235 lo-

1228 1257 1358 1296 quutus
1382 1258 1442 1284 est.
1496 1249 1612 1284 Huius
1637 1250 1817 1294 scriptoris
1841 1251 2080 1284 testimonium
2103 1253 2211 1295 prod-

1229 1308 1278 1334 est
1298 1302 1341 1334 ad
1358 1302 1633 1334 confirmandam
1651 1301 1831 1334 veritatem
1849 1299 1929 1346 περὶ
1946 1298 2096 1348 Λόγου,
2122 1314 2211 1347 quae

1228 1358 1345 1395 postea
1361 1351 1398 1383 in
1415 1351 1574 1396 symbolo
1590 1350 1723 1384 Niceno
1742 1351 1927 1389 recitatur,
1954 1363 2035 1384 nam
2047 1350 2210 1386 Irenaeus

1226 1401 1408 1435 antecessit
1424 1401 1608 1447 Synodum
1624 1400 1791 1434 Nicenam
1810 1402 1880 1434 fere
1897 1402 2056 1435 ducentis
2073 1402 2185 1436 annis.

1328 1451 1460 1485 Scribit
1485 1452 1580 1485 idem
1601 1451 1694 1484 libro
1717 1451 1840 1495 tertio,
1874 1450 2105 1497 Polycarpum
2128 1465 2210 1486 nar-

1226 1513 1319 1534 rasse
1343 1500 1524 1536 historiam
1551 1503 1594 1534 de
1619 1508 1731 1535 morte
1747 1499 1918 1537 Cerinthi.
1969 1501 2059 1536 Cum
2078 1500 2209 1536 Iohan-

1227 1564 1287 1585 nes
1304 1550 1435 1596 Ephesi
1455 1552 1605 1586 venisset
1621 1552 1657 1584 in
1675 1552 1859 1592 balneum,
1886 1559 1918 1585 et
1936 1552 1985 1585 ibi
2005 1553 2139 1586 videret
2155 1565 2207 1586 se-

1226 1603 1307 1634 dere
1323 1600 1531 1636 Cerinthum
1548 1602 1641 1635 inter
1655 1613 1736 1634 suos
1754 1602 1996 1645 applausores,
2024 1603 2209 1646 disputan-

1225 1659 1294 1684 tem
1318 1658 1351 1685 et
1373 1650 1608 1696 blasphemias
1631 1658 1751 1685 contra
1766 1652 1877 1684 filium
1895 1650 1961 1684 Dei
1977 1659 2208 1695 spargentem,

1224 1701 1312 1735 dixit
1337 1700 1512 1735 Iohannes
1534 1713 1596 1734 suo
1622 1701 1822 1741 comitatui,
1849 1700 2096 1742 Discedamus,
2125 1703 2207 1748 quia

1224 1751 1339 1784 statim
1368 1753 1494 1784 domus
1519 1752 1644 1784 obruet
1668 1757 1850 1783 sonantem
1873 1748 1935 1784 has
1960 1750 2206 1796 blasphemias,

1224 1808 1257 1834 et
1277 1802 1464 1834 auditores.
1515 1799 1663 1844 Egresso
1680 1798 1837 1834 Iohanne
1860 1801 1985 1834 domus
2002 1803 2116 1836 statim
2134 1804 2206 1837 col-

1224 1852 1318 1895 lapsa
1336 1849 1542 1885 Cerinthum
1562 1858 1594 1884 et
1611 1852 1749 1884 turbam
1767 1851 1939 1896 reliquam
1955 1854 2138 1896 oppressit.

1324 1901 1417 1935 Sunt
1447 1902 1541 1945 apud
1570 1900 1753 1935 Irenaeum
1786 1907 1818 1935 et
1848 1901 1936 1935 aliae
1968 1903 2205 1945 refutationes,

1223 1951 1326 1985 utiles
1359 1952 1489 1986 nostris
1519 1952 1737 1996 temporibus
1767 1952 1932 1985 adversus
1957 1950 2205 1997 Analiaptistas

1223 2009 1256 2036 et
1289 2002 1376 2036 alios
1410 2004 1452 2035 de
1484 2001 1749 2045 Magistratibus
1780 2008 1813 2035 et
1843 2003 2050 2037 ceremoniis
2082 2004 2204 2039 Moisi.

1221 2051 1359 2086 Rursus
1375 2060 1491 2086 autem
1507 2053 1598 2086 infra
1617 2053 1659 2086 ‹le
1676 2052 1871 2098 plaerisque
1887 2055 2132 2088 controversiis
2148 2055 2204 2088 di-

1221 2110 1328 2138 cetur.
1381 2102 1476 2137 Haec
1502 2115 1597 2136 nunc
1620 2103 1797 2136 monuisse
1820 2103 1903 2137 satis
1924 2104 1968 2137 sit
1992 2105 2036 2138 de
2061 2112 2201 2140 contro-

1221 2154 1341 2188 versiis
1359 2162 1555 2199 temporum
1574 2152 1781 2189 Domitiani.

1268 2255 1375 2290 Anno
1387 2255 1510 2288 mundi
1523 2261 1647 2300 quater
1659 2254 1845 2287 millesimo
1855 2255 2062 2296 sexagesimo
2073 2255 2200 2299 primo.

1268 2305 1375 2339 Anno
1413 2305 1548 2340 Romae
1593 2306 1882 2348 octingentesimo
1932 2306 2197 2349 quadragesimo

1420 2369 1527 2392 nono.

1266 2405 1373 2440 Anno
1390 2405 1520 2442 Christi
1537 2406 1761 2450 nonagesimo
1778 2416 1884 2438 nono.

1614 2484 1781 2516 Nerva.

1314 2555 1439 2592 Nerva
1459 2557 1622 2591 Cocceius
1640 2555 1821 2589 interfecto
1840 2553 2043 2590 Domitiano
2059 2568 2192 2591 succes-

2058 2606 2190 2641 Tenuit
