2324 2955
127 99 201 137 625

764 92 1027 133 PIIILIPPI
1067 92 1516 134 MELANTIIOMS.

2080 108 2153 144 626

126 184 288 220 assumsit
309 182 500 218 humanam
526 190 708 220 naturam,
737 189 770 216 et
788 189 827 217 ut
845 196 909 218 nos
926 183 1114 217 redimeret
1167 179 1406 225 Omnipotens
1436 182 1547 225 Dens,
1583 192 1722 221 aeterne
1747 195 1845 232 pater
1869 188 2014 224 Domini
2040 195 2152 227 nostri

126 236 355 270 inenarrabili
382 233 579 269 hnmilitate
605 246 639 266 se
657 234 832 268 voluntati
854 235 986 268 aeterni
1003 233 1112 278 patris

125 287 282 321 subiecit.
337 286 394 319 Tu
412 286 459 318 fili
475 284 541 318 Dei
553 285 704 318 Domine
718 284 794 318 lesu
805 283 946 318 Christe
962 285 1112 318 accende

124 338 163 370 in
188 337 292 370 nobis
316 347 432 369 veram
455 335 672 378 agnitionem
696 336 766 376 tui,
794 342 827 369 et
850 348 925 369 eam
949 335 987 368 in
1009 334 1112 368 nobis

125 389 292 422 confirma
316 393 436 419 contra
453 385 641 427 Diabolos‚
669 386 729 431 qui
748 386 929 419 veritatem
945 383 1112 419 horribili

124 439 207 472 odio
233 437 284 470 tui
307 443 531 480 oppugnant,
559 436 757 471 constitutis
776 437 936 469 maximis
954 436 1112 481 imperiis

124 486 371 522 Mahometicis
395 488 433 520 in
453 499 578 530 genere
601 485 777 528 humano,
805 494 839 521 et
859 487 1016 521 excitatis
1033 486 1111 520 aliis

121 537 263 581 organis
281 544 403 571 contra
420 538 568 581 gloriam
584 538 647 571 filii
664 538 743 572 Dei.

226 588 283 622 13.
328 588 399 622 Sed
430 595 590 624 teneatur
620 586 705 622 haec
738 588 939 622 firmiSsima
971 587 1109 631 regula:

122 638 344 683 Impossibile
362 645 413 673 est
429 639 522 672 ullos
539 646 657 673 coetus
673 639 869 672 reiicientes
883 639 1012 683 scripta
1028 649 1110 681 pro-

120 687 257 734 phetica
282 696 316 723 et
341 689 530 733 apostolica
555 701 627 723 esse
645 687 838 723 Ecclesiam
856 689 935 724 Dei.
990 687 1108 730 Quare

120 752 193 774 non
222 741 426 783 frangamur
449 747 638 784 conspectu
662 740 902 774 multitudinis
925 745 959 772 et
983 745 1108 782 poten-

119 791 189 824 tiae
214 788 493 832 Mahometicae,
518 791 582 825 etsi
605 791 704 825 triste
728 798 762 826 et
788 789 1007 824 horrendum
1030 800 1109 832 spe-

117 841 291 874 ctaculum
310 847 370 876 est.

221 889 279 925 14.
310 890 405 936 Papa
430 893 493 926 etsi
510 893 624 927 videri
640 893 716 926 vult
731 892 882 926 retinere
899 891 1009 925 libros
1024 902 1107 934 pro-

116 939 276 986 pheticos
299 948 333 974 et
357 943 584 987 apostolicos,
610 950 727 976 tamen
751 949 785 976 et
810 943 903 975 idola
922 942 1108 975 manifeste

118 993 295 1026 contraria
318 1000 439 1026 contra
462 993 574 1036 legem
590 991 676 1033 Dei,
703 999 735 1026 et
758 994 921 1035 dogmata
942 992 1027 1025 salsa
1045 993 1107 1024 de-

116 1042 247 1082 fendit,
281 1049 315 1075 et
343 1043 538 1077 manifestis
564 1043 757 1077 mendaciis
779 1043 876 1076 addit
903 1042 1107 1086 parricidia,

115 1099 154 1126 ut
178 1092 318 1135 agnosci
346 1094 472 1136 possit,
507 1094 582 1137 regi
604 1094 751 1127 consiIIa
772 1093 952 1137 pontificia
975 1105 995 1126 a
1019 1092 1106 1126 Dia-

115 1142 219 1184 bolo,
247 1142 307 1186 qui
325 1150 375 1176 est
393 1144 542 1176 mendax
558 1151 592 1178 et
610 1142 802 1177 homicida.

222 1190 277 1227 15.
317 1192 388 1226 Lex
413 1194 535 1226 divina
557 1200 591 1227 et
614 1193 845 1227 immutabilis
870 1191 1003 1237 inquit:
1031 1187 1118 1225 Do-A'

114 1244 253 1277 minum
275 1241 389 1276 Deum
424 1250 525 1277 tuum
555 1243 719 1276 adorabis
751 1251 784 1277 et
813 1244 844 1276 ei
875 1244 941 1276 soli
966 1244 1106 1276 servies.

114 1293 209 1337 Papa
226 1293 322 1326 iubet
338 1294 505 1328 invocare
521 1291 684 1326 homines
701 1300 880 1334 mortuOS,
905 1300 939 1327 et
955 1293 1106 1326 circum-

114 1344 183 1376 fert
219 1353 345 1387 panem
381 1344 622 1383 adorandum,
664 1356 743 1377 cum
776 1350 869 1376 extra
902 1343 1104 1376 institutum

115 1405 218 1426 usum
242 1390 334 1425 nihil
359 1390 485 1427 habeat
508 1395 680 1427 rationem
699 1393 936 1432 Sacramenfi,
963 1400 995 1426 et
1012 1394 1105 1426 mul-

114 1444 221 1486 tiplex
237 1449 288 1476 est
305 1443 342 1474 in
359 1441 466 1476 Missa
486 1444 663 1487 pontificia
683 1444 860 1476 idolorum
881 1444 1006 1477 cultus.

219 1491 277 1525 16.
317 1491 421 1525 Nunc
453 1494 557 1526 etiam
579 1493 682 1526 factio
709 1493 888 1535 pontificia
914 1493 1015 1534 fingit
1039 1505 1105 1525 no·-

113 1555 197 1576 vum
221 1542 506 1578 deliramentum.
560 1541 621 1576 Ait
640 1549 779 1575 sanctos
799 1543 1015 1575 invocandos
1033 1555 1104 1575 esse

112 1600 153 1627 ut
175 1592 407 1634 mediatores,
433 1591 615 1626 Christum
640 1599 777 1626 tantum
800 1599 839 1626 ut
857 1591 993 1633 Deum,
1021 1593 1104 1638 quia

113 1650 250 1678 tantum
267 1643 375 1676 suerit
391 1644 563 1676 mediator
580 1643 617 1676 in
636 1643 810 1687 passione.

217 1693 273 1727 17.
309 1692 402 1726 Iluic
428 1694 662 1727 deliramento
688 1694 902 1738 opponimus
919 1693 1009 1726 dicta
1026 1692 1103 1728 Ro-

113 1756 179 1777 ma.
196 1743 246 1779 8.:
274 1742 346 1785 Qui
369 1749 419 1776 est
445 1744 482 1775 in
507 1744 628 1777 dextra
646 1744 730 1783 Dei,
756 1745 819 1789 qui
842 1750 875 1777 et
903 1744 1103 1787 interpellat

114 1807 178 1839 pro
196 1794 310 1827 nobis.
363 1791 586 1827 EtEbre.7.:
615 1792 763 1838 Semper
778 1794 911 1834 vivens,
937 1801 977 1828 ut
992 1795 1103 1827 inter-

113 1845 221 1890 pellet
243 1856 307 1889 pro
332 1844 391 1877 eis.
443 1842 490 1878 Et
510 1844 546 1876 in
564 1843 722 1878 Psalmo:
748 1843 805 1877 Tu
823 1856 858 1877 es
877 1844 1046 1878 Sacerdos
1066 1845 1102 1878 in

112 1903 293 1930 aeternum
321 1896 515 1928 secundum
538 1894 700 1927 ordinem
723 1893 1002 1930 Melchizedeeh.
1056 1893 1103 1928 Et

114 1948 186 1991 ipse
204 1945 335 1991 inquit:
364 1944 544 1990 Quicquid
563 1945 734 1989 petieritis
751 1953 886 1990 patrem
905 1946 940 1977 in
959 1946 1103 1979 nomine

113 2008 210 2037 meo,
235 1996 334 2030 dabit
353 1997 463 2030 vobis.

217 2046 274 2081 18.
318 2045 497 2080 Mediator
524 2053 575 2080 est
599 2058 746 2091 persona
774 2046 945 2081 divinitus
972 2048 1103 2081 consti-

112 2105 208 2139 tuta,
233 2104 272 2130 ut
295 2108 356 2130 sua
381 2097 504 2130 merita
529 2109 593 2141 pro
617 2097 720 2130 nobis
747 2097 888 2138 offerat,
915 2105 948 2131 et
973 2099 1016 2132 sit
1041 2099 1102 2130 de-
1128 2110 1130 2122 >

112 2148 305 2193 precatrix,
340 2154 373 2181 et
404 2145 531 2181 habeat
565 2148 834 2192 promissionem
868 2150 963 2194 quod
998 2161 1102 2182 exau-

112 2200 240 2238 diatur.

217 2249 275 2284 19.
314 2249 418 2283 Solus
442 2250 549 2292 igitur
573 2249 666 2281 silius
691 2248 755 2282 Dei
783 2247 958 2282 Dominus
983 2256 1102 2282 noster

114 2299 208 2333 Iesus
224 2298 385 2334 Christus
409 2307 460 2334 est
483 2300 671 2338 mediator,
700 2306 733 2333 et
752 2312 881 2332 nomen
899 2300 1101 2334 mediatoris

116 2361 283 2394 personae
300 2351 482 2395 competit,
509 2362 598 2395 quae
616 2358 665 2384 est
684 2348 778 2383 Deus
797 2358 829 2384 et
846 2348 964 2383 homo.

214 2400 274 2435 20.
299 2398 428 2434 Omnis
443 2413 523 2435 vera
542 2401 732 2439 invocatio,
760 2412 848 2445 quae
866 2402 903 2434 lit
919 2402 960 2434 ad
973 2399 1100 2440 Deum,

114 2462 251 2495 semper
274 2451 489 2494 intelligatur
512 2452 697 2496 complecti
721 2450 881 2492 Patrem,
914 2451 1045 2485 Filium
1069 2458 1103 2484 et

114 2501 286 2544 Spiritum
305 2508 481 2543 sanctum,
505 2503 601 2537 iuxta
622 2503 774 2536 dictum:
805 2501 909 2535 Pater
925 2513 1023 2534 meus
1042 2513 1101 2534 us-

114 2563 182 2597 que
214 2553 320 2586 modo
350 2559 531 2597 operatur,
569 2560 604 2588 et
633 2551 710 2594 Ego
742 2564 881 2597 operor.
947 2551 993 2586 Et
1027 2564 1099 2584 non

113 2603 316 2646 agnoscitur
351 2610 466 2647 pater,
500 2604 569 2637 nisi
595 2611 629 2638 et
649 2604 741 2638 filius
765 2609 988 2647 agnoscatur.
1053 2601 1100 2636 Et

114 2655 163 2687 sic
186 2653 418 2687 discernimus
434 2660 589 2688 nostram
605 2654 866 2690 invocationem
886 2655 930 2688 ab
945 2652 1099 2689 ethnica:

164 2705 342 2737 Illi-:exarn-
366 2707 469 2739 Oeen.
499 2706 581 2740 Vos.
595 2707 674 2741 XII.

1167 230 1244 264 Iesu
1260 232 1403 267 Christi.
1456 234 1500 269 Et
1520 236 1645 271 usitate
1665 239 1809 273 dicitur:
1836 239 1941 274 Pater
1958 250 2076 276 noster
2092 246 2152 288 qui

1167 293 1202 314 es
1228 282 1264 314 in
1289 285 1412 324 coelis,
1440 282 1507 319 hoc
1531 287 1606 319 loco
1624 287 1727 322 Pater
1750 297 1800 324 est
1827 293 1994 327 essentiae
2010 306 2153 335 nomen,

1164 344 1238 366 non
1255 340 1391 367 tantum
1411 336 1517 369 unius
1535 350 1715 381 personae.

1266 393 1325 425 21.
1352 392 1498 438 Semper
1516 396 1623 439 igitur
1633 396 1746 431 Filius
1762 405 1914 445 utroque
1932 404 2037 436 modo
2049 403 2152 438 invo-

1163 443 1296 476 candus
1326 450 1394 484 est,
1428 451 1461 478 et
1492 458 1569 479 cum
1591 446 1694 481 Patre
1718 461 1757 482 ac
1782 449 1918 494 Spiritu
1940 460 2077 495 sanem,
2112 463 2153 489 ut

1163 491 1259 526 Deus
1283 494 1385 527 dator
1408 495 1596 530 bonorum.
1660 497 1707 533 Et
1731 506 1770 533 ut
1797 502 1988 542 mediator,
2023 505 2151 539 missus

1162 555 1201 576 ac
1219 543 1449 579 intercedens.
1500 546 1611 592 quue
1628 560 1806 583 servamus
1825 551 1860 583 in
1879 553 1990 586 forma
2008 555 2149 589 usitata:

1163 591 1403 637 Omnipotens
1426 595 1538 638 Deus,
1571 605 1711 632 aeterne
1738 599 1841 634 Pater
1867 600 2014 636 Domini
2038 606 2149 639 nostri

1162 643 1241 677 lesu
1259 643 1409 687 Christi,
1435 654 1571 680 creator
1594 661 1673 682 cum
1690 648 1784 683 Filio
1812 658 1843 684 et
1861 651 1999 695 Spiritu
2016 662 2149 695 sancto,

1161 696 1318 738 sapiens,
1352 708 1475 738 verax,
1507 699 1619 740 bone,
1647 700 1863 742 misericors,
1891 703 2055 737 miserere
2080 708 2149 738 mei

1160 753 1304 789 propter
1334 746 1446 780 filium
1472 754 1592 789 tuum,
1625 748 1821 783 Dominum
1848 760 2006 787 nostrum
2035 753 2150 789 Iesum

1160 793 1362 837 Christum,
1394 798 1598 832 crucifixum
1621 811 1685 843 pro
1709 802 1813 835 nobis
1837 810 1869 836 et
1893 805 2149 849 resuscitatum,

1160 858 1263 890 quem
1290 848 1433 882 voluisti
1458 860 1520 892 pro
1547 851 1651 883 nobis
1676 863 1748 885 esse
1773 852 1962 895 victinam,
1995 854 2148 901 μεσίτην

1158 895 1220 930 καὶ
1250 895 1391 941 ἱκέτην,
1429 905 1463 932 et
1492 900 1640 934 iustifica
1670 914 1725 935 me
1755 910 1900 947 propter
1929 917 2007 937 eum
2033 913 2065 940 et
2087 919 2149 950 per

1159 959 1239 980 eum
1252 974 1261 988 ,
1287 954 1321 980 et
1339 949 1513 981 sanctifica
1533 961 1588 982 me
1606 950 1741 994 Spiritu
1760 961 1878 987 sancto
1897 962 1955 989 tuo
1973 963 2035 990 etc.
2090 957 2150 990 Sic

1160 998 1234 1040 ipse
1257 996 1359 1031 dicit:
1389 997 1575 1043 Quidquid
1601 1002 1772 1043 petieritis
1798 1011 1929 1046 patrem
1951 1006 1985 1037 in
2003 1008 2148 1041 nomine

1158 1060 1256 1088 meo,
1285 1048 1319 1080 id
1338 1055 1405 1088 est,
1433 1061 1489 1082 me
1506 1051 1709 1092 nominato,
1735 1054 1915 1087 credentes
1932 1067 1990 1088 vos
2007 1064 2150 1101 propter

1159 1111 1214 1132 me
1238 1098 1395 1131 exaudiri
1424 1105 1487 1134 etc.
1540 1099 1642 1134 Certe
1665 1103 1741 1135 vult
1764 1105 1904 1145 agnosci
1932 1113 1964 1139 et
1989 1106 2148 1141 invocari

1159 1149 1283 1188 etiam,
1308 1156 1347 1182 ut
1371 1150 1532 1182 sacerdos
1550 1158 1582 1185 et
1600 1152 1762 1186 assiduus
1782 1155 1986 1197 deprecator
2004 1169 2066 1200 pro
2084 1171 2149 1191 no-

1157 1200 1232 1239 bis,
1270 1205 1301 1232 et
1335 1200 1546 1234 nominatim
1579 1199 1646 1236 hoc
1678 1203 1769 1244 dici,
1803 1205 1846 1238 da
1878 1204 1973 1240 Deus
2005 1216 2148 1253 propter

1157 1250 1280 1284 filium.

1259 1301 1321 1336 22.
1350 1300 1408 1335 Sic
1422 1301 1593 1337 etDaniel
1611 1311 1784 1348 precatur:
1813 1304 1951 1341 Exaudi
1969 1321 2031 1342 nos
2043 1310 2149 1350 Deus,

1158 1363 1231 1383 non
1257 1358 1402 1394 propter
1426 1353 1601 1386 iusticiam
1625 1362 1803 1397 nostram,
1837 1358 1896 1390 sed
1924 1371 1986 1402 per
2010 1360 2148 1393 miseri-

1157 1401 1313 1433 cordiam
1326 1428 1335 1442 ,
1363 1410 1508 1446 propter
1526 1402 1734 1440 Dominum.

1258 1459 1319 1493 23.
1352 1459 1490 1494 Multae
1506 1469 1587 1495 sunt
1601 1464 1703 1496 etiam
1720 1465 1808 1498 aliae
1823 1470 2042 1512 corruptelae
2059 1484 2149 1515 pon-

1157 1508 1282 1540 tificiae
1307 1509 1344 1541 in
1370 1511 1529 1543 doctrina
1548 1513 1590 1544 de
1608 1513 1700 1555 lege,
1729 1524 1889 1558 peccato,
1915 1520 2044 1560 gratia,
2068 1522 2149 1562 fide,

1157 1558 1314 1597 iusticia,
1350 1560 1589 1603 poenitentia,
1617 1561 1793 1606 Ecclesia,
1821 1567 2017 1602 ministerio
2042 1583 2149 1604 evan-

1155 1608 1287 1650 gelico,
1316 1610 1570 1644 traditionibus
1590 1610 1773 1653 humanis,
1801 1618 1895 1650 unde
1917 1619 2066 1662 intelligi
2085 1634 2149 1666 po-

1155 1664 1240 1698 test,
1268 1659 1392 1693 talium
1417 1673 1578 1695 errorum
1602 1664 1821 1707 defensores,
1848 1680 1921 1702 non
1939 1682 2010 1704 esse
2027 1670 2148 1706 Eccle-

1154 1709 1240 1742 siam
1257 1708 1334 1743 Dei.

1256 1767 1316 1803 24.
1355 1768 1544 1804 Manifesta
1562 1770 1750 1816 Evangelii
1773 1776 1900 1810 deletio
1925 1786 1993 1820 est,
2019 1781 2147 1824 fingere

1154 1815 1337 1852 hominem
1362 1820 1399 1852 in
1426 1818 1491 1854 hac
1513 1822 1584 1855 vita
1609 1835 1682 1857 esse
1704 1825 1835 1859 iustum
1860 1829 1951 1872 lege,
1979 1843 2040 1864 seu
2064 1845 2147 1876 pro-

1154 1869 1242 1910 priis
1263 1870 1449 1913 operibus,
1478 1878 1512 1905 et
1536 1873 1573 1905 in
1597 1871 1661 1907 hac
1677 1874 1929 1920 imaginatione
1948 1882 2051 1915 multi
2068 1891 2147 1917 sunt

1156 1919 1309 1953 involuti
1325 1932 1474 1954 errores.

1256 1979 1317 2013 25.
1351 1978 1540 2014 Manifesta
1564 1979 1749 2027 Evangelii
1775 1986 1902 2019 deletio
1929 1995 1998 2029 est,
2032 1992 2146 2026 dicere

1155 2040 1291 2073 semper
1310 2030 1548 2064 dubitandum
1567 2043 1658 2073 esse,
1685 2046 1729 2067 an
1749 2036 1794 2068 sis
1814 2037 1851 2069 in
1869 2040 1991 2080 gratia.

1257 2088 1318 2123 26,
1365 2087 1465 2122 Falsa
1506 2090 1751 2135 interpretatio
1791 2102 1856 2129 est:
1900 2095 1986 2131 Fide
2027 2111 2146 2135 sumus

1155 2138 1258 2179 insti,
1295 2139 1427 2173 scilicet
1458 2140 1627 2180 formata,
1661 2145 1761 2188 quasi
1788 2143 1855 2178 hoc
1887 2148 1972 2182 velit
2004 2149 2145 2191 Paulus,

1155 2188 1235 2222 Non
1251 2189 1336 2229 fide,
1362 2190 1422 2222 sed
1442 2198 1585 2234 propter
1601 2202 1803 2238 sequentem
1822 2197 2065 2241 dilectionem,
2093 2192 2146 2235 vi-v

1155 2240 1299 2280 delicet,
1327 2247 1472 2284 propter
1496 2243 1655 2286 proprias
1672 2245 1818 2279 virtutes
1835 2244 1941 2281 bomo
1958 2257 2008 2284 est
2026 2252 2146 2287 iustus„

1155 2289 1290 2323 Similis
1315 2293 1514 2335 corruptela
1533 2300 1583 2326 est
1600 2291 1913 2337 Osiandricorum,
1942 2299 2028 2335 Fide
2044 2303 2143 2338 iusti<

1156 2341 1320 2382 ficamur,
1347 2341 1478 2375 scilicet
1494 2346 1746 2387 praeparativa

1256 2399 1316 2434 27.
1358 2399 1531 2434 Universa
1558 2401 1762 2447 prophetica
1786 2413 1819 2440 et
1842 2410 2032 2452 apostolica
2058 2416 2144 2447 scri-

1154 2457 1256 2494 ptura
1282 2458 1452 2495 perpetuo
1476 2464 1646 2487 consensu
1670 2452 1736 2489 hoc
1753 2458 1933 2501 adfirmat,
1962 2459 2142 2497 hominem

1154 2502 1192 2534 in
1217 2501 1447 2534 conversione
1470 2503 1626 2546 accipere
1650 2507 1889 2542 remissionem
1910 2520 2143 2555 peccatorum,

1155 2552 1499 2596 reconciliationem,
1537 2554 1807 2598 imputationem
1831 2560 2003 2603 iusticiac,
2029 2565 2143 2597 vivifi-

1156 2603 1344 2642 cationem,
1372 2602 1544 2645 Spiritum
1561 2614 1718 2641 sanctum
1736 2615 1768 2642 et
1787 2607 2036 2646 haereditatem
2055 2616 2143 2648 vitae

1154 2661 1325 2693 aeternae,
1348 2660 1490 2698 propter
1501 2656 1728 2692 mediatorem
1743 2662 1859 2703 gratis,
1881 2662 1956 2701 fide,
1979 2676 2048 2696 non
2062 2677 2143 2709 pro-

1547 2705 1595 2740 40
