2324 2955
187 119 259 154 879

193 201 373 236 Gracchus
390 199 523 233 addidit
542 197 745 230 turbulenta
773 198 935 238 consilia,
963 206 997 232 et
1021 207 1165 233 conten-

193 255 287 286 tione
308 250 478 284 discordia
499 248 625 285 crevit,
653 247 840 291 pluresque
863 260 984 281 causae
1008 251 1166 284 cumula-

193 309 246 335 tae
272 307 368 337 sunt,
405 299 492 331 sicut
517 296 690 329 Homerus
719 298 760 329 de
785 297 862 329 Lite
888 298 1017 343 inquit:
1054 299 1166 333 Parva

192 358 285 383 metu
302 350 432 393 primo,
459 359 538 379 mox
557 358 629 379 sese
649 347 775 380 attollit
797 347 833 378 in
856 359 976 386 auras,
1011 348 1166 391 ingredi-

194 409 316 443 turque
339 399 431 438 solo,
471 404 504 430 et
528 402 631 440 caput
655 396 747 429 inter
771 398 893 430 nubila
925 398 1055 431 condit.

193 461 292 492 saepe
335 449 426 480 bona
469 458 570 479 causa
611 446 700 478 male
741 448 876 488 agendo
919 448 1167 492 corrumpitur.

194 500 310 540 Quare
329 498 456 530 dicitur
471 508 488 529 a
503 496 705 529 Salomone:
733 496 839 538 Quod
858 497 987 532 iustum
1005 505 1056 532 est
1078 499 1166 532 iuste

193 548 422 592 persequaris.

295 598 413 631 Sciant
430 603 544 630 autem
562 596 728 636 iuniores²
747 596 783 628 in
801 597 877 629 aliis
892 595 1047 631 historiis
1065 610 1167 641 agra-

195 649 282 680 riam
319 649 427 690 legem
460 647 652 690 significare
683 646 948 680 distributiones
978 649 1167 692 possessio-

194 710 298 733 num,
327 698 362 729 in
380 708 464 741 quas
492 697 574 729 novi
599 696 715 729 coloni
741 696 1072 731 introducebantur:
1108 699 1167 731 sed

194 749 231 779 in
257 748 393 779 Tiberii
420 745 564 779 historia
587 743 674 778 Lm·
694 745 848 789 agraria
876 747 1045 789 significat
1068 760 1167 792 prae-

199 798 391 830 finitionem
410 796 547 828 numeri
565 807 740 837 agrorum.
801 795 928 829 Fuerat
952 798 1043 829 enim
1069 805 1166 831 vetus

195 847 272 884 lex,
308 846 461 888 Quando
478 846 599 878 deletis
626 843 784 878 hostibus
809 846 882 888 agri
906 847 1037 890 publici
1063 848 1167 880 divisi

194 902 311 936 erant,
339 895 470 928 nemini
488 895 616 927 civium
633 894 876 928 Romanorum
896 896 1021 930 licebat
1046 909 1085 930 ex
1113 896 1167 931 his

193 947 271 989 plus
287 957 388 989 quam
408 945 596 990 quingenta
615 945 731 987 iugera
754 946 943 988 possidere.
994 946 1065 980 Nec
1084 948 1168 981 lice-

1121 387 1194 433 ΕΝ

423 113 628 152 SCRIPTA
656 113 729 147 1³11.
757 112 870 147 MEL.
897 113 963 149 AD
991 114 1116 153 HIST.
1142 115 1284 152 PROF.
1311 115 1375 152 ET
1427 115 1616 154 PHILOS.
1644 117 1958 155 SPECTANTIA.

1191 326 1194 381 l

1191 558 1195 627 1

194 997 254 1029 bat
277 996 446 1028 divitibus
471 1006 584 1027 emere
607 1006 799 1037 pauperum
824 995 954 1030 civium
978 1009 1096 1040 agros,
1135 1006 1169 1032 et
1193 1006 1194 1014 ¹

195 1046 265 1079 suis
289 1046 436 1086 addere,
465 1051 497 1077 et
521 1055 582 1087 per
608 1044 781 1089 mancipia
807 1047 939 1086 colere,
966 1059 1010 1079 ne
1036 1059 1168 1091 paupe-

195 1108 274 1128 rum
301 1095 429 1127 civium
454 1094 606 1127 familiae
633 1094 875 1138 redigerentur
900 1098 943 1128 ad
972 1103 1168 1139 egestatem,

197 1152 229 1178 et
248 1144 348 1178 Italia
365 1145 555 1188 repleretur
570 1145 762 1189 peregrinis
780 1152 812 1178 et
829 1146 947 1181 servis.

296 1193 359 1228 Est
373 1202 486 1228 autem
500 1193 671 1239 Itlgermn
689 1196 915 1239 quadratum,
940 1196 1039 1229 cuius
1055 1209 1166 1230 unum

194 1245 284 1277 latus
301 1252 349 1277 est
367 1252 505 1279 centum
524 1246 647 1288 viginti
665 1247 814 1289 pedum,
837 1245 969 1279 Graece
991 1245 1166 1293 πλέθρον,

197 1295 230 1326 id
248 1301 314 1332 est,
343 1302 433 1328 sexta
451 1307 529 1338 pars
546 1295 661 1328 stadii.

296 1343 371 1377 Hac
404 1345 510 1377 veteri
543 1345 615 1386 lege
641 1346 795 1387 neglecta
823 1346 947 1379 divites
973 1347 1165 1380 multorum

196 1394 323 1426 civium
349 1405 448 1437 agros
473 1395 651 1435 emebant,
691 1407 778 1439 quos
811 1396 936 1428 deinde
963 1407 1025 1438 per
1049 1408 1166 1429 servos

196 1444 366 1477 colebant.
427 1444 476 1478 Ita
503 1445 695 1477 multorum
718 1444 846 1477 civium
872 1446 1026 1478 familiae
1050 1447 1167 1479 nullos

196 1495 322 1526 fundos
338 1494 546 1527 retinebant.
600 1493 688 1527 Cum
706 1494 812 1537 igitur
829 1494 996 1528 Tiberius
1019 1496 1055 1527 in
1084 1508 1166 1538 pro-

195 1544 344 1576 vinciam
372 1545 663 1587 proficisceretur,
703 1545 829 1586 passim
855 1545 892 1576 in
916 1546 982 1577 viis
1007 1557 1166 1578 occurre-

192 1594 278 1626 bant
296 1594 324 1625 ei
341 1594 431 1626 cives
447 1606 524 1627 cum
544 1594 657 1637 parvis
675 1594 755 1626 filiis
771 1601 803 1627 et
820 1595 1004 1634 matribus,
1032 1603 1064 1629 et
1081 1607 1165 1640 que-

194 1644 361 1676 rebantur
386 1655 420 1676 se
444 1645 560 1686 vagari
581 1650 750 1683 extorres,
785 1645 845 1687 qui
871 1645 1075 1685 sanguinem
1103 1657 1164 1687 pro

194 1693 305 1736 patria
330 1694 581 1737 profudissent,
608 1693 721 1727 teneri
748 1703 847 1734 agros
869 1706 887 1725 a
913 1693 1099 1734 divitibus,
1133 1701 1165 1726 et

194 1744 354 1785 petebant
378 1750 547 1776 vetustam
571 1743 680 1786 legem
709 1742 866 1782 restitui,
902 1743 1037 1775 consuli
1062 1744 1165 1777 saluti

196 1792 336 1831 ltaliae,
371 1805 415 1825 ne
441 1794 599 1826 deessent
626 1793 772 1830 milites,
818 1799 850 1825 et
871 1803 915 1824 ne
932 1792 1032 1825 Italia
1056 1794 1164 1826 servis

193 1849 225 1875 et
241 1840 442 1874 hominibus
458 1843 614 1875 barbaris
634 1842 845 1885 impleretur.
890 1841 1009 1875 Motus
1027 1843 1163 1874 miseri-

191 1892 307 1924 cordia
319 1892 481 1924 Tiberius
496 1893 682 1936 pollicetur
696 1904 730 1924 se
747 1889 835 1923 hanc
852 1903 989 1924 cansam
1005 1898 1162 1925 acturum

192 1954 274 1976 esse.
326 1941 373 1975 Et
389 1954 546 1975 reversus
568 1954 607 1974 ex
631 1941 811 1984 provincia
838 1953 916 1973 cum
942 1942 1051 1974 factus
1077 1949 1163 1975 esset

193 1991 374 2025 Tribunus
399 1993 528 2035 plebis,
560 1992 627 2025 fert
650 1991 865 2034 rogationem
891 1992 933 2023 de
956 1992 1063 2025 veteri
1089 1993 1162 2035 lege

192 2042 423 2082 restituenda,
461 2054 549 2086 quae
576 2042 717 2074 modum
751 2052 913 2083 agrorum
944 2042 1160 2084 praescribit.

191 2091 283 2124 Dicit
309 2093 344 2124 in
367 2092 613 2132 concionibus,
648 2091 814 2124 iniustam
837 2102 908 2123 esse
933 2092 1056 2124 ducem
1082 2104 1161 2125 ora-

191 2142 340 2181 tionem,
367 2154 444 2175 cum
470 2142 592 2174 iubent
614 2141 741 2174 milites
764 2140 926 2183 praeliari
950 2153 1012 2184 pro
1036 2142 1104 2174 aris
1128 2149 1161 2175 et

191 2192 292 2229 focis,
319 2204 397 2224 cum
415 2204 477 2224 nec
494 2203 569 2224 aras
585 2203 648 2224 nec
667 2192 760 2224 focos
778 2188 941 2223 habeant.
991 2191 1160 2233 Queritur

191 2242 351 2283 praeliari
368 2253 423 2274 eos
442 2254 512 2274 non
538 2253 601 2285 pro
626 2241 755 2284 patria,
789 2242 847 2273 sed
874 2253 937 2284 pro
961 2241 1159 2275 foenerato-

189 2303 264 2323 rum
286 2292 480 2334 rapacitate.
540 2292 606 2323 Sed
633 2291 907 2324 adversabantur
930 2291 997 2333 logi
1021 2292 1158 2333 divites,

190 2339 428 2373 etTribnnum
447 2340 635 2374 Octavium
654 2341 719 2374 sibi
738 2341 934 2383 adiungunt
951 2341 1157 2375 intercesso-

188 2402 280 2429 rem,
308 2391 367 2433 qui
394 2391 672 2433 suffragationem
695 2388 891 2434 prohibeat.
945 2390 1039 2424 Huic
1063 2404 1155 2425 novo

187 2441 343 2482 exemplo
377 2441 593 2473 tribunatum
618 2440 782 2474 Tiberius
809 2442 999 2484 abrogavit.
1065 2441 1155 2475 Cum

187 2498 301 2523 antem
341 2488 434 2522 visus
469 2497 555 2523 esset
589 2491 776 2525 violentius
811 2503 930 2534 agere,
971 2499 1155 2526 creverunt

184 2539 387 2574 discordiae.

284 2589 384 2622 Tulit
411 2595 443 2621 et
469 2588 570 2621 aliam
597 2590 704 2631 legem
725 2590 909 2632 Tiberius,
944 2598 983 2625 ut
1005 2593 1152 2636 pecunia

184 2642 292 2683 legata
315 2639 444 2683 populo
470 2637 632 2672 Romano
655 2641 698 2673 ab
723 2639 839 2675 Attalo
866 2654 943 2685 rege
971 2644 1151 2685 egentibus

1192 1024 1196 1067 1

2127 121 2197 155 880

1219 203 1353 236 civibus
1381 201 1607 235 divideretur.
1667 201 1828 247 Denique
1851 211 1971 237 contra
1995 204 2086 248 leges
2113 217 2195 249 pro-

1218 264 1340 294 rogare
1359 251 1425 284 sibi
1438 250 1682 293 Magistratum
1704 260 1846 286 conatus
1865 260 1925 288 est.
1978 251 2029 287 Ea
2045 266 2099 289 res
2116 267 2195 287 curn

1218 302 1364 346 speciem
1389 299 1531 334 haberet
1554 302 1790 346 tyrannicam,
1818 303 1963 336 Senatui
1990 303 2078 336 iusta
2095 316 2194 337 causa

1219 353 1290 384 risa
1315 357 1381 389 est,
1410 351 1513 383 armis
1536 351 1758 394 opprimendi
1778 352 1962 385 Tiberium
1983 351 2194 387 Gracchum.

1218 400 1263 434 Et
1283 401 1348 433 iam
1369 407 1438 434 tota
1458 400 1556 433 Italia
1573 401 1788 433 movebatur.
1839 401 1921 435 ldeo
1941 402 2088 436 Senatus
2114 401 2196 435 hor-

1221 458 1311 484 tatur
1335 449 1490 483 Mutium
1516 450 1696 483 Scevolam
1712 450 1900 484 Consulem
1917 479 1926 491 ,
1956 459 1995 485 ut
2018 465 2113 485 arma
2138 465 2196 485 ca-

1219 502 1292 545 piat
1308 502 1350 532 ad
1369 501 1563 533 sedandum
1581 501 1782 534 tumultum.
1844 500 2012 543 Quicum
2031 503 2140 535 nollet
2160 504 2195 535 in

1219 552 1305 584 urbe
1330 562 1422 583 novo
1445 551 1601 594 exemplo
1627 551 1808 596 praeliari,
1841 550 1990 584 Senatus
2017 552 2088 595 ipse
2113 551 2196 585 hor-

1220 607 1313 635 tante
1344 600 1508 644 Scipione
1541 600 1660 632 Nasica
1693 599 1862 633 Pontifice
1894 600 2070 641 Maximo,
2117 613 2195 634 cum

1219 662 1343 692 magna
1361 650 1587 683 multitudine
1602 650 1792 682 amicorum
1818 651 1973 684 ascendit
1998 652 2036 683 in
2053 651 2196 694 Capito-

1226 702 1330 740 lium,
1374 702 1415 733 ad
1453 700 1734 733 interficiendum
1771 699 1956 733 Tiberium
1989 699 2196 735 Gracchum.

1220 750 1379 795 Cumque
1411 751 1562 794 populus
1594 750 1769 782 accedenti
1795 749 1938 784 Senatui
1969 752 2120 792 cederet,
2163 759 2196 785 et

1224 812 1295 833 sese
1328 801 1502 833 desertum
1537 799 1703 832 Tiberius
1739 798 1919 833 Gracchus
1949 801 2019 844 peti
2050 802 2195 839 videret,

1223 851 1320 893 sugit.
1397 850 1464 883 Sed
1498 849 1688 892 fugientem
1723 850 1894 884 interfecit
1923 851 2053 893 collega
2089 851 2196 894 ipsius

1220 900 1410 935 Satureius.
1472 900 1563 933 Sunt
1587 907 1619 933 et
1642 900 1700 932 alii
1724 901 1866 933 trecenti
1895 901 1985 933 cives
2011 901 2195 937 interfecti,

1221 957 1252 984 et
1271 962 1416 994 corpora
1435 951 1472 982 in
1489 950 1649 983 Tiberim
1672 950 1816 982 abiecta.
1868 949 1963 982 Ilaec
1980 951 2016 982 in
2034 951 2197 983 civilibus

1221 1001 1451 1034 seditionibus
1461 999 1594 1034 Romae
1612 1000 1722 1042 prima
1739 1001 1858 1032 caedes
1874 1001 1960 1032 sacta
1979 1006 2039 1032 est.
2073 999 2196 1032 Postea

1221 1056 1386 1094 sequutae
1417 1056 1499 1082 sunt
1529 1050 1639 1091 magis
1668 1056 1831 1082 cruentae
1859 1049 2055 1081 seditiones.
2119 1048 2195 1082 Etsi

1220 1106 1355 1139 autem,
1382 1105 1421 1132 ut
1436 1099 1588 1142 populus
1608 1099 1821 1141 placaretur,
1848 1098 1996 1131 Senatus
2020 1099 2127 1141 legem
2153 1100 2196 1131 de

1219 1150 1325 1181 modo
1352 1159 1514 1190 agrorum
1539 1148 1690 1191 recepit,
1724 1148 1875 1180 extincto
1901 1154 2042 1186 autore,
2079 1155 2194 1181 tamen

1192 1214 1195 1231 ι
1219 1199 1301 1231 odio
1321 1210 1393 1231 non
1412 1204 1495 1231 sunt
1511 1198 1673 1231 extincta.

1323 1247 1529 1281 Interfectus
1546 1254 1596 1281 est
1613 1247 1778 1281 Tiberius
1793 1245 1974 1280 Gracchus
1990 1259 2083 1280 anno
2098 1248 2195 1281 urbis

1219 1298 1466 1332 sexcentesimo
1485 1298 1666 1338 vicesimo,
1693 1296 1906 1331 Consulibus
1916 1297 2033 1330 Mutio
2051 1297 2196 1330 scevola

1219 1356 1252 1382 et
1270 1348 1462 1392 Calpurnio
1481 1346 1626 1387 Pisone,
1660 1359 1738 1380 cum
1763 1348 1897 1380 abesset
1921 1347 2039 1390 Scipio
2065 1345 2194 1392 Aemy-

1220 1399 1335 1431 lianus
1359 1399 1403 1430 ad
1430 1397 1677 1437 Numantiam,
1716 1397 1776 1441 qui
1803 1409 1880 1430 cum
1907 1397 2097 1430 audivisset
2120 1404 2194 1429 acta

1219 1454 1251 1482 ct
1274 1460 1393 1480 necem
1412 1446 1549 1480 Tiberii
1569 1444 1740 1488 Gracchi,
1774 1447 1920 1480 recitans
1945 1445 2092 1480 Homeri
2116 1458 2195 1479 ver-

1219 1510 1312 1538 sum,
1347 1497 1500 1530 ostendit
1522 1508 1558 1530 se
1585 1509 1726 1542 quoque
1752 1497 1930 1530 seditiosas
1953 1497 2106 1530 actiones
2127 1496 2193 1529 im-

1221 1549 1387 1592 probare:

1266 1593 1307 1630 ὦς
1328 1593 1482 1624 ἀπόλοιτο
1507 1596 1559 1624 καὶ
1582 1593 1691 1629 ἄλλος,
1724 1593 1811 1629 ὅστις
1834 1595 1961 1624 τοιαῦτα
1986 1596 2018 1624 κε’
2042 1592 2134 1634 ῥέζοι.

1268 1641 1407 1674 Pei-datur
1423 1643 1513 1670 simili
1532 1652 1645 1680 poena,
1668 1643 1720 1680 qui
1738 1644 1806 1670 talia
1822 1643 1902 1670 fecit.

1315 1695 1452 1729 Deinde
1476 1708 1554 1728 cum
1579 1695 1729 1729 Romam
1749 1696 1867 1738 Scipio
1885 1693 2114 1739 Aemylianus
2136 1706 2192 1727 re-

1217 1745 1354 1785 diisset,
1382 1752 1415 1778 et
1434 1745 1622 1778 certamina
1642 1746 1760 1776 eadem
1778 1745 1821 1776 de
1839 1755 2000 1786 agrorum
2019 1744 2192 1777 divisione

1216 1801 1381 1828 renovata
1406 1801 1534 1831 essent,
1563 1801 1595 1827 et
1615 1794 1836 1827 accessissent
1858 1794 1945 1826 aliae
1971 1794 2191 1828 turbulentae

1216 1845 1325 1886 leges,
1353 1850 1476 1887 quarto
1493 1855 1586 1876 anno
1604 1850 1680 1887 post
1704 1844 1853 1876 reditum
1870 1843 2044 1886 Scipionis
2059 1842 2190 1889 Aemy-

1215 1894 1320 1933 liani,
1348 1893 1527 1927 Tuditano
1547 1900 1578 1926 et
1596 1893 1741 1937 Aquilio
1756 1891 1987 1933 Consulibus,
2013 1904 2106 1926 anno
2130 1905 2190 1926 ur-

1214 1944 1266 1976 bis
1282 1944 1528 1977 sexcentesimo
1545 1944 1708 1976 vicesimo
1727 1950 1868 1987 quarto,
1894 1954 1971 1975 cum
1981 1941 2095 1976 Carbo
2107 1943 2190 1976 Tri-

1214 1994 1330 2026 bunus
1349 1994 1459 2036 plebis
1477 1994 1694 2036 rogationem
1717 1993 1868 2031 tulisset,
1895 1999 1933 2025 ut
1959 1993 2075 2026 liceret
2102 2005 2189 2027 eun-

1216 2044 1294 2075 dem
1313 2044 1421 2076 creari
1434 2042 1637 2076 Tribunum
1654 2043 1766 2086 plebis
1781 2043 1916 2088 quoties
1933 2043 2046 2083 vellet,
2062 2050 2095 2077 et
2111 2055 2190 2077 sua-

1213 2094 1309 2126 deret
1341 2105 1415 2126 eam
1446 2093 1556 2136 legem
1580 2092 1685 2126 Caius
1709 2091 1890 2126 Gracchus
1916 2092 2052 2126 Tiberii
2071 2094 2186 2131 frater,

1211 2143 1374 2176 dissuasit
1397 2154 1471 2176 eam
1499 2143 1665 2176 acerrime
1684 2142 1801 2186 Scipio
1820 2142 2064 2187 Aemylianus,
2105 2143 2184 2187 quia

1212 2204 1249 2226 ea
1266 2193 1399 2236 rogatio
1416 2200 1536 2227 contra
1557 2200 1688 2226 veteres
1704 2193 1795 2236 leges
1813 2194 1856 2226 de
1867 2192 2038 2226 Tribunis
2051 2193 2185 2226 fereba-

1210 2249 1285 2284 tur,
1326 2250 1358 2276 et
1383 2244 1604 2277 turbulentos
1628 2243 1810 2276 Tribunos
1838 2249 2002 2287 perpetua
2027 2243 2184 2285 potentia

1209 2294 1375 2328 armabat.
1427 2292 1526 2326 Dixit
1543 2294 1644 2327 etiam
1657 2317 1666 2332 ,
1694 2292 1877 2326 Tiberium
1894 2288 2092 2325 Gracchum
2109 2292 2184 2326 iure

1209 2343 1429 2377 interfectum
1446 2355 1530 2379 esse.
1582 2343 1665 2376 Post
1690 2341 1779 2376 hanc
1802 2341 2062 2376 contentionem
2081 2354 2182 2376 mane

1208 2393 1326 2437 Scipio
1343 2394 1506 2427 inventus
1524 2399 1574 2427 est
1590 2394 1627 2426 in
1644 2393 1804 2427 cubiculo
1820 2403 1882 2424 suo
1902 2398 2078 2432 mortuus,
2102 2404 2179 2425 cum

1207 2443 1320 2487 pridie
1337 2450 1428 2477 recte
1445 2444 1628 2484 valuisset,
1654 2443 1789 2487 fuitque
1805 2441 1969 2484 suspicio,
1996 2442 2040 2475 ab
2055 2443 2180 2475 adver-

1205 2493 1304 2527 sariis
1322 2506 1457 2527 veneno
1475 2501 1635 2528 necatum
1651 2503 1733 2526 esse.
1784 2491 1852 2524 Hic
1869 2491 1936 2525 suit
1954 2492 2063 2525 exitus
2079 2503 2178 2536 prac-

1204 2544 1407 2577 stantissimi
1430 2544 1537 2585 civis,
1564 2554 1657 2577 anno
1682 2541 1802 2574 aetatis
1830 2541 1938 2585 ipsius
1961 2541 2178 2586 quinquage-

1204 2594 1292 2627 simo
1309 2602 1414 2630 sexto.
1467 2593 1626 2628 Breviter
1642 2599 1757 2625 autem
1780 2598 1957 2636 utrunque
1974 2591 2174 2635 Scipionem

1203 2645 1491 2685 commemoravi,
1533 2644 1699 2678 victorem
1733 2642 1920 2676 Annibalis
1959 2648 1991 2676 et
2027 2642 2171 2676 alterum
