2324 2955
191 133 262 169 667

953 112 1436 150 DISPUTATIONES

2128 115 2202 149 668

195 221 286 257 vita,
313 216 400 250 sicut
420 212 460 244 ad
479 208 621 242 Galatas
644 204 791 240 dicitur,
824 207 862 235 ut
886 199 1071 245 promissio
1092 198 1173 244 Spi-
1198 213 1201 230 ι
1225 199 1273 234 ita
1302 205 1334 231 et
1359 209 1423 231 iios
1444 198 1481 230 in
1505 196 1661 232 Ecclesia
1690 210 1769 232 vere
1794 199 1960 233 debemus
1989 200 2202 235 absolutioni

195 272 282 304 ritus
298 268 446 299 donetur
464 272 525 304 per
541 258 656 290 fidem.

295 320 428 357 XXVI.
462 318 690 352 Affirmamus
715 312 822 355 igitur
849 310 953 343 etiam
979 305 1064 349 hoc,
1097 307 1175 340 dari

195 376 365 421 Spiritum
383 376 552 407 sanctum,
580 373 612 399 et
631 375 757 397 novam
775 361 949 395 iusticiam
967 370 1027 392 seu
1044 369 1172 392 novam

195 424 430 461 obedientiam
449 416 610 453 inchoari
630 416 665 448 in
685 412 748 447 bac
764 413 846 447 vita.

295 478 444 516 XXXII.
486 477 604 511 Status
636 480 749 505 autem
783 469 889 503 liuius
919 466 1175 501 controversiae

195 543 258 575 est,
277 546 320 567 an
338 544 416 566 cum
434 528 578 562 dicitur:
610 520 721 558 Fide
743 518 1091 567 inslisicamur,
1119 517 1175 549 iii-

195 586 304 627 telligi
323 592 460 616 necesse
479 579 521 611 sit
540 577 640 610 sidem
654 601 662 613 ,
690 573 770 618 quia
785 571 853 604 sibi
871 570 1018 615 quisque
1033 574 1176 612 propter

195 636 422 670 mediatorem
448 628 579 663 remitti
605 631 740 670 peccata
767 621 887 656 credit.
942 618 995 653 De
1020 616 1085 651 hac
1108 618 1176 650 fide

197 685 335 732 speciali
353 680 529 716 dimicatio
549 684 606 710 est.

296 740 465 777 XXVIII.
496 738 595 771 Hanc
612 734 776 769 reiiciunt
794 728 1000 769 adversarii,
1027 735 1060 762 et
1076 738 1176 772 prae-

197 797 332 841 cipiunt
359 791 531 826 dubitare.
598 786 692 820 llaec
719 781 915 826 corruptela
939 779 1068 813 multos
1090 778 1177 835 alios

196 856 332 881 errores
356 842 556 879 confirmat,
583 835 674 870 nibil
693 846 764 868 esse
782 830 1053 876 imputationem
1076 829 1177 885 iusti-

197 899 280 931 ciae.
348 893 450 932 Item,
496 889 657 923 lioiniiies
690 886 799 919 iustos
825 894 896 915 esse
920 879 1068 925 propria
1091 879 1177 921 legis

196 946 412 991 impletione.
447 942 544 981 Item,
560 936 827 983 promissionem
836 931 1020 974 Evangelii
1035 930 1177 962 inanem

199 998 354 1032 sonitum
370 1005 459 1033 esse,
488 1003 550 1024 nec
567 989 696 1022 editam
716 997 806 1025 esse,
831 989 870 1016 ut
895 988 1028 1014 mentes
1052 991 1177 1036 conso-

198 1051 289 1082 letur
312 1052 372 1080 aut
393 1045 459 1077 fide
481 1040 691 1085 accipiatur,
727 1035 808 1080 quia
835 1037 1057 1089 neces-soant
1080 1041 1176 1085 pium

200 1100 244 1133 sit
259 1097 431 1131 dubitare.
475 1092 579 1129 Item,
607 1096 807 1133 quanquam
827 1093 1010 1127 promissio
1029 1087 1079 1113 est
1096 1091 1178 1135 uni-

199 1148 361 1187 versatis,
388 1153 504 1179 tamen
528 1153 606 1174 cuin
629 1135 801 1172 dubitatio
820 1131 1054 1187 praecipitur,
1081 1129 1179 1186 tolli-

199 1209 258 1235 tur
288 1196 372 1231 haec
401 1192 613 1231 consolatio,
653 1199 733 1222 cum
766 1195 864 1217 mens
895 1183 933 1214 iii
957 1181 1177 1237 dubitatione

201 1248 341 1284 ethnico
366 1257 462 1279 more
486 1243 631 1284 cogitat:
659 1239 803 1271 sortasse
819 1235 861 1267 ad
879 1244 934 1265 nie
957 1229 1048 1264 nihil
1070 1236 1178 1286 per-ti-

200 1306 259 1334 net
278 1296 474 1342 promissio.
529 1292 635 1328 Item,
663 1300 735 1321 non
754 1287 910 1319 intuetur
928 1293 1026 1339 mens
1046 1281 1179 1338 media-

199 1360 327 1389 torem,
360 1358 423 1379 nec
446 1356 485 1376 eo
512 1343 643 1380 utitur,
674 1350 752 1372 cum
777 1335 951 1369 existimat
973 1344 1013 1389 m.
1038 1331 1178 1364 dubita-

199 1403 295 1436 tione
324 1395 539 1431 manendum
572 1403 653 1424 esse.
714 1387 876 1430 Denique
912 1383 1016 1416 multi
1046 1392 1180 1437 errores

200 1449 361 1496 impliciti
380 1453 461 1480 sunt
477 1443 654 1477 doctrinae
671 1437 952 1473 adversariorum
975 1434 1018 1466 de
1039 1432 1179 1465 dubita-

201 1503 308 1537 tione.

302 1555 436 1592 XXIX.
471 1552 559 1587 Cum
577 1550 682 1593 igitur
701 1545 859 1580 doctrina
885 1543 944 1575 illa
964 1540 1181 1597 praecipiens

203 1610 384 1646 dubitare,
409 1613 440 1639 et
462 1605 545 1637 falsa
563 1602 628 1641 sit,
656 1605 687 1632 et
713 1597 825 1630 deleat
848 1603 1074 1649 necessariam
1097 1602 1181 1623 con-

203 1661 428 1697 solationem,
455 1662 489 1689 et
509 1652 659 1687 excutiat
675 1659 791 1680 veram
809 1646 1085 1677 invocationem:
1120 1651 1182 1672 ne-

205 1723 295 1746 cesse
313 1717 364 1743 est
382 1717 534 1741 errorem
555 1703 654 1735 illum
670 1696 827 1732 refutari.

306 1773 420 1808 XXX.
459 1771 659 1804 Teneamus
688 1763 795 1806 igitur
826 1758 912 1792 haec
941 1757 1127 1802 praecipua
1150 1762 1184 1812 et

206 1831 305 1863 firma
322 1828 525 1867 argumenta
544 1821 585 1852 de
604 1817 690 1855 fide,
716 1824 782 1858 qua
801 1811 866 1844 sibi
894 1809 1043 1854 quisque
1070 1807 1183 1850 appli-

207 1887 259 1914 cat
279 1875 558 1922 promissionem.
690 1915 697 1922 .

308 1926 484 1963 Primum,
512 1920 607 1966 quod
630 1921 752 1950 recitat
770 1911 901 1945 Paulus
927 1910 969 1942 ad
986 1907 1111 1942 Roma.
1132 1906 1183 1942 4.;

206 1977 479 2014 Promissionem
507 1973 573 2004 fide
606 1967 760 2009 accipere
785 1960 1020 1995 necessarium
1044 1964 1114 1998 est,
1146 1965 1185 1991 ut
1210 2003 1211 2006 Ἴ

207 2029 336 2065 Paulus
353 2029 444 2061 clare
460 2023 626 2056 affirmat:
661 2017 745 2050 Ideo
771 2026 810 2046 ex
833 2012 900 2045 fide
923 2009 1049 2067 gratis,
1069 2015 1121 2066 ‘ut
1142 2008 1185 2041 sit

207 2083 304 2115 firma
330 2074 526 2122 promissi0.
583 2068 750 2111 Accipere
774 2070 888 2097 autem
915 2071 1184 2117 promissionem

208 2132 296 2170 fide,
321 2136 371 2162 cst
398 2133 591 2170 repugnare
616 2114 848 2157 dubitationi,
884 2120 917 2146 et
942 2122 1006 2144 nos
1029 2109 1185 2168 singulos

211 2184 252 2215 de
270 2180 371 2213 uobis
388 2185 557 2213 statuere,
583 2169 759 2216 pertinere
783 2166 825 2198 ad
848 2175 912 2197 nos
930 2161 1185 2218 reconciliatio-

212 2244 301 2265 nem.
330 2229 422 2271 Ergo
434 2233 627 2269 repiwnare
644 2215 856 2252 dubitationi
876 2223 1108 2246 necessarium
1125 2217 1185 2245 est.

312 2252 539 2314 Secundum?
577 2273 612 2307 Si
638 2282 707 2303 non
735 2273 783 2300 est
803 2264 962 2298 facienda
986 2261 1185 2305 applicatio,

211 2335 337 2366 frustra
353 2337 400 2362 est
414 2328 503 2361 edita
520 2321 726 2369 promissio,
754 2324 786 2350 et
800 2317 929 2349 frustra
945 2320 1044 2369 sonat
1064 2324 1100 2343 in
1117 2310 1185 2368 Ec-

212 2383 312 2417 clesia
333 2392 399 2412 vox
415 2373 656 2411 absolutionis.
709 2368 782 2403 Cur
804 2367 897 2400 enim
923 2369 1108 2419 autoritate
1133 2363 1186 2393 di-

213 2434 294 2466 viua
317 2428 570 2475 pronunciatur
593 2422 678 2456 liaec
707 2417 894 2453 sententia:
939 2414 1187 2447 Remittuntur

213 2484 276 2519 tibi
295 2487 442 2526 peccata,
459 2478 487 2510 si
504 2475 605 2509 simul
623 2470 834 2517 praecipitur
848 2465 1034 2501 dubitatio.
1069 2460 1143 2496 loh.
1154 2461 1186 2496 5.
1212 2469 1213 2474 ¹

214 2535 358 2569 dicitur:
387 2528 458 2571 Qui
481 2539 552 2559 non
576 2525 684 2557 credit
700 2521 795 2559 Deo,
828 2522 965 2574 accusa-t
987 2527 1066 2572 eum
1088 2525 1187 2546 men-

214 2584 317 2619 dacii.
371 2579 468 2622 Quid
487 2576 580 2610 aliud
598 2575 633 2606 sit
651 2574 693 2605 ab
709 2571 792 2614 ipsis
807 2566 1100 2614 praecipientibus
1123 2565 1188 2597 du-

212 2620 443 2670 bitationem'.>
519 2625 619 2659 Certe
648 2622 820 2655 Davidem
857 2617 1013 2662 oportuit
1050 2615 1189 2649 credere

215 2686 290 2720 voci
318 2679 473 2717 Nathan:
508 2675 681 2710 Dominus
706 2671 847 2704 abstulit
873 2674 1052 2712 peccatum
1073 2673 1189 2700 tuum:

1198 246 1200 260 ¹
1226 250 1383 288 credere,
1409 256 1577 293 tanquam
1596 250 1672 282 voci
1687 248 1751 282 Dei
1770 251 1812 282 de
1829 250 1926 283 coelo
1942 252 2093 286 sonanti.

1328 299 1508 332 Tertium:
1563 298 1742 333 Iustificati
1774 301 1841 333 fide
1870 312 1990 344 pacem
2022 298 2202 334 babemus.

1226 349 1454 383 Manifestum
1475 355 1525 383 est
1540 349 1761 383 dubitatione
1779 363 1851 384 non
1869 351 1958 384 effici
1980 362 2099 395 pacem
2119 362 2204 383 con-

1227 400 1409 440 scientiae,
1436 401 1495 432 sed
1513 400 1621 443 magis
1640 401 1757 443 augeri
1776 413 1951 444 pavorem.
1987 401 2072 435 Vult
2089 407 2204 434 autem

1199 450 1201 481 l
1227 450 1358 484 Paulus
1380 450 1484 484 talem
1509 462 1580 483 esse
1604 450 1728 491 fidem,
1761 463 1849 495 quae
1872 463 1990 495 pacem
2017 452 2142 485 efficiat
2168 451 2206 482 in

1200 487 1203 556 ᾖ
1228 500 1454 541 conscientia,
1481 507 1514 534 et
1531 501 1674 546 quidem
1693 503 1832 535 accedat
1854 505 1896 534 ad
1917 501 2049 542 Deum,
2074 509 2113 536 ut
2131 500 2205 535 Ro-

1228 564 1295 586 ma.
1312 550 1348 587 5.
1373 551 1511 591 dicitur.
1561 551 1706 584 Necesse
1727 559 1776 585 est
1796 552 1903 593 igitur
1924 550 2014 585 lianc
2029 552 2132 585 fidem
2151 552 2207 584 in-

1228 602 1338 644 telligi
1359 602 1402 634 de
1424 601 1585 644 speciali,
1611 614 1698 646 quae
1718 608 1888 646 repugnat
1909 603 2140 642 dubitationi,
2175 608 2208 634 et

1229 652 1483 697 perterrefactis
1511 653 1690 685 mentibus
1718 653 1805 686 lenit
1838 653 2013 694 dolorem,
2047 664 2127 686 cum
2150 662 2208 684 ac—

1230 704 1414 748 quiescunt
1429 702 1465 734 iii
1482 703 1685 736 mediatore.

1332 754 1523 796 Quartum:
1576 752 1723 786 Tollens
1755 750 1846 786 lianc
1875 754 1979 786 fidem
2012 753 2210 798 specialem,

1230 804 1324 838 tollit
1340 815 1441 837 usum
1460 803 1681 841 mediatoris,
1709 803 1790 848 quia
1807 804 1971 837 dubitans
1994 816 2038 837 an
2061 805 2210 849 recipia-

1230 861 1307 894 tur,
1335 866 1407 887 non
1428 854 1652 898 amplectitur
1668 854 1875 887 beneficium
1897 855 2119 895 mediatoris,
2148 857 2209 889 sed

1230 904 1399 949 relinquit
1425 917 1504 937 eiim
1530 911 1698 949 tanquam
1722 903 1891 945 otiosum,
1925 917 1988 938 nec
2011 907 2143 939 accedit
2167 907 2210 939 ad

1231 967 1329 995 eum,
1356 955 1560 998 confugiens
1577 956 1619 987 ad
1638 955 1748 998 ipsius
1765 955 2060 988 intercessionem.
2114 955 2210 989 Haec

1231 1012 1345 1038 autem
1378 1006 1458 1046 suga
1494 1005 1622 1038 mentis
1655 1011 1787 1048 pugnat
1820 1006 2003 1040 manifeste
2037 1018 2117 1039 cum
2158 1004 2213 1039 his

1231 1055 1351 1095 dictis,
1378 1056 1420 1087 ad
1440 1054 1563 1088 Roma.
1580 1054 1631 1089 5.:
1660 1055 1727 1087 Per
1742 1053 1835 1088 hunc
1852 1053 2021 1089 habemus
2038 1068 2212 1090 accessum

1231 1111 1293 1138 etc.
1346 1102 1402 1136 Ad
1420 1102 1547 1146 EpheS.
1566 1105 1615 1136 3.:
1642 1104 1710 1137 Per
1733 1116 1837 1149 quem
1854 1107 2022 1139 audemus
2039 1107 2214 1147 accedere,

1232 1161 1264 1187 et
1282 1153 1446 1186 fiduciam
1474 1151 1644 1186 babemus
1664 1166 1727 1197 per
1750 1154 1852 1186 fidem
1880 1155 1916 1186 in
1941 1156 2067 1199 ipsum.
2118 1156 2213 1190 Haec

1232 1204 1419 1247 descriptio
1438 1204 1519 1236 satis
1537 1204 1718 1247 perspicue
1736 1204 1890 1238 ostendit
1915 1205 2083 1248 postulari
2108 1207 2213 1240 talem

1232 1255 1346 1294 fidem,
1370 1266 1457 1298 quae
1473 1254 1517 1288 sit
1534 1254 1659 1287 fiducia
1682 1256 1847 1287 accedens
1865 1256 1908 1288 ad
1918 1256 2047 1296 Deum,
2071 1262 2106 1289 et
2122 1258 2215 1290 mul-

1233 1306 1275 1338 tis
1292 1304 1488 1347 insignibus
1505 1305 1620 1337 verbis
1636 1316 1712 1337 eam
1728 1305 1891 1345 illustrat,
1916 1312 1955 1339 ut
1970 1317 2070 1339 mens
2086 1307 2213 1351 pavida

1233 1362 1265 1388 et
1295 1355 1461 1388 dubitans
1491 1353 1686 1389 attrahatur
1715 1356 1758 1388 ad
1789 1354 1902 1388 Deum
1936 1356 2102 1391 adiuncta
2137 1370 2214 1391 me-

1234 1406 1373 1439 diatori.

1336 1463 1468 1496 XXXI.
1527 1462 1622 1496 Haec
1663 1471 1867 1507 argumenta
1909 1465 2090 1508 perspicua
2131 1472 2214 1498 sunt

1235 1514 1419 1552 omnibus,
1460 1515 1519 1558 qui
1554 1521 1686 1547 norunt
1718 1515 1878 1547 exercitia
1910 1515 2148 1559 poenitentiae
2181 1522 2214 1549 et

1235 1565 1327 1598 fidei.
1381 1564 1453 1606 Qui
1470 1576 1550 1596 vero
1569 1571 1638 1597 tam
1657 1565 1850 1597 manifestis
1867 1565 2082 1607 argumentis
2107 1573 2141 1600 et
2161 1572 2214 1599 te-

1236 1614 1411 1647 stimoniis
1440 1613 1543 1646 Pauli
1571 1621 1787 1657 repugnant,
1829 1616 2020 1648 ostendunt
2052 1627 2088 1648 se
2119 1616 2215 1649 velut

1236 1662 1408 1697 Etbnicos
1422 1692 1431 1704 ,
1454 1677 1516 1697 nec
1535 1664 1769 1707 poenitentiae
1788 1676 1851 1697 nec
1870 1665 1948 1698 fidei
1966 1665 2126 1698 exercitia
2149 1677 2216 1698 no-

1237 1715 1345 1755 visse,
1367 1721 1400 1747 et
1416 1714 1597 1756 indulgere
1612 1714 1912 1755 dubitationibus,
1940 1727 2089 1760 quarum
2112 1716 2215 1759 plena

1237 1772 1318 1798 sunt
1334 1763 1517 1797 bominum
1535 1770 1694 1807 pectora,
1725 1771 1763 1797 ut
1781 1765 1950 1798 clamores
1968 1765 2160 1799 multorum
2178 1766 2215 1799 in

1238 1816 1415 1848 aerumnis
1433 1816 1641 1854 ostendunt,
1668 1815 1730 1858 qui
1746 1821 1829 1847 tunc
1846 1816 2035 1849 ostendunt
2054 1827 2132 1850 suas
2148 1817 2215 1850 du-

1238 1866 1444 1906 bitationes,
1469 1871 1509 1898 ut
1525 1864 1557 1898 4.
1576 1862 1725 1898 Aeneid.
1740 1865 1856 1909 inquit
1873 1878 1932 1898 rex
1948 1866 2094 1910 impius:

1549 1917 1612 1948 Nos
1634 1929 1756 1948 munera
1778 1921 1908 1958 templis,

1290 1968 1414 2009 Quippe
1439 1971 1498 1999 tuis
1521 1969 1661 1999 ferimus:
1697 1970 1867 2010 famamque
1888 1971 2025 1999 fovemus
2048 1981 2176 2001 manem.

1239 2017 1336 2051 Talis
1381 2024 1430 2051 est
1472 2017 1648 2052 invocatio
1689 2017 1946 2051 removentium
1987 2018 2215 2052 mediatorem

1238 2069 1349 2101 filium
1372 2067 1436 2100 Dei
1453 2075 1485 2101 et
1503 2067 1617 2102 fidem.

1339 2125 1490 2160 XXXII.
1523 2124 1601 2160 Etsi
1618 2133 1734 2160 autem
1752 2133 1952 2160 sanctorum
1978 2127 2087 2160 animi
2109 2126 2213 2159 etiam

1239 2179 1276 2211 in
1316 2175 1380 2211 hac
1414 2178 1484 2209 vita
1521 2177 1722 2220 ingentibus
1757 2178 2019 2211 dubitationum
2053 2176 2217 2210 fluctibus

1238 2240 1338 2273 saepe
1354 2227 1614 2269 concutiuntur,
1640 2235 1756 2261 tamen
1775 2229 1823 2272 pii
1843 2227 2108 2272 promissionem
2124 2227 2217 2259 divi-

1240 2291 1320 2313 nam
1345 2286 1550 2323 opponunt,
1586 2285 1619 2312 et
1641 2285 1838 2323 repugnant
1862 2277 2092 2319 dubitationi,
2124 2285 2155 2311 et
2180 2279 2216 2310 in

1240 2331 1430 2363 mediatore
1449 2329 1682 2374 acquiescunt.

1449 2457 1730 2501 Disputatio
1777 2453 2029 2488 secunda:-

1525 2524 1585 2557 De
1611 2521 1713 2556 bonis
1741 2520 1924 2565 operibus.

1332 2614 1358 2651 l.
1381 2613 1464 2647 Ideo
1484 2613 1651 2646 immensa
1670 2613 1826 2646 bonitate
1836 2612 1902 2646 Dei
1921 2621 1950 2647 et
1970 2614 2150 2647 conditum
2170 2621 2217 2647 est

1242 2677 1350 2709 geniis
1365 2663 1571 2702 humanum,
1597 2669 1629 2696 et
1646 2664 1852 2703 redemtum,
1872 2671 1910 2698 ut
1928 2662 2146 2703 sitEcclesia‚
2163 2664 2218 2698 eui
