2324 2955
211 117 302 152 1027

211 201 407 234 Ptolomeus
427 192 546 226 scribit
570 189 725 222 Henetos
747 200 818 222 esse
841 188 1028 222 maximam
1050 195 1186 231 gentem

212 247 414 283 Sarmatiae.
476 240 751 283 Compleverunt
781 239 873 271 enim
907 249 1030 280 magna
1065 238 1189 282 spacia,

212 310 299 344 quae
327 305 420 326 nunc
452 291 683 324 nominamur
706 289 834 323 l'tussia
859 296 891 321 et
915 288 1076 322 Polonia.
1131 288 1188 320 ln-

213 353 253 379 ile
287 353 319 377 ct
351 344 394 375 ad
421 342 517 374 littus
545 340 651 372 maris
677 339 803 372 Baltici
836 339 935 371 effusi
961 345 1062 378 suut,
1096 339 1190 370 unde

214 394 381 429 l'tolemei
401 400 556 434 tempore
580 401 710 422 nomen
732 389 799 423 suit
819 389 986 422 usitatum
1009 389 1105 420 sinus
1122 387 1191 419 Ye-

214 454 330 478 netici.

316 501 452 533 Nomen
478 497 609 531 Heneti
642 508 784 540 prorsus
819 503 857 529 ut
890 502 990 529 sonat
1024 495 1194 537 significat

217 551 385 586 Hebraeis
405 549 631 591 vagabundos
648 559 707 579 seu
728 544 913 590 rtiuad'ag,
942 546 1002 590 qui
1029 546 1095 577 late
1113 557 1194 588 pro-

217 607 403 635 cesserunt.
462 598 540 631 lN'on
581 603 741 640 poterant
778 604 891 630 antem
932 597 1006 629 sine
1037 596 1195 634 consilio,

217 651 353 686 iusticia
377 656 410 682 et
433 648 640 681 fortitudine
667 654 736 680 tam
757 648 824 680 late
849 645 1024 680 dominari
1044 652 1075 678 et
1092 655 1196 687 regna

219 701 440 735 constituere.
501 697 595 730 Haec
621 698 663 729 ‹le
689 704 858 731 vetustate
884 704 915 730 et
942 697 1069 729 virtute
1085 695 1196 738 gentis

220 753 373 785 llenetae
394 748 670 782 considerentur.

319 807 478 851 Cumque
495 806 635 847 linguae
656 804 856 837 discernant
875 810 1013 846 gentes,
1040 815 1198 846 compre—

220 859 336 892 hendo
371 856 604 900 appellatione
634 853 852 887 Uenetorum
888 855 1067 892 nationes,
1111 864 1199 897 quae

221 910 377 951 linguam
402 907 568 945 retinent,
595 905 694 938 cuius
721 902 825 937 hodie
849 916 931 937 usus
950 911 999 937 est
1018 905 1110 947 apud
1128 903 1199 936 He-

220 967 318 991 netos
343 967 478 1000 sparsos
501 957 544 988 ad
577 955 693 987 sinum
716 955 822 987 maris
848 954 1041 993 Adriatici,
1077 953 1137 996 qui
1168 959 1200 985 et

222 1021 314 1041 nunc
347 1007 569 1050 appellantur
600 1004 737 1037 Veneti.
813 1005 968 1037 'retinent
999 1014 1128 1034 nomen
1167 1008 1201 1034 et

222 1059 349 1091 Heneti
376 1057 412 1088 in
438 1056 554 1088 littore
582 1054 712 1086 Arctoo
740 1053 858 1095 lingua
885 1053 944 1084 illa
971 1052 1085 1084 vicina
1111 1051 1201 1084 mari

224 1106 396 1141 Adriatici
417 1111 559 1137 mentes.

324 1175 535 1216 Quanquam
559 1176 674 1203 autem
706 1169 743 1200 in
769 1168 925 1200 dialectis
952 1168 1074 1210 exigua
1098 1166 1202 1199 dissi-

225 1225 388 1257 militudo
408 1228 473 1254 est:
503 1228 617 1253 tamen
635 1220 780 1251 eandem
796 1230 867 1251 esse
890 1218 1060 1261 originem
1078 1215 1203 1249 harum

224 1275 378 1317 gentium
407 1277 680 1304 consentaneum
706 1275 775 1307 est,
805 1268 982 1313 Illyricae,
1016 1267 1204 1300 Polonicae

226 1332 255 1357 et
272 1322 490 1360 Boiemicae‚
517 1327 549 1353 et
576 1326 776 1352 nostrorum
798 1317 1039 1358 Henetorum,
1065 1325 1097 1351 et
1119 1317 1205 1350 alibi

225 1373 444 1418 loquentium
463 1371 582 1403 eadem
602 1369 734 1412 lingua.

326 1438 583 1472 Nominabatur
598 1443 713 1469 autem
730 1435 815 1469 olim
834 1441 905 1468 tota
924 1434 1018 1477 regio
1035 1434 1070 1466 in
1088 1433 1206 1467 littore

227 1492 324 1524 sinus
343 1488 513 1521 Adriatici
530 1485 702 1526 Venetia,
735 1485 897 1518 videlicet
913 1484 1002 1517 circa
1021 1483 1205 1517 Patavium

227 1548 257 1574 et
281 1539 512 1572 vincentiam.
565 1536 611 1571 Et
628 1535 947 1580 scribit'Polybius‚
976 1535 1012 1566 in
1030 1546 1068 1567 eo
1089 1535 1206 1568 littore

227 1591 330 1623 aliam
351 1600 421 1621 esse
438 1589 593 1631 linguam
606 1613 615 1628 ‚
643 1599 747 1631 quam
768 1587 811 1619 sit
827 1585 911 1618 alibi
932 1586 968 1617 in
986 1584 1098 1619 Italia.

328 1654 417 1688 Cum
440 1661 556 1687 autern
583 1651 703 1685 Attila
727 1653 901 1685 obsideret
926 1651 1124 1695 Aquileiam
1139 1676 1147 1690 ‚
1174 1655 1208 1682 et

228 1717 369 1748 magnas
395 1703 604 1736 vastationes
629 1703 664 1733 in
690 1703 817 1733 vicinia
840 1702 985 1740 faceret,
1014 1699 1114 1730 multi
1142 1697 1206 1729 ho—

228 1757 340 1788 miues
357 1753 492 1786 nobiles
506 1758 538 1784 et
558 1749 696 1783 honesti
713 1756 889 1793 sperantes
908 1760 942 1780 se
966 1754 1059 1781 tutos
1077 1747 1150 1779 fore
1169 1747 1205 1778 in

229 1806 349 1850 aquis,
378 1807 592 1845 occuparunt
610 1801 646 1832 in
664 1800 780 1833 vicino
798 1799 883 1832 mari
902 1799 1035 1837 locum,
1064 1798 1123 1841 qui
1143 1798 1207 1829 ad-

230 1854 297 1888 huc
321 1860 464 1886 vocatur
485 1851 600 1885 Rivus
621 1851 712 1883 altus
738 1857 772 1883 et
795 1848 968 1882 cumulata
994 1859 1116 1887 arena,
1143 1849 1207 1879 do-

229 1916 306 1938 mos
322 1908 564 1941 extruxerunt,
592 1907 623 1934 et
640 1901 721 1933 urbi
739 1911 868 1932 nomen
889 1896 1061 1932 Venetiae
1083 1908 1101 1930 a
1121 1897 1207 1930 vici—

230 1968 273 1987 na
291 1954 431 1997 regione
447 1952 662 1984 indiderunt.

335 2018 537 2053 Inchoatam
557 2029 628 2051 esse
644 2015 919 2049 aedificationem
936 2015 1094 2048 scribunt
1115 2025 1207 2047 anno

231 2071 400 2106 Martiani
426 2069 549 2109 tertio,
580 2067 743 2100 videlicet
766 2077 860 2099 anno
881 2063 1013 2099 Christi
1038 2065 1208 2109 quadrin-

231 2121 420 2165 gentesimo
444 2118 693 2163 septuagesimo
718 2123 823 2150 sexte.
879 2116 929 2148 Ac
945 2115 1114 2158 singulari
1136 2115 1209 2147 soe-

231 2173 361 2205 licitate
387 2170 470 2203 urbs
495 2170 580 2201 adeo
607 2168 731 2207 crevit,
762 2174 801 2200 ut
824 2166 944 2199 multis
962 2166 1085 2199 seculis
1107 2165 1208 2198 unica

233 2222 374 2256 urbium
390 2219 525 2262 Regina
543 2219 580 2251 in
598 2225 670 2251 toto
687 2229 811 2261 genere
827 2214 981 2249 humano
999 2216 1208 2249 antecellens

235 2272 374 2304 caeteris
392 2270 555 2303 omnibus
573 2269 683 2302 forma
701 2267 964 2311 gubernationis
983 2267 1124 2310 optima,
1151 2278 1209 2298 ex-

235 2322 391 2355 cellentia
411 2321 559 2360 artium,
586 2325 617 2352 et
634 2319 745 2362 gloria
764 2329 879 2350 rerum
897 2324 1082 2360 gestarum.

338 2387 431 2419 Anni
458 2394 538 2420 sunt
560 2393 674 2419 autem
699 2386 742 2418 ab
770 2382 994 2417 inchoatione
1015 2395 1126 2428 usque
1148 2384 1210 2416 ad—

235 2437 330 2471 hunc
360 2448 489 2469 annum
514 2434 645 2470 Christi
670 2434 778 2469 1559.
810 2435 906 2467 mille
937 2434 1110 2476 octoginta
1132 2441 1209 2468 tres.

238 2488 308 2521 Tot
331 2487 432 2520 annis
459 2498 636 2530 uunquam
662 2486 700 2518 in
723 2485 856 2519 externi
881 2483 988 2517 hostis
1006 2491 1209 2529 potestatem

237 2537 351 2576 venit,
385 2535 445 2569 etsi
474 2537 582 2568 multa
612 2536 703 2569 bella
732 2535 828 2569 varia
861 2535 1000 2568 fortuna
1024 2535 1145 2581 gessit,
1174 2534 1210 2566 in

236 2588 365 2633 quibus
389 2596 487 2628 saepe
512 2586 634 2617 victrix
657 2586 846 2620 multarum
876 2586 1069 2619 insularum
1095 2592 1126 2618 et
1150 2596 1209 2619 ur-

236 2639 334 2671 bium
351 2636 491 2669 domina
509 2635 596 2668 sacta
615 2643 671 2668 est.

441 108 646 146 SCRIPTA
676 106 751 141 ΡΠ.
779 103 892 138 MEL.
922 104 986 138 AD
1014 102 1142 138 HIST.
1169 101 1310 138 PROF.
1341 101 1405 137 ET
1431 101 1623 139 PHILOS.
1652 102 1969 140 SPECTANTIA.

2117 105 2210 140 1028

1377 188 1443 221 De
1477 188 1658 232 Synodo
1691 188 2074 224 chalcedonensi.

1341 261 1447 295 Anno
1467 263 1618 295 secundo
1635 262 1801 296 Martiani
1819 262 1983 308 Synodus
2001 264 2163 298 convenit
2179 265 2215 296 in

1241 313 1327 345 urbe
1353 308 1601 352 Chalcedone,
1635 325 1722 356 quae
1750 325 1767 346 e
1799 314 1939 356 regione
1968 312 2129 358 Byzantii
2153 314 2217 347 sita

1242 370 1308 401 est,
1339 362 1375 394 in
1400 374 1466 406 qua
1494 363 1643 395 sexcenti
1666 369 1698 395 et
1723 363 1865 405 triginta
1888 363 2053 407 Episcopi
2078 363 2219 396 fuerunt

1243 412 1355 445 edicto
1386 409 1580 445 ,Martiani
1615 413 1834 455 imperatoris
1866 413 2061 453 convocati,
2096 413 2155 457 qui
2187 420 2220 445 et

1244 463 1315 505 ipse
1337 462 1567 505 disputationi
1591 462 1770 502 interfuit,
1799 474 1841 494 ne
1863 463 2034 495 seditiosis
2060 463 2221 496 tumulti-

1246 514 1309 545 bus
1335 512 1478 544 facultas
1505 512 1646 544 dicendi
1672 512 1862 545 sententias
1884 512 2124 555 impediretur.
2176 511 2223 545 Et

1247 562 1350 594 verba
1377 561 1545 594 Martiani
1571 562 1762 595 recitantur
1794 561 1947 596 distinct.
1971 561 2048 596 96.:
2083 561 2155 595 Nos
2179 563 2223 594 ad

1249 612 1523 645 confirmandam
1540 612 1655 654 fidem,
1683 624 1756 644 non
1772 613 1815 644 ad
1833 612 2083 644 ostendendam
2101 618 2224 655 poten-

1247 663 1330 695 tiam
1347 661 1506 705 exemplo
1523 660 1749 695 Constantini
1768 662 1989 705 imperatoris
2011 661 2059 705 pii
2079 660 2223 706 Synodo

1249 713 1414 747 interesse
1443 711 1624 751 volumus,
1660 719 1696 746 ut
1728 712 1870 746 inventa
1905 711 2050 745 veritate
2080 711 2225 744 dissidia

1250 762 1432 796 tollantur.

1350 819 1492 854 Dictum
1526 827 1576 852 est
1609 826 1724 853 autem
1758 831 1861 864 supra
1896 832 1967 853 non
2003 820 2114 853 multo
2148 827 2227 853 ante

1251 868 1443 904 Theodosii
1483 870 1626 903 secundi
1668 876 1815 903 mortem
1856 877 2081 903 convocatam
2123 870 2228 903 fuisse

1252 920 1433 965 Synodum
1451 921 1594 952 alteram
1615 921 1656 952 ad
1679 917 1876 963 Ephesum,
1903 932 1990 965 quae
2008 926 2149 964 propter
2166 931 2228 952 ne-

1252 982 1325 1002 cem
1350 969 1510 1001 Flaviani
1535 977 1566 1002 et
1592 970 1675 1002 alias
1701 970 1890 1003 seditiones
1908 971 1959 1003 ibi
1982 976 2095 1003 motas
2114 970 2229 1002 nomi-

1252 1026 1356 1052 natur
1375 1016 1544 1062 ληστρικὴ
1563 1018 1738 1063 synodus,
1774 1019 1827 1052 Ibi
1841 1032 1919 1053 cum
1935 1017 2106 1064 Eutychis
2124 1020 2229 1052 factio

1254 1068 1438 1111 impediret
1462 1068 1715 1110 cognitionem,
1750 1076 1935 1102 creverunt
1963 1076 2078 1112 postea
2097 1069 2229 1102 discor-

1254 1119 1342 1151 diae.
1379 1116 1502 1150 Statim
1522 1117 1628 1160 igitur
1645 1117 1841 1150 Martianus
1858 1125 1934 1161 post
1954 1125 2100 1151 mortem
2111 1116 2230 1151 Theo-

1255 1167 1345 1200 dosii
1362 1167 1556 1200 doctrinam
1573 1165 1745 1211 Eutychis
1761 1167 1921 1211 cognosci
1940 1168 2062 1207 voluit,
2088 1174 2121 1200 et
2137 1168 2230 1211 piam

1256 1216 1479 1250 concordiam
1497 1217 1643 1250 restitui.

1357 1274 1440 1308 Fuit
1470 1271 1658 1319 Eutyches
1695 1272 1888 1308 monachus
1923 1273 2231 1319 Constantinopoli

1257 1338 1297 1358 eo
1328 1331 1501 1369 tempore,
1534 1337 1603 1370 quo
1630 1325 1698 1358 fuit
1727 1325 1778 1358 ibi
1808 1323 2003 1369 Episcopus
2023 1322 2233 1368 Nestorius,

1257 1387 1361 1420 quem
1381 1387 1460 1408 curn
1478 1376 1682 1409 damnatum
1700 1386 1771 1408 esse
1787 1375 1907 1416 sciret,
1933 1376 2030 1420 quod
2043 1377 2234 1409 contende·

1257 1432 1311 1459 rat
1326 1424 1437 1472 λόγον
1454 1431 1589 1459 tantum
1607 1425 1746 1458 affuisse
1763 1422 2050 1459 hominiChristo
2067 1432 2234 1470 tanquam

1259 1475 1410 1514 socium,
1438 1482 1476 1509 ut
1499 1475 1600 1509 affuit
1622 1474 1724 1509 Eliae
1752 1482 1785 1509 et
1806 1475 1884 1508 aliis
1902 1476 2045 1516 sanctis,
2072 1476 2145 1519 ipse
2160 1473 2236 1509 Eu-

1258 1523 1377 1571 tyches
1401 1532 1519 1569 postea
1542 1527 1584 1559 ad
1606 1526 1817 1559 contrariam
1840 1523 2059 1570 hyperbolen
2074 1526 2236 1570 delapsus

1259 1576 1501 1609 confusionem
1519 1583 1724 1609 naturarum
1740 1576 1854 1608 finxit:
1878 1575 1977 1608 Dixit
1991 1582 2152 1608 naturam
2169 1573 2236 1609 hu·

1258 1637 1397 1658 manam
1427 1637 1629 1658 conversam
1656 1636 1727 1658 esse
1765 1625 1802 1657 in
1833 1621 1956 1671 λόγον.
2009 1624 2081 1657 lNec
2110 1624 2237 1658 tribuit

1260 1675 1487 1716 proprietates
1510 1686 1589 1708 suas
1619 1675 1746 1718 cuique
1770 1681 1933 1707 naturae:
1969 1675 2029 1707 sed
2055 1675 2237 1709 contendit

1260 1720 1324 1755 τὸν
1349 1721 1460 1768 λόγον
1483 1730 1660 1755 mortuum
1687 1735 1776 1763 esse,
1805 1729 1837 1756 et
1859 1730 2021 1757 naturam
2046 1721 2235 1757 humanam

1260 1783 1331 1804 esse
1346 1772 1456 1815 ipsam
1476 1773 1543 1805 τοῦ
1562 1769 1675 1818 λόγου
1692 1779 1864 1806 naturam.
1917 1772 2078 1819 Denique
2094 1774 2237 1807 univer-

1260 1834 1333 1854 sam
1350 1821 1546 1854 doctrinam
1562 1820 1738 1855 Ecclesiae
1753 1823 1795 1855 ‹le
1811 1823 2129 1857 communicatione
2148 1824 2240 1857 idio-

1261 1878 1394 1906 matum
1425 1871 1564 1907 delevit.
1624 1869 1754 1906 Extant
1785 1879 1860 1906 acta
1884 1873 2021 1918 Synodi
2052 1874 2146 1918 apud
2174 1873 2238 1908 Ni-

1261 1920 1462 1966 cephornm.

1365 1979 1457 2014 Utile
1480 1986 1531 2014 est
1554 1987 1669 2014 autem
1691 1980 1758 2025 piis
1780 1987 1898 2016 tenere
1921 1981 2056 2026 aliquas
2085 1982 2239 2016 illustres

1261 2031 1487 2064 refutationes
1504 2043 1662 2064 errorum
1674 2057 1684 2071 ‚
1711 2043 1799 2076 quae
1822 2038 1903 2065 sunt
1919 2039 2076 2066 accurate
2093 2033 2240 2077 scriptae

1261 2094 1280 2114 a
1298 2079 1542 2119 Theodorem,
1566 2081 1627 2126 qui
1647 2093 1725 2114 cum
1743 2081 1780 2114 in
1797 2081 1963 2127 Synodo,
1984 2094 2077 2127 quae
2096 2084 2238 2128 λῃστρι-

1261 2130 1305 2176 κὴ
1325 2131 1549 2171 nominatur,
1580 2131 1694 2164 officio
1725 2129 1891 2176 Episcopi
1919 2132 2049 2167 iniuste
2071 2133 2238 2177 spoliatus

1261 2189 1366 2221 esset,
1397 2194 1492 2215 nunc
1516 2182 1551 2214 in
1576 2179 1855 2216 Chalcedonensi
1885 2183 2066 2216 restitutus
2093 2189 2152 2217 est.
2206 2182 2239 2215 Is

1262 2239 1353 2266 recte
1369 2232 1489 2266 scribit
1505 2233 1592 2265 duas
1606 2232 1643 2264 in
1658 2230 1799 2266 Christo
1820 2239 1902 2266 nato
1927 2245 1967 2266 ex
1984 2232 2118 2275 virgine
2135 2239 2239 2266 natu-

1262 2294 1316 2316 ras
1341 2293 1430 2323 esse,
1464 2279 1595 2329 λόγον,
1629 2289 1663 2316 et
1687 2290 1899 2326 assumptam
1922 2288 2083 2315 naturam
2112 2279 2238 2316 huma-

1263 2345 1358 2373 nam,
1391 2339 1424 2366 et
1454 2339 1626 2377 utranque
1664 2334 1814 2366 retinere
1850 2344 1945 2366 suam
1979 2331 2238 2375 proprietatem,

1263 2395 1325 2416 nec
1342 2383 1536 2416 faciendam
1554 2394 1625 2415 esse
1643 2383 1882 2416 confusionem
1900 2388 2114 2415 naturarum.
2148 2381 2240 2415 Vere

1264 2440 1388 2466 natura
1411 2431 1566 2466 humana
1580 2439 1630 2466 est
1648 2444 1719 2465 non
1738 2440 1928 2476 spectrum,
1953 2439 2129 2475 assumpta
2144 2444 2162 2465 a
2180 2429 2240 2465 λό-

1263 2496 1337 2531 γῳ,
1368 2495 1430 2516 nec
1457 2490 1506 2516 est
1529 2484 1600 2526 ipsa
1619 2489 1742 2516 natura
1765 2489 1939 2526 assumpta
1956 2484 2024 2517 τοῦ
2040 2478 2173 2529 λόγου,
2200 2489 2240 2515 ut

1264 2541 1296 2567 et
1319 2533 1442 2567 Petrus
1465 2534 1624 2566 distinxit
1646 2539 1786 2566 naturas
1812 2534 1844 2566 1.
1863 2531 1935 2567 Pet.
1953 2531 2002 2566 4.:
2029 2530 2119 2565 Cum
2135 2529 2240 2566 Chri-

1265 2590 1336 2617 stus
1352 2595 1470 2629 passus
1486 2584 1531 2617 sit
1546 2595 1608 2627 pro
1620 2582 1721 2615 nobis
1736 2594 1849 2616 carne.
1884 2581 1930 2617 Et
1947 2583 1983 2615 in
1993 2581 2090 2616 Actis
2108 2583 2238 2626 cap.2.:

1264 2633 1344 2668 Non
1368 2634 1485 2669 relicta
1509 2640 1558 2668 est
1580 2633 1694 2666 anima
1724 2633 1797 2667 eius
1823 2634 1860 2666 in
1878 2633 2041 2679 inferno,
2074 2643 2238 2678 nec—caro
