2324 2955
81 119 130 156 25

578 115 735 152 DECL.
769 115 843 151 DE
884 112 1226 151 DIGNlTATE
1267 113 1477 151 LEGEM
1515 126 1596 153 ETC.

2053 114 2101 147 26

81 205 164 239 tudo
188 203 326 236 virtutis
349 203 508 236 accendit
532 202 669 235 animos
693 202 735 234 ad
763 213 837 234 eam
864 202 1064 234 amandam.
1115 200 1260 232 tundem
1278 200 1426 243 singulis
1445 204 1662 247 attribuunt,
1691 203 1818 248 gradus
1841 200 1944 239 etiam
1969 195 2104 241 faciunt

78 254 218 289 Deinde
245 255 337 297 l'eges
369 264 591 296 cognoscere,
627 259 676 285 est
704 252 833 285 intueri
857 258 964 285 totam
991 252 1064 284 sor-

79 317 170 338 mam
188 304 429 348 Reipublicae.
481 302 570 336 Cum
590 302 725 336 Atticae
743 302 893 336 civitatis
911 310 970 336 aut
987 301 1064 335 lto-

79 367 204 388 manae
238 356 327 397 leges
353 354 562 397 cogitamus,
595 354 757 386 videmur
783 354 881 397 quasi
905 354 998 386 cives
1026 352 1062 384 in

78 406 150 439 illis
167 405 250 449 ipsis
267 405 415 437 urbibus
437 404 572 444 vivere,
600 404 779 436 intuemur
802 404 964 436 ordinem
984 402 1064 435 Ma-

78 457 305 499 gistratunm,
356 455 510 498 exempla
552 454 774 497 disciplinae,
829 454 1063 487 severissimas

76 506 245 540 scelerum
276 517 433 549 poenas,
474 505 583 548 Appii
616 503 820 541 libidinosi,
860 503 1062 537 Decemviri

75 568 206 597 necem,
233 555 428 596 Saturnini,
455 554 627 589 Catilinae
644 561 676 587 et
695 554 959 588 coniuratorum
978 566 1061 597 sup-

74 607 197 652 plicia,
238 607 383 640 consilia
408 605 685 638 moderatissima
710 605 747 637 in
771 606 934 638 sedandis
961 605 1061 637 bellis

74 657 248 697 civilibus,
276 653 484 700 ἀμνηστίαν
499 656 666 689 sancitam
682 667 701 687 a
712 653 938 700 Thrasybulo
949 652 1061 688 Athe-

73 709 145 748 nis,
173 714 207 740 et
223 706 358 740 Romae
378 719 394 738 a
412 706 562 747 Senatu,
590 712 668 750 post
688 706 908 739 intersectum
929 705 1061 739 Iulium

71 757 273 797 Caesarem,
298 763 338 790 ut
354 757 514 801 publicae
531 769 631 790 cansa
656 756 787 799 singuli
806 757 849 789 de
873 769 936 790 suo
961 758 1061 790 cede-

70 815 166 847 rent,
193 808 336 840 modum
353 819 552 843 usurarum.
855 840 865 847 Ι

172 857 309 891 Harum
339 870 455 891 rerum
486 857 646 891 omnium
676 856 928 899 consideratio,
972 869 1061 903 quae

72 910 147 943 sine
168 909 284 952 legum
308 908 496 941 collatione
519 908 592 941 fieri
619 920 691 941 non
715 914 844 951 potest,
871 910 914 942 de
938 908 1060 941 multis

72 960 207 1003 magnis
224 959 328 992 rebus
343 970 407 992 nos
421 959 686 992 commonefacit
708 959 744 991 in
770 965 841 993 tota
861 960 951 1000 vita,
976 970 1059 991 nos-

72 1022 140 1055 que
154 1011 196 1043 ad
216 1009 388 1043 iusticiam
407 1016 439 1043 et
453 1009 661 1043 modestiam
682 1009 800 1042 flectit.

171 1059 241 1094 Sed
273 1059 407 1094 indocti
442 1060 547 1093 multi
575 1067 608 1094 et
644 1059 795 1093 Iudaicis
827 1059 1057 1103 opinionibus

70 1111 246 1149 fascinati,
274 1111 396 1144 dicunt
412 1110 528 1154 potius
544 1109 652 1144 Moisi
679 1111 769 1153 leges
792 1110 830 1142 in
857 1110 973 1142 forum
1000 1121 1056 1141 re-

73 1163 248 1194 vocandas
279 1172 367 1194 esse:
411 1161 470 1194 alii
504 1160 718 1195 indoctiores
761 1161 884 1194 dicunt
923 1172 1054 1193 novum

71 1212 124 1245 ius
142 1223 181 1244 ex
200 1210 393 1254 Evangelio
413 1213 613 1245 cudendum
630 1223 712 1244 esse.

169 1261 244 1295 Hos
259 1262 428 1296 fanaticos
445 1263 581 1296 furores
598 1263 692 1296 scitis
707 1273 808 1305 saepe
834 1262 902 1294 iam
927 1260 1054 1293 firmis-

69 1312 166 1345 simis
182 1319 215 1345 et
230 1313 421 1355 perspicuis
438 1313 652 1354 argumentis
669 1313 834 1344 refutatos
851 1323 933 1344 esse.
984 1311 1052 1344 Sed

69 1362 152 1406 quia
176 1373 248 1393 non
277 1361 487 1403 praemoniti
512 1361 612 1393 facile
636 1362 823 1394 turbantur
844 1369 875 1394 et
900 1361 1054 1393 novitate

67 1418 101 1444 et
116 1411 383 1451 superstitione,
412 1407 567 1439 iuniores
592 1407 770 1440 interdum
790 1411 832 1438 de
858 1409 913 1438 his
933 1412 1054 1449 dispu—

66 1458 258 1493 tationibus
280 1457 616 1490 commonesaciendi
640 1463 734 1491 sunt.
795 1456 964 1489 Videmus
987 1454 1052 1488 hoc

65 1509 238 1547 accidere,
265 1514 303 1541 ut
320 1505 368 1547 hi,
394 1507 454 1552 qui
472 1518 544 1539 non
560 1513 642 1539 sunt
659 1519 676 1539 a
694 1506 823 1539 teneris
840 1513 930 1539 recte
948 1506 1050 1539 insti-

66 1559 133 1594 tuti
151 1560 193 1591 de
207 1557 411 1591 discrimine
428 1557 522 1591 -vitae
540 1557 704 1601 politicae
718 1563 750 1589 et
765 1556 924 1590 iusticiae
940 1564 1051 1590 aeter-

66 1622 149 1650 nae,
175 1620 219 1642 ne
235 1608 371 1652 possint
389 1608 530 1653 quidem
547 1607 674 1642 sanari.
718 1606 847 1640 Fontes
865 1607 971 1650 igitur
988 1604 1050 1640 ha-

65 1672 143 1694 rum
162 1659 413 1693 refutationum
429 1659 571 1692 tenendi
593 1665 692 1698 sunt,
720 1658 781 1703 qui
799 1658 1049 1701 amplissimam

66 1710 262 1744 doctrinam
278 1710 480 1748 continent,
508 1709 630 1742 utilem
647 1716 679 1742 et
697 1710 739 1741 ad
758 1709 973 1752 agnitionem
984 1707 1050 1741 Dei

65 1769 98 1795 et
121 1762 164 1794 ad
191 1760 423 1794 reverentiam
447 1760 584 1804 politici
608 1759 755 1793 ordinis.
814 1757 1048 1802 Evangelium

63 1813 106 1846 de
131 1811 417 1845 reconciliatione
442 1811 524 1851 Dei,
560 1817 592 1844 et
615 1811 658 1843 de
681 1816 820 1843 aeterna
846 1810 983 1843 iusticia
1011 1810 1047 1842 in

63 1863 192 1896 nostris
215 1862 379 1895 cordibus
405 1862 652 1902 concionatur,
684 1873 771 1905 quae
794 1861 886 1893 filius
902 1860 969 1894 Dei
993 1872 1048 1892 re·-

62 1911 171 1948 trahit
187 1926 227 1946 ex
242 1912 392 1946 aeternis
410 1912 551 1956 poenis,
576 1924 654 1945 cum
673 1912 740 1944 fide
760 1912 803 1944 ad
823 1923 902 1944 eum
921 1912 1046 1945 confu-

62 1965 192 2007 gimus,
220 1970 253 1996 et
271 1964 379 1996 donat
398 1975 488 1996 nova
505 1963 580 1996 luce
596 1969 627 1995 et
637 1961 771 2006 Spiritu
791 1969 909 1995 sancto
926 1974 1047 1995 accen-

62 2016 167 2047 dente
183 2026 298 2047 veram
317 2013 381 2047 Dei
398 2013 656 2047 invocationem
673 2020 705 2047 et
725 2013 812 2046 alios
839 2019 954 2046 motus
980 2012 1046 2055 legi

61 2064 125 2099 Dei
139 2071 379 2106 congruentes.
409 2063 543 2097 Interea
562 2064 598 2096 in
614 2064 682 2097 vita
701 2064 795 2097 civili
813 2063 896 2097 sinit
911 2075 975 2096 nos
992 2063 1044 2096 uti

60 2116 194 2158 legibus
214 2115 457 2158 imperiorum,
486 2115 521 2146 in
539 2114 667 2159 quibus
685 2115 848 2148 vivimus.
897 2113 1045 2157 Colligi-

59 2173 116 2200 tur
136 2166 229 2198 enim
250 2163 333 2198 haec
352 2171 491 2198 aeterna
510 2163 664 2198 Ecclesia
690 2165 727 2197 in
750 2165 855 2198 variis
878 2164 1044 2209 irnperio-

58 2229 136 2251 rum
155 2216 252 2257 locis,
274 2227 424 2260 quorum
442 2227 485 2248 ne
502 2222 612 2259 potest
628 2215 769 2260 quidem
787 2217 906 2248 eadem
925 2216 1044 2248 foren-

57 2268 104 2302 sis
120 2267 338 2301 consuetudo
356 2266 391 2298 in
411 2266 576 2299 omnibus
594 2266 746 2309 negociis
762 2278 846 2301 csse.
885 2266 976 2300 Satis
993 2272 1043 2300 est

58 2320 148 2362 leges
174 2317 336 2363 politIcas
358 2317 563 2362 ubicunque
588 2328 778 2359 congruere
802 2318 845 2350 ad
873 2314 962 2350 hanc
988 2329 1043 2350 re-

56 2370 185 2413 gulam,
212 2375 250 2402 ut
267 2368 338 2402 sint
354 2365 481 2401 honori
500 2368 593 2401 bono
610 2367 719 2412 operi,
744 2374 776 2402 et
791 2368 919 2402 terrori
937 2368 1041 2408 malo,

56 2428 95 2454 nt
113 2419 243 2453 Paulus
266 2419 400 2464 inquit,
427 2416 493 2452 hoc
514 2425 584 2457 est,
612 2430 805 2461 congruere
827 2420 870 2452 ad
889 2418 1042 2452 Decalo-

55 2483 149 2516 gum.
212 2469 253 2503 In
286 2469 429 2504 caeteris
462 2470 567 2503 rebus
590 2470 633 2502 de
664 2469 792 2513 quibus
813 2468 1041 2513 Magistratus

55 2522 206 2556 condere
236 2521 327 2563 leges
357 2527 486 2564 potest,
519 2520 786 2554 similitudinem
815 2520 929 2562 legum
957 2532 1040 2558 esse,

55 2583 273 2618 nequaquam
291 2571 522 2605 necessarium
541 2577 602 2606 est.
654 2570 726 2604 Lex
746 2569 901 2604 Mosaica
922 2571 1037 2615 primo

55 2623 172 2668 genito
195 2624 280 2656 duas
306 2628 420 2666 partes
444 2619 669 2656 haereditatis
689 2621 914 2655 attribuebat.
964 2621 1039 2655 No-

55 2681 144 2708 strae
155 2674 248 2716 leges
263 2679 402 2707 servant
418 2672 663 2718 aequalitatem
677 2670 943 2712 arithmeticam,
959 2679 1038 2707 tan-

1115 250 1151 282 in
1171 251 1322 293 praediis
1340 252 1553 288 militaribus
1572 262 1603 288 et
1620 257 1696 289 aliis
1720 257 1834 290 rebus.
1889 256 1983 290 Haec
2001 258 2103 291 dissi-

1114 300 1278 333 militudo
1298 313 1371 335 non
1391 304 1535 347 impedit
1554 306 1726 339 iusticiam
1744 313 1919 340 aeternam
1938 314 1969 340 et
1987 315 2101 341 motus

1114 350 1254 383 divinos
1281 351 1318 383 in
1341 355 1463 395 corde,
1511 356 1579 388 imo
1604 358 1678 391 vult
1701 357 1794 390 Deus
1825 358 2008 391 ostendere
2039 370 2100 391 suo

1113 413 1289 446 quemque
1312 403 1388 436 loco
1412 405 1446 437 in
1474 403 1527 438 his
1548 407 1650 439 rebus
1675 408 1911 441 obedientiam
1935 419 2014 451 erga
2039 421 2101 453 pa-

1113 452 1196 484 trias
1214 452 1307 495 leges
1325 466 1384 487 seu
1404 456 1563 489 duriores
1579 469 1638 489 sen
1660 457 1821 492 leniores.

1216 502 1353 537 Blnltae
1371 518 1514 549 magnae
1537 518 1657 538 causae
1682 508 1844 545 suerunt,
1872 520 1935 540 cnr
1959 515 1990 542 et
2015 521 2099 542 con-

1112 552 1234 588 stituta
1258 555 1303 588 sit
1320 557 1442 599 politia
1460 557 1615 589 Mosaica
1637 564 1667 590 et
1685 564 1800 600 postea
1820 558 1942 591 deleta.
1996 558 2099 592 Nunc

1112 604 1238 637 rudera
1269 613 1302 639 et
1331 607 1463 639 cineres
1490 615 1520 640 et
1552 605 1688 651 ἐρείπια
1720 607 1756 639 in
1786 607 1853 639 illis
1877 608 1962 640 locis
1987 621 2098 642 annos

1112 654 1210 687 mille
1234 657 1509 700 quadringentos
1538 658 1729 699 octoginta,
1772 657 2012 691 testimonium
2040 660 2096 691 di-

1112 712 1216 748 cunt,
1244 706 1321 739 aliis
1343 708 1505 749 gentibus
1524 719 1595 739 non
1614 708 1840 740 necessariam
1859 719 1930 740 esse
1947 709 2096 741 sormam

1112 756 1186 788 eius
1209 757 1363 799 politiae.
1429 757 1503 790 lmo
1528 770 1571 790 ne
1597 764 1679 790 tunc
1705 758 1846 802 quidem
1866 756 2021 791 Ecclesia
2044 759 2097 802 illi

1112 807 1254 849 politiae
1271 814 1407 841 tantum
1433 807 1566 840 inclusa
1592 815 1675 841 erat.
1731 805 1855 851 Ioseph
1881 808 1916 840 in
1936 806 2096 854 Aegypto

1111 868 1164 889 res
1186 857 1360 890 iudicabat
1376 858 1557 903 Aegyptiis
1579 858 1724 901 legibus.
1777 857 1903 890 Daniel
1924 859 1961 890 in
1980 859 2097 891 Persia

1110 906 1268 941 Persicis.
1330 909 1614 951 Nabugdonosor
1639 909 1675 941 in
1698 908 1880 954 Babylone
1899 908 2096 954 Babyloni-

1109 958 1170 990 cis.
1223 956 1416 991 Nahamam
1437 959 1470 990 in
1484 959 1583 1004 Syria
1596 958 1758 1003 Syriacis.
1809 957 2096 994 CorneliusCen-

1109 1008 1201 1040 turio
1220 1008 1393 1042 Romanis
1409 1010 1542 1051 legibus
1560 1009 1728 1052 praesidia
1748 1009 1848 1041 rexit.

1209 1058 1276 1091 Sed
1298 1057 1381 1091 haec
1402 1060 1647 1104 tota'quaestio
1664 1059 1749 1092 alibi
1775 1070 1875 1102 saepe
1898 1058 2096 1091 luculenter

1107 1108 1274 1152 explicata
1292 1116 1359 1150 est,
1389 1122 1458 1154 quo
1478 1110 1587 1152 magis
1604 1110 1806 1142 detestanda
1833 1116 1881 1142 est
1903 1109 2095 1142 multorum

1108 1170 1179 1191 non
1212 1159 1325 1192 solum
1358 1160 1514 1200 inscitia,
1549 1161 1606 1193 sed
1641 1161 1743 1192 etiam
1773 1160 1998 1203 perversitas,
2034 1159 2096 1203 qui

1106 1220 1308 1253 quanquam
1334 1211 1513 1254 perspicue
1537 1211 1694 1244 refutati:
1733 1217 1849 1243 tamen
1879 1210 1994 1242 furere
2020 1221 2095 1241 non

1106 1260 1290 1300 desinunt,
1318 1273 1467 1305 cumque
1485 1273 1546 1293 nec
1563 1259 1814 1303 Evangelium,
1839 1271 1902 1292 nec
1928 1260 1981 1292 sui
2007 1259 2095 1292 iuris

1106 1310 1220 1342 fontes
1243 1311 1458 1353 intelligant,
1486 1312 1589 1344 stulte
1612 1318 1644 1344 et
1668 1311 1774 1354 impie
1795 1311 1831 1342 in
1856 1322 1966 1343 unum
1990 1307 2094 1342 chaos

1105 1366 1293 1403 utrumque
1327 1362 1569 1400 confundunt,
1622 1368 1654 1393 et
1687 1361 1822 1402 fingunt
1863 1360 2093 1391 deliramenta

1107 1418 1268 1448 prorsus,
1312 1417 1352 1440 ut
1384 1410 1530 1447 dicitur,
1571 1408 1654 1442 οὔτε
1686 1412 1771 1456 γῆς,
1811 1409 1894 1443 οὔτε
1928 1407 2092 1454 οὐρανοῦ

1105 1453 1306 1499 (investierat.
1359 1457 1544 1500 Sapienter
1559 1459 1797 1492 discernamus
1813 1471 1937 1501 genera
1960 1459 2093 1492 doctri-

1105 1517 1251 1546 narum,
1286 1512 1318 1539 et
1340 1513 1379 1539 nt
1404 1507 1534 1540 Paulus
1560 1508 1745 1551 praecipit,
1782 1515 1873 1541 recte
1899 1510 2094 1552 partiamur

1103 1567 1298 1588 sermonem
1316 1557 1488 1597 divinum,
1505 1557 1765 1591 consideremus
1779 1559 1966 1591 discrimen
1982 1564 2094 1591 aeter—

1103 1618 1168 1638 nae
1185 1606 1341 1640 iusticiae
1360 1615 1392 1640 et
1411 1608 1592 1651 politicae,
1619 1609 1731 1641 luceat
1749 1608 1784 1640 in
1802 1610 1906 1641 corde
1923 1609 1973 1641 sol
1992 1609 2093 1642 iusti-

1103 1657 1192 1697 ciae,
1226 1657 1318 1690 filius
1332 1656 1417 1698 Dei,
1448 1666 1479 1692 et
1496 1660 1638 1691 ardeant
1659 1665 1796 1702 pectora
1814 1671 1893 1692 vera
1911 1659 2090 1700 agnitione

1102 1714 1135 1740 et
1155 1707 1375 1741 invocatione
1390 1707 1474 1747 Dei,
1502 1716 1534 1741 et
1559 1710 1707 1742 aliarum
1735 1710 1903 1744 virtutum
1929 1710 2090 1744 flammis.

1101 1756 1148 1792 Et
1172 1758 1210 1790 in
1237 1765 1376 1791 externa
1402 1771 1440 1792 ac
1463 1759 1558 1792 civili
1581 1760 1834 1793 consuetudine
1857 1761 2090 1793 ostendantur

1102 1808 1296 1850 invocatio,
1325 1810 1516 1850 fortitudo,
1541 1810 1721 1852 diligentia
1740 1811 1913 1844 societatis
1929 1812 2090 1851 tuendae.

1102 1858 1182 1893 Non
1199 1858 1369 1893 Titanum
1390 1872 1507 1900 more,
1535 1860 1665 1893 bellum
1685 1861 1781 1893 coelo
1801 1868 1859 1894 ant
1878 1860 2013 1903 legibus
2033 1861 2088 1892 in-

1100 1911 1244 1945 seratur.
1297 1910 1343 1944 Ut
1358 1917 1472 1943 autem
1491 1910 1637 1944 Titanes
1653 1911 1864 1944 fulminibus
1881 1911 2089 1944 coelestibus

1100 1960 1259 2004 dissipati
1276 1967 1309 1994 et
1325 1961 1496 1994 interfecti
1513 1968 1610 1994 sunt:
1643 1962 1690 1994 ita
1709 1962 1850 1994 tandem
1872 1962 2013 1994 fanatici
2035 1961 2087 1993 illi

1101 2009 1216 2044 hostes
1233 2011 1347 2053 legum
1375 2009 1560 2044 horrendis
1583 2012 1750 2055 exemplis
1770 2024 1789 2044 a
1808 2010 1883 2044 Deo
1908 2012 2085 2044 dolentur.

1099 2062 1172 2095 Vos
1199 2061 1307 2104 igitur
1334 2062 1489 2094 iuniores
1513 2060 1686 2094 adhortor
1713 2062 1885 2105 primum,
1920 2069 1958 2095 ut
1997 2062 2086 2103 grati

1098 2112 1293 2155 agnoscatis
1334 2113 1543 2145 beneficium
1579 2111 1664 2151 Dei,
1713 2113 1806 2156 quod
1845 2112 2084 2154 incorruptam

1098 2163 1293 2196 doctrinam
1310 2164 1403 2196 etde
1418 2161 1515 2206 Deo,
1543 2170 1575 2196 et
1600 2164 1643 2195 de
1666 2159 1729 2194 hac
1748 2163 1844 2194 civili
1870 2162 1939 2195 vita
1962 2162 2085 2194 andia-

1097 2214 1158 2255 tis‚
1190 2213 1318 2246 deinde
1337 2220 1376 2246 ut
1394 2214 1547 2246 studiose
1574 2214 1685 2246 sontes
1709 2213 1949 2245 doctrinarum
1972 2212 2085 2244 ‹lisca-

1097 2265 1151 2305 tis,
1179 2271 1212 2299 et
1228 2270 1361 2297 vestrae
1376 2265 1497 2297 salutis
1513 2275 1625 2303 causa,
1652 2269 1683 2295 et
1701 2269 1843 2306 propter
1859 2274 2081 2295 communem

1095 2315 1292 2349 utilitatem.
1329 2314 1417 2347 Nam
1434 2312 1516 2347 hacc
1533 2314 1657 2346 militia
1674 2313 1874 2346 docentium
1892 2319 1925 2345 ct
1943 2313 2080 2345 discen-

1095 2367 1184 2400 tium
1208 2366 1251 2399 ad
1278 2366 1409 2399 multos
1427 2365 1587 2409 pertinet.
1641 2363 1725 2396 Vult
1745 2362 1839 2396 Deus
1863 2361 1956 2396 bunc
1982 2363 2081 2395 ordi-

1094 2429 1174 2450 nem
1192 2417 1371 2450 custodem
1388 2427 1460 2448 csse
1479 2426 1578 2447 verae
1598 2414 1778 2447 doctrinae
1802 2413 1838 2446 in
1862 2425 1987 2456 genere
2012 2411 2080 2445 hu-

1093 2480 1210 2506 mano,
1238 2479 1337 2512 quae,
1365 2466 1498 2499 etiamsi
1516 2465 1617 2498 multi
1634 2465 1750 2507 magui
1770 2465 1904 2496 furores
1920 2476 2080 2505 grassan-

1092 2526 1151 2552 tur
1168 2519 1203 2551 in
1221 2519 1310 2559 vita,
1336 2525 1452 2551 tamen
1470 2516 1588 2549 multis
1606 2513 1810 2548 hominibus
1834 2515 1995 2547 salutaris
2018 2521 2079 2549 est.

1092 2567 1144 2603 Ac
1160 2576 1199 2603 ut
1214 2580 1350 2612 semper
1364 2567 1458 2600 Deus
1475 2567 1628 2611 aliquam
1646 2564 1837 2599 Ecclesiam
1854 2565 2003 2606 colligit,
2033 2565 2077 2597 ita

1090 2627 1205 2654 servat
1220 2620 1337 2663 aliqua
1355 2616 1529 2651 Ecclesiae
1549 2615 1722 2662 hospitia,
1745 2628 1831 2661 qnae
1848 2614 2002 2648 honestis
2029 2616 2076 2646 lc-

1091 2672 1191 2715 gibus
1217 2677 1249 2704 et
1276 2669 1414 2703 indiciis
1438 2676 1618 2713 reguntur.
1674 2666 1835 2713 Cumque
1860 2667 1896 2699 in
1927 2673 2075 2708 utraqm=
