2324 2955
105 121 175 157 241

108 212 283 249 cumacta,
327 207 459 240 maiora
483 218 521 239 ac
544 207 699 240 tristiora
724 207 867 240 dissidia
891 213 923 240 et
945 206 1084 250 opinio-

106 268 190 290 num
209 268 247 290 ac
264 258 474 301 religionum
493 257 716 290 confusiones
740 259 896 291 tetriores
921 257 1086 300 paritura,

105 308 406 353 mutationemque
439 319 555 340 rerum
586 315 618 341 et
650 308 831 341 interitum
854 308 1084 341 acceleratura

105 359 293 402 praedixit:
329 359 561 402 nosmetipsos
581 371 662 391 vero
683 359 800 392 fatales
818 371 966 402 poenae,
1000 371 1084 403 quas

105 421 279 442 meremur
304 409 433 451 singuli
458 410 614 454 quotidie
640 417 840 442 nostrorum
864 416 1082 453 peccatorum

103 467 176 493 rata
202 460 381 502 portione,
417 472 571 505 quasque
595 472 684 504 quae
708 460 861 503 pervasit
885 460 922 492 in
948 461 1084 493 animos

103 510 294 543 multorum
313 518 345 544 et
364 512 540 544 radicibus
558 511 642 543 actis
660 511 780 542 crescit
800 511 930 550 indies,
958 523 1082 543 vesana

102 562 215 595 rabies
239 560 482 606 impunitaque
506 561 645 605 quidvis
660 561 813 594 audendi
829 562 968 595 licentia
985 562 1082 594 efssa-

102 612 204 655 gitat,
231 610 375 645 attrahit
393 619 424 645 et
443 611 608 646 cumulat.

203 660 336 695 Harum
356 663 423 694 nisi
442 674 633 705 poenarum
653 663 705 694 vel
728 663 1009 706 prorogationem
1028 663 1081 695 vel

100 713 352 756 mitigationem
371 713 591 756 impetrarint
616 726 633 745 a
651 711 725 745 Deo
750 714 974 746 misericorde
1002 714 1079 757 pio-

102 776 178 797 rum
196 775 321 807 preces,
344 764 442 796 brevi
461 764 592 796 excussi
611 776 648 796 ex
668 761 730 796 hac
742 764 930 796 clarissima
950 765 1079 796 doctri-

100 826 225 847 narum
245 815 338 854 luce,
366 814 588 847 revolvemur
606 827 643 847 ac
660 816 902 855 demergentur
920 815 957 846 in
976 813 1081 848 chaos

99 877 257 898 errorum
282 865 398 908 priore
418 865 631 908 perplexiuS,
657 872 689 897 et
712 866 748 897 in
768 865 879 898 Deum
899 872 1081 898 contume-

99 916 238 951 liosius.
264 923 469 960 erumpente
494 916 554 948 illo
582 916 830 958 multiplicium
856 924 888 949 et
914 916 1079 950 salsarum

98 967 308 1011 opinionum
326 968 438 1003 foetu,
466 977 550 1010 quas
574 966 633 998 alii
657 966 742 998 alias
767 967 850 998 alibi
870 968 1080 1010 parturiunt,

96 1017 167 1050 imo
185 1017 271 1050 eniti
288 1017 356 1049 iam
374 1025 476 1061 atque
491 1018 673 1049 excludere
691 1017 876 1060 incipiunt.

202 1066 247 1101 Ut
264 1067 357 1100 enim
376 1068 410 1099 in
436 1074 599 1100 enervato
620 1074 650 1099 et
676 1068 804 1100 afflicto
830 1080 976 1111 corpore
995 1069 1078 1100 dum

97 1118 301 1162 praecipuae
323 1125 438 1162 partes
461 1118 684 1151 mediocriter
705 1119 839 1156 valent,
864 1119 1078 1163 reliquarum

97 1168 152 1201 vel
179 1169 391 1202 inveteratae
418 1175 521 1213 atque
543 1170 766 1201 confirmatae
789 1169 990 1202 affectiones
1017 1182 1078 1202 nec

96 1226 265 1263 promunt
290 1231 324 1252 se
349 1220 467 1259 facile,
510 1231 573 1252 nec
599 1220 628 1253 si
653 1220 807 1252 irritatae
839 1220 1079 1253 occasionibus

96 1277 339 1303 commoveant
362 1282 452 1307 sese,
478 1270 672 1312 periculose
692 1271 871 1302 infestant:
899 1271 925 1302 si
945 1272 1078 1313 praeci-

96 1331 245 1363 puarum
263 1331 402 1363 quoque
427 1319 554 1350 virium
581 1319 690 1350 robur
715 1316 913 1350 hebetatum
935 1320 1078 1361 langue-

96 1370 175 1410 fiat,
201 1370 362 1413 protinus
382 1369 617 1410 aegritudines
634 1380 773 1407 omnes,
800 1380 887 1412 quae
904 1381 1078 1412 repressae

95 1421 129 1452 vi
155 1420 325 1451 validiore
349 1419 538 1457 latuerant,
582 1425 757 1461 proruunt
784 1419 1006 1460 agminatim,
1046 1427 1078 1452 et

94 1469 326 1503 convellendo
358 1469 515 1511 undique.
549 1475 653 1511 atque
687 1469 917 1500 excruciando
953 1481 1078 1511 corpus

92 1520 259 1553 miserum
278 1519 419 1552 tandem
438 1518 627 1550 conficiunt
640 1545 648 1555 ,
676 1518 723 1550 sic
742 1530 829 1562 quos
849 1518 885 1549 in
909 1519 1009 1550 senili
1029 1520 1077 1551 la-

93 1583 170 1603 cero
189 1582 227 1603 ac
242 1569 358 1603 saucio
377 1569 623 1601 afflictissimae
634 1566 810 1614 Ecclesiae
826 1580 970 1612 corpore
982 1582 1077 1601 com-

93 1621 224 1665 pescuit
240 1618 407 1654 hactenus
425 1626 527 1664 atque
544 1619 624 1651 inde
642 1619 732 1651 elisit
751 1619 886 1652 furores
909 1621 1077 1653 autoritas

93 1683 178 1716 pure
201 1671 402 1704 docentium
427 1677 459 1702 et
484 1670 561 1702 viva
589 1682 671 1708 vox,
693 1667 729 1701 hi
748 1670 893 1702 sublatis
909 1670 978 1703 illis
997 1683 1077 1714 par—

93 1724 174 1762 tim,
203 1722 328 1766 partim
354 1721 491 1759 fractis,
518 1721 692 1763 pullulant
710 1721 868 1765 undique
886 1727 917 1754 et
936 1722 1076 1755 irruunt

92 1780 186 1807 tanta
208 1773 260 1811 vi,
289 1779 325 1806 ut
352 1772 459 1809 vitae,
490 1772 523 1803 id
549 1778 617 1809 est,
647 1771 782 1804 veritati
809 1773 984 1815 occupatis
1012 1771 1075 1805 ho—

91 1825 228 1857 minum
248 1823 407 1856 sensibus
433 1823 502 1854 vim
528 1822 680 1855 facturae
706 1822 902 1856 videantur.
955 1821 1075 1857 Exerit

91 1887 126 1908 se
157 1875 332 1908 virulenta
360 1872 621 1919 hypocritarum
657 1873 771 1905 rabies
799 1874 974 1918 undique,
1015 1876 1072 1918 qui

92 1932 263 1970 gemmata
281 1925 474 1959 sanctitatis
490 1924 602 1966 specie
623 1935 695 1956 sese
722 1925 939 1957 venditantes
962 1931 994 1957 et
1019 1926 1074 1957 iu-

92 1977 290 2017 sinuantes‚
333 1976 395 2009 ubi
427 1975 658 2018 irrepserunt,
699 1975 815 2007 lurido
846 1987 981 2007 veneno
1006 1977 1074 2008 dis—

91 2027 206 2060 fluunt
224 2035 256 2061 et
274 2027 433 2071 aspidum
453 2026 578 2058 ictibus
596 2033 755 2068 pungunt
771 2038 807 2058 ac
823 2026 987 2059 vellicant
1006 2026 1073 2060 Ec-

91 2078 249 2118 clesiam,
276 2079 488 2121 turbantque
514 2077 629 2108 viroso
653 2088 761 2109 coeno
779 2077 936 2120 insperso
956 2077 1073 2121 limpi-

90 2130 155 2162 dos
182 2128 363 2162 doctrinae
391 2127 547 2160 coelestis
581 2127 711 2167 sontes,
752 2128 881 2160 scilicet
916 2134 954 2161 ut
989 2140 1073 2173 quas

90 2186 229 2223 captant
259 2179 427 2212 insidiose
458 2190 496 2210 ac
529 2185 720 2217 venantur,
761 2176 981 2222 prehendant
1009 2192 1073 2212 an—

90 2227 225 2274 guillas.
284 2228 393 2264 Recte
416 2235 449 2261 et
472 2229 560 2261 iusta
586 2226 752 2261 methodo
773 2229 981 2272 explicatum
1008 2232 1072 2262 do—

91 2281 223 2314 ctrinae
241 2292 367 2325 corpus
394 2280 610 2313 frustillatim
633 2280 803 2313 ari-odunt
826 2287 858 2313 et
882 2281 1073 2314 concidunt

91 2332 270 2365 mordicus
286 2343 412 2365 canum
433 2343 545 2368 more,
575 2331 634 2374 qui
652 2330 841 2364 laciniatim
860 2338 971 2364 vestes
987 2344 1071 2365 con-

90 2390 239 2426 cerpunt
262 2394 300 2416 ac
323 2382 531 2419 dilacerant,
566 2388 603 2414 ut
629 2382 926 2425 quemadmodum
953 2383 1069 2416 divul-

89 2445 206 2466 sarum
223 2440 256 2467 et
270 2433 358 2466 male
381 2430 643 2466 cohaerentium
665 2431 870 2465 laciniarum
887 2445 970 2466 usus
991 2435 1071 2467 nul-

91 2485 145 2518 lus
162 2491 228 2524 est,
258 2495 321 2516 nec
348 2484 476 2527 species
502 2484 592 2521 ulla,
619 2483 666 2515 sic
692 2483 756 2526 ipsi
780 2484 990 2517 confractam
1013 2497 1071 2518 ar-

92 2536 230 2568 rosioue
258 2541 426 2567 venenata
461 2541 564 2579 atque
599 2534 772 2566 violenter
805 2541 997 2568 contortam
1034 2536 1069 2568 in

92 2593 204 2630 partes
226 2585 366 2618 mutilas
388 2585 604 2624 doctrinam,
633 2597 736 2629 quam
756 2582 929 2618 Ecclesiae
947 2584 1070 2619 harum

91 2637 275 2680 regionum
293 2643 326 2669 et
343 2636 642 2669 consentientibus
660 2636 765 2668 semel
789 2635 927 2669 iudiciis
943 2649 1070 2682 appro-

91 2689 206 2721 batam
227 2693 452 2730 receperunt,
480 2693 513 2720 et
535 2692 735 2719 constanter
752 2687 927 2720 defensam
954 2686 1071 2722 hacte-

138 2741 313 2772 ΜειΛΝτιι.
340 2740 439 2771 Oriza.
470 2738 642 2769 vo...xt1.

574 119 735 157 DECL.
769 119 844 155 DE
879 119 1110 156 STUDllS
1148 119 1269 157 VET.
1307 121 1656 158 PHILOSOPH.

2055 129 2127 163 242

1138 217 1203 238 nus
1222 207 1459 248 retinuerunt,
1487 210 1661 243 excutiant
1685 211 1726 243 de
1752 211 1914 245 manibus
1938 210 2120 246 bominum

1137 268 1174 288 ac
1200 257 1354 297 deleant,
1393 271 1563 303 suumque
1588 262 1682 305 quod
1707 271 1941 306 conceperunt
1965 271 1997 296 et
2020 276 2121 296 coxe-

1138 315 1220 340 runt
1239 308 1333 339 virus
1354 317 1518 343 evomant
1534 323 1570 343 ac
1588 319 1789 354 propagent.
1841 312 2011 358 Reliquas
2029 322 2118 347 artes

1138 364 1315 400 praetextu
1332 359 1502 392 malitiose
1519 368 1551 393 et
1569 362 1733 395 scelerate
1750 364 1792 395 ad
1811 364 2035 408 decipiendos
2052 365 2118 397 irn-

1137 408 1265 451 peritos
1289 410 1436 442 conficto
1463 411 1632 444 abiiciunt
1649 425 1687 445 ac
1706 415 1923 447 conculcant.
1977 415 2054 457 Qua
2081 417 2116 447 in

1136 470 1172 490 re
1196 466 1331 502 praeter
1352 462 1565 505 corruptelas
1589 475 1766 505 expressae
1784 471 1815 497 et
1831 466 2006 497 confessae
2025 467 2116 498 veri-

1135 510 1216 542 tatis
1241 507 1306 542 boc
1329 523 1467 555 quoque
1490 513 1572 544 mali
1595 513 1701 552 inest,
1745 517 1838 558 quod
1862 516 2050 559 petulantis
2079 529 2116 549 ac

1136 561 1289 603 procacis
1314 562 1576 596 maledicentiae
1600 564 1774 606 exemplo,
1807 572 1839 598 et
1863 568 2116 599 consuetudine

1135 612 1301 654 carpendi
1326 624 1362 644 ac
1388 613 1620 646 labefactandi
1645 621 1735 646 recte
1757 616 1884 648 tradita
1906 629 2116 662 quocunque

1134 669 1330 704 praetextu,
1358 663 1579 702 rudioribus,
1607 665 1665 696 sed
1690 665 1970 698 moderatoribus
1993 675 2115 700 natura

1138 712 1330 746 instillatur
1355 714 1406 745 vel
1432 715 1572 752 odium,
1611 715 1665 746 vel
1692 722 1913 759 contemptus
1937 718 2116 750 doctrina—

1135 775 1230 796 rum:
1265 764 1450 796 ferociores
1477 771 1658 797 armantur
1681 766 1823 798 audacia
1854 767 2027 810 quidlibet
2048 768 2115 800 im-

1135 815 1307 857 pudenter
1331 816 1503 857 fingendi,
1537 822 1568 848 et
1592 816 1811 849 autoritatem
1837 829 1975 849 omnem
2002 819 2116 851 detre-

1134 865 1262 897 ctandi.
1315 864 1409 898 llaec
1426 873 1520 898 tanta
1538 866 1626 899 mala
1643 879 1721 899 cum
1739 867 1980 909 ingravescant
2003 869 2115 902 indies

1133 915 1242 957 magis
1261 917 1440 960 magisque
1458 929 1494 949 ac
1510 917 1668 957 gliscant,
1695 924 1727 950 et
1745 919 1960 961 periclitetur
1978 921 2116 959 veritas,

1134 978 1314 1009 precemur
1333 967 1528 1000 coniunctis
1546 975 1577 1000 et
1594 969 1798 1001 ardentibus
1816 970 1905 1003 votis
1921 971 2031 1002 filium
2050 970 2115 1003 Dei

1136 1017 1325 1049 Dominum
1348 1024 1508 1050 nostrum
1529 1017 1641 1050 lesum
1659 1017 1840 1052 Christum
1859 1017 1969 1067 λόγον
1986 1019 2047 1054 καὶ
2068 1022 2115 1054 εἶ-

1132 1063 1224 1101 κόιά
1242 1065 1364 1101 ἀΐδιον
1384 1070 1447 1101 τοῦ
1473 1066 1596 1102 ἀϊδίου
1613 1067 1768 1113 πατρὸς,
1797 1071 1857 1114 qui
1877 1078 1909 1103 et
1929 1083 2114 1114 pervasura

1134 1116 1216 1150 haec
1240 1119 1275 1150 in
1302 1117 1491 1151 Ecclesiam
1520 1120 1709 1162 praedixit,
1748 1128 1780 1154 et
1802 1122 1896 1153 solus
1923 1122 2054 1164 erigere
2077 1135 2114 1155 ac

1132 1169 1255 1202 sulcire
1274 1169 1448 1203 labantem
1466 1170 1646 1212 religionis
1662 1178 1691 1203 et
1712 1172 1884 1204 bonarum
1902 1172 2029 1205 artium
2049 1181 2116 1205 sta—

1134 1226 1206 1252 tum
1235 1226 1363 1263 potest,
1391 1227 1424 1253 et
1448 1221 1652 1253 adfuturum
1677 1233 1711 1254 se
1738 1229 1903 1265 perpetuo
1928 1223 1979 1255 illi
2002 1225 2115 1256 coetui

1133 1271 1312 1313 promisit,
1341 1270 1377 1302 in
1396 1283 1466 1313 quo
1484 1283 1549 1303 vox
1568 1272 1747 1304 doctrinae
1766 1273 1924 1306 coelestis
1948 1286 2034 1316 pure
2059 1286 2114 1307 so—

1134 1321 1248 1359 nabit,
1276 1327 1313 1352 ut
1331 1318 1384 1351 his
1399 1319 1576 1352 Ecclesiae
1594 1322 1800 1355 vulneribus
1828 1323 1899 1366 ipse
1924 1326 2115 1363 medeatur,

1133 1381 1170 1401 ac
1200 1369 1366 1412 reprimat
1398 1370 1464 1402 late
1491 1377 1702 1412 grassantem
1729 1370 1989 1416 hypocritarum
2017 1382 2116 1418 pctu-

1133 1420 1297 1459 lantiam,
1332 1432 1394 1452 nec
1423 1421 1513 1452 inter
1545 1427 1658 1454 tantos
1683 1421 1831 1455 Satanae
1865 1424 2000 1456 furores
2023 1426 2115 1459 sinat

1134 1480 1273 1511 prorsus
1299 1477 1357 1502 aut
1379 1469 1632 1513 sophismatum
1655 1473 1848 1515 praestigiis
1871 1476 2009 1507 concuti
2035 1476 2117 1508 uni-

1132 1531 1208 1551 cum
1230 1516 1294 1551 hoc
1317 1520 1437 1552 salutis
1463 1527 1602 1553 nostrae
1626 1522 1914 1562 fundamentum,
1944 1527 2038 1569 quod
2062 1527 2116 1558 in-

1131 1569 1321 1602 enarrabili
1348 1570 1422 1612 ipse
1454 1571 1693 1604 misericordia
1718 1579 1750 1605 et
1776 1574 1933 1607 bonitate
1964 1577 2114 1618 positum

1131 1620 1320 1652 clementer
1338 1621 1501 1659 restituit,
1528 1628 1585 1654 aut
1602 1623 1758 1655 sentibus
1773 1630 1804 1656 et
1824 1625 1934 1667 spinis
1951 1638 2115 1658 erronea-

1131 1683 1207 1703 rum
1232 1671 1442 1713 opinionum
1466 1673 1619 1716 obsepiri
1645 1674 1764 1714 nobis,
1791 1681 1824 1707 et
1842 1676 2021 1718 praecludi
2039 1678 2115 1709 adi-

1131 1729 1203 1754 tum
1236 1723 1276 1753 ad
1310 1723 1524 1764 agnitionem
1554 1724 1625 1756 veri
1655 1725 1750 1757 illius
1774 1725 2011 1764 fundamenti,
2055 1735 2114 1760 aut

1130 1773 1321 1805 barbaricis
1347 1774 1620 1813 vastationibus,
1652 1777 1706 1807 vel
1734 1777 2016 1810 adversariorum
2050 1776 2114 1810 ho-

1129 1824 1267 1856 stilibus
1291 1822 1612 1858 machinationibus
1647 1826 1760 1858 disiici
1791 1839 1828 1860 ac
1858 1828 2020 1871 dissipari
2051 1826 2114 1861 hos

1131 1886 1217 1917 pene
1238 1874 1434 1907 innumeris
1453 1876 1617 1918 periculis
1634 1877 1806 1920 expositos
1826 1878 1968 1911 nidulos
1984 1881 2114 1912 docen-

1129 1925 1217 1958 tium
1244 1937 1281 1957 ac
1307 1925 1536 1965 discentium,
1565 1927 1600 1958 in
1619 1928 1747 1971 quibus
1771 1929 1976 1962 delituimus
1998 1928 2113 1962 hacte-

1129 1987 1194 2007 nus
1210 1976 1416 2008 umbraculo
1437 1977 1570 2008 alarum
1590 1976 1652 2009 Dei
1672 1979 1779 2011 solius
1801 1980 1948 2012 contecti
1977 1987 2007 2012 ct
2037 1980 2110 2013 soti.

1128 2026 1196 2059 Sed
1213 2027 1353 2068 colligat
1367 2027 1433 2059 sibi
1452 2028 1487 2059 in
1507 2025 1559 2059 his
1577 2028 1779 2070 regionibus
1797 2036 1972 2061 aeternam
1991 2029 2113 2063 Eccle-

1127 2077 1224 2116 siam,
1253 2078 1287 2108 iu
1307 2090 1373 2122 qua
1392 2085 1573 2110 conservet
1590 2090 1627 2110 ac
1645 2086 1806 2122 propaget
1828 2077 1910 2111 haec
1928 2092 1987 2112 sua
2006 2081 2112 2120 dona,

1128 2140 1247 2160 vocem
1275 2126 1455 2171 Evangelii
1487 2129 1725 2172 incorruptam
1759 2137 1789 2162 et
1815 2137 2029 2164 caeterarum
2054 2144 2110 2164 ar-

1127 2179 1214 2212 tium
1235 2179 1353 2212 lumen
1365 2206 1373 2218 ,
1401 2191 1488 2224 quae
1508 2191 1578 2211 non
1595 2186 1675 2212 sunt
1691 2187 1826 2213 lantum
1843 2179 1955 2228 ,ηγαὶ
1972 2184 2109 2222 καλῶν,

1126 2237 1164 2263 ut
1184 2230 1276 2273 apud
1304 2228 1573 2274 Xenophontem
1599 2230 1749 2263 Croesus
1779 2232 1844 2270 ait,
1883 2233 1941 2264 sed
1973 2234 2108 2275 egregia

1125 2279 1302 2313 Ecclesiae
1333 2288 1558 2317 ornamenta,
1607 2288 1636 2313 ct
1673 2282 1887 2315 adminicula
1916 2285 2106 2316 neccssaria

1125 2331 1349 2375 explicationi
1380 2331 1531 2376 purioris
1553 2332 1751 2373 doctrinae,
1787 2345 1825 2366 ac
1849 2334 1947 2366 nervi
1971 2335 2107 2367 ordinis

1125 2382 1271 2426 politici.

1226 2432 1297 2466 Nec
1316 2445 1397 2465 vcro
1415 2431 1471 2478 (ut
1491 2434 1534 2466 de
1553 2433 1679 2466 nostris
1703 2435 1827 2467 studiis
1853 2435 1984 2481 dicam)
2010 2437 2105 2469 null..

1124 2490 1173 2517 est
1190 2496 1290 2517 causa
1311 2482 1414 2516 huius
1435 2484 1556 2517 ruinae
1571 2496 1658 2528 quae
1685 2485 1719 2517 in
1746 2493 1933 2530 conspectu
1957 2494 2025 2526 est,
2053 2488 2106 2519 iu-

1124 2542 1243 2568 natum
1262 2535 1388 2577 partim
1414 2535 1517 2568 aetati
1546 2541 1685 2568 tenerae
1704 2548 1743 2568 ex
1768 2537 1945 2569 couuuuui
1971 2538 2104 2571 studio-

1124 2598 1201 2618 rum
1221 2586 1308 2625 fato,
1337 2585 1462 2628 partim
1480 2587 1522 2618 de
1539 2587 1699 2628 contagio
1725 2587 1994 2621 insectationum
2017 2589 2102 2618 voli-

1123 2635 1272 2669 tantium
1299 2648 1358 2679 per
1382 2648 1441 2669 ora
1467 2634 1651 2670 hominum
1677 2645 1892 2672 contractum
1924 2639 2101 2671 fastidium

1124 2688 1295 2719 bonarum
1314 2688 1453 2725 artium„
1475 2695 1764 2733 contemptusque
1783 2702 1820 2721 ac
1838 2689 2006 2730 neglectio
2025 2701 2102 2721 cum

1548 2740 1591 2773 16
