2324 2955
180 116 252 151 935

181 200 286 234 catio.
333 196 436 230 Tales
454 191 528 225 ludi
548 194 629 223 sunt
646 184 901 221 haereticorum
915 210 924 226 ‚
950 185 1157 231 detorquere

183 251 273 284 dicta
289 249 324 280 in
341 242 539 289 peregrinas
557 238 755 272 sententias.
808 233 971 269 Christus
997 236 1158 270 nominat
1181 245 1184 270 ὲ

185 310 272 345 opus
291 292 477 334 mulieris,
503 290 633 323 scilicet
650 287 789 327 Hes-ae,
815 292 994 330 peccatum
1013 293 1046 320 et
1063 297 1159 319 mor-
1183 311 1184 314 ,

184 358 264 383 tem.
331 344 386 377 Illi
410 340 672 385 generationem
696 335 916 379 interpretati
940 342 1039 376 sunt,
1071 348 1159 380 quae
1183 331 1185 361 ’-

183 405 232 431 est
250 405 338 440 opus
355 391 446 433 Dei,
472 390 672 424 institutum
688 393 726 421 ut
742 386 800 420 fiat
817 385 1040 430 copulatione
1050 385 1161 420 Maris

185 455 219 481 et
235 445 436 480 Foeminae.

286 495 343 530 Sic
362 501 395 528 et
414 490 656 526 definitionem
680 486 836 519 iusticiae
862 486 953 518 male
977 486 1161 519 detorsisse

186 559 243 582 eos
259 552 389 580 narrat.
442 536 666 583 Δικαιοσύνη
685 534 760 571 ἐστὶ
781 534 946 571 κοινονία
963 536 1055 570 θεοῦ
1070 534 1161 581 μετὰ

188 595 365 641 ἑσότητος.
417 592 511 635 Ergo
528 600 649 625 omnes
672 586 831 621 omnium
857 588 961 619 rebus
988 593 1022 620 et
1043 587 1163 619 uxori-

186 650 252 682 bus
268 644 459 690 aequaliter
473 647 628 675 utantur.
682 636 729 671 At
747 636 923 677 delinitio,
948 637 976 669 si
993 648 1065 669 non
1083 636 1164 669 reii-
1187 634 1188 640 ¹

188 698 311 732 cienda
328 702 396 736 est,
423 692 581 737 loquitur
602 691 644 723 de
668 687 878 732 aequalitate
901 687 1064 720 ordinata
1089 687 1164 730 lege

186 747 271 788 Dei,
297 757 385 791 quae
403 743 501 777 dicit:
536 741 616 775 Non
632 736 887 772 moechaberis:
924 736 1004 769 Non
1031 736 1164 771 furtum

187 798 302 832 facies.
368 794 466 828 Talis
500 792 544 826 sit
577 788 785 834 aequalitas,
827 787 940 832 qualis
967 787 1041 830 lege
1068 787 1165 821 ordi-

187 855 268 882 nata
296 854 356 881 est·

288 893 500 930 Caeterumi
529 903 563 925 sa
581 887 739 923 definitio
762 888 790 921 si
813 899 885 920 non
909 887 1039 920 insulse
1064 898 1166 919 enar·
1189 904 1191 907 v

505 904 524 936 p
1189 911 1192 943 ς
1216 934 1326 967 vincit
1345 933 1521 973 lulianus,
1555 935 1615 978 qui
1642 934 1756 968 tenuit
1779 933 1966 977 imperium
1987 934 2075 966 duos
2093 943 2192 965 men-

188 956 304 987 retur‚
331 945 450 988 legalis
468 949 537 982 est,
562 952 635 974 non
652 938 868 981 evangelica,
894 937 977 981 quia
994 948 1066 970 non
1084 937 1166 970 facit

188 997 405 1032 mentionem
436 990 656 1029 mediatoris,
698 989 758 1021 sed
784 988 942 1032 loquitur
967 988 1010 1020 de
1032 987 1167 1027 ellectu,

189 1048 352 1081 videlicet
382 1045 425 1077 de
456 1042 611 1075 novitate
634 1039 728 1071 iuxta
750 1039 898 1081 primam
923 1043 955 1069 et
977 1037 1166 1069 secundam
1190 1042 1192 1050 ¹

189 1098 346 1133 tabulam
368 1092 546 1135 Decalogi.
599 1088 745 1122 Novitas
771 1088 865 1120 iuxta
890 1086 1039 1130 primam
1065 1086 1167 1119 tabu-

190 1151 259 1182 lam
285 1154 334 1179 est
356 1139 646 1178 communicatio,
681 1150 748 1182 qua
774 1149 807 1170 se
825 1136 920 1169 Deus
941 1136 1043 1169 nobis
1071 1147 1166 1168 com-
1190 1160 1192 1175 ,

189 1198 364 1236 municat‚
391 1195 427 1227 id
444 1200 511 1230 est,
539 1202 607 1235 qua
624 1188 732 1230 fulget
748 1188 784 1220 in
801 1187 922 1224 nobis,
950 1192 1041 1218 recte
1058 1197 1166 1228 agno-

190 1250 313 1287 scitur,
345 1252 378 1279 et
400 1241 557 1278 accendit
578 1240 615 1272 in
640 1239 742 1271 nobis
764 1238 871 1270 verbo
899 1236 1079 1276 timorem,
1112 1235 1167 1268 di-
1190 1238 1192 1250 ³

420 105 626 146 SCRIPTA
654 102 727 138 1³11.
754 99 870 136 MEL.
897 99 962 134 AD
989 98 1115 135 HIST.
1143 99 1287 139 PROF.
1314 99 1378 137 ET
1408 98 1599 137 PHILOS.
1624 98 1942 137 SPECTANTIA.

190 1299 395 1334 lectionem,
421 1289 678 1328 fiduciamDei‚
706 1294 768 1322 etc.
809 1286 997 1320 Deindein
1015 1286 1166 1319 secunda
1190 1305 1192 1310 ·

191 1348 308 1382 tabula
327 1343 462 1378 iusticia
480 1348 530 1374 est
548 1339 755 1383 aequalitas,
777 1337 811 1370 id
829 1343 899 1375 est,
927 1336 1068 1369 dilectio
1084 1348 1166 1380 pro-

192 1398 273 1431 ximi
290 1396 450 1430 ordinata
474 1393 548 1433 lege
565 1388 642 1423 Dei.
697 1387 791 1421 Haec
814 1387 1054 1430 interpretatio
1081 1399 1166 1420 con-

191 1448 283 1492 gruit
302 1458 379 1479 cum
401 1441 611 1478 Osiandrica
630 1437 852 1477 definitione,
884 1438 926 1470 de
954 1437 1090 1470 iusticia
1112 1449 1167 1470 es-
1190 1421 1193 1554 ἱ

191 1495 353 1532 senliali.
405 1494 550 1527 Necesse
574 1497 623 1523 est
650 1495 765 1522 autem
787 1488 883 1532 prius
904 1488 1015 1520 teneri
1042 1488 1167 1521 defini-

192 1549 325 1582 tionem
355 1543 513 1578 iusticiae
544 1540 642 1580 fidei,
681 1550 748 1584 qua
773 1544 915 1582 propter
939 1538 1166 1571 mediatorem

191 1608 341 1643 persona
376 1595 488 1639 placet
521 1590 595 1625 Deo
631 1601 691 1633 per
726 1589 1021 1627 misericordiam,
1072 1589 1167 1622 iuxta

193 1649 341 1682 dictum:
372 1642 553 1678 Iustificati
569 1641 635 1673 fide
653 1651 771 1683 pacem
790 1636 968 1672 habemns.

293 1696 388 1729 Haec
412 1696 454 1727 de
478 1691 578 1725 libris
601 1689 792 1723 Clementis
816 1688 969 1721 breviter
999 1687 1089 1726 dixi,
1129 1693 1168 1720 ut
1192 1692 1194 1730 ζ

195 1749 304 1782 sciant
328 1745 501 1780 iuniores,
528 1739 700 1773 contineri
729 1739 765 1769 in
791 1737 838 1770 eis
861 1744 893 1770 et
921 1735 1103 1777 historias,
1137 1744 1169 1770 et
1193 1751 1194 1770 ;

195 1796 447 1841 disputationes
464 1792 598 1835 aliquas
617 1787 895 1822 consideratione
913 1787 1047 1830 dignas,
1193 1787 1196 1839 t

246 1896 352 1930 Anno
391 1891 517 1925 mundi
552 1887 920 1934 quadringentesimo,
968 1886 1170 1926 centesimo,

399 1939 689 1987 quinquagesimo
708 1945 814 1971 sexto.
1195 1940 1197 1982 Ἰ

245 1996 351 2030 Anno
394 1991 529 2027 Romae
566 1988 832 2032 nongentesimo
849 2013 857 2026 ‚
907 1986 1171 2031 quadragesimo
1195 1987 1197 2017 1

395 2048 531 2088 quartO.

244 2097 351 2130 Anno
366 2091 499 2128 Christi
518 2089 707 2124 centesimo
727 2087 952 2130 nonagesimo
971 2093 1109 2131 quarto.
1195 2083 1197 2114 ι’

534 2164 834 2198 Pertinaa‘.
1195 2157 1198 2189 i

296 2240 476 2276 Pertinax
493 2236 859 2272 successitCommodo
875 2235 1067 2270 interfecto.
1100 2234 1172 2270 Re-
1195 2225 1196 2232 ἵ

199 2294 318 2340 guas-it
335 2302 470 2325 menses
487 2292 594 2329 duos,
622 2288 695 2321 dies
717 2287 840 2329 viginti
867 2286 1040 2330 quinque,
1071 2293 1173 2320 natus
1196 2299 1197 2333 ᾗ

199 2344 364 2379 libertino
396 2348 510 2385 patre,
553 2339 672 2372 docuit
697 2336 984 2371 Grammaticam.
1049 2336 1198 2389 Postea>

199 2398 309 2429 factus
325 2392 422 2424 miles
442 2391 570 2423 virtute
590 2389 708 2422 crevit.
766 2386 870 2420 Rexit
887 2384 1052 2419 Rhetiam
1065 2414 1074 2427 ‚
1100 2387 1172 2420 No·
1195 2397 1198 2441 J

199 2448 328 2483 ricum,
354 2441 504 2486 Mysiam
530 2447 561 2473 et
579 2438 734 2472 Daciam.
791 2435 837 2470 Et
864 2437 945 2481 quia
974 2436 1173 2471 Praefectus
1196 2442 1198 2453 '

199 2495 299 2531 urbis
316 2498 406 2529 erat,
434 2490 668 2522 interfectores
677 2487 865 2521 Commodi
882 2493 919 2519 ut
936 2487 1172 2521 defensionem
1196 2468 1198 2519 l

199 2545 389 2581 haberent,
415 2539 600 2582 imperium
618 2540 753 2571 adeum
771 2538 984 2571 detulerunt.
1036 2538 1121 2571 Mox
1142 2545 1174 2572 et
1196 2537 1198 2567 Ῑ

200 2610 218 2631 a
231 2596 361 2630 Senatu
378 2589 569 2634 appellatus
584 2595 632 2621 est
644 2587 842 2630 Imperator.
896 2587 965 2621 Sed
984 2600 1061 2621 cum
1080 2589 1174 2621 mili-

200 2656 251 2681 tes
266 2641 523 2689 praetorianos,
549 2638 610 2683 qui
627 2636 810 2671 Commodi
827 2645 983 2681 tempore
1002 2639 1173 2673 infinitam
1196 2634 1199 2670 Ι

2109 99 2183 135 936

1207 186 1383 221 licentiam
1402 183 1619 229 habuerant,
1646 183 1862 227 coherceret,
1887 184 2034 220 venitin
2054 185 2186 225 odium,

1207 245 1240 272 et
1256 238 1299 270 ab
1324 237 1398 280 ipso
1416 236 1500 270 Leto
1518 235 1694 270 Praefecto
1722 235 1915 280 praetorio,
1946 235 2006 280 qui
2022 247 2101 269 eum
2118 236 2185 267 im-

1208 295 1403 332 peratorem
1428 286 1575 327 fecerat,
1609 286 1812 321 interfectus
1835 292 1905 327 est,
1945 296 2039 319 anno
2064 284 2185 319 aetatis

1209 337 1421 381 sexagesimo
1439 336 1567 380 primo.

1481 448 1653 484 Didius
1687 445 1923 484 Iulianus.

1311 531 1402 566 Cum
1420 538 1535 566 autem
1554 532 1591 565 in
1611 533 1671 566 illa
1688 532 1795 566 seculi
1821 531 2040 576 turpitudine
2065 543 2128 565 nec
2151 532 2188 564 in

1187 619 1188 631 ἵ
1213 582 1433 628 principibus
1458 583 1627 616 autoritas
1651 589 1756 623 esset,
1783 595 1846 616 nec
1869 583 1907 615 in
1925 582 2098 615 militibus
2114 593 2190 615 mo-

1213 633 1343 673 destia,
1385 632 1611 677 Sulpicianus
1642 632 1841 666 Praefectus
1869 633 1968 666 urbis
2000 638 2033 666 et
2063 630 2190 665 Didius

1216 683 1373 717 Iulianus
1389 683 1502 727 palam
1522 690 1555 717 et
1573 684 1797 726 impudenter
1816 683 1958 716 mercati
1976 688 2057 716 sunt
2078 681 2191 725 impe-

1214 734 1317 767 rium.
1369 732 1594 777 Sulpicianus
1613 733 1773 778 promisit
1792 733 1938 776 singulis
1953 731 2192 766 Praetorianis

1215 784 1424 829 quingentos
1451 790 1652 823 coronatos,
1691 783 1855 817 videlicet
1876 783 2030 816 sestertia
2053 781 2190 825 viginti.

1216 834 1374 868 lulianus
1406 834 1567 878 promisit
1600 840 1778 867 sexcentos
1804 840 1989 867 coronatos
2011 839 2044 866 et
2067 831 2192 875 viginti

1216 885 1392 930 quinque,
1418 884 1578 917 videlicet
1596 884 1752 918 sestertia
1769 883 1895 927 viginti
1918 883 2086 928 quinque.
2141 880 2193 915 lta

1216 995 1268 1017 ses
1303 990 1336 1016 et
1366 984 1439 1016 dies
1472 984 1639 1028 quinque.
1713 983 1873 1028 Cumque
1904 990 1991 1017 esset
2024 981 2130 1016 heluo
2160 988 2194 1014 et

1216 1034 1366 1072 aleator,
1393 1045 1457 1066 nec
1475 1035 1571 1066 daret
1590 1034 1757 1076 promissa
1780 1033 1969 1073 militibus,
1996 1033 2114 1066 statim
2133 1043 2194 1064 ve-

1217 1083 1270 1115 nit
1301 1082 1339 1114 in
1371 1083 1506 1117 odium.
1572 1081 1619 1115 Et
1644 1083 1729 1115 alibi
1752 1083 1920 1116 exercitus
1946 1083 1983 1114 in
2007 1081 2194 1115 Pannonia

1217 1133 1462 1175 imperatorem
1487 1132 1677 1176 appellavit
1699 1130 1885 1172 Severum,
1921 1132 2020 1164 cuius
2043 1131 2110 1164 suit
2132 1143 2192 1163 ex-

1217 1182 1346 1215 cellens
1369 1182 1550 1225 ingenium
1576 1189 1607 1215 et
1631 1183 1753 1215 virtus.
1821 1181 1908 1215 Inde
1931 1181 2032 1214 civile
2057 1181 2189 1214 bellum

1217 1233 1340 1275 ingens
1371 1239 1488 1265 ortum
1519 1239 1567 1266 est
1597 1232 1690 1265 inter
1711 1232 1879 1267 Severum
1912 1237 1946 1265 et
1977 1230 2196 1264 Pescennum

1217 1282 1382 1325 Nigrum,
1409 1281 1531 1328 Syriae
1552 1289 1742 1321 rectorem,
1777 1289 1810 1316 et
1828 1280 1993 1315 Clodium
2012 1279 2197 1318 Albinum,

1190 1346 1191 1379 ᾗ
1217 1331 1423 1366 Britanniae
1448 1339 1638 1373 rectorem,
1679 1343 1766 1378 quos
1796 1332 2038 1374 significarunt
2060 1330 2196 1365 Parelia

1218 1383 1255 1415 in
1275 1383 1389 1427 primo
1408 1383 1576 1416 sacrificio
1596 1382 1726 1416 Iuliani
1741 1388 1937 1427 conspecta.

1269 1482 1375 1517 Anno
1393 1484 1517 1517 mundi
1535 1490 1658 1528 quater
1673 1483 1872 1524 millesimo,
1891 1482 2077 1516 centesimo
2093 1481 2197 1527 quin-

1427 1534 1627 1578 quagesimo
1647 1534 1806 1577 septimo.

1270 1581 1376 1617 Anno
1416 1583 1550 1617 Romae
1590 1584 1856 1626 nongentesimo
1870 1609 1879 1624 ‚
1930 1581 2197 1627 quadragesimo

1430 1634 1566 1679 quinto.

1272 1683 1378 1717 Anno
1399 1683 1531 1717 Christi
1547 1683 1734 1716 centesimo
1751 1682 1977 1724 nonagesimo
1997 1681 2133 1727 quinto.

1577 1760 1833 1792 Severus

1323 1833 1473 1868 Samus
1513 1834 1703 1877 imperator
1735 1833 1897 1867 successit
1928 1832 2109 1866 interfecto
2142 1831 2200 1866 Iu-

1223 1887 1330 1921 liano,
1384 1884 1561 1928 Regnavit
1578 1895 1688 1916 annos
1705 1884 1909 1917 octodecim.
1952 1883 2062 1916 Natus
2079 1882 2146 1917 fuit
2162 1883 2199 1915 in

1223 1938 1310 1970 urbe
1327 1933 1503 1979 Aphricae
1521 1934 1625 1977 Lepti
1649 1934 1799 1978 equestri
1823 1935 1916 1975 loco,
1949 1932 2087 1967 Romae
2113 1933 2200 1966 edu-

1224 1994 1319 2020 catus
1336 1998 1353 2019 a
1372 1985 1421 2019 M.
1439 1984 1622 2018 Antonino
1642 1981 1872 2028 Philosopho.
1925 1983 2073 2028 Propter
2094 1983 2200 2017 indu-

1195 2035 1197 2078 ]
1224 2037 1344 2070 striam
1378 2036 1530 2080 primum
1567 2034 1741 2077 Quaestor
1774 2034 1811 2066 in
1843 2033 1962 2068 Betica
1996 2034 2107 2067 factus
2138 2040 2200 2067 est.

1223 2086 1360 2120 Deinde
1397 2092 1548 2130 quatuor
1591 2085 1786 2127 legionibus
1827 2084 2045 2129 praepositus
2078 2090 2128 2118 est
2162 2083 2199 2116 in

1223 2137 1403 2181 Hispania.
1455 2135 1577 2168 Postea
1594 2134 1867 2178 Lugdunensem
1891 2134 2108 2179 provinciam
2125 2145 2199 2166 ma-

1224 2199 1290 2231 gna
1305 2199 1383 2221 cum
1401 2187 1503 2219 laude
1521 2185 1621 2220 rexit.
1672 2184 1808 2218 Deinde
1824 2185 2042 2218 Pannoniam
2059 2190 2091 2217 et
2108 2181 2200 2216 Ger-

1195 2252 1197 2277 ;
1224 2238 1388 2272 maniam.
1428 2235 1516 2269 Cum
1536 2236 1737 2269 interfectus
1754 2242 1840 2269 esset
1850 2234 2023 2274 Iulianus,
2044 2233 2198 2267 Romam

1224 2288 1381 2327 accessit,
1411 2293 1443 2320 et
1461 2284 1653 2319 honorifice
1674 2298 1693 2319 a
1708 2286 1879 2319 militibus
1894 2293 1925 2320 et
1949 2296 1967 2317 a
1986 2283 2117 2317 Senatu
2139 2295 2197 2317 ex-

1224 2345 1342 2383 ceptus
1357 2343 1424 2377 est,
1452 2344 1483 2370 et
1503 2336 1695 2380 Imperator
1712 2336 1915 2381 appellatus.

1326 2388 1456 2422 Scribit
1473 2386 1586 2427 Dion,
1611 2399 1646 2420 se
1670 2387 1802 2420 nullam
1827 2385 1954 2418 vidisse
1979 2383 2197 2428 splendidio-

1224 2451 1296 2472 rem
1328 2450 1510 2483 pompam,
1551 2449 1655 2482 quam
1687 2438 1880 2479 ingressum
1911 2435 1984 2468 eius
2010 2434 2048 2467 in
2072 2435 2196 2467 urbem

1223 2489 1387 2525 Romam.
1443 2488 1511 2522 Ubi
1528 2500 1607 2521 cum
1629 2488 1671 2520 ad
1695 2492 1829 2530 portam
1857 2486 2023 2525 venisset,
2055 2485 2197 2517 descen-

1225 2541 1309 2572 dens
1324 2541 1367 2572 de
1383 2551 1471 2584 equo
1490 2540 1594 2582 pedes
1610 2536 1749 2570 accessit
1763 2537 1806 2569 ad
1815 2534 2040 2579 Capitolium.
2085 2533 2196 2567 Dein-

1225 2591 1267 2623 de
1283 2590 1410 2623 milites
1433 2589 1493 2634 qui
1510 2588 1724 2621 Pertinacem
1747 2586 1993 2619 interfecerant
2015 2591 2196 2618 exautora-

1226 2647 1278 2674 tos
1294 2641 1424 2685 expulit
1442 2651 1481 2672 ex
1499 2637 1654 2682 imperio.
1706 2636 1884 2670 Interfecit
1899 2643 1933 2671 et
1948 2635 2072 2670 Letum
2090 2634 2193 2668 Prae-
