2324 2955
797 95 824 129 1.
879 93 1171 130 CHRONICON
1197 95 1447 135 CARIONIS.

120 99 194 134 817
2071 105 2144 139 818

121 184 254 216 laturos
273 192 368 224 esse,
399 178 575 213 Mantinei
594 179 708 212 exules
732 180 810 213 freti
834 178 897 213 hac
921 191 1002 224 pace
1020 191 1104 212 con·
1129 180 1132 228 l

123 232 281 269 veniunt,
310 238 342 264 et
363 231 509 275 patriam
522 229 743 262 Mantineam
763 231 956 264 instaurare
973 242 1105 263 conan-

1259 180 1503 216 Commoratus
1527 190 1641 217 autern
1663 182 1928 228 Epaminondas
1947 188 1990 219 ad
2014 188 2139 222 urbem

1157 229 1317 274 Spartam
1345 233 1553 277 quatriduo,
1597 246 1674 266 cum
1711 242 1743 268 et
1776 236 1886 270 dilabi
1909 237 2062 271 Arcades
2093 240 2135 272 ad

120 290 188 317 tur.
242 281 371 315 Fuerat
393 287 506 314 autem
525 279 706 313 Mantinea
727 281 912 325 praecipua
934 281 1018 314 urbs
1033 279 1102 314 Ar-

119 382 334 416 Mantineus.

118 440 235 467 tamen
261 430 318 478 (ut
342 442 426 474 gens
452 431 622 464 Arcadica
649 432 803 476 inquieta
827 433 911 470 suit,
949 438 981 465 et
1009 443 1101 464 mer-

119 484 201 516 cede
235 481 386 515 militare
418 480 666 525 consueverat)
698 494 798 525 saepe
833 483 1037 525 adiungeret
1065 493 1100 514 se

118 531 280 566 hostibus
307 531 665 565 Lacedaemoniorum
678 559 686 571 ‚

1127 279 1130 339 f
1157 282 1320 324 praedam
1347 283 1481 316 videret
1508 284 1543 316 in
1568 285 1709 327 regione
1734 287 1919 329 opulenta,
1961 287 1998 321 in
2033 299 2137 333 quam

119 333 255 370 cadiae,
284 332 424 364 condita
442 342 460 363 a
477 330 549 362 filio
559 331 750 376 Lycaonis,
775 332 873 364 cuius
892 343 1020 364 nomen
1037 330 1103 364 suit
1128 345 1129 358 i
1155 332 1266 374 spolia
1284 344 1322 364 ex
1341 334 1460 366 multis
1477 334 1639 375 gentibus
1656 343 1816 378 congesta
1837 344 1952 377 erant,
1981 338 2136 373 discessit

389 380 488 423 Quae
507 393 584 413 cum
605 382 719 414 vicina
735 389 818 414 esset
832 381 1042 422 Laconicae,
1069 388 1101 414 et
1126 398 1127 402 =

1125 491 1127 499 l

1125 510 1126 525 l

729 539 761 565 et
796 532 890 566 velut
920 545 981 565 arx
1013 529 1126 565 esset?

115 581 298 617 hostilium
318 583 516 626 copiarum,
543 594 561 615 a
580 582 867 615 Lacedaemoniis
886 594 1002 616 eversa
1022 582 1098 615 fuit.
1123 576 1125 610 s

115 633 234 677 Quare
257 645 335 666 cum
361 633 540 673 viderent,
575 645 647 665 non
669 633 743 665 sine
768 633 923 676 periculo
948 632 1096 665 viciniae

113 696 189 717 eam
214 683 422 724 instaurari,
452 682 635 726 Agesilaus
661 683 832 726 impedire
869 682 1097 716 instauratio·
1120 687 1122 729 J

115 746 195 767 nem
219 739 364 766 conatus
387 740 448 768 est.
507 733 663 767 Accersit
688 734 793 776 igitur
815 745 899 776 gens
922 732 1094 766 Arcadica

115 782 318 817 Thebanos
377 782 425 817 lta
443 795 574 816 novum
596 784 726 817 bellum
745 784 780 816 in
802 783 947 816 Graecia
972 795 1096 816 accen-

113 846 190 868 sum
208 841 268 872 est,
297 834 333 866 in
350 846 420 879 quo
431 834 555 878 Sparta
573 847 659 878 pene
675 835 835 867 funditus
853 834 967 876 periit.
1004 833 1093 866 Nam
1118 862 1119 865 ,

109 883 393 928 Epaminondas,
417 897 521 929 quem
541 891 684 928 propter
699 885 808 928 ipsius
824 885 988 918 virtutem
1007 884 1093 916 socii
1117 929 1119 936 ,

113 935 264 968 libenter
295 935 551 978 sequebantur,
594 935 782 967 exercitum
815 935 852 965 in
882 933 1092 966 Laconicam

110 985 211 1018 duxit
236 984 468 1029 quadraginta
493 984 646 1016 millium
678 983 856 1023 virorum,
898 990 930 1016 et
958 990 1088 1016 vastata

110 1034 283 1068 LaconIca
310 1041 343 1067 et
368 1033 486 1066 multis
504 1033 643 1077 oppidis
666 1033 843 1076 occupatis
867 1034 908 1066 ad
929 1032 1091 1076 Spartam

109 1084 268 1124 accessit,
302 1096 365 1117 nec
389 1091 506 1117 tamen
531 1084 679 1116 fluvium
698 1082 887 1122 Eurotam,
917 1083 978 1128 qui
998 1084 1091 1115 nivi-

110 1135 177 1168 bus
201 1134 437 1172 intumuerat,
472 1134 622 1168 transiit.
679 1132 732 1166 Ac
756 1140 874 1166 tantus
900 1140 1013 1166 terror
1037 1134 1092 1165 in-

110 1196 228 1218 cussus
256 1192 305 1217 est
329 1184 529 1228 Spartanis,
570 1191 608 1218 ut
633 1194 751 1216 servos
777 1191 974 1224 armarent,
1010 1196 1090 1228 pro-

108 1236 212 1268 missa
229 1235 277 1267 eis
303 1235 473 1269 libertate.

108 1285 215 1325 citus,
249 1296 306 1318 sex
332 1285 444 1318 millia
469 1292 705 1324 armatorum,
740 1284 776 1316 in
799 1285 885 1317 urbe
910 1284 1092 1327 Agesilaus

111 1333 273 1372 liaberet,
307 1334 479 1377 disposuit
503 1345 561 1366 eos
588 1335 689 1366 certis
713 1334 815 1371 locis,
852 1335 933 1377 quia
965 1335 1090 1378 Sparta

108 1385 185 1418 sine
202 1384 388 1417 moenibus
409 1391 493 1417 erat.

109 1437 212 1475 dam,
236 1446 280 1466 ne
296 1434 593 1478 oppugnationem
614 1440 772 1467 tentaret.
815 1433 883 1466 Nec
896 1435 1089 1477 Agesilaus,

108 1484 171 1518 etsi
191 1484 358 1518 conviciis
378 1485 634 1528 provocabatur
653 1485 694 1516 ad
719 1484 978 1525 dimicandum,
1006 1491 1089 1518 tunc

1155 381 1238 414 inde
1256 384 1296 416 ad
1317 384 1385 416 alia
1403 384 1530 427 oppida
1559 387 1779 428 occupanda,
1805 387 1942 432 fuitque
1963 388 1999 421 in
2018 388 2135 422 Laco-

1153 431 1230 464 nica
1250 439 1317 465 tres
1335 445 1480 468 menses.
1536 433 1670 467 interea
1684 435 1952 470 Lacedaemonii
1967 439 2010 471 ab
2020 437 2132 472 Athe-

1154 482 1337 515 niensibus
1362 485 1533 517 auxilium
1557 485 1773 528 petiverunt,
1811 487 1898 520 facta
1921 500 2134 522 commemo-

1152 533 1287 565 ratione
1312 541 1516 567 mutuorum
1545 535 1812 574 beneficiorum,
1848 544 1880 570 et
1904 545 2060 579 orantes,
2089 552 2133 572 ne

1152 579 1235 623 lios,
1278 584 1338 628 qui
1362 584 1397 616 in
1423 585 1583 617 maximis
1612 584 1780 617 Graeciae
1804 587 1967 629 periculis
1986 589 2133 623 fuissent

1151 634 1245 667 velut
1260 631 1492 679 παραστάται
1511 633 1803 674 Atheniensium,
1829 637 1937 670 deleri
1965 639 2130 673 sinerent.

1151 682 1203 716 Ibi
1221 696 1297 716 cum
1323 685 1443 717 civitas
1460 684 1596 726 Attica,
1624 693 1662 719 ut
1691 698 1791 729 saepe
1814 687 1917 727 alias,
1945 688 2054 722 oblita
2076 689 2131 721 of-

1148 734 1371 774 fensionum,
1397 735 1497 768 vellet
1516 734 1701 768 Graeciam
1728 737 1858 769 salvam
1886 749 1976 777 esse,
2011 739 2130 771 decre-

1148 783 1197 816 vit
1214 791 1251 817 ut
1269 784 1374 816 misso
1392 785 1542 818 exercitu
1556 785 1824 819 Lacedaemonii
1845 788 2130 823 defenderentur.

1147 832 1247 867 Misit
1264 842 1295 868 et
1313 834 1506 880 Dioanius
1527 836 1666 869 Siculus
1685 843 1784 880 pater
1808 838 1934 880 viginti
1958 839 2129 879 triremes,

1145 883 1181 915 iu
1199 885 1327 928 quibus
1344 885 1448 917 fuisse
1465 885 1580 918 Celtas
1598 893 1630 920 et
1649 886 1767 919 Iberos
1787 887 2128 932 narratXenoplion.

1146 931 1193 967 Et
1224 935 1367 977 quidem
1397 942 1515 978 postea
1538 936 1731 978 plurimum
1757 939 1927 981 profuisse
1954 938 2128 973 Lacedae-

1116 975 1118 1002 ἶ
1145 984 1274 1017 moniis
1290 983 1406 1018 Celtas
1424 984 1554 1029 inquit.

525 1233 685 1278 Cumque
708 1234 856 1276 speciem
886 1234 966 1266 iusti
993 1246 1091 1267 exer-
1115 1262 1116 1265 ,

545 1381 595 1417 Ea
614 1395 666 1416 res
683 1383 852 1416 deterruit
866 1382 1090 1427 Epaminon-

1449 1103 1814 1146 Epaminondas.

1247 1183 1435 1229 Postquam
1454 1197 1536 1219 vero
1554 1186 1710 1222 discessit
1734 1200 1773 1221 ex
1794 1188 1963 1221 LaconIca
1981 1186 2127 1233 Epami-

1143 1235 1299 1273 nondas,
1342 1235 1506 1279 Spartani
1535 1245 1677 1280 propter
1708 1239 1905 1272 societatem
1928 1237 2127 1272 Athenien-

1143 1285 1249 1325 sium,
1277 1292 1311 1319 et
1330 1285 1492 1319 instructi
1511 1288 1651 1320 auxiliis
1675 1301 1714 1321 ex
1733 1289 1852 1322 Sicilia
1877 1290 2010 1329 missis,
2038 1302 2126 1333 pau-

1143 1336 1241 1368 latim
1266 1337 1394 1379 oppida
1419 1348 1479 1369 sua
1505 1337 1689 1380 recipiunt.
1743 1338 1817 1371 Ilos
1834 1351 1913 1371 cum
1937 1340 2126 1382 reprimere

1143 1383 1295 1418 Arcades
1336 1393 1566 1427 conarentur,
1619 1389 1777 1421 nondum
1812 1387 1892 1422 finis
1926 1389 1992 1422 fuit
2028 1390 2124 1424 belli.

1141 1433 1302 1479 Cumque
1319 1434 1502 1478 Agesilaus
1521 1444 1663 1481 propter
1681 1445 1854 1472 senectam
1877 1440 2004 1472 ducere
2028 1452 2124 1473 exer-

1113 1483 1115 1500 ”
1142 1485 1248 1518 citum
1278 1498 1349 1518 non
1376 1495 1507 1529 posset,
1550 1488 1674 1520 missus
1698 1496 1747 1522 est
1774 1489 1865 1522 tilius
1888 1487 2124 1523 Archidamus

110 1535 288 1569 iudicabat
330 1547 368 1567 ex
404 1535 490 1567 urbe
522 1534 710 1567 exercitum
746 1536 966 1567 educendum
1003 1547 1114 1570 esse.¹

107 1586 288 1620 Steterunt
306 1592 420 1618 autem
438 1584 541 1617 ambo
562 1585 596 1616 in
619 1584 803 1617 contrariis
822 1584 908 1628 ripis
923 1583 1089 1626 Eurotae,

108 1636 291 1679 Agesilaus
307 1642 337 1668 et
354 1633 638 1678 Epaminondas,
671 1646 744 1667 sese
768 1642 891 1668 mutuo
916 1642 1088 1668 contuen-

108 1693 177 1726 tes,
205 1694 236 1718 et
255 1686 342 1717 alter
360 1685 503 1717 alterius
520 1685 684 1717 virtutem
705 1683 936 1723 admirantes,
964 1691 996 1717 et
1015 1684 1088 1716 for-

109 1742 214 1769 tunae
232 1736 322 1768 vices
345 1733 545 1776 cogitantes.
597 1733 684 1766 Erat
709 1734 802 1766 enim
829 1734 927 1766 triste
952 1741 1088 1776 specta-

106 1786 244 1823 culum,
271 1797 350 1818 cum
368 1784 450 1817 anni
467 1783 616 1816 sexcenti
636 1791 747 1816 essent
764 1784 807 1816 ab
820 1782 1087 1816 Heraclidarum

108 1848 215 1880 regno
240 1836 275 1868 in
300 1835 489 1874 Laconica,
518 1846 580 1866 nec
606 1845 759 1877 unquam
787 1833 823 1864 in
848 1845 886 1866 ea
911 1835 1088 1877 conspecti

108 1893 222 1921 essent
245 1884 388 1919 hostiles
414 1884 601 1923 exercitus,
629 1895 692 1916 nec
712 1883 872 1915 incendia
892 1890 923 1916 et
941 1885 1088 1928 popula-

108 1939 222 1972 tiones
237 1938 280 1969 ab
297 1934 456 1969 hostibus
483 1934 530 1966 ibi
555 1935 663 1967 sactae
689 1940 820 1973 essent,
861 1946 955 1966 nunc
979 1941 1086 1967 totam

109 1989 287 2032 regionem
303 1986 357 2019 nri
379 1993 411 2019 et
433 1985 570 2017 vastari.
626 1984 677 2018 Ac
694 1991 729 2017 ut
751 1981 908 2017 Athenae
927 1993 1006 2017 ante
1025 1986 1088 2018 tri-

109 2039 204 2082 ginta
231 2047 341 2070 annos
364 2036 543 2069 deditione
568 2037 654 2067 sacta
679 2034 862 2078 imperium
889 2042 922 2068 et
946 2036 1087 2069 liberta-
1112 2072 1113 2077 ¹

108 2097 176 2123 tem
205 2088 410 2121 amiserant:

460 2086 506 2118 sic
532 2086 677 2129 Spartae
707 2097 801 2117 nunc
825 2097 912 2128 pene
937 2086 1086 2119 similem
1112 2094 1113 2097 ’

109 2139 341 2173 calamitatem
357 2149 439 2169 esse.
481 2136 555 2179 lpse
572 2136 673 2167 etiam
692 2135 873 2177 Agesilaus
890 2136 1085 2180 exemplum

108 2190 174 2224 suit
193 2188 448 2221 inconstantiae
471 2199 586 2219 rerum
612 2183 865 2226 humanarum,
893 2186 952 2230 qni
971 2193 1001 2220 et
1021 2187 1087 2219 sso-

109 2237 342 2274 ren'tissimam
377 2237 523 2281 patriam
555 2242 748 2280 ast-eperat,
791 2242 824 2268 et
852 2236 1111 2273 formidabitis]

107 2292 219 2324 suerat
247 2289 316 2332 regi
336 2288 491 2325 Persico,
530 2295 559 2320 et
577 2299 658 2319 suae
675 2287 794 2319 aetatis
813 2294 956 2331 propter
974 2288 1085 2321 virtu—
1110 2302 1111 2328 3

108 2349 177 2374 tem
196 2340 453 2373 laudatissimus
473 2340 542 2371 dux
561 2339 690 2376 suerat,
720 2350 813 2369 nunc
830 2349 930 2369 senex
954 2339 1086 2381 patriae

110 2393 203 2424 videt
231 2390 390 2422 tin-vadia
417 2397 449 2422 et
473 2389 602 2421 cixium
627 2388 760 2420 funera.
814 2387 948 2420 Profuit
970 2395 1083 2421 tamen

110 2443 242 2486 patriae.
262 2440 370 2472 animi
387 2440 512 2472 robore
532 2446 564 2472 et
586 2438 745 2472 consitio.
798 2436 878 2470 Non
905 2439 996 2470 enim
1022 2440 1084 2471 de-

109 2492 214 2526 seruit
233 2492 376 2529 urbem,
409 2498 438 2522 et
458 2490 547 2522 rives
567 2489 726 2523 armavit.
783 2486 829 2520 Et
851 2500 928 2520 cum
954 2490 1084 2521 exerci-

110 2551 180 2576 tum
203 2541 463 2584 Epaminondas
485 2541 627 2583 propius
645 2540 764 2570 urben-1
782 2539 944 2576 adduxit,
978 2539 1082 2572 emis-

107 2595 152 2625 sis
173 2593 346 2636 rquziitms
366 2598 395 2622 et
415 2603 452 2620 ex
472 2590 606 2622 insidiis>
630 2592 771 2621 adortus
791 2586 931 2622 hostiles
955 2590 1082 2632 copias,

109 2653 274 2678 terrorem
296 2643 344 2674 eis
363 2641 523 2680 lucussit,
551 2654 592 2672 ne
609 2640 845 2683 puin-alerent.

1141 1547 1219 1568 cum
1244 1535 1426 1579 Spartanis
1449 1537 1559 1580 copiis
1583 1544 1616 1571 et
1641 1539 1778 1572 auxiliis
1795 1538 1937 1573 Celticis
1959 1542 2125 1574 adversus

1144 1584 1317 1626 Arcades,
1345 1598 1432 1631 quos
1451 1587 1495 1620 ita
1516 1588 1615 1628 vicit,
1642 1596 1679 1622 ut
1699 1602 1823 1632 magna
1850 1588 2003 1623 hostium
2033 1592 2124 1623 mul-

1141 1636 1293 1669 titudine
1310 1637 1506 1676 interfecta,
1534 1644 1567 1670 et
1585 1639 1682 1669 nullo
1699 1640 1872 1682 Spartano
1889 1640 2033 1680 amisso,
2059 1653 2122 1673 no-

1140 1684 1271 1716 minata
1297 1684 1341 1718 sit
1368 1685 1427 1718 illa
1453 1698 1586 1729 pugna:
1631 1686 1798 1733 (ὶδακρῦς
1821 1688 1933 1735 fitam}-
2001 1690 2122 1736 Neque

1141 1742 1257 1768 tamen
1280 1733 1434 1768 Arcades
1466 1738 1673 1771 tnnmltuari
1705 1740 1895 1773 desierunt.
1962 1740 2122 1785 Cumque

1140 1797 1230 1818 nova
1249 1785 1388 1819 foedera
1406 1786 1565 1821 fecissent
1583 1801 1660 1821 cum
1672 1788 1768 1822 Eleis
1785 1797 1816 1824 et
1832 1791 1922 1828 aliis,
1948 1798 1980 1825 et
1994 1792 2123 1824 deinde

1142 1835 1294 1868 Arcades
1313 1836 1378 1879 ipsi
1397 1837 1488 1870 inter
1505 1849 1576 1870 sese
1596 1839 1760 1873 disiuncti
1780 1849 1908 1880 essent,
1935 1848 1973 1875 ut
1988 1853 2124 1885 semper

1140 1886 1207 1918 fuit
1225 1897 1333 1927 genus
1352 1884 1536 1920 hominum
1558 1888 1754 1932 inquietum
1781 1898 1813 1924 et
1839 1903 1960 1935 rapax,
1987 1900 2018 1925 et
2043 1904 2122 1935 pars

1141 1935 1336 1979 (Mantiuei
1358 1936 1540 1983 videlicet)
1557 1939 1735 1973 defecisset
1751 1942 1793 1973 ad
1813 1940 2121 1981 Lacedaemonio&

1140 1986 1199 2017 alii
1222 1998 1240 2018 a
1260 1984 1441 2020 Thebanis
1469 1988 1639 2021 auxilitnu
1667 1997 1839 2034 peterent,
1877 1999 1909 2024 et
1936 1992 2119 2024 Messanae

1141 2037 1349 2069 instauratio
1373 2035 1555 2070 'sin-banis
1581 2050 1683 2072 curae
1707 2048 1813 2081 esset,
1848 2042 1951 2075 rediit
1972 2040 2118 2085 Epami-

1139 2087 1275 2119 nondas
1293 2086 1328 2118 in
1341 2086 1527 2120 Arcadiam
1540 2116 1548 2128 ‚
1577 2090 1705 2124 ducens
1722 2103 1758 2124 ex
1771 2091 1915 2126 Boeotia
1932 2091 2117 2126 ctEuboea

1139 2143 1173 2170 et
1198 2134 1411 2170 Thessalicis
1437 2138 1615 2183 equitibus
1643 2142 1833 2175 mediocres
1859 2144 1993 2186 copia5‚
2033 2156 2118 2188 quas

1138 2188 1334 2220 accessione
1356 2189 1531 2222 sociorum
1566 2191 1600 2222 iu
1628 2190 1775 2225 Arcadia
1806 2194 1912 2228 auxit.
1983 2192 2053 2226 lam
2086 2201 2117 2226 et

1136 2237 1406 2270 Lacedaemonii
1437 2240 1629 2273 mediocres·
1659 2243 1773 2284 copias
1801 2240 1995 2281 habebant,
2034 2244 2115 2288 quia

1137 2288 1270 2332 equites
1297 2286 1590 2329 Atheniensium,
1628 2298 1659 2324 et
1685 2304 1762 2334 pars
1787 2290 1982 2331 Arcadum,
2012 2294 2116 2326 Man-

1137 2339 1221 2371 tinei
1239 2345 1269 2371 et
1290 2337 1418 2379 Acltei,
1442 2341 1483 2372 ad
1502 2351 1559 2371 eos
1576 2349 1799 2375 accesserant.
1853 2342 1982 2377 Eduxit
2010 2345 2116 2387 igitur

1137 2389 1319 2431 Agesilaus
1338 2390 1524 2423 exercitum
1541 2392 1582 2422 ad
1602 2390 1831 2427 Mantineam.
1886 2394 1951 2428 llic
1969 2393 2114 2439 Epami-

1138 2441 1272 2471 nondas
1289 2452 1432 2481 sperans
1449 2452 1484 2471 se
1502 2448 1640 2473 nactum
1663 2444 1880 2477 occasionem
1901 2446 1950 2478 rei
1971 2458 2114 2488 magnae

1135 2490 1382 2532 perlicit-udae,
1411 2491 1571 2523 videlicet
1596 2496 1817 2535 occupandae
1834 2496 1997 2538 Spartae,
2034 2497 2113 2540 «plia

1134 2540 1303 2573 exercitus
1322 2540 1404 2572 iude
1422 2542 1558 2578 aberat,
1587 2543 1715 2575 (nnisso
1733 2546 1863 2586 praelio
1889 2546 1952 2578 iter
1971 2547 2111 2588 suscipit

1136 2602 1252 2622 versus
1264 2591 1437 2632 Spartam,
1479 2592 1545 2623 Sed
1566 2604 1600 2624 re
1620 2593 1767 2627 indicata
1788 2609 1804 2628 a
1818 2596 1975 2629 Cretensi
1994 2597 2112 2631 milite,

1133 2640 1316 2682 Agesilaus
1339 2642 1426 2674 redit
1449 2642 1611 2685 Spartam
1635 2656 1712 2677 cum
1742 2646 1812 2678 tilio
1843 2645 2056 2680 Art-bulanu)
2080 2654 2108 2678 et
