2324 2955
120 98 195 136 75⁷

217 182 417 217 Constituto
435 189 551 217 autem
565 192 684 225 regum
705 183 814 216 multa
834 183 996 226 deinceps
1013 193 1098 215 con-

119 235 303 267 sideranda
321 241 418 271 suut,
445 234 536 266 bona
553 239 584 266 et
601 233 703 267 mala.

118 335 251 369 ctrinae
284 335 326 367 de
348 333 422 367 Deo
452 340 484 366 et
516 331 702 366 Ecclesiae.
756 332 848 375 Quia
872 332 1032 367 homines
1051 334 1094 365 ad
1121 340 1123 375 j

116 385 331 429 agnitionem
349 384 438 424 Dei,
466 390 498 416 et
516 384 557 416 ad
576 391 734 417 aeternae
752 382 925 416 Ecclesiae
951 384 1095 416 societa-
1120 386 1122 418 Ι

116 442 206 476 tem,
232 446 305 467 non
321 440 458 467 tantum
476 435 518 467 ad
537 432 643 467 huius
660 435 750 466 vitae
765 435 921 467 mortalis
937 435 1094 477 ingentes

114 496 300 519 aerumnas
318 485 453 518 conditi
468 491 548 518 sunt
560 512 568 525 ‚
595 485 683 517 sicut
700 484 829 518 dicitur
840 482 1011 518 Matthaei
1030 484 1092 516 16:

114 535 211 579 Quid
227 536 369 580 prodest
384 533 518 568 homini
530 562 539 575 ,
566 536 594 568 si
614 541 724 567 totum
741 536 913 568 mundum
928 536 1092 574 lucretur,

112 586 268 620 animam
295 598 377 619 vero
405 585 564 618 amittat?
611 584 715 618 Item:
751 584 909 618 Primum
936 585 1091 630 quaerite

111 648 260 681 regnum
277 637 366 677 Dei,
395 643 428 670 et
445 642 575 668 caetera
593 635 803 668 adiicientur
821 636 931 669 vobis.

210 687 393 720 Laudatur
408 697 488 729 ergo
505 697 522 718 a
542 685 656 718 Moise
675 692 707 718 et
729 686 807 718 aliis
824 683 1009 730 Prophetis
1026 697 1090 729 po-

110 737 185 771 litia
204 736 332 777 Israel,
357 737 450 781 quod
470 737 506 768 in
526 736 598 780 ipsa
623 737 735 769 luceat
751 748 832 769 vera
850 737 1010 770 doctrina
1023 761 1031 774 ‚
1058 742 1090 768 et

108 787 270 832 quodibi
287 787 331 820 sit
348 793 440 820 certo
455 785 610 819 Ecclesia
623 786 700 821 Dei.
743 785 825 819 Ideo
843 787 972 820 dicitur
987 787 1089 819 Deu-

107 837 296 871 teronomii
313 837 365 872 4.:
393 837 464 870 Nec
483 844 534 870 est
551 837 618 870 alia
634 837 751 877 natio,
779 849 867 882 quae
886 835 1011 870 habeat
1027 848 1089 879 ap-

106 888 407 933 propinquantem
432 888 499 921 sibi
518 888 655 926 Deum,
684 887 772 920 sicut
796 888 891 920 adest
909 886 1003 920 Deus
1022 899 1088 919 no-

106 944 177 973 ster
193 939 329 974 cunctis
345 938 646 972 obsecrationibus
663 937 804 971 nostris.
856 935 912 970 Ad
931 935 993 970 has
1010 937 1088 970 lau—

106 990 167 1022 des
182 989 334 1034 pertinet
357 995 450 1022 totus
474 989 563 1022 liber
579 987 797 1027 Salomonis,
824 987 881 1019 cui
897 987 1021 1021 titulus
1038 994 1087 1020 est

103 1034 363 1073 Canticum.

205 1087 284 1122 Hoc
308 1089 416 1131 igitur
444 1088 482 1120 in
507 1087 603 1131 regio
631 1093 723 1120 statu
745 1087 879 1120 bonum
895 1093 962 1126 est,
990 1086 1085 1131 quod

104 1140 224 1184 aliquo
257 1140 362 1171 modo
389 1139 530 1182 piorum
553 1150 674 1181 regum
705 1138 807 1170 labor
831 1135 912 1169 Deo
943 1137 1085 1169 iuvante

103 1189 238 1234 profuit
261 1190 304 1222 ad
329 1189 510 1221 doctrinae
540 1187 860 1227 conservationem,
893 1194 933 1220 ut
958 1185 1085 1226 David,

103 1241 290 1280 Salomon,
324 1237 505 1282 Iosaphat,
531 1235 721 1278 Ezechias,
748 1237 857 1270 Iosias
880 1237 994 1271 studia
1020 1237 1081 1269 do-

104 1291 236 1323 ctrinae
253 1297 287 1322 et
304 1301 406 1322 veros
424 1290 537 1321 cultus
554 1288 777 1323 adiuverunt.

203 1339 406 1373 Secundum
424 1340 556 1371 bonum
581 1338 665 1380 regii
689 1345 798 1371 status
815 1337 898 1378 suit,
927 1338 1021 1381 quod
1046 1336 1082 1368 in

101 1402 222 1434 regum
257 1390 412 1423 victoriis
443 1389 538 1422 Deus
574 1389 724 1421 illustria
763 1387 963 1421 testimonia
1002 1399 1083 1420 suae

101 1440 317 1485 praesentiae
336 1440 372 1472 in
389 1437 455 1472 hoc
472 1440 603 1482 populo
620 1439 790 1476 ostendit,
818 1449 890 1471 sese
911 1438 1083 1481 patefecit,

102 1498 135 1524 et
159 1490 358 1524 testimonia
384 1490 564 1522 doctrinae
590 1495 623 1521 et
646 1487 823 1521 Ecclesiae
847 1486 1023 1528 exhihuit,
1051 1494 1081 1519 et

99 1538 293 1584 Prophetas
310 1540 450 1583 regibus
467 1539 637 1572 adiunxit.
681 1537 861 1571 Summam
881 1538 983 1571 etiam
1000 1549 1082 1580 pro-

100 1591 302 1624 missionem
327 1591 370 1623 de
394 1586 579 1622 JIessia
603 1588 784 1631 repetivit,
812 1595 842 1621 et
870 1590 912 1620 ad
937 1588 1079 1630 stirpem

99 1638 306 1673 Davidis
341 1640 515 1683 alligavit,
556 1646 595 1672 ut
623 1645 716 1671 certo
750 1638 914 1678 sciretur,
958 1638 1017 1671 uhi
1048 1644 1080 1670 et

101 1692 243 1737 quaudo
254 1689 399 1724 Messias
411 1698 580 1723 venturus
596 1695 680 1722 erat.
715 1687 762 1721 Et
775 1686 856 1720 huic
875 1688 1079 1731 promissio-

98 1743 134 1775 ni
149 1740 213 1775 hoc
230 1742 362 1774 bonum
380 1740 584 1772 adiunctum
595 1739 671 1777 suit,
696 1738 789 1781 quod
804 1744 897 1770 certo
915 1737 1080 1777 sciebant,

98 1793 196 1826 illam
213 1791 371 1836 politiam
390 1791 594 1824 dun-ituram
614 1799 705 1827 esse,
728 1788 839 1820 donec
855 1787 1001 1820 Messias
1022 1800 1079 1820 ex-

99 1841 233 1876 hibitus
255 1847 353 1874 esset.
405 1839 500 1872 Haec
523 1839 615 1871 bont
645 1849 716 1870 non
738 1837 907 1870 suerunt'
900 1850 936 1870 1n
962 1835 1079 1870 ethni-

98 1894 147 1927 cis
174 1892 341 1936 imperiis.
396 1890 478 1923 Ideo
502 1888 568 1922 hoc
587 1899 732 1931 regnum
759 1888 862 1930 longe
876 1888 1078 1920 antecelluit

98 1945 134 1977 in
151 1950 222 1977 toto
245 1953 370 1986 genere
387 1939 555 1974 humano.
610 1938 661 1972 Ac
680 1939 900 1972 interiectum
919 1939 984 1971 snit
1001 1938 1078 1970 aliis

97 1994 231 2037 regnis,
270 1991 462 2037 Aegyptio,
495 1990 698 2035 Assyriam,
733 1987 908 2023 Chaldaeo
938 1995 970 2022 et
992 1987 1077 2020 Per-

98 2045 190 2084 sico,
215 2050 253 2077 ut
272 2043 353 2076 iude
375 2042 507 2085 agnitio
531 2041 604 2074 veri
623 2039 688 2074 Dei
705 2046 955 2084 propagaretur
972 2039 1074 2072 etiam

97 2096 140 2128 ad
158 2094 285 2127 multas
303 2094 388 2126 alias
405 2099 533 2135 gentes.

199 2144 361 2178 'lertium
386 2144 519 2176 bonum
545 2142 611 2175 fuit
638 2140 723 2183 regii
747 2147 872 2181 status,
900 2140 995 2185 quod
1018 2146 1075 2172 ut-

97 2207 235 2246 cunque
266 2194 399 2239 profuit
432 2195 475 2226 ad
511 2192 733 2225 dur¹1tionem
768 2192 868 2235 politi
874 2204 923 2224 1e
984 2189 1076 2224 Sunt

97 2247 190 2279 enim
207 2257 226 2279 a
243 2245 417 2290 principio
434 2243 579 2276 Davidis
600 2254 711 2287 usque
736 2243 779 2275 ad
798 2248 945 2275 mortem
965 2240 1075 2274 Sede-

98 2294 196 2330 chiae
223 2296 307 2329 anni
334 2295 582 2340 quadringenti
614 2293 790 2335 sexaginta
828 2299 970 2337 septem.
1029 2289 1076 2325 Et

98 2354 214 2380 tamen
240 2352 356 2390 postea
383 2357 522 2390 quoque
548 2350 624 2388 post
650 2344 801 2376 reditum
829 2355 869 2376 ex
909 2342 1075 2386 {abylone

99 2398 204 2430 duces
227 2396 369 2430 suerunt
397 2408 436 2428 ex
466 2396 572 2439 stirpe
594 2393 709 2427 Βινί(1
734 2405 844 2438 usque
871 2395 914 2426 ad
936 2393 1073 2426 Macca-

98 2448 218 2485 baeos.
244 2457 354 2479 annos
370 2452 542 2480 trecentos
558 2445 774 2488 septuaginta
792 2451 872 2478 tres.

201 2496 295 2530 llaec
318 2497 411 2529 bona
431 2496 535 2529 fuisse
559 2507 684 2537 magua
707 2502 739 2528 et
764 2494 952 2537 singularia
970 2506 1073 2537 opera

100 2546 196 2586 Dei,
224 2547 482 2590 agnoscendum
503 2553 571 2587 est,
598 2547 687 2579 sicut
712 2546 879 2588 scriptum
901 2552 962 2578 est:
997 2544 1073 2576 Nisi

98 2596 286 2631 Dominus
301 2595 504 2631 custodierit
518 2597 691 2630 civitatem
703 2623 712 2636 ,
736 2596 864 2630 frustra
880 2596 999 2639 vigilat
1013 2595 1074 2639 qui

100 2648 250 2684 custodit
274 2660 361 2686 eam.
411 2645 457 2682 Et
485 2653 525 2682 ut
547 2644 629 2681 haec
659 2658 794 2681 summa
822 2648 915 2682 bona
946 2645 1075 2681 nostris

806 95 833 133 I.
875 93 1166 133 CHRONICON
1193 94 1440 135 CARIONIS.

1124 188 1127 203 ¹
1151 182 1285 225 politiis
1313 184 1417 217 etiam
1443 183 1592 224 tribuat,

756 232 942 266 Summum
964 235 1096 265 honum
1149 230 1195 265 Et
1213 233 1275 266 ubi
1294 234 1440 273 dantur,
1469 244 1696 276 agnoscamus
1718 247 1755 268 ea
1774 247 1846 269 esse
1862 234 1929 269 Dei
1946 248 2070 280 opera,
2097 245 2129 271 et

119 284 156 317 in
172 284 329 329 qualibet
341 284 609 326 congregatione
624 284 900 316 estconservatio
919 295 1018 315 verae
1033 283 1097 315 do-
1122 271 1125 322 1

2061 103 2132 137 758

1628 184 1832 218 ardentibus
1851 185 1941 218 votis
1963 193 2131 230 petamus.

1149 283 1237 324 grati
1258 281 1371 317 Deum
1397 290 1553 317 autorem
1577 292 1610 319 et
1633 286 1812 319 custodem
1837 287 2068 328 celebremus,
2095 295 2128 321 et

1148 333 1297 366 retinere
1317 346 1355 366 ea
1376 335 1588 368 studeamus.

1249 383 1295 417 Ut
1311 391 1427 418 autem
1443 391 1576 418 caetera
1593 385 1713 418 divina
1731 398 1834 429 opera
1851 387 2025 422 Diabolus
2043 388 2124 422 odio

1119 420 1211 465 'Dei
1241 446 1465 479 corrumpere
1489 442 1652 476 conatur,
1687 442 1726 469 ut
1749 437 1785 468 in
1812 437 1862 480 ips
1867 450 1883 470 a
1906 446 2030 471 natura
2056 436 2124 472 hu-

1145 495 1248 516 mana
1267 485 1500 517 tristissimam
1522 486 1795 518 destructionem
1818 488 1915 521 secit:
1943 488 2001 521 Sic
2015 495 2048 522 et
2065 500 2123 521 or—

1145 534 1264 566 dinem
1284 535 1320 566 in
1338 535 1592 577 gubernatione
1610 535 1716 568 vari1s
1733 536 1912 570 furoribus
1929 539 2063 578 turbat,
2091 546 2123 572 et

1144 583 1328 618 infirmitas
1346 583 1521 619 humanae
1535 593 1679 619 naturae
1696 597 1757 629 per
1773 597 1845 619 sese
1863 588 1963 620 facile
1980 589 2121 627 labitur,

1143 640 1176 667 et
1193 641 1287 668 extra
1305 636 1468 668 ordinem
1486 636 1570 670 ruit.
1623 634 1697 668 Hae
1713 643 1797 670 sunt
1818 648 1939 670 causae
1958 638 2122 671 innume-

1143 685 1310 718 rabilium
1327 686 1499 719 viciorum
1524 692 1557 719 et
1575 686 1811 720 calamitatum
1834 687 1871 719 in
1894 688 2122 730 gubernatio—

1142 747 1196 768 ne.
1249 735 1370 781 Itaque
1394 743 1428 769 et
1449 736 1487 768 in
1511 747 1619 778 regno
1640 737 1762 780 populi
1781 737 1849 770 Dei
1867 739 1977 771 multa
1995 749 2122 781 magna

1141 786 1232 818 mala
1246 793 1464 819 accesserunt
1478 787 1521 819 ad
1540 786 1659 820 divina
1678 787 1855 820 beneficia.
1910 786 2069 822 Ambitio
2087 796 2120 822 et

1141 836 1328 870 aemulatio
1357 838 1512 881 primum
1542 849 1656 880 regem
1686 835 1876 870 Saulem
1901 838 2042 882 impulit
2074 840 2121 871 ad

1141 887 1382 920 crudelitatem
1411 894 1445 920 et
1473 888 1707 932 tyrannidem.
1761 886 1922 921 David
1946 889 2120 933 voluptati

1141 936 1305 977 indulsit,
1340 937 1418 969 ideo
1451 949 1512 980 per
1543 938 1747 970 seditionem
1773 950 1792 970 a
1815 939 1887 972 filio
1912 939 2033 983 pulsus
2059 946 2120 974 est.

1140 985 1309 1020 Salomon
1333 988 1375 1019 ad
1401 987 1597 1030 voluptates
1621 988 1756 1020 addidit
1780 989 1911 1021 cultum
1930 990 2121 1030 idolorum,

1140 1036 1218 1068 ideo
1246 1044 1362 1080 postea
1388 1037 1615 1070 dilaceratum
1640 1044 1689 1070 est
1707 1049 1863 1080 regnum.
1914 1038 2008 1071 Haec
2025 1039 2120 1071 dila—

1140 1087 1267 1120 ceratio
1286 1087 1420 1131 peperit
1435 1086 1582 1119 adsidua
1605 1088 1697 1119 bella
1716 1088 1852 1125 civilia,
1879 1089 2068 1121 seditiones
2087 1096 2121 1121 et

1140 1136 1317 1170 idolorum
1340 1137 1466 1171 cultus.
1527 1135 1574 1169 Et
1599 1143 1676 1179 post
1699 1148 1811 1170 annos
1834 1138 1878 1170 ab
1902 1138 2003 1171 initio
2023 1137 2119 1172 Iero-

1138 1188 1241 1219 boam
1259 1188 1427 1220 ducentos
1444 1187 1675 1231 quadraginta
1695 1194 1856 1232 quatuor,
1883 1188 2118 1222 tristissimam

1138 1238 1402 1281 dissipationem
1426 1238 1545 1270 decem
1574 1237 1753 1278 tribuum,
1789 1250 1877 1282 quae
1907 1239 2118 1282 posteritatis

1139 1287 1242 1320 lacol)
1266 1300 1346 1332 pars
1366 1287 1518 1320 maxima
1533 1287 1617 1327 suit,
1641 1299 1678 1320 ac
1696 1300 1916 1332 nequaquam
1940 1290 2120 1322 existima-

1137 1338 1185 1370 vit
1211 1339 1390 1377 futurum,
1423 1344 1461 1370 ut
1488 1350 1526 1370 ex
1548 1334 1611 1370 hac
1635 1339 1716 1370 sede
1741 1339 1940 1379 eiiceretur,
1975 1351 2063 1383 quae
2084 1347 2118 1372 et

1136 1388 1306 1422 dlvinitus
1331 1387 1500 1431 promissa
1531 1393 1620 1427 erat,
1653 1394 1685 1420 et
1712 1388 1912 1430 ingentibus
1937 1389 2117 1422 miraculis

1137 1439 1262 1472 tradita
1282 1445 1315 1471 et
1331 1438 1472 1471 defensa
1488 1439 1612 1472 fuerat.
1665 1437 1733 1471 Sed
1762 1436 1827 1470 hoc
1847 1440 2004 1482 exemplo
2022 1440 2117 1472 mul-

1135 1495 1168 1520 ta
1192 1487 1286 1521 Deus
1310 1495 1440 1521 monet.
1494 1485 1663 1520 Ostendit
1688 1488 1957 1529 promissionem
1982 1490 2117 1532 praeci-

1136 1550 1239 1581 puam
1270 1550 1341 1570 non
1373 1549 1445 1570 esse
1476 1539 1519 1570 de
1550 1535 1616 1570 hoc
1646 1538 1789 1580 politico
1822 1550 1948 1580 regno,
1984 1540 2041 1571 sed
2073 1541 2116 1573 de

1135 1589 1284 1622 aeternis
1308 1589 1423 1622 honis.
1481 1585 1528 1620 Et
1552 1587 1663 1620 voluit
1686 1588 1722 1619 iu
1746 1589 1867 1631 poenis
1885 1589 1971 1621 disci
1991 1590 2116 1622 discri-

1135 1651 1214 1672 men
1246 1638 1520 1682 promissionum
1551 1644 1771 1670 aeternarum
1804 1645 1836 1672 et
1859 1640 2116 1682 temporalium.

1134 1688 1184 1722 Ac
1203 1690 1357 1732 profecto
1375 1687 1532 1730 oportuit
1549 1698 1621 1719 esse
1639 1688 1861 1720 excellentem
1879 1690 2113 1722 cruditionem

1134 1739 1372 1777 sacerdotum,
1410 1737 1471 1781 qui
1506 1737 1701 1769 docuerunt
1733 1744 1866 1771 rectum
1898 1739 2115 1772 intellectum

1133 1789 1427 1833 promissionum,
1464 1785 1513 1820 Et
1538 1787 1584 1820 ob
1619 1784 1710 1820 hanc
1744 1799 1881 1821 causam
1917 1787 2114 1834 Prophetae

1132 1839 1228 1872 missi
1255 1845 1348 1873 sunt.

1232 1888 1356 1922 Postea
1390 1885 1496 1919 huius
1528 1887 1628 1930 regni
1664 1889 1830 1932 exemplis
1863 1897 1982 1923 monet
2017 1888 2113 1924 Deus

1131 1950 1252 1973 omnes
1266 1936 1447 1977 homines,
1473 1943 1512 1969 ut
1528 1944 1726 1971 reverenter
1749 1940 1851 1972 donis
1867 1938 1933 1973 Dei
1955 1947 2112 1980 utantur,

1130 1997 1162 2024 et
1178 1990 1331 2032 cogitent
1346 1989 1389 2021 de
1404 1986 1536 2020 iudicio
1551 1987 1634 2028 Dei,
1662 1995 1694 2021 et
1711 2000 1781 2021 sese
1797 1990 1839 2022 ad
1856 1990 2110 2033 poenitentiam

1130 2048 1164 2074 et
1186 2051 1301 2073 veram
1326 2037 1585 2071 invocationem
1604 2039 1806 2072 exuscitent.
1860 2038 1912 2073 Ac
1932 2040 2109 2083 magnitu-

1129 2092 1173 2124 do
1194 2101 1387 2135 poenarum
1405 2094 1584 2132 utrunque
1603 2089 1773 2128 ostendit,
1801 2090 1887 2122 iram
1900 2090 1968 2123 Dei
1984 2091 2108 2123 adver-

1129 2153 1185 2174 sus
1205 2147 1400 2185 peccatum,
1427 2145 1460 2171 et
1478 2149 1597 2171 rursus
1616 2140 1847 2182 praesentiam
1863 2138 1946 2178 Dei,
1974 2141 2107 2182 potenti

1128 2193 1246 2225 dextra
1274 2191 1366 2224 inter
1395 2194 1508 2222 tantas
1542 2189 1764 2222 confusiones
1791 2190 1959 2222 servantis
1988 2197 2105 2223 tamen

1128 2242 1225 2285 regni
1244 2248 1396 2286 partem,
1422 2245 1595 2283 quatenus
1612 2246 1785 2278 servatur,
1812 2240 1901 2273 sicut
1918 2240 2035 2285 inquit
2052 2239 2106 2273 Ie-

1128 2293 1269 2326 remia:s
1310 2289 1575 2324 Misericordiae
1606 2289 1752 2322 Domini
1786 2290 1881 2334 quod
1911 2302 1985 2323 non
2020 2302 2105 2324 cou-

1128 2343 1257 2388 sumpti
1284 2352 1414 2375 sumus,

1229 2392 1408 2426 Intuentes
1423 2391 1539 2434 itaque
1550 2387 1731 2422 historiam
1746 2391 1867 2434 populi
1880 2390 1997 2429 lsrail
2014 2392 2061 2424 sci
2065 2404 2103 2424 1—

1128 2455 1204 2477 mus
1236 2455 1300 2476 nos
1311 2444 1373 2475 'de
1395 2441 1516 2474 multis
1539 2452 1615 2482 mag
1605 2440 1674 2472 uis
1703 2442 1806 2474 rebus
1834 2442 2101 2476 ‹ommoinl'nii.

1128 2494 1178 2528 Ac
1195 2495 1297 2527 initio
1314 2491 1419 2525 huius
1435 2488 1603 2525 Chronici
1623 2490 1792 2529 diximus,
1817 2503 1856 2524 ex
1875 2489 1929 2524 his
1946 2490 2100 2525 historiis

1127 2557 1199 2577 non
1223 2551 1359 2577 tantum
1382 2542 1535 2584 exempla
1560 2541 1722 2584 politicae
1743 2542 2009 2583 gubernationis
2040 2554 2100 2585 pe-

1127 2597 1229 2629 tenda
1246 2605 1337 2633 esse,
1363 2592 1478 2638 qualia
1496 2592 1663 2635 praebent
1683 2604 1734 2624 res
1749 2599 1861 2634 gestae
1880 2594 1913 2625 in
1940 2593 2015 2625 aliis
2035 2592 2097 2622 iui-

1126 2646 1249 2692 periis:
1281 2645 1340 2679 sed
1355 2644 1466 2678 multo
1483 2641 1590 2685 magis
1608 2642 1802 2676 testimonia
1828 2643 2098 2686 patefactionum
