2324 2955
86 131 134 167 49

84 214 217 250 tissima
244 221 361 256 erant,
394 225 433 248 ae
458 214 563 248 simul
586 212 766 248 discebant
789 213 917 247 variari
936 219 1068 255 tempe-

82 272 185 300 states
201 272 279 299 ortu
297 272 330 299 et
345 276 468 298 occasu
485 265 704 298 diversorum
722 265 886 298 siderum.
935 261 992 296 Ad
1008 274 1068 295 oc-

83 327 200 350 casum
224 316 327 350 etiam
350 315 501 359 pertinet
532 316 627 360 quod
657 315 757 349 finxit
779 320 931 349 vetustas
957 310 1068 346 Orio-

82 378 164 399 nem
186 378 204 399 a
227 364 373 409 Scorpio
398 372 558 399 necatum
584 377 665 401 esse.
719 364 848 409 Incipit
865 364 957 398 enim
975 362 1067 396 occi-

82 417 164 449 dere
181 413 298 448 Orion
322 427 340 449 e
362 416 506 459 regione
531 417 738 449 ascendente
756 415 912 460 Scorpio.
968 413 1065 456 Quid

80 466 224 511 prodest
247 465 311 499 ista
336 466 557 499 considerare
574 465 740 510 inquiunt
760 465 894 510 aliqui?
928 471 960 497 et
979 462 1066 496 Pin-

81 515 238 549 daricum
268 513 334 549 hoc
360 516 523 551 recitant:
563 514 731 560 ἄκαρπον
757 515 894 561 σοφίαν
921 512 1066 560 δρέπειν

79 563 166 604 τοὺς
190 563 380 612 φυσικοὺς.
439 566 518 600 Non
544 565 746 608 ignoramus
769 566 961 599 multorum
983 564 1065 596 bar-

80 616 216 649 baricas
240 616 435 660 opiniones.
495 614 564 649 Sed
589 615 741 658 primum
766 615 978 660 opponimus
1002 626 1065 646 vo-

80 677 155 699 cem
182 666 340 699 divinam
369 677 457 710 quae
491 665 607 710 inquit
631 666 674 698 de
698 665 800 705 Sole,
833 665 934 698 Luna
960 673 992 697 et
1022 664 1064 696 de

81 716 211 750 stellis.
264 713 381 749 Erunt
406 715 443 748 in
464 715 561 757 signa
583 722 760 759 tempora,
793 716 866 749 dies
891 721 924 748 et
942 725 1064 747 annos.

81 765 169 799 Vult
185 764 280 799 Deus
305 765 386 798 sciri
401 765 486 798 anni
505 772 628 806 metas,
656 766 861 806 intervalia,
889 772 923 798 et
941 764 1063 797 seriem

79 822 225 860 propter
249 815 377 848 multas
401 815 621 858 gravissimas
647 827 784 857 causas,
813 816 992 855 videlicet,
1026 821 1064 848 ut

81 865 230 900 sciamus
263 865 375 898 solum
404 867 518 901 Deum
545 872 638 898 retro
670 866 707 898 in
736 866 834 899 omni
861 865 1065 899 aeternitate

79 915 203 954 fuisse,
237 912 321 948 haec
345 927 427 948 vero
459 927 604 959 corpora
635 916 760 949 mundi
784 917 828 949 ab
856 916 931 959 ipso
954 915 1063 947 libere

81 971 166 999 tunc
182 966 323 1000 condita
339 977 431 1004 esse,
458 977 535 998 cum
553 965 619 1009 ipsi
638 966 779 1009 placuit.
831 964 883 999 Ac
906 972 944 998 ut
961 965 1062 997 initia

81 1020 230 1058 cogitare
252 1015 428 1048 mentibus
452 1026 650 1059 possemus,
684 1027 858 1049 annorum
883 1015 1062 1048 distinctio

79 1065 167 1098 facta
184 1076 272 1109 quae
288 1065 430 1098 metitur
445 1072 595 1110 tempus.
636 1065 773 1099 Deinde
789 1066 864 1099 vult
880 1063 945 1099 hoc
958 1065 1061 1098 etiam

81 1115 173 1156 sciri,
198 1113 287 1148 hanc
302 1115 562 1158 generationem
579 1113 767 1149 humanam
781 1128 853 1148 non
864 1117 937 1149 fore
952 1122 1062 1148 aeter-

82 1177 183 1203 nam,
210 1166 268 1198 sed
287 1165 509 1198 constitutam
527 1177 598 1199 esse
614 1174 740 1200 metam
753 1193 762 1207 ,
790 1178 877 1210 quae
893 1178 964 1199 non
981 1178 1062 1209 pro-

81 1215 138 1248 cul
155 1215 269 1255 abest,
296 1227 372 1248 cum
392 1216 539 1249 mortuis
555 1216 756 1250 restituetur
774 1218 863 1257 vita,
891 1224 923 1250 et
940 1215 1062 1249 Eccle-

81 1265 132 1299 sia
152 1265 338 1298 ornabitur
362 1273 507 1309 pepetua
529 1266 656 1308 gloria,
683 1273 716 1300 et
735 1267 835 1310 impii
853 1267 1063 1300 abiicientur

81 1315 119 1347 in
153 1322 340 1358 perpetuos
368 1316 560 1355 cruciatus,
598 1323 630 1349 et
659 1329 860 1360 quanquam
888 1316 1062 1349 nescimus

81 1375 151 1408 quo
168 1375 280 1399 anno,
308 1369 340 1393 et
350 1371 419 1404 quo
436 1365 492 1393 die
512 1364 615 1395 tubae
632 1366 807 1405 angelicae
824 1373 949 1397 canent
968 1367 1062 1393 illius

81 1408 250 1454 triumphi
269 1409 427 1449 initium,
450 1416 567 1442 tamen
584 1408 649 1442 hoc
664 1409 759 1443 Deus
774 1411 963 1453 praedixit,
990 1422 1061 1443 non

81 1462 224 1504 longum
256 1460 330 1492 fore
354 1458 579 1492 intervallum
611 1471 629 1492 a
653 1457 785 1492 Christi
808 1460 1062 1493 resurrectione

80 1512 123 1545 ad
149 1517 316 1544 nostram.
379 1507 426 1542 Et
449 1521 521 1542 non
540 1510 796 1542 contemnenda
813 1517 862 1543 est
879 1510 1062 1550 sententia,

80 1572 168 1607 quae
189 1558 287 1594 Eliae
308 1558 492 1593 tribuitur:
525 1557 591 1592 Sex
612 1559 723 1593 millia
747 1572 923 1594 annorum
951 1559 1060 1593 Mun-

80 1613 164 1653 dus,
189 1617 223 1645 et
240 1617 355 1655 postea
373 1609 612 1653 conflagratio.

283 1660 364 1693 Duo
381 1660 512 1700 millia,
540 1658 648 1692 Inane

280 1709 362 1743 Duo
377 1710 504 1751 millia,
531 1709 614 1745 Lex.

281 1759 362 1793 Duo
380 1761 491 1793 millia
510 1760 583 1793 (lies
602 1758 758 1794 Messiae.

179 1807 227 1844 Et
243 1810 269 1843 si
288 1810 348 1855 qui
370 1810 457 1843 anni
475 1812 642 1853 deerunt,
669 1811 820 1842 deerunt
836 1816 979 1853 propter
995 1821 1057 1841 no-

81 1869 151 1897 stra
173 1867 308 1905 peccata
332 1872 420 1906 quae
445 1861 553 1893 multa
577 1867 666 1894 sunt.
719 1859 809 1893 Cum
832 1868 946 1893 autem
966 1872 1061 1892 nunc

81 1924 101 1947 a
118 1911 260 1946 condito
277 1912 411 1944 mundo
430 1911 631 1944 transierint
649 1910 806 1955 quinque
821 1911 931 1943 millia
949 1923 1061 1944 anno-

81 1974 178 2002 rum,
215 1961 299 1994 anni
324 1961 507 2006 quingenti
533 1968 565 1995 et
596 1961 817 2006 quindecim,
852 1967 983 1994 certum
1012 1969 1062 1994 est

82 2024 148 2046 nos
167 2023 240 2045 non
265 2012 387 2055 procul
410 2012 528 2045 abesse
548 2012 592 2044 ab
614 2011 708 2044 illins
732 2009 904 2055 triumphi
924 2011 999 2051 die,
1026 2011 1061 2043 in

83 2074 153 2108 quo
177 2073 211 2095 se
237 2062 328 2094 filius
353 2060 418 2094 Dei
441 2073 562 2095 rursus
586 2063 744 2095 ostendet
762 2061 927 2095 universo
945 2062 1061 2104 generi

83 2111 258 2152 humano,
282 2109 500 2145 etEcclesiae
516 2124 597 2145 suae
612 2124 728 2145 coram
743 2112 900 2145 ostendet
919 2119 1061 2156 patrem.

81 2162 264 2197 Praeterea
289 2168 408 2195 notam
427 2174 499 2195 esse
523 2162 645 2195 seriem
661 2174 834 2196 annorum
850 2174 888 2195 eo
907 2174 1064 2195 necessa-

83 2213 176 2247 rium
194 2219 262 2253 est,
288 2219 328 2246 ut
345 2213 493 2245 sciamus
511 2223 599 2258 quae
618 2213 661 2246 sit
679 2213 908 2247 vetustissima
928 2213 1065 2246 doctri-

83 2263 185 2297 nain
209 2274 334 2307 genere
362 2260 537 2303 humano,
572 2264 732 2308 quando,
762 2263 890 2308 quibus
909 2263 1066 2303 testibus,

84 2313 233 2348 traditae
253 2313 323 2347 sint
338 2313 603 2356 promissiones,
630 2325 698 2358 quo
722 2320 876 2358 tempore
893 2314 984 2346 filius
1000 2312 1065 2346 Dei

85 2365 335 2407 adsumpturus
352 2370 423 2397 erat
440 2361 629 2396 humanam
649 2370 808 2397 naturam
821 2391 830 2403 ‚
855 2376 943 2408 quae
960 2364 1067 2397 fuerIt

84 2414 203 2448 futura
228 2414 332 2446 series
361 2412 657 2449 monarchiarum.
716 2413 895 2446 Postremo
918 2421 1068 2458 quantae

86 2464 250 2499 tenebrae
266 2464 422 2497 essentin
436 2465 613 2497 communi
630 2464 718 2503 vita,
741 2464 777 2496 in
788 2461 961 2504 historiis,
983 2476 1068 2497 con-

87 2514 276 2551 tractibus,
301 2514 451 2555 iudiciis,
479 2515 505 2547 si
524 2515 620 2547 nulla
640 2521 726 2547 esset
743 2525 918 2547 annorum
943 2514 1069 2547 distin-

88 2563 168 2598 ctio.
221 2563 370 2606 Propter
387 2570 456 2597 tam
476 2565 604 2597 multas
629 2575 748 2597 causas
774 2562 870 2596 Deus
895 2575 1070 2597 annorum

88 2613 350 2647 distinctionem
389 2620 422 2647 et
456 2614 626 2655 instituit,
667 2620 700 2647 et
735 2614 915 2647 observari
949 2615 1072 2648 voluit.

90 2663 191 2708 Quae
214 2664 277 2697 etsi
299 2670 443 2708 propter
465 2665 656 2704 utilitates,
689 2675 776 2710 quae
793 2670 875 2698 sunt
890 2664 1073 2709 plurimae,

142 2715 320 2747 Μειᾼκτιι.
345 2715 452 2748 Orza·
480 2716 562 2747 5⁷01..
576 2716 656 2749 XII.

828 125 985 164 DECL.
1027 122 1100 161 DE
1137 122 1381 163 ORIONE.

2061 133 2109 167 50

1124 211 1365 255 cognoscenda
1390 217 1458 252 est,
1492 219 1610 246 tamen
1636 219 1669 247 et
1695 224 1734 246 eo
1761 214 1908 248 amanda
1933 217 2001 257 es‘t,
2028 217 2110 261 quia

1121 262 1281 294 miranda
1307 272 1361 294 ars
1384 268 1432 294 est
1450 262 1488 294 in
1511 263 1594 306 ipsis
1612 264 1785 306 motibus,
1813 278 1900 310 quae
1919 274 1967 300 est
1985 267 2107 310 singu-

1119 311 1192 344 lare
1210 312 1252 344 de
1266 310 1341 344 Deo
1358 312 1609 346 testimonium.
1661 313 1756 348 Haec
1772 327 1850 348 cum
1866 316 1911 349 ita
1930 317 2020 357 sint,
2048 330 2106 350 co-

1120 361 1225 405 gitate
1244 368 1418 406 quantum
1435 363 1545 395 scelus
1569 364 1612 397 sit
1632 361 1723 398 hanc
1747 363 2021 408 pulcherrimam
2038 365 2105 400 Dei

1119 412 1324 456 sapientiam
1349 419 1590 453 contemnere,
1626 421 1659 446 et
1683 426 1701 447 a
1727 416 2007 450 consideratione
2030 418 2104 450 eius

1119 463 1291 495 abducere
1309 460 1478 495 homines.
1530 462 1631 496 Hanc
1649 464 1823 497 maliciam
1845 468 1968 509 poenis
1983 468 2104 511 publi-

1119 513 1167 545 cis
1183 512 1403 555 magistratus
1426 513 1551 556 punire
1568 513 1753 547 debebant.
1808 516 1876 548 Sed
1895 518 2007 559 arguti
2024 518 2103 562 qui-

1119 563 1198 595 dam
1217 564 1431 606 respondent
1449 574 1482 595 se
1500 574 1572 595 non
1591 562 1790 606 improbare
1806 573 1965 599 motuum
1983 568 2102 610 cogni-

1118 612 1268 652 tionem,
1296 614 1353 645 sed
1374 612 1621 646 divinationes.
1666 611 1732 646 Hic
1749 621 1944 657 praetextus
1964 623 2102 650 tantum

1118 670 1167 696 est
1192 664 1314 706 σχῆμα
1337 661 1522 697 πολιτικὸν
1544 664 1609 696 τοῦ
1626 659 1749 709 λόγου.
1802 663 1911 698 Aliud
1930 666 2044 707 agitur
2059 668 2102 700 ab

1118 713 1199 745 illis.
1253 712 1378 747 Sciunt
1404 713 1497 745 enim
1529 724 1614 757 quas
1641 713 1878 748 divinationes
1904 716 2102 758 probemus.

1117 763 1258 796 Norunt
1282 775 1345 796 nos
1370 763 1498 796 diserte
1522 763 1719 796 discernere
1740 776 1858 797 causas
1879 763 2056 810 physicas,
2084 778 2105 799 a

1117 813 1211 852 Deo,
1245 825 1262 845 n
1288 814 1408 846 liberis
1439 811 1613 846 humanae
1644 815 1835 847 voluntatis
1858 815 2104 857 electionibus,

1118 875 1135 896 a
1155 863 1341 896 diabolicis
1366 863 1652 907 impulsionibus,
1704 863 1763 897 An
1790 865 1901 898 scelus
1919 872 1969 899 est
1987 866 2101 899 dicere

1117 912 1209 946 Solis
1231 913 1364 945 lumine
1381 913 1529 946 calefieri
1549 915 1662 946 a'e'rem
1675 941 1682 954 ‚
1710 921 1741 947 et
1759 915 1897 947 radium
1914 916 2102 950 rectiorem

1118 963 1153 995 in
1175 969 1302 996 aestate
1325 963 1492 996 maiorem
1512 964 1583 996 vim
1607 964 1832 997 calefaciendi
1854 963 2002 1006 habere,
2027 966 2102 999 Lu·-

1117 1025 1197 1045 nam
1214 1013 1377 1056 frigidam
1396 1025 1478 1048 esse.
1514 1014 1588 1047 Hae
1605 1014 1788 1058 qualitates
1805 1015 1999 1056 luminum,
2023 1028 2102 1049 cum

1117 1064 1153 1096 in
1176 1064 1258 1095 anni
1284 1063 1433 1097 circuitu
1465 1065 1750 1105 considerantur,
1791 1065 1901 1107 magis
1935 1066 2102 1110 aspicitur

1117 1125 1171 1147 ars
1195 1121 1228 1146 et
1251 1114 1421 1156 sapientia
1446 1112 1523 1149 Dei.
1577 1113 1665 1147 Tale
1683 1115 1749 1148 iter
1767 1122 1815 1148 est
1835 1114 1927 1149 Solis
1945 1128 2006 1159 per
2026 1128 2103 1149 cae-

1117 1171 1206 1197 teras
1228 1164 1363 1205 stellas,
1396 1171 1436 1197 nt
1459 1164 1496 1197 in
1519 1164 1667 1207 singulis
1690 1165 1814 1209 spaciis
1838 1166 2021 1210 qualitates
2046 1178 2103 1199 ac-

1116 1215 1358 1247 commodatae
1382 1215 1451 1247 sint
1469 1216 1511 1247 ad
1532 1227 1648 1248 rerum
1668 1216 1885 1249 nascentium
1904 1217 2102 1250 utilitatem.

1117 1263 1218 1297 Aries
1242 1271 1291 1298 est
1313 1265 1454 1305 siccior,
1483 1271 1523 1298 ut
1540 1272 1630 1299 terra
1654 1264 1805 1299 hiberno
1821 1266 1950 1309 frigore
1973 1273 2005 1300 et
2022 1267 2103 1310 plu-

1115 1315 1181 1347 viis
1207 1316 1399 1348 madefacta
1423 1314 1541 1348 minus
1568 1316 1611 1348 sit
1637 1328 1801 1357 coenosa,
1836 1324 1867 1350 et
1892 1317 1950 1350 fiat
1974 1317 2103 1349 idonea

1116 1365 1320 1392 seminibus.
1372 1364 1496 1393 Postea
1514 1377 1593 1394 cuin
1612 1377 1704 1404 seges
1724 1367 1792 1396 iam
1810 1367 1943 1406 prodit,
1971 1372 2004 1399 et
2022 1378 2102 1399 rur-

1116 1420 1173 1442 sus
1190 1409 1322 1452 indiget
1339 1410 1522 1452 rigatione,
1549 1423 1627 1444 cum
1641 1412 1701 1444 Sol
1722 1414 1860 1446 accessit
1878 1416 1920 1447 ad
1938 1414 2099 1448 Pleiadas

1116 1466 1148 1492 et
1158 1458 1318 1503 Hyadas,
1346 1460 1464 1492 stellae
1480 1458 1645 1494 humidae
1661 1462 1815 1496 fundunt
1833 1464 1985 1506 pluviaS,
2014 1465 2101 1498 Inde

1115 1509 1273 1552 procedit
1295 1508 1356 1542 Sol
1390 1521 1452 1552 per
1476 1517 1708 1554 temperatum
1734 1513 1830 1545 sidus
1852 1512 2101 1555 Geminorum,

1115 1565 1147 1592 et
1167 1559 1260 1591 dulci
1283 1559 1396 1592 calore
1411 1560 1529 1593 omnia
1547 1562 1725 1594 nascentia
1742 1563 1845 1596 fovet.

1215 1608 1304 1642 Cum
1332 1610 1376 1642 ad
1403 1608 1579 1644 Cancrum
1607 1619 1641 1645 et
1672 1613 1714 1644 ad
1743 1611 1912 1657 Praesepe
1939 1615 2100 1654 accessit,

1115 1670 1235 1692 rursus
1264 1671 1352 1703 opus
1387 1667 1437 1693 est
1467 1661 1661 1704 rigatione,
1703 1674 1780 1694 cum
1816 1664 1884 1696 iam
1919 1675 2026 1706 grana
2062 1666 2100 1697 in

1114 1709 1218 1754 spicis
1253 1710 1457 1753 gignuntur.
1531 1710 1670 1746 Rursus
1697 1713 1740 1745 ad
1771 1725 1915 1746 messem
1946 1715 2099 1749 siccitate

1116 1771 1203 1804 opus
1227 1768 1288 1795 est.

1218 1811 1344 1844 Aestus
1369 1811 1475 1853 igitur
1502 1819 1582 1845 sunt
1606 1813 1755 1846 maiores
1779 1826 1856 1847 cum
1882 1814 2021 1847 accessit
2035 1813 2098 1849 Sol

1115 1862 1157 1894 ad
1174 1860 1317 1894 Sirium.
1370 1861 1464 1894 Haec
1488 1869 1601 1895 autem
1619 1864 1728 1906 magis
1749 1871 1807 1898 aut
1826 1865 1941 1898 minus
1960 1866 2098 1908 regula-

1115 1912 1200 1945 riter
1226 1912 1312 1944 fiunt
1337 1919 1482 1956 propter
1499 1913 1715 1956 planetarum
1740 1914 1876 1947 itinera.
1926 1913 1972 1948 Et
1988 1921 2097 1948 totam

1116 1960 1205 1995 hanc
1229 1960 1427 1995 machinam
1456 1963 1636 1996 liberrima
1659 1964 1838 1998 voluntate
1855 1964 1947 1998 Deus
1967 1966 2096 2007 guber-

1117 2019 1186 2045 nat.
1249 2012 1357 2046 Adest
1380 2013 1490 2045 causis
1514 2014 1676 2046 secundis
1701 2014 1737 2046 in
1761 2021 1833 2047 toto
1858 2026 1920 2047 suo
1947 2015 2100 2058 opificio,

1117 2070 1148 2096 et
1165 2069 1307 2106 propter
1332 2061 1515 2095 hominum
1540 2064 1667 2096 scelera
1686 2064 1803 2096 minus
1828 2065 1970 2097 adiuvat
1987 2066 2096 2097 bonas

1117 2113 1335 2151 effectiones,
1369 2124 1469 2156 saepe
1498 2120 1529 2146 et
1560 2122 1701 2157 propter
1730 2112 1921 2147 Ecclesiam
1952 2115 2098 2157 impedit

1118 2163 1237 2196 malas.
1297 2161 1341 2197 Et
1367 2170 1482 2196 tamen
1507 2176 1562 2196 ars
1592 2164 1628 2196 in
1655 2164 1882 2196 fabricatione.
1916 2175 2095 2196 causarum

1119 2213 1336 2256 agnoscenda
1368 2220 1428 2248 est.
1497 2213 1576 2246 Non
1603 2214 1678 2246 sine
1709 2221 1800 2246 certo
1833 2214 1980 2246 consilio
2006 2214 2097 2246 vices

1118 2263 1256 2296 aestatis
1278 2269 1310 2296 et
1333 2261 1466 2308 hyemis
1485 2264 1663 2297 institutae
1685 2270 1775 2297 sunt.
1830 2262 1914 2296 Vult
1934 2263 2026 2297 Deus
2043 2265 2098 2295 in-

1118 2314 1304 2347 tervallum
1320 2326 1407 2353 esse,
1436 2326 1505 2358 quo
1522 2321 1611 2347 terra
1636 2319 1775 2356 accepto
1791 2314 1921 2346 semine
1947 2314 2099 2358 quiescat

1120 2371 1153 2398 et
1171 2364 1343 2398 madefiat.
1395 2362 1552 2397 Discedit
1575 2364 1679 2406 igitur
1693 2362 1772 2402 Sol,
1796 2370 1833 2396 ut
1858 2365 1947 2396 radii
1969 2376 2032 2396 nos
2049 2365 2100 2396 se-

1121 2415 1213 2447 riant
1228 2414 1346 2446 minus
1365 2414 1458 2447 recti.
1511 2413 1581 2446 Nec
1606 2420 1722 2446 tamen
1744 2413 1889 2447 discedit
1908 2427 1926 2447 a
1943 2425 2005 2448 suo
2023 2414 2099 2458 opi-

1120 2464 1198 2497 ficio
1225 2463 1331 2498 Deus.
1391 2463 1459 2496 Sed
1477 2470 1588 2496 servat
1608 2462 1724 2496 Solem
1753 2470 1785 2496 et
1809 2470 1955 2503 terram,
1994 2472 2025 2497 et
2043 2476 2102 2506 ge-

1123 2525 1190 2547 nus
1211 2512 1422 2552 humanum,
1458 2520 1489 2546 et
1507 2513 1706 2546 ess'ectiones
1722 2512 1814 2547 Solis
1834 2526 1897 2547 suo
1922 2515 2101 2547 liberrimo

1124 2564 1270 2598 consilio
1288 2564 1341 2595 vel
1358 2564 1498 2596 adiuvat
1510 2590 1518 2603 ,
1545 2564 1598 2596 vel
1617 2563 1771 2607 impedit.
1823 2562 1874 2597 Ac
1889 2565 1970 2598 totis
1988 2571 2104 2608 pecto-

1126 2615 1223 2647 ribus
1247 2614 1396 2646 satemur
1418 2624 1515 2646 veras
1535 2625 1608 2647 esse
1632 2613 1832 2647 sententias.
1886 2613 1927 2646 ln
1951 2613 2027 2648 Deo
2053 2613 2106 2644 vi-

1126 2664 1259 2704 vimus,
1285 2675 1422 2705 sumuS,
1448 2670 1481 2697 et
1504 2675 1699 2699 movemur.
1759 2664 1845 2698 Item
1873 2664 1944 2708 ipse
1967 2671 2015 2697 est
2035 2664 2106 2696 vita

1575 2713 1599 2752 4
