2324 2955
81 114 130 148 73

81 198 215 232 Ebreae
232 196 406 236 studium,
433 201 639 239 tantumque
654 194 691 226 iu
709 192 824 227 Ebrea
842 193 1001 238 profecit,
1029 199 1067 225 ut

82 261 143 292 par
162 255 247 281 esset
266 248 302 279 in
326 259 364 280 ea
382 246 494 279 doctis
520 245 781 289 interpretibus.
834 244 943 287 Saepe
963 244 1065 276 etiarn

82 300 125 332 de
149 299 314 332 omnibus
335 296 582 330 controversiis
607 308 686 329 cum
713 296 859 329 eruditis
877 301 910 328 et
927 294 1066 338 sapien-

81 350 175 384 tibus
191 349 391 382 disserebat.

182 399 342 433 Tandem
364 398 471 442 igitur
489 398 549 431 diu
573 397 731 441 cogitatis
748 398 907 430 omnium
925 402 1067 429 senten-

80 452 149 491 tiis,
176 462 254 483 cum
271 449 442 482 iudicaret
458 447 691 482 Ecclesiarum
710 455 910 481 nostrarum
930 447 1066 480 conses-

79 502 234 541 sionem,
260 511 467 534 consensum
493 511 564 532 esse
592 499 718 531 veteris
745 496 922 531 Ecclesiae
946 495 1066 531 catho-

78 552 166 585 licae
180 550 258 592 Dei,
285 551 452 585 traditum
474 550 511 582 in
530 549 668 592 scriptis
689 546 904 592 propheticis
927 555 960 581 et
981 560 1065 591 apo-

79 602 229 643 stolicis,
255 602 318 635 etsi
337 603 418 635 odia
442 607 475 633 et
493 599 646 643 pericula
669 600 922 644 prospiciebat,
949 606 1065 632 tamen

79 653 233 687 ostendit
250 653 362 696 palam
380 663 415 684 se
431 650 593 694 amplecti
612 657 812 684 nostrarum
828 648 1065 683 Ecclesiarum

79 703 353 742 confessionem,
381 708 415 735 et
430 701 474 734 ab
491 701 771 734 adversariorum
788 701 944 734 consiliis
959 707 993 733 et
1010 711 1066 732 sa-

79 754 217 787 crificiis
243 752 415 792 discessit,
451 763 554 796 seque
574 759 684 785 totum
711 751 847 785 dedidit
873 750 1064 795 precationi

81 812 114 838 et
129 804 292 847 lectioni,
318 810 351 837 et
367 803 491 836 fratres
505 803 656 846 optimos
674 801 866 846 Principes,
892 814 969 835 cum
986 801 1064 846 qui—

79 856 145 888 bus
169 855 207 888 in
231 861 302 888 tota
327 854 396 887 vita
423 854 471 886 sic
496 853 601 893 vixit,
636 860 674 886 ut
698 853 795 886 nulla
825 864 879 886 res
907 864 1064 897 unquam

80 917 202 939 eorum
218 905 441 938 concordiam
458 904 728 942 labefactaverit,
749 904 785 936 in
802 904 983 937 laboribus
1000 914 1065 945 gu-

79 956 297 990 bernationis
313 956 434 988 sedulo
453 954 599 988 adiuvit.
647 954 698 987 Ac
715 955 867 998 primum
885 953 1065 987 communi

79 1007 227 1040 consilio
244 1018 323 1039 cum
342 1005 509 1039 fratribus
526 1005 734 1038 instauravit
750 1003 924 1038 Ecclesias
944 1005 980 1036 in
1005 1016 1066 1048 pa-

79 1057 156 1098 tria,
181 1056 346 1101 praefecit
362 1056 507 1089 idoneos
525 1062 678 1099 pastores
689 1083 697 1096 ,
724 1056 825 1089 iussit
839 1062 930 1088 recte
946 1055 1065 1088 doceri

80 1108 263 1152 populum,
291 1107 445 1140 abolevit
461 1107 549 1139 ritus
566 1107 734 1147 viciosos,
763 1107 945 1140 constituit
966 1103 1067 1138 scho-

79 1159 149 1199 las,
175 1158 337 1192 attribuit
360 1158 543 1201 stipendia.
596 1158 648 1191 Ita
677 1158 764 1191 sacta
793 1164 841 1190 est
867 1157 1065 1190 emendatio

78 1209 154 1242 sine
171 1209 451 1242 dissensionibus
475 1215 507 1242 et
535 1208 611 1241 sine
634 1209 708 1241 ullo
727 1209 894 1243 tumultu.
947 1207 992 1242 Et
1012 1208 1067 1240 iu-

79 1259 181 1293 diciis
211 1271 249 1293 ac
277 1260 447 1302 exemplis
483 1259 620 1303 piorum
647 1258 853 1302 Principum
888 1259 993 1291 multi
1024 1259 1065 1291 ad

79 1310 296 1352 agnitionem
320 1310 476 1343 veritatis
504 1310 643 1342 invitati
675 1316 777 1349 sunt,
812 1310 913 1342 multi
939 1310 1067 1341 confir-

81 1360 178 1393 mati.
230 1358 353 1390 Postea
385 1363 418 1389 et
441 1356 478 1389 in
508 1358 586 1390 aliis
613 1359 770 1401 partibus
800 1359 1068 1401 gubernationis

80 1409 230 1442 fideliter
245 1413 277 1440 et
293 1407 429 1440 utiliter
447 1407 578 1449 patriae
594 1408 750 1440 servivit.

167 1457 305 1491 Deinde
321 1463 462 1489 vocatus
479 1457 523 1488 ad
534 1454 707 1488 Ecclesias
721 1456 890 1498 regendas
906 1456 942 1487 in
955 1455 1067 1487 Mers-

79 1507 246 1552 burgensi
261 1507 401 1547 diocesi,
428 1506 477 1538 ibi
494 1518 634 1550 quoque
652 1511 743 1538 recte
760 1506 878 1538 doceri
896 1506 1066 1549 populum

80 1559 232 1599 curavit,
265 1564 298 1591 et
329 1557 480 1601 praefuit
505 1555 672 1590 Ecclesiis
701 1557 887 1589 universae
914 1556 1068 1599 regionis

81 1610 285 1656 Mysorum,
316 1608 453 1653 fuitque
474 1605 531 1640 hic
555 1614 587 1640 et
610 1608 701 1640 vitae
725 1619 847 1640 cursus
865 1619 976 1640 annos
997 1608 1068 1639 fere

78 1661 226 1704 viginti,
253 1660 364 1692 donec
382 1671 422 1691 ex
438 1656 502 1691 hac
519 1658 658 1691 mortali
678 1658 746 1690 vita
765 1659 807 1691 ad
823 1659 981 1691 coelestis
998 1655 1066 1690 Ec-

80 1711 204 1745 clesiae
228 1710 428 1743 societatem
454 1716 595 1742 vocatus
619 1715 688 1749 est,
713 1709 800 1742 vixit
826 1715 917 1742 caste
942 1709 979 1741 in
997 1709 1067 1741 vita

80 1762 208 1802 celibe,
233 1761 309 1793 sine
332 1760 403 1793 ulla
423 1760 744 1800 contaminatione,
774 1760 977 1793 cubiculum
994 1759 1068 1792 eius

79 1819 153 1846 erat
169 1811 361 1855 templum,
389 1811 566 1844 academia
595 1818 627 1844 et
647 1810 756 1846 curia.
807 1810 897 1843 Nam
914 1811 963 1844 ibi
984 1808 1068 1843 haec

78 1862 406 1907 fiebanthuotidie,
443 1862 618 1906 precatio,
661 1862 784 1902 lectio,
825 1862 992 1906 scriptio,
1034 1868 1068 1894 et

80 1914 351 1948 deliberationes
383 1913 426 1945 de
458 1912 722 1955 gubernatione.
784 1911 836 1945 Ac
859 1920 897 1945 ut
923 1911 1067 1951 Esdras,

78 1973 226 2010 utraque
245 1964 282 1997 in
301 1975 337 1996 re
353 1964 487 2007 patriae
503 1963 654 2007 profuit,
681 1964 802 1997 docuit
821 1970 853 1996 et
880 1964 1068 1996 confirma-

80 2017 130 2050 vit
153 2015 285 2048 multos
312 2015 544 2047 concionibus
569 2021 602 2047 et
626 2014 728 2047 editis
745 2014 901 2058 scriptis,
929 2021 962 2047 et
980 2014 1067 2046 rexit

79 2066 226 2100 consilia
242 2065 519 2108 gubernationis.
571 2064 755 2098 Neminem
771 2066 885 2098 sciens
908 2077 1066 2110 unquam

80 2117 198 2153 laesit,
234 2115 404 2149 benefecit
428 2115 592 2158 privatim
618 2122 650 2149 et
672 2116 812 2160 publice
832 2117 973 2153 multis,
1000 2116 1067 2149 suit

80 2179 203 2201 suasor
235 2166 328 2210 pacis
362 2166 454 2199 inter
482 2165 680 2210 Principes,
715 2168 892 2201 mulorum
927 2167 1068 2199 diremit

79 2217 354 2255 controversias,
400 2215 588 2250 abhorruit
614 2218 658 2250 ab
688 2219 852 2252 omnibus
881 2218 1066 2255 seditiosis,

77 2268 313 2307 turbulentis,
345 2265 561 2301 Alcibiadeis
591 2268 765 2310 consiliis,
801 2271 845 2302 ab
874 2269 1067 2302 ambitione

80 2320 316 2353 alienissimus
331 2318 409 2352 fuit.
459 2318 650 2364 Nunquam
673 2319 742 2361 ira,
769 2321 823 2353 vel
841 2321 984 2360 odium,
1012 2320 1066 2352 vel

80 2370 255 2404 vindictae
281 2369 455 2414 cupiditas
479 2382 558 2403 eum
582 2370 743 2414 impulit,
769 2378 807 2405 ut
826 2378 947 2404 contra
966 2371 1067 2404 iusti—

80 2421 168 2454 ciam
183 2421 325 2460 faceret,
351 2427 411 2453 aut
435 2421 727 2467 tranquillitatem
745 2433 967 2455 communem
992 2428 1066 2455 tur-

78 2473 188 2507 baret.
239 2470 390 2504 Iniurias
412 2472 516 2505 etiam
543 2472 672 2506 multas
697 2479 729 2506 et
758 2484 901 2516 magnas
932 2474 1067 2506 excelso

78 2523 196 2556 animo
218 2522 433 2556 condonavit
454 2523 703 2568 tranquillitati
723 2523 900 2567 publicae,
927 2524 1068 2556 dolores

78 2574 182 2608 etiam
207 2573 295 2606 alios
319 2584 356 2605 ea
381 2573 491 2606 animi
519 2574 762 2608 moderatione
786 2575 885 2613 tulit,
920 2581 958 2608 ut
984 2574 1066 2607 satis

79 2623 232 2667 intelligi
256 2630 386 2668 posset,
420 2636 500 2657 eum
531 2625 718 2660 sustentari
744 2625 965 2659 invocatione
987 2624 1066 2663 Dei,

79 2682 112 2709 et
128 2674 346 2720 acquiescere
364 2674 398 2706 ln
413 2672 500 2711 Deo.
536 2676 643 2711 Norat
663 2682 702 2709 ut
718 2676 774 2709 vir
790 2677 924 2718 doctus,
942 2677 1066 2711 discri-

543 107 701 143 DECL.
745 107 817 143 DE
853 105 1130 143 GEORGIO
1170 107 1350 144 PRINC.
1387 107 1637 142 ANHALT.
2061 109 2106 144 74

1116 192 1212 224 mina
1230 193 1511 226 consolationum
1527 191 1761 226 humanarum
1783 200 1815 227 et
1832 193 2045 231 divinarum,
2073 201 2105 227 et

1117 254 1217 287 saepe
1234 240 1317 275 haec
1335 244 1426 276 dicta
1445 245 1634 287 repetebat:
1670 244 1840 278 Subditus
1859 251 1932 277 esto
1950 243 2025 277 Deo
2037 271 2045 283 ,
2072 251 2104 277 et

1116 306 1176 326 ora
1201 305 1298 333 eum;
1336 293 1451 337 Prope
1473 302 1523 328 est
1546 293 1722 328 Dominus
1747 293 1820 335 his,
1847 296 1907 340 qui
1933 295 2103 328 tribulato

1116 350 1199 378 sunt
1213 345 1318 377 corde
1330 371 1338 384 ,
1366 351 1398 377 et
1414 342 1564 378 humiles
1581 346 1707 389 spiritu
1724 346 1882 378 salvabit.

1218 402 1362 442 Studia,
1388 403 1544 441 dolores,
1572 404 1765 437 adsiduitas
1784 404 1819 435 in
1838 402 2104 446 gubernatione,

1117 453 1267 498 precatio
1291 453 1513 486 abducebant
1537 465 1616 486 eum
1644 454 1687 486 ab
1720 455 1885 487 omnibus
1911 454 2104 498 voluptati-

1116 505 1182 538 bus
1199 503 1367 548 corporiS.
1420 503 1471 536 Ac
1491 510 1568 547 post
1592 504 1867 545 consolationes,
1894 516 1979 549 quas
1997 504 2027 536 ei
2045 516 2104 537 co-

1116 555 1237 598 gitatio
1256 554 1456 587 divinarum
1481 553 1757 598 promissionum
1788 561 1820 587 et
1847 555 2022 588 invocatio
2042 556 2105 587 ad-

1116 606 1274 639 ferebant
1286 632 1295 645 ,
1324 605 1461 638 dicebat
1479 617 1513 637 se
1533 616 1606 637 non
1622 601 1750 636 habere
1766 604 1869 636 aliam
1892 605 2103 638 levationem

1116 657 1333 695 moesticiae,
1360 656 1429 688 nisi
1452 655 1626 699 colloquia
1657 655 1872 698 optimorum
1897 655 2044 687 fratrum
2073 662 2105 688 et

1116 707 1267 740 aliorum
1284 704 1514 739 honestorum
1530 717 1569 738 ac
1585 706 1769 739 doctorum
1787 705 1964 745 virorum,
1987 717 2025 739 ac
2045 707 2104 738 de-

1116 758 1308 792 lectabatur
1327 755 1393 790 hoc
1410 768 1529 790 versu:

1239 812 1298 854 ἡδύ
1322 826 1352 855 γε
1377 813 1467 850 φίλου
1490 811 1581 853 λόγος
1604 813 1667 844 ἐστὶ
1692 818 1756 849 τοῖς
1777 813 1986 852 λυποῖ-μένοις.

1116 876 1168 910 De
1194 877 1393 909 forensibus
1425 876 1674 909 controversiis
1702 876 1894 909 disserebat
1919 887 1996 908 cum
2022 874 2106 906 viris

1116 928 1318 961 clarissimis
1330 925 1604 967 Iurisconsultis,
1624 927 1793 970 sapientia
1811 934 1843 960 et
1862 926 1991 959 virtute
2006 937 2106 969 prae-

1116 978 1301 1018 stantibus,
1324 976 1545 1022 Hieronymo
1557 975 1733 1011 Schursfio
1753 984 1784 1011 et
1794 976 1975 1010 Ludovico
1993 973 2107 1008 Pach-

1117 1030 1188 1070 sio,
1223 1030 1265 1062 de
1290 1028 1447 1072 corporis
1473 1026 1620 1061 humani
1652 1036 1794 1068 natura,
1827 1028 1870 1060 de
1898 1026 2107 1060 morborum

1117 1080 1229 1114 causis
1247 1086 1280 1113 et
1297 1078 1479 1117 remediis,
1508 1091 1586 1112 cum
1606 1079 1826 1123 peritissimis
1844 1077 2013 1115 Medicis,
2042 1076 2106 1110 Se-

1117 1132 1279 1165 bastiano
1307 1127 1532 1170 Aurbachio,
1565 1128 1765 1174 Augustino
1795 1126 1956 1163 Schurfio
1988 1136 2020 1161 et
2052 1126 2107 1160 la-

1118 1183 1204 1216 cobo
1219 1178 1398 1215 Milichie.

1219 1240 1272 1274 De
1290 1240 1451 1273 doctrina
1468 1237 1643 1273 Ecclesiae
1664 1251 1742 1273 cum
1759 1237 1935 1279 Luthero‚
1964 1238 2048 1271 Iona
2073 1244 2108 1270 et

1119 1290 1277 1325 Iohanne
1294 1288 1524 1333 Bugenhagio
1540 1290 1737 1324 Pomerano
1749 1317 1758 1330 ,
1785 1303 1823 1323 ac
1844 1290 1970 1323 multas
1987 1300 2108 1322 eorum

1118 1342 1393 1382 disputationes,
1428 1341 1548 1381 plenas
1574 1341 1784 1373 eruditionis
1812 1347 1845 1372 et
1876 1341 2013 1383 pietatis
2034 1351 2108 1371 me—

1119 1401 1300 1424 minimus,

1221 1446 1433 1481 Adsedimus
1449 1460 1527 1481 cum
1544 1449 1774 1491 interrogaret
1783 1448 1992 1488 Lutherum‚
2019 1462 2108 1494 quo—

1119 1499 1226 1531 modo
1260 1499 1434 1531 invocatio
1471 1499 1508 1530 in
1540 1497 1696 1531 Ecclesia
1726 1500 1956 1532 discernenda
1988 1500 2032 1533 sit
2064 1502 2108 1534 ab

1119 1546 1259 1582 ethnica
1284 1549 1524 1588 invocatione,
1553 1561 1632 1581 cum
1658 1550 1699 1582 etl
1713 1548 1858 1582 Ethnici
1885 1562 1958 1583 non
1983 1551 2108 1584 furiosi

1120 1600 1319 1642 cogitarunt
1354 1612 1459 1632 unam
1495 1611 1566 1632 esse
1610 1607 1761 1633 mentem
1797 1598 2109 1634 architectatricem

1120 1650 1268 1683 mundi?
1306 1649 1359 1683 lbi
1377 1647 1552 1683 Lutherus
1571 1652 1770 1694 respondit,
1799 1663 1934 1695 semper
1951 1652 1986 1684 in
2006 1652 2109 1685 invo—

1120 1702 1256 1734 catione
1274 1701 1497 1742 cogitandum
1518 1712 1608 1744 esse,
1638 1701 1721 1745 quid
1739 1702 1978 1746 alloquamur,
2007 1709 2037 1735 et
2057 1715 2109 1735 se-

1120 1752 1333 1795 iungendam
1352 1764 1424 1785 esse
1441 1752 1596 1784 nostram
1614 1752 1875 1785 invocationem
1893 1754 1936 1785 ab
1957 1750 2109 1794 ethnica,

1119 1815 1157 1836 ac
1176 1803 1360 1847 praecipua
1378 1814 1449 1835 esse
1466 1804 1537 1835 duo
1560 1803 1785 1841 discrimina,
1814 1804 1962 1837 alterum
1983 1804 2026 1836 de
2054 1816 2108 1837 es-

1119 1854 1229 1887 sentia
1247 1853 1333 1894 Dei,
1361 1855 1510 1887 alterum
1536 1855 1578 1886 de
1602 1854 1802 1895 voluntate,
1830 1867 1869 1887 ac
1895 1856 1937 1887 de
1959 1862 2109 1900 utroque

1120 1905 1335 1944 discrimine,
1362 1911 1477 1937 mente
1496 1905 1684 1937 intuendas
1702 1917 1773 1937 esse
1792 1906 2039 1949 patefactiones
2056 1907 2111 1938 di-

1119 1956 1219 1988 vinas
1248 1956 1285 1988 in
1311 1956 1484 1999 baptismo
1514 1956 1577 1987 filii
1604 1962 1635 1988 et
1659 1956 1762 1994 alias,
1798 1968 1836 1988 ac
1861 1957 2110 2000 promissiones

1119 2006 1289 2039 divinitus
1312 2007 1469 2040 traditas,
1524 2005 1624 2038 Hanc
1652 2006 1761 2049 ipsam
1787 2007 1833 2039 ob
1861 2018 1999 2039 causam
2029 2019 2111 2050 pro—

1119 2057 1224 2090 diisse
1241 2056 1355 2090 Deum
1375 2069 1414 2089 ex
1438 2068 1563 2089 arcana
1589 2057 1688 2097 sede,
1714 2062 1751 2089 ut
1777 2057 1813 2088 in
1831 2054 1886 2089 his
1907 2057 2111 2101 patefactio—

1119 2108 1224 2141 nibus
1254 2114 1478 2151 agnoscatur,
1513 2114 1545 2140 et
1573 2119 1590 2139 a
1619 2107 1873 2140 commenticiis
1904 2108 2111 2141 numinibus

1119 2159 1241 2203 procul
1276 2159 1489 2201 seiungatur.
1552 2157 1602 2190 Ac
1634 2158 1669 2190 in
1699 2158 1909 2199 cogitatione
1942 2159 2111 2192 essentiae

1119 2208 1213 2242 hunc
1234 2208 1368 2250 Deum,
1395 2209 1455 2254 qui
1475 2215 1572 2252 pater
1589 2216 1636 2241 est
1653 2215 1814 2241 aeternus
1834 2209 1979 2242 Domini
2000 2211 2110 2243 nostri

1120 2260 1196 2294 lesu
1212 2258 1364 2298 Christi,
1391 2267 1423 2293 et
1451 2272 1528 2292 cum
1554 2259 1626 2291 filio
1655 2266 1685 2291 et
1703 2258 1837 2302 Spiritu
1855 2267 1973 2293 sancto
1991 2261 2110 2294 omnia

1119 2312 1299 2352 condidit,
1327 2318 1359 2344 et
1383 2310 1650 2355 promissionem
1678 2310 1976 2344 reconciliationis
2000 2312 2111 2344 tradi-

1119 2363 1182 2403 dit,
1198 2374 1344 2408 eamque
1362 2361 1531 2403 sanguine
1545 2368 1577 2394 et
1594 2362 1849 2393 resurrectione
1866 2362 1928 2394 filii
1945 2363 2110 2404 obsigna-

1119 2414 1189 2452 vit,
1225 2413 1510 2456 compellandum
1543 2422 1635 2451 esse,
1669 2411 1757 2445 sicut
1790 2412 1906 2457 inquit
1931 2410 2109 2447 Christus:

1119 2464 1189 2506 Qui
1209 2477 1265 2497 me
1282 2465 1395 2503 videt,
1424 2463 1518 2494 videt
1537 2471 1682 2506 patrem.
1736 2461 1789 2496 De
1808 2464 1989 2496 voluntate
2007 2466 2111 2498 etiam

1119 2516 1263 2558 cogitari
1281 2521 1443 2558 oportere
1459 2513 1692 2547 mediatorem
1711 2521 1743 2546 et
1763 2515 2025 2557 promissiones.

1221 2574 1313 2607 lluic
1331 2585 1431 2606 verae
1457 2573 1672 2606 invocationi
1699 2573 1936 2606 dissimillima
1960 2582 2008 2607 est
2032 2573 2112 2607 eth-

1119 2626 1195 2658 nica
1226 2637 1285 2657 seu
1321 2625 1469 2664 turcica,
1505 2636 1595 2669 quae
1627 2631 1727 2666 negat
1762 2621 1855 2657 hunc
1883 2637 1962 2657 vere
1990 2625 2114 2663 Deum,

1119 2677 1337 2710 conditorem
1358 2687 1475 2708 rerum
1495 2686 1586 2716 esse,
1614 2675 1674 2719 qui
1693 2682 1741 2707 est
1769 2682 1868 2718 pater
1885 2674 2030 2708 Domini
2050 2687 2114 2708 no—
