2324 2955
94 137 145 172 65

656 136 812 172 DECL.
849 136 920 171 DE
957 136 1230 177 sissxLLA,
1267 137 1552 174 PRINCIPIS.

2073 142 2119 177 66

92 223 304 256 anteferrent
331 223 496 255 omnibus
520 223 664 266 privatis
686 224 888 264 affectibus,
916 234 987 255 non
1007 234 1081 255 cer·
1105 224 1108 243 l
1132 224 1225 262 nari,
1266 231 1313 255 est
1347 225 1499 265 pei-serre
1530 225 1688 265 ingentes
1711 225 1868 264 dolores,
1899 226 1957 257 sed
1979 234 2120 269 propter

91 274 213 307 tabant
239 274 330 306 inter
352 286 386 307 se
412 274 620 313 ambitione,
658 274 827 307 cedebant
853 275 896 306 de
928 273 1078 317 propriis

1104 292 1105 298 κ
1130 274 1383 306 confessionem
1403 287 1479 306 cum
1499 273 1638 307 (Jlu'isto
1651 303 1659 315 ‚
1686 276 1745 320 qni
1762 276 1890 308 deinde
1908 276 1974 309 alia
1991 289 2118 309 corona

89 325 294 365 commodis,
321 337 364 357 ne
381 324 582 357 turbaretur
600 325 797 365 concordia,
824 325 913 357 iuste
930 323 1078 368 impera-
1102 335 1105 371 ρ
1129 324 1271 358 ornabit
1290 336 1358 361 θος,
1381 325 1439 369 qui
1461 325 1495 356 in
1518 323 1580 358 hac
1599 327 1739 358 mortali
1758 327 1825 360 vita
1844 334 1987 371 propter
2004 327 2118 371 ipsum

90 375 189 408 bant:
218 387 288 407 non
316 375 545 417 indulgebant
569 375 790 408 libidinibus.
843 374 965 408 Postea
990 373 1078 418 Epi-
1101 375 1104 428 Λ
1128 375 1257 408 aculeis
1275 373 1433 409 Rhamni
1453 376 1603 408 confossi
1623 383 1716 411 sunt.

87 426 181 469 scopi
218 425 373 469 primum
405 426 537 458 semina
572 426 827 459 discordiarum
864 431 1075 469 sparserunt,

85 482 230 519 propter
255 476 437 510 avaritiam
461 483 493 510 et
519 476 727 509 dominandi
744 476 985 519 cupiditatem.
1028 474 1074 508 Et

85 524 265 570 Principes
289 527 481 560 ambitione.
512 527 605 560 inter
636 538 708 559 sese
735 533 927 560 certarunt:
964 526 1073 571 aliqui
1098 517 1100 558 l

84 576 187 610 etiam
216 577 428 611 libidinibus
451 578 649 610 alienarunt
678 577 875 610 voluntates
907 574 1072 610 honesto-

83 638 182 668 rum,
217 628 262 661 ita
288 639 433 670 regnum
457 634 600 671 propter
617 628 700 661 vitia
726 634 946 671 posterorum
965 627 1071 660 amis-

83 688 160 711 sum
179 684 239 711 est.
292 678 361 711 Sed
383 689 505 721 graeco
533 679 679 722 imperio
699 685 813 711 tamen
833 684 950 722 postea
967 678 1070 710 etiam

83 727 189 772 longo
207 735 364 772 tempore
387 729 596 773 prosuerunt
617 729 782 763 victoriae
800 727 1008 772 Godesridi,
1037 735 1071 762 et

81 778 216 824 aliquot
230 777 389 822 Regum,
416 779 475 824 qui
493 787 610 824 postea
628 780 768 824 sequuti
783 786 874 813 sunt.

182 844 350 881 Inchoata
381 854 429 880 est
458 854 574 880 autem
600 847 774 891 expeditio
802 859 895 880 anno
923 846 1069 879 millesi-

80 909 136 931 mo
159 898 387 940 nonagesimo
410 905 515 932 sexto.
569 897 677 931 Anno
702 898 889 930 millesimo
914 909 1068 939 nonage—

79 948 167 981 simo
195 949 342 992 septimo
382 955 481 992 capta
513 956 563 982 est
602 949 638 981 in
665 947 747 982 Asia
779 948 904 988 Nicea,
939 948 1066 980 deinde

81 997 260 1038 iconium,
289 999 471 1032 trucidatis
493 999 654 1032 maximis
671 999 878 1032 exercitibus
899 996 1065 1033 hostium.

78 1049 220 1082 Deinde
247 1049 283 1082 in
308 1049 409 1095 Syria
434 1057 551 1093 captae
575 1057 658 1084 sunt
682 1046 891 1090 Antiochia,
923 1047 1066 1089 Edessa,

78 1107 110 1134 et
126 1100 214 1132 aliae
230 1100 361 1133 multae
378 1101 491 1134 urbes.
545 1100 757 1145 Ierosolyma
781 1108 878 1143 capta
899 1107 949 1133 est
971 1112 1065 1133 anno

77 1150 264 1183 millesimo
294 1151 520 1193 nonagesimo
548 1164 663 1192 nono,
698 1152 754 1183 die
782 1151 915 1184 decima
942 1151 1065 1195 quinta

76 1201 206 1234 mensis
224 1200 325 1242 Iulii,
356 1214 449 1235 anno
473 1202 821 1246 quadringentesimo
848 1209 881 1235 et
908 1214 1065 1244 nonage-

75 1252 183 1293 simo,
217 1259 400 1297 postquam
434 1254 477 1285 ab
509 1252 672 1286 Heraclio
706 1259 907 1296 recuperata
940 1253 1063 1286 fuerat.

76 1301 264 1347 Postquam
289 1310 404 1335 antem
430 1302 626 1336 Godesrido
650 1302 747 1335 Duce
773 1310 870 1346 capta
898 1310 947 1335 est
968 1302 1062 1335 lero-

75 1352 225 1396 solyma‚
262 1361 382 1383 rursus
414 1351 538 1384 amissa
574 1360 622 1385 est
666 1359 744 1396 post
771 1365 883 1384 annos
917 1360 994 1382 octo
1032 1360 1064 1382 et

76 1401 264 1443 octoginta.

173 1465 242 1500 Sed
273 1477 345 1498 non
371 1465 507 1498 institui
533 1463 589 1497 bic
621 1465 792 1508 integram
824 1466 1061 1499 narrationem

73 1529 189 1551 rerum
213 1524 386 1560 gestarum
410 1528 427 1548 a
454 1515 667 1556 Godesrido,
697 1522 756 1548 aut
776 1528 795 1548 a
820 1516 926 1549 fratre
943 1523 974 1549 et
997 1529 1061 1560 po-

72 1568 171 1602 steris
195 1568 376 1611 deinceps,
411 1574 547 1600 tantum
571 1564 637 1599 hoc
660 1567 740 1599 volo
770 1567 858 1599 scire
889 1567 1059 1607 iuniores,

71 1619 176 1652 fuisse
205 1618 429 1651 excellentem
465 1618 629 1651 virtutem
661 1617 804 1650 illorum
828 1616 988 1658 Ducum,
1022 1630 1060 1650 ac

71 1671 114 1703 de
132 1668 328 1702 Godefrido
347 1669 431 1701 inde
456 1668 545 1701 sumi
569 1668 769 1701 coniectura
792 1675 915 1712 potest.
968 1668 1058 1702 Cum

70 1727 167 1765 capta
195 1719 408 1764 Ierosolyma
432 1718 548 1752 Duces
578 1731 699 1751 omnes
729 1719 964 1752 decrevissent
986 1718 1059 1753 Re-

72 1783 148 1814 gem
174 1770 375 1814 eligendum
399 1782 488 1807 esse,
526 1777 556 1802 et
581 1770 629 1802 ibi
654 1777 701 1803 tot
733 1768 914 1813 Principes
946 1778 1059 1804 essent

70 1822 142 1855 nati
161 1822 197 1854 in
215 1821 361 1854 summis
376 1821 530 1859 familiis,
552 1822 659 1853 frater
676 1820 783 1862 Regis
802 1820 943 1863 Gallici,
966 1822 1058 1854 filius

68 1871 176 1915 Regis
199 1870 358 1915 Anghci,
394 1878 427 1904 et
449 1870 527 1904 Dux
550 1871 784 1914 Tarentian
821 1872 881 1916 qui
909 1873 1058 1904 consilio

69 1923 209 1957 videtur
226 1924 318 1956 inter
333 1929 485 1955 caeteros
502 1922 751 1963 antecelluisse,
779 1929 817 1955 ut
835 1924 928 1955 inter
942 1923 1058 1965 Argo-

70 1981 194 2007 nautas
211 1973 353 2013 Peleus,
381 1980 412 2006 et
429 1973 465 2005 in
490 1973 659 2006 electione
684 1977 772 2006 ratio
791 1971 982 2006 haberetur
1000 1985 1057 2006 so-

69 2025 137 2058 lius
154 2024 304 2064 virtutis,
331 2036 368 2056 re
385 2024 575 2056 deliberata
595 2024 753 2056 omnium
771 2024 957 2065 suffragiis,
987 2025 1054 2057 ele-

68 2082 143 2108 ctus
159 2082 208 2109 est
225 2073 300 2108 Rex
318 2074 535 2108 Godefridus
551 2073 742 2109 Bilioneus.
792 2074 868 2108 Hoc
886 2075 1055 2109 iudicium

68 2132 119 2160 tot
135 2124 340 2169 Principum
362 2126 405 2158 de
425 2137 484 2166 eo,
514 2125 700 2167 gloriosius
716 2126 782 2159 fuit
800 2127 874 2169 ipso
894 2138 1013 2169 regno.

124 2230 128 2234 ,
149 2192 255 2228 Ritus
271 2193 374 2226 etiam
392 2193 631 2226 coronationis
648 2193 834 2237 singularis
850 2194 926 2233 fuit,
951 2206 1053 2239 quem

67 2250 213 2290 propter
251 2244 406 2277 illustres
443 2244 711 2286 significationes
741 2245 942 2278 meminisse
970 2246 1056 2279 utile

67 2303 132 2329 est:
166 2295 212 2329 ita
227 2295 322 2328 flexis
339 2295 486 2338 genibus
504 2295 755 2338 procumbebat
768 2297 808 2328 ad
828 2294 1055 2340 sepulchrum

66 2344 224 2386 Domini,
250 2346 290 2387 is,
314 2346 374 2391 qui
395 2347 618 2379 coronandus
633 2353 717 2386 erat,
744 2353 783 2380 ut
799 2355 902 2391 caput
921 2348 956 2379 in
975 2359 1054 2380 saxo

67 2394 242 2442 sepulchri
268 2398 471 2436 collocaret,
505 2404 537 2430 et
563 2408 690 2429 corona
711 2397 740 2428 ei
767 2410 806 2430 ex
832 2398 941 2442 spinis
967 2399 1055 2431 sacta
1081 2421 1082 2429 1

66 2448 332 2492 imponebatur:
363 2448 476 2482 noluit
495 2448 589 2480 enim
608 2446 826 2481 Godefridns
843 2461 883 2481 eo
899 2450 975 2481 loco
994 2462 1055 2482 au-

67 2510 161 2532 ream
177 2510 344 2531 coronam
362 2506 514 2545 gestare,
543 2499 664 2543 inquo
690 2499 782 2531 filins
799 2499 862 2532 Dei
880 2498 1056 2533 Rhamnis

66 2556 254 2583 coronatus
270 2550 394 2584 fuerat.
436 2549 502 2582 Hic
519 2550 606 2582 ritus
623 2550 912 2583 commonefactio
930 2550 995 2584 suit
1014 2552 1056 2583 de

66 2599 204 2642 Regum
223 2600 362 2633 officiis:
400 2608 500 2644 caput
524 2601 695 2633 collocare
715 2601 748 2633 in
769 2601 925 2643 margine
940 2602 1057 2645 sepul-

66 2648 162 2691 chri,
189 2658 238 2684 est
255 2663 389 2684 summa
408 2663 488 2684 cura
506 2651 606 2684 adfici
625 2652 666 2683 de
682 2649 837 2685 Ecclesia
854 2650 998 2694 Christi,
1025 2660 1057 2686 et

67 2702 96 2734 ei
116 2709 219 2746 caput
242 2714 280 2734 ac
299 2703 405 2735 vitam
425 2703 564 2735 donare.
620 2701 757 2735 Deinde,
775 2709 807 2736 et
828 2703 938 2748 spinis
957 2716 1057 2737 coro—

122 2755 301 2786 llimiAxTn.
327 2756 432 2786 Ormi.
464 2755 545 2785 Vor.
564 2755 642 2787 ΧΗ.

1230 439 1325 473 Haec
1346 441 1389 472 de
1412 441 1528 484 stirpis
1554 440 1736 474 Bilioneae
1763 443 1946 476 nobilitate
1965 443 2048 476 satis
2074 444 2117 478 sit

1125 491 1264 526 dixisse.
1319 489 1405 523 Inde
1423 504 1500 524 cnm
1519 498 1594 524 orta
1613 491 1656 525 sit
1674 491 1840 536 Princeps
1856 492 2006 538 Sibylla,
2033 495 2116 528 satis

1124 541 1275 584 intelligi
1294 548 1416 585 potest,
1439 553 1603 585 magnum
1623 543 1727 574 decus
1745 554 1816 575 esse
1835 543 1870 575 in
1888 544 1961 577 eius
1977 556 2113 588 genere.

1224 608 1328 642 Nunc
1352 610 1394 641 de
1417 609 1570 653 propriis
1588 608 1777 641 virtutibus
1794 607 1968 653 Principis
1993 611 2113 645 Sibvl-

1122 660 1175 693 lae
1204 660 1392 693 dicendum
1423 667 1490 700 est,
1530 670 1618 704 quae
1650 666 1851 702 congruunt
1879 661 1921 692 ad
1955 651 2110 704 regulam

1122 710 1239 744 Pauli:
1268 710 1472 744 Salvabitur
1496 710 1623 742 mulicr
1644 721 1706 753 per
1732 709 1886 742 filiorum
1911 712 2110 753 generatio-

1122 774 1223 802 nem,
1251 762 1278 793 si
1304 761 1472 794 manserit
1499 760 1535 792 in
1561 760 1648 800 fide,
1676 761 1882 801 dilectione,
1904 762 2060 795 castitate
2080 771 2112 796 et

1121 813 1303 846 modestia.
1347 811 1566 844 Testimonia
1583 811 1663 843 fidei
1680 812 1715 844 in
1732 823 1770 844 ea
1787 812 1932 846 suerunt
1949 813 2110 851 illustria,

1121 875 1209 908 quae
1231 863 1373 907 quidem
1399 862 1584 905 praecipue
1609 863 1839 895 ostenderunt
1865 863 1894 895 ei
1910 861 2024 896 Deum
2049 865 2112 897 ad-

1121 925 1209 946 esse:
1234 912 1343 947 Recte
1359 912 1480 946 didicit
1498 913 1698 945 universam
1709 911 1886 945 Ecclesiae
1904 914 2111 955 doctrinam,

1120 972 1152 997 et
1176 964 1326 997 lectione
1351 975 1389 996 ac
1414 963 1600 996 audiendis
1623 963 1853 996 concionibus
1876 964 1964 997 aluit
1980 966 2110 998 doctri-

1119 1027 1184 1048 nae
1203 1015 1440 1057 cognitionem
1453 1041 1461 1054 ‚
1490 1021 1521 1047 et
1539 1014 1641 1046 fidem
1658 1015 1879 1047 confirmavit
1895 1021 1926 1047 et
1951 1017 2108 1049 accendit

1118 1066 1388 1099 invocationem.
1443 1064 1494 1097 Ac
1516 1064 1621 1096 fuisse
1641 1064 1678 1097 in
1695 1077 1732 1098 ea
1752 1066 1912 1098 ardentes
1931 1066 2011 1098 fidei
2031 1078 2107 1098 mo-

1118 1124 1189 1157 tus,
1219 1118 1328 1149 robur
1345 1115 1453 1148 animi
1475 1116 1644 1155 ostendit,
1674 1117 1767 1160 quod
1788 1116 1934 1149 retinuit
1954 1117 1989 1149 in
2013 1124 2108 1151 tanta

1117 1168 1357 1201 imbecillitate
1374 1168 1530 1210 corporis
1551 1173 1583 1199 et
1609 1167 1644 1198 in
1664 1168 1768 1200 tantis
1786 1167 1992 1208 doloribus,
2021 1180 2108 1213 quos

1116 1219 1283 1251 sustinuit
1312 1224 1455 1261 propter
1478 1216 1620 1250 exitium
1643 1217 1810 1257 Domini,
1845 1230 1948 1262 quem
1974 1219 2107 1252 sincere

1115 1270 1247 1304 dilexit.
1302 1267 1377 1302 Etsi
1402 1269 1495 1301 enim
1530 1276 1603 1301 erat
1631 1268 1851 1311 languefacto
1877 1280 2041 1313 corpore,
2075 1277 2109 1302 et

1117 1320 1329 1352 moesticiam
1348 1319 1522 1351 assiduam
1542 1319 1832 1359 circumferebat,
1860 1331 1923 1352 nec
1939 1320 2012 1353 ulla
2031 1332 2106 1352 cer—

1114 1369 1219 1399 nebat
1245 1370 1373 1398 auxilia
1402 1367 1576 1405 humana,
1609 1375 1726 1399 tamen
1752 1370 1879 1400 fiducia
1905 1370 2014 1402 solius
2038 1368 2103 1403 Dei

1115 1417 1324 1457 erigebatur,
1353 1423 1385 1449 et
1401 1430 1417 1448 a
1435 1417 1512 1450 Deo
1531 1417 1668 1459 petebat
1686 1425 1717 1450 et
1735 1419 1938 1461 expectabat
1958 1420 2104 1453 Domini

1114 1467 1286 1506 reditum,
1314 1479 1352 1499 ac
1377 1478 1477 1509 saepe
1503 1467 1610 1504 dixit,
1644 1479 1679 1500 se
1703 1480 1775 1501 non
1799 1470 1987 1502 dulcedine
2013 1471 2104 1504 vitae

1114 1517 1253 1559 longius
1272 1517 1412 1549 vivendi
1432 1517 1586 1559 spacium
1606 1525 1744 1561 optare,
1773 1520 1830 1551 sed
1847 1526 1962 1552 tamen
1982 1528 2102 1564 optare

1112 1579 1146 1600 se
1165 1574 1198 1600 et
1215 1579 1354 1609 sperare
1375 1575 1443 1600 tam
1462 1567 1604 1608 longum
1623 1568 1712 1601 vitae
1729 1569 1903 1611 spacium,
1929 1578 1968 1603 ut
1985 1572 2104 1604 videre

1112 1617 1256 1651 Domini
1275 1619 1427 1651 reditum
1447 1619 1563 1661 possit.
1606 1617 1670 1651 His
1690 1621 1777 1653 votis
1797 1621 1977 1663 respondit
1996 1634 2102 1655 even—

1112 1676 1177 1704 tus.
1223 1668 1323 1702 Iubet
1341 1676 1454 1701 autem
1475 1667 1634 1701 Psalmus
1653 1670 1781 1703 intueri
1803 1683 1867 1703 nos
1887 1672 1966 1704 talia
1986 1684 2101 1705 exem—

1111 1720 1165 1764 pla
1179 1748 1187 1759 ‚
1215 1732 1292 1752 cum
1312 1720 1374 1753 ait:
1404 1718 1568 1752 Accedite
1585 1722 1624 1752 ad
1644 1718 1778 1760 Deum,
1806 1722 1870 1754 iste
1884 1734 2015 1766 pauper
2030 1724 2101 1757 cla—

1111 1771 1237 1811 mavit,
1268 1778 1299 1803 et
1320 1770 1494 1803 Dominus
1511 1772 1689 1804 exaudivit
1705 1783 1796 1805 eum.

1211 1828 1400 1874 Utrunque
1426 1829 1532 1870 igitur
1561 1830 1757 1874 exemplum
1787 1832 1905 1865 multis
1934 1833 2099 1876 proderit,

1110 1881 1190 1913 tulit
1210 1892 1279 1912 non
1308 1880 1417 1912 levem
1437 1880 1686 1919 calamitatem,
1719 1888 1751 1915 et
1769 1894 1848 1915 vere
1867 1884 1977 1927 spinis
2000 1896 2099 1916 coro-

1110 1938 1188 1964 nata
1216 1938 1281 1970 est,
1318 1942 1381 1963 nec
1405 1938 1520 1963 tamen
1546 1931 1664 1963 animo
1691 1932 1797 1965 fracta
1833 1941 1899 1972 est,
1932 1935 2014 1967 inde
2038 1935 2096 1967 alii

1109 1994 1249 2027 quoque
1274 1982 1409 2014 discent
1432 1993 1511 2013 suas
1534 1994 1720 2015 aerumnas
1745 1985 1965 2028 aequabilius
1996 1986 2096 2019 ferre.

1110 2031 1152 2065 Et
1171 2033 1250 2077 quia
1272 2044 1388 2075 praees
1407 2033 1480 2064 eius
1498 2031 1592 2064 Deus
1609 2034 1806 2073 exaudivit,
1835 2046 1873 2066 ex
1891 2033 1955 2067 hoc
1971 2043 2098 2069 eventu

1109 2084 1168 2116 alii
1186 2095 1325 2128 quoque
1343 2083 1475 2115 discent
1495 2095 1566 2114 non
1585 2095 1655 2115 esse
1680 2084 1794 2116 irritas
1814 2085 1950 2128 piorum
1972 2098 2100 2129 pret-«²5.

1109 2133 1289 2167 Credibile
1316 2141 1364 2166 est
1390 2146 1463 2165 eam
1491 2134 1526 2165 in
1554 2134 1643 2165 bello
1670 2135 1851 2167 victoriam
1879 2149 1896 2168 a
1916 2136 1989 2169 Deo
2012 2138 2095 2178 peti-

1110 2186 1209 2220 visse.
1262 2185 1330 2218 Sed
1351 2196 1405 2217 res
1425 2185 1497 2227 ipsa
1516 2185 1669 2218 ostendit
1688 2186 1766 2228 plus
1784 2194 1900 2229 postea
1928 2188 2098 2230 profuisse

1109 2236 1245 2269 domini
1279 2236 1508 2269 constantiam
1543 2236 1576 2266 in
1614 2237 1850 2276 confessione,
1889 2250 1993 2281 quarn
2027 2239 2096 2271 ulla

1110 2287 1255 2320 victoria
1274 2287 1310 2321 in
1331 2287 1436 2319 armis
1461 2286 1642 2329 profutura
1661 2288 1791 2326 fuerat,
1819 2288 1972 2333 denique.
1994 2289 2097 2321 fidem

1110 2338 1213 2371 etiam
1235 2338 1269 2370 in
1292 2335 1358 2370 hoc
1376 2345 1528 2370 extremo
1547 2343 1623 2369 actu
1648 2338 1821 2371 fortitudo
1838 2339 1946 2371 animi
1966 2347 1998 2373 et
2015 2341 2098 2372 assi-

1110 2390 1177 2422 dua
1195 2390 1370 2422 invocatio
1393 2388 1636 2421 ostenderunt.

1213 2448 1315 2481 Nunc
1339 2449 1381 2480 de
1405 2447 1546 2479 caeteris
1571 2447 1762 2480 virtutibus
1788 2461 1894 2492 pauca
1922 2450 2099 2482 adiiciam:

1111 2499 1213 2533 Scitis
1241 2511 1312 2531 esse
1336 2498 1534 2530 dilectionis
1559 2499 1704 2539 gradus,
1734 2512 1821 2543 quos
1841 2501 1966 2533 ordine
1987 2513 2101 2533 serva-

1110 2550 1173 2583 vit.
1237 2549 1429 2587 Maritum,
1473 2548 1581 2587 tilios,
1617 2550 1779 2588 fratrem,
2022 2563 2099 2582 vera

1110 2603 1248 2647 στοργῇ
1265 2600 1399 2639 dilexit,
1428 2599 1554 2631 deiude
1573 2600 1801 2633 inferioribus
1819 2602 2000 2641 benefecit,
2019 2602 2098 2634 ubi—

1111 2663 1249 2696 cunque
1270 2651 1400 2693 potuit,
1430 2651 1633 2694 praesertim
1656 2652 1751 2684 orbis
1772 2652 1976 2693 virginibus.
2033 2651 2100 2684 Na-

1112 2710 1209 2735 turae
1230 2702 1325 2734 nulla
1353 2713 1493 2745 prorsus
1512 2702 1681 2734 acerbitas
1697 2710 1778 2735 erat.
1837 2702 1912 2735 Nou
1934 2703 2103 2734 art-ende-

1572 2751 1593 2784 5

1824 2562 1958 2583 sorores
1971 2578 1978 2591 ,
