2324 2955
114 132 183 168 561

216 215 248 250 4.
276 214 413 250 Deinde
433 211 597 253 Ethnici‚
623 209 893 247 Mabometistae
921 219 953 246 et
974 222 1095 245 omnes

114 267 228 310 ignari
244 264 430 309 Evangelii
455 270 573 298 errant
597 264 640 296 de
658 264 838 298 voluntate
857 262 934 297 Dei.
986 261 1093 296 Acce-

113 319 204 351 dunt
226 318 269 350 ad
290 316 404 350 Deum
426 315 500 348 sine
526 314 719 348 mediatore
751 314 826 347 sine
850 313 1094 358 promissione,

113 375 148 402 et
171 373 314 401 manent
339 367 376 398 in
401 365 640 406 dubitatione,
674 376 720 398 an
749 365 967 408 recipiantur
992 369 1024 396 et
1050 375 1095 395 an

114 418 356 452 exaudiantur.
411 415 510 449 Talis
525 416 679 459 precatio
697 415 952 449 contumeliosa
968 420 1018 448 est
1032 414 1094 447 ad-

115 478 232 503 versus
248 467 360 500 Deum
386 473 419 500 et
438 466 682 500 mediatorem.

215 515 248 552 5.
278 516 433 551 Econtra
448 515 604 550 Ecclesia
622 516 768 560 supplex
787 516 947 550 intuetur
960 514 1095 549 media-

111 576 222 602 torem
241 575 274 602 et
294 568 581 612 promissionem,
609 573 643 600 et
658 567 728 610 agit
743 567 870 610 gratias
887 565 975 605 Deo,
1001 565 1096 610 quod

112 621 280 652 immensa
300 618 460 652 bonitate
475 617 706 651 mediatorem
725 617 829 650 nobis
845 617 1039 655 constituit,
1062 622 1096 648 et

111 669 363 714 promissiones
378 668 543 709 tradidit,
570 674 603 702 et
619 667 849 701 iureiurando
873 667 1036 701 adfirmat
1059 677 1094 698 se

111 726 205 754 certo
221 731 286 754 nos
302 720 467 763 recipere.
494 718 639 752 Invocat
656 718 764 762 igitur
779 719 905 752 fiducia
924 716 1096 750 mediato-

111 771 181 812 ris,
209 771 298 804 sicut
310 771 383 815 ipse
399 770 536 803 docuit:
563 769 750 815 Quidquid
773 769 944 814 petieritis
962 774 1095 812 patrem

111 822 149 854 in
169 821 313 855 nomine
328 832 426 861 meo,
453 821 553 854 dabit
568 821 680 854 vobis.

214 871 248 905 6.
275 870 363 905 His
380 871 646 905 discriminibus
662 871 767 905 initio
785 868 1033 907 consideratis,
1059 866 1097 898 in

110 922 211 955 omni
235 922 437 967 precatione
462 919 526 956 has
551 922 710 968 quinque
741 918 1098 954 commonefactiones

110 973 215 1007 nobis
238 984 487 1018 proponamuS.

215 1024 251 1058 7.
288 1023 406 1056 Prima
431 1023 492 1063 sit,
527 1022 672 1066 cogites,
707 1033 810 1067 quem
837 1021 923 1054 velis
951 1018 1098 1063 alloqui,

113 1074 207 1120 quod
227 1073 271 1108 sit
289 1074 377 1107 illud
397 1085 530 1107 numen
548 1074 643 1118 quod
659 1073 863 1117 alloqueris,
879 1071 941 1105 ubi
959 1078 991 1103 et
1008 1081 1099 1115 quo-

112 1125 221 1158 modo
239 1136 274 1158 se
291 1124 493 1168 patefecerit
505 1151 513 1164 ,
540 1136 605 1157 nec
621 1124 741 1166 vagari
758 1129 912 1156 mentem
928 1122 1035 1160 sinas,
1058 1126 1099 1153 ut

112 1174 514 1218 HecubainTragoedia
534 1174 634 1207 dicit:
663 1173 697 1207 O
711 1173 843 1217 iupiter
860 1172 1033 1217 quidquid
1055 1182 1099 1211 es,

114 1226 187 1258 sive
211 1237 328 1269 mens,
356 1225 428 1258 sive
449 1221 594 1271 ἀνάγκη
618 1221 775 1270 φύσεως.
829 1223 1015 1256 Taxantur
1033 1219 1099 1254 hae

114 1277 355 1311 dubitationes
380 1276 417 1308 in
441 1275 534 1309 dicto
551 1274 699 1309 Christi:
729 1275 801 1308 Vos
825 1274 978 1308 adoratis
1005 1273 1100 1317 quod

114 1327 269 1362 nescitis.

219 1373 254 1408 8.
280 1372 476 1418 Prophetae
494 1380 525 1406 et
544 1372 604 1406 alii
622 1373 731 1407 sancti
750 1374 784 1405 in
814 1374 946 1416 populo
970 1373 1101 1406 discer-

116 1426 250 1458 nebant
272 1436 370 1458 suam
398 1424 658 1457 invocationem
682 1425 726 1456 ab
743 1421 882 1456 ethnica
903 1419 957 1453 his
975 1420 1102 1460 modis,

115 1476 292 1509 addebant
308 1474 447 1508 nomini
464 1473 529 1506 Dei
546 1474 641 1506 aliud
661 1474 844 1518 proprium
865 1469 1006 1505 lehova.
1040 1470 1100 1502 ln-

115 1526 254 1559 terdum
283 1525 461 1558 addebant
483 1522 578 1556 Deus
596 1522 788 1556 Abraham.
840 1521 935 1555 Dens
961 1526 1099 1564 patrum

116 1583 331 1611 nostrorum.
382 1573 430 1608 Et
463 1574 500 1606 in
536 1573 650 1617 primo
686 1579 871 1617 praecepto
897 1570 993 1604 Deus
1027 1571 1100 1613 ipse

117 1628 258 1670 signum
281 1625 397 1664 addit,
425 1637 495 1670 quo
520 1624 596 1657 vult
617 1624 759 1667 agnosci
777 1630 810 1657 et
827 1621 997 1656 discerni:
1023 1619 1099 1663 Ego

119 1689 195 1710 sum
209 1675 406 1715 Dominus,
435 1676 497 1720 qui
513 1674 618 1708 eduxi
635 1686 696 1708 vos
716 1687 755 1708 ex
772 1672 933 1720 Aegypto
951 1678 1015 1705 etc.
1043 1671 1101 1704 Sic

119 1727 196 1760 vult
219 1726 360 1769 agnosci
383 1723 478 1758 Deus
498 1725 680 1769 proposito
704 1724 929 1764 testimonio,
965 1722 1002 1754 in
1030 1733 1100 1767 quo

119 1779 194 1811 eius
210 1776 405 1820 praesentia
420 1782 639 1819 agnoscatur.

221 1827 254 1861 9.
296 1825 342 1860 Et
366 1827 523 1871 patribus
547 1833 620 1860 erat
638 1826 729 1859 filius
744 1825 944 1870 propositus
964 1824 999 1856 in
1018 1836 1102 1868 pro-

120 1879 306 1919 missione,
337 1884 370 1911 et
394 1878 498 1910 nobis
523 1878 592 1910 iam
612 1874 788 1911 exhibitus
807 1883 868 1910 est.

120 1938 282 1963 tueamur
299 1928 560 1962 resuscitantem
578 1934 736 1961 mortuos
760 1934 794 1960 et
810 1937 1038 1969 agnoscamus
1055 1925 1101 1957 si-

121 1980 195 2013 mul
213 1987 356 2024 patrem,
383 1980 494 2012 filium
513 1985 545 2012 et
563 1977 734 2022 Spiritum
752 1985 923 2011 sanctum.
958 1975 1005 2010 Et
1022 1988 1101 2009 cum

121 2031 227 2064 simul
245 2031 450 2063 invocamus
465 2036 534 2063 tres
551 2040 727 2073 personas,
742 2035 859 2061 tamen
877 2038 1104 2071 agnoscamus

121 2081 234 2115 filium
262 2092 334 2114 esse
356 2082 585 2114 mediatorem
610 2087 642 2113 et
666 2081 878 2112 sacerdotem
906 2090 968 2121 pro
1000 2078 1104 2110 nobis

121 2132 418 2176 interpellantem.
472 2130 567 2162 Haec
586 2141 657 2162 non
674 2136 754 2162 sunt
771 2129 980 2173 pugnantia:
1014 2128 1104 2161 allo-

122 2183 240 2227 queris
265 2183 376 2215 silium
401 2194 479 2215 cum
506 2188 602 2225 patre
624 2187 656 2213 et
671 2180 807 2224 Spiritu
832 2187 968 2220 sancto,
993 2186 1030 2212 ut
1046 2190 1104 2212 so-

123 2234 214 2266 ci-um
231 2233 368 2266 consilii
387 2232 596 2272 divinitatis,
613 2231 746 2264 socium
764 2231 951 2265 creationis
972 2237 1002 2264 et
1024 2242 1105 2263 vere

122 2283 262 2325 Deum,
293 2291 325 2318 et
356 2290 470 2317 tamen
505 2289 650 2326 propter
680 2279 774 2314 hunc
798 2289 836 2315 ut
864 2282 1105 2322 mediatorem,

126 2334 232 2379 recipi
250 2341 283 2368 te
302 2347 380 2369 oras
400 2342 433 2368 et
452 2334 583 2373 credis,
611 2334 704 2366 iuxta
729 2332 835 2367 illud:
872 2332 982 2365 Nemo
1009 2332 1105 2365 venit

126 2386 168 2419 ad
188 2391 341 2429 patrem,
365 2386 434 2419 nisi
452 2397 514 2430 per
531 2385 653 2418 silium.
710 2382 814 2416 Item:
843 2382 937 2416 Haec
961 2390 1010 2416 est
1035 2383 1105 2416 vita

127 2442 286 2473 aeterna,
311 2443 352 2470 ut
375 2443 564 2479 agnoscant
587 2442 618 2469 te
643 2435 756 2468 solum
775 2446 895 2468 verum
914 2433 1047 2475 Deum,
1074 2440 1107 2467 et

129 2499 232 2532 quem
251 2486 376 2520 misisti
394 2488 506 2520 Iesum
525 2498 596 2520 esse
608 2483 801 2520 Christum·

233 2537 290 2572 10.
332 2537 411 2571 Non
436 2538 563 2570 srustra
588 2537 674 2570 sacta
703 2543 753 2569 cst
777 2535 960 2580 patefactio
986 2536 1020 2568 in
1046 2536 1109 2568 ba-

131 2588 259 2631 ptismo
280 2586 355 2623 filii.
393 2588 510 2633 ltaque
529 2588 623 2622 velut
639 2594 811 2631 spectator
830 2587 994 2630 baptismi
1015 2587 1110 2619 illius

132 2646 226 2671 stans
242 2638 276 2670 in
296 2638 354 2672 illa
373 2640 444 2683 ipsa
464 2639 538 2682 ripa
557 2637 716 2671 Iordanis
735 2638 771 2670 in
788 2644 887 2671 coetu
905 2637 1110 2679 angelorum

133 2696 162 2721 et
184 2688 375 2722 multorum
394 2690 532 2733 piorum
545 2716 552 2729 ‚
580 2690 638 2734 qui
655 2690 855 2729 adsuerunt,
884 2700 1002 2722 vocem
1019 2688 1111 2720 divi-

188 2737 370 2773 Mummi.
399 2742 502 2774 Ortffl.
528 2741 611 2774 Vni..
639 2741 715 2774 XII.

758 124 1019 162 PHlLIPPI
1052 121 1502 160 MELANTHONIS.

921 1875 1026 1908 llunc
1045 1875 1102 1906 in-
1127 1892 1129 1898 x

2063 126 2135 164 562

1149 221 1231 242 nam
1265 210 1415 254 cogitato
1450 211 1708 244 discernentem
1740 210 1928 245 Personas:
1985 210 2053 245 Hic
2083 221 2132 247 est

1148 260 1241 293 filius
1263 272 1361 294 meus
1385 261 1550 301 dilectus,
1584 270 1648 296 etc.
1707 260 1811 295 Item:
1848 263 1936 296 vidit
1957 261 2129 306 Spiritum

1147 318 1305 345 sanctum
1324 312 1594 345 descendentem
1613 312 1726 355 specie
1742 313 1937 347 columbae.

1253 361 1308 394 11.
1351 361 1426 395 Imo
1450 368 1483 395 et
1507 369 1606 396 tuum
1631 363 1844 407 baptismum
1869 364 2029 408 cogitato.
2089 363 2131 397 In

1147 417 1208 445 tuo
1226 412 1400 455 baptismo
1422 413 1510 446 facta
1531 420 1581 446 est
1601 413 1680 447 talis
1706 413 1903 455 invocatio,
1931 426 2018 460 quae
2038 411 2132 448 hunc

1146 473 1269 495 verum
1294 462 1405 497 Deum
1431 464 1598 497 discernit
1625 464 1669 496 ab
1693 464 1858 498 omnibus
1885 465 2133 499 commentitiis

1147 512 1366 547 numinibus.
1418 512 1469 547 Ibi
1488 515 1610 547 foedus
1635 514 1764 547 factum
1787 522 1855 555 est,
1880 522 1918 548 ut
1942 513 2025 548 haec
2051 528 2130 549 vera

1147 563 1316 597 divinitas
1331 571 1364 598 te
1381 565 1567 609 reciperet,
1595 570 1627 597 et
1644 570 1681 596 tu
1703 575 1906 605 agnosceres
1930 573 1962 598 et
1989 566 2130 599 invoca-

1147 626 1202 647 res
1227 612 1322 647 hunc
1347 614 1481 656 Deum,
1517 616 1576 660 qui
1603 620 1652 647 est
1676 621 1838 648 aeternus
1864 622 1963 658 pater
1985 615 2131 648 Domini

1148 665 1261 699 nostri
1279 664 1356 699 lesu
1373 664 1524 706 Christi,
1557 665 1723 698 conditor
1747 677 1826 698 cum
1850 666 1923 699 filio
1947 672 1978 698 et
1996 666 2132 708 Spiritu

1148 723 1290 756 sancto,
1317 728 1355 750 ac
1373 717 1495 760 recipit
1512 723 1544 750 te
1562 722 1705 759 propter
1720 716 1850 758 filium,
1879 723 1912 750 et
1937 717 2075 760 copulat
2100 723 2133 750 te

1149 766 1217 799 sibi
1236 766 1372 809 Spiritu
1388 778 1451 800 suo
1466 774 1598 802 sancto,

1254 817 1311 850 12.
1345 816 1461 851 Simul
1485 818 1588 851 etiam
1613 817 1760 860 cogites,
1793 818 1908 863 qualis
1934 818 1976 851 sit
2002 818 2134 851 divini-

1149 874 1220 907 tas,
1246 868 1401 911 sapiens,
1429 880 1550 906 verax,
1578 869 1687 909 bona,
1712 869 1876 909 benefica,
1903 869 2006 910 insta,
2034 877 2135 908 casta,

1149 918 1350 958 liberrima,
1376 919 1619 962 omnipotens,
1646 920 1817 953 iudicans.
1868 918 1916 952 Et
1933 920 2135 952 discrimina

1151 980 1381 1012 personarum
1406 968 1626 1010 consideres,
1654 975 1688 1002 et
1706 970 1906 1002 testimonia
1925 972 2052 1003 amoris
2071 969 2135 1003 Dei

1151 1031 1230 1062 erga
1256 1030 1331 1052 nos.
1401 1018 1523 1059 Pater,
1563 1019 1655 1052 filius
1683 1026 1716 1052 et
1743 1019 1897 1063 Spiritus
1925 1028 2064 1054 sanctus
2090 1021 2135 1053 ita

1151 1070 1388 1103 condiderunt
1418 1067 1617 1110 hominem,
1659 1076 1697 1102 ut
1718 1070 1906 1113 imaginem
1932 1071 1985 1103 sui
2012 1071 2048 1103 in
2075 1083 2138 1103 nos

1151 1121 1459 1161 transfunderent,
1487 1132 1567 1153 vere
1583 1120 1690 1163 igitur
1709 1120 1830 1154 dilexit
1847 1119 1912 1154 hoc
1936 1134 2024 1165 opus
2047 1122 2138 1154 divi-

1154 1172 1245 1205 nitas
1263 1172 1449 1206 conditrix.
1503 1170 1586 1204 Filii
1602 1183 1702 1204 arnor
1717 1172 1811 1205 lucet
1833 1172 1869 1204 in
1893 1172 2137 1215 deprecatione

1153 1230 1186 1256 et
1205 1234 1317 1267 poena
1335 1234 1397 1266 pro
1415 1222 1518 1255 nobis
1537 1229 1707 1266 suscepta.
1743 1221 1897 1266 Spiritus
1914 1224 2023 1255 sancti
2041 1235 2139 1256 amo-

1153 1285 1226 1306 rem
1245 1274 1347 1306 fateri
1366 1284 1505 1306 necesse
1520 1279 1587 1313 est,
1622 1285 1700 1306 cum
1727 1272 1764 1304 in
1790 1270 1934 1318 corde²)
1960 1280 2020 1306 tuo
2044 1274 2137 1306 velot

1153 1324 1191 1356 in
1214 1324 1395 1356 domicilio
1421 1330 1453 1357 et
1478 1324 1608 1367 templo
1631 1334 1693 1356 suo
1721 1320 1879 1356 habitare
1906 1324 2007 1366 velit,
2048 1331 2085 1357 ut
2107 1331 2139 1358 te

1153 1381 1248 1418 regat
1264 1380 1297 1407 et
1312 1374 1470 1408 flammas
1489 1372 1722 1406 invocationis
1741 1373 1918 1407 exuscitet.

1258 1425 1316 1456 13.
1353 1423 1417 1455 Est
1449 1429 1564 1456 autern
1599 1423 1690 1455 silius
1721 1423 1834 1466 imago
1868 1424 2000 1457 aeterni
2031 1426 2140 1468 patris

1153 1472 1364 1514 cogitatione
1387 1473 1521 1514 genita,
1548 1479 1581 1506 et
1604 1474 1797 1516 adsumpsit
1821 1472 2012 1507 humanam
2038 1482 2141 1509 natu-

1153 1534 1226 1554 ram
1245 1522 1283 1553 in
1303 1522 1440 1564 virgine
1457 1522 1591 1563 Maria,
1620 1529 1657 1556 ut
1675 1534 1738 1566 pro
1756 1524 1859 1556 nobis
1876 1525 2017 1558 victima
2034 1526 2140 1560 fieret.

1152 1571 1258 1605 llunc
1278 1573 1381 1605 nobis
1401 1579 1578 1606 ostensum
1598 1573 1672 1606 vult
1690 1585 1754 1606 nos
1778 1581 1939 1608 aeternus
1962 1582 2060 1618 pater
2086 1576 2142 1607 in-

1153 1623 1243 1655 tueri
1262 1629 1294 1654 et
1312 1624 1445 1657 audire.
1498 1622 1545 1655 Et
1560 1624 1647 1655 scire
1664 1621 1755 1656 hanc
1772 1635 1888 1657 veram
1912 1636 1983 1658 esse
2009 1626 2141 1658 divini-

1153 1679 1278 1713 tatem,
1306 1684 1395 1717 quae
1414 1672 1510 1706 misit
1527 1670 1618 1706 hanc
1636 1673 1826 1710 victimam.

1259 1721 1317 1758 14.
1360 1722 1517 1768 Spiritus
1541 1731 1681 1757 sanctus
1703 1731 1754 1758 est
1777 1726 1926 1768 agitator
1949 1728 2141 1771 procedens

1153 1775 1198 1808 ab
1220 1781 1364 1809 aeterno
1390 1781 1486 1818 patre
1509 1782 1542 1808 et
1564 1787 1582 1808 a
1605 1775 1696 1816 filio,
1738 1782 1771 1809 et
1795 1776 1949 1810 mittitur
1974 1778 2012 1810 in
2037 1780 2142 1811 corda

1154 1825 1395 1866 credentium,
1429 1832 1467 1859 ut
1488 1826 1600 1859 lucem
1624 1838 1725 1859 verae
1748 1827 1940 1870 agnitionis
1964 1829 2000 1861 in
2026 1836 2142 1862 mente

1155 1883 1187 1909 et
1224 1887 1325 1909 veros
1358 1882 1476 1910 motus
1504 1876 1541 1909 in
1572 1876 1753 1912 voluntate
1780 1884 1813 1911 et
1837 1880 1941 1911 corde
1965 1881 2141 1915 accendat.

1155 1927 1255 1960 Sicut
1271 1926 1387 1971 inquit
1402 1925 1595 1960 Dominus:
1624 1926 1671 1961 Et
1695 1927 1799 1961 aliam
1818 1926 2054 1975 παράκλητον
2080 1932 2141 1964 da-

1155 1978 1207 2012 bit
1225 1977 1337 2011 vobis.

1260 2027 1317 2063 15.
1352 2026 1428 2060 IIae
1448 2034 1517 2061 tres
1535 2026 1710 2062 Personae
1734 2036 1818 2063 sunt
1842 2026 2049 2073 ὁμοθύσιοι,
2079 2044 2141 2065 nec

1156 2085 1238 2112 sunt
1256 2079 1390 2122 plures,
1418 2090 1481 2111 nec
1497 2079 1678 2122 pauciores
1694 2091 1864 2122 personae
1880 2081 2086 2116 divinitatis.

1262 2130 1318 2164 16.
1353 2127 1398 2162 Et
1416 2128 1571 2163 Persona
1594 2130 1765 2173 significat
1793 2131 1828 2163 in
1846 2130 2002 2164 Ecclesia
2030 2130 2142 2177 hypo-

1156 2180 1264 2214 stasin
1290 2180 1564 2224 intelligentem,
1600 2181 1821 2214 individuam
1846 2188 1878 2214 et
1905 2182 2143 2216 incommuni—

1156 2232 1318 2266 cubilem.

1263 2281 1321 2317 17,
1355 2280 1468 2314 Verae
1484 2288 1564 2315 sunt
1589 2281 1860 2326 propositiones:
1889 2281 2001 2316 Filius
2028 2292 2078 2319 est
2101 2286 2142 2318 dc

1159 2333 1304 2366 essentia
1324 2333 1452 2377 patris,
1480 2339 1512 2366 et
1538 2333 1629 2365 tilius
1649 2338 1697 2365 est
1724 2333 1871 2366 essentia
1892 2335 2021 2376 genita.
2072 2335 2141 2369 Nec

1158 2384 1428 2417 existimandum
1445 2389 1493 2416 est
1511 2382 1606 2414 illam
1631 2389 1849 2416 coaeternam
1871 2384 2060 2431 imaginem
2082 2399 2144 2430 pa-

1158 2435 1221 2468 tris
1241 2446 1312 2467 esse
1334 2435 1421 2466 duas
1444 2445 1515 2472 res,
1552 2433 1739 2475 imaginent
1763 2441 1795 2467 et
1817 2437 2012 2469 essentiam.
2075 2436 2144 2470 Sed

1161 2487 1234 2529 ipsa
1257 2484 1451 2517 essentialis
1476 2484 1588 2525 imago
1614 2484 1730 2525 genita
1755 2491 1803 2518 est
1834 2485 1945 2525 filius,
1986 2488 2074 2522 sicut
2108 2489 2143 2520 in

1160 2536 1320 2582 symbolo
1353 2534 1495 2568 dicitur:
1543 2533 1658 2567 Deum
1683 2536 1723 2568 de
1745 2534 1838 2576 Deo,
1882 2537 2002 2571 luinen
2027 2539 2069 2572 de
2092 2539 2145 2571 lu-

1163 2598 1270 2620 1111110.

1199 2699 1225 2732 2)
1248 2699 1315 2724 Edit.
1332 2699 1417 2733 prima
1433 2698 1512 2724 habet
1527 2707 1651 2732 corpora

1465 2735 1514 2769 36
