2324 2955
112 113 186 149 641
763 104 1025 142 PHILIPPI
1059 101 1511 153 MELANTHONIS.
2081 112 2153 148 642

109 195 326 232 Praedicabo
349 200 594 241 praeceptum,
630 190 808 227 Dominus
839 192 928 226 dixit
959 191 1004 226 ad
1033 202 1104 224 me:
1260 189 1324 225 28.
1357 189 1455 225 Idem
1478 189 1564 226 dicit
1579 190 1711 227 Paulus
1736 206 1814 228 cum
1836 196 1900 230 ait:
1939 195 2058 231 Gratis
2085 198 2152 231 fide

110 248 223 283 Filius
239 258 337 281 meus
356 258 391 280 es
408 253 458 282 tu.
511 244 616 286 Item,
651 256 730 278 cum
757 245 843 278 fides
865 244 1000 277 nitatur
1022 253 1107 287 pro-
1158 240 1407 283 iustificamur,
1445 250 1477 277 et
1502 243 1723 279 damnandae
1745 253 1827 280 sunt
1848 249 2066 293 corruptelae
2090 260 2153 293 pa—

109 299 267 342 mulgato
285 298 412 337 verbo,
439 296 552 341 qualis
569 301 774 339 potestesse
798 296 884 328 fides
910 294 986 328 sine
1009 293 1106 337 cogi·
1131 281 1133 333 i
1157 292 1311 336 pisticae,
1340 292 1584 336 Osiandricae‚
1613 293 1899 340 Thammericae,
1926 311 2014 344 quae
2032 312 2152 333 omnes

111 350 245 384 tatione
277 349 425 391 scriptae
455 347 658 380 doctrinae?
725 346 831 379 Tales
861 343 1105 379 Enthusiasmi
1130 341 1133 420 4
1158 355 1195 375 re
1213 343 1286 386 ipsa
1313 345 1461 377 similem
1489 344 1733 390 synecdochen
1758 348 1910 391 fingunt:
1947 351 2033 383 Fide
2052 363 2153 395 prae-

111 401 254 434 fuerunt
275 399 376 431 initia
401 398 561 431 furorum
582 398 951 440 Anabaptisticorum,
982 402 1022 429 ut
1038 394 1105 428 Pe-
1157 405 1340 437 paramur,
1368 402 1407 428 nt
1426 403 1542 439 postea
1560 397 1627 429 alia
1644 409 1681 430 re
1699 399 1787 431 iusta
1810 400 1929 434 simus.
1982 400 2152 435 Monachi

112 452 246 493 largum
273 456 306 482 et
331 448 572 482 Monetarium
603 448 803 481 audivimus
833 448 1000 481 iactantes
1025 457 1105 480 suos
1158 445 1299 478 dicunt:
1329 446 1528 479 dilectione.
1583 445 1764 481 Osiander
1791 451 1952 484 nominat
1978 464 2051 485 non
2077 453 2153 486 vir-

111 501 280 541 adffltus,
308 507 340 533 et
358 501 608 543 adspernantes
627 499 825 532 doctrinam
844 499 1021 542 scriptam.
1157 502 1265 534 tutes,
1308 507 1368 529 seu
1395 497 1556 538 effectus,
1599 499 1659 530 sed
1681 511 1819 533 causam
1845 501 2072 544 efficientem,
2105 503 2153 536 ait

213 549 273 586 25.
310 550 351 584 ln
365 550 561 584 ministerio
577 549 749 582 divinitus
767 549 945 590 instituto,
970 548 1106 592 primus
1157 544 1338 579 hominem
1357 547 1424 581 fide
1442 549 1662 592 praeparari,
1689 557 1728 583 ut
1751 558 1868 593 postea
1887 552 1998 586 iustus
2015 554 2060 587 sit
2078 553 2153 587 Deo

111 602 283 636 Sacerdos
316 601 383 635 fuit
415 601 489 645 ipse
520 600 613 633 filius
649 597 742 632 Dei
778 598 886 648 λόγος
920 600 1105 644 alloquens
1157 597 1232 641 ipso
1251 597 1422 632 efficiente
1439 598 1476 631 in
1496 610 1536 631 eo
1560 611 1670 632 novas
1688 600 1846 636 virtutes.
1898 602 1957 636 Sic
1979 604 2152 649 interpre-

111 651 228 686 Adam
255 660 288 687 et
302 652 456 691 Ilevam,
483 662 633 694 arguens
652 658 851 695 peccatum,
877 657 911 684 et
933 650 1021 683 iram
1038 647 1104 682 Dei
1157 654 1252 682 tatur
1268 648 1341 692 ipse
1358 649 1532 682 iusticiam
1552 650 1781 686 essentialem.

111 704 319 744 ostendens,
354 702 480 735 deinde
504 708 537 735 et
560 702 794 745 promissione
820 702 912 735 edita
936 711 1105 734 revocans
1259 699 1320 735 29.
1351 697 1430 733 Etsi
1445 706 1588 733 renatus
1606 707 1657 734 est
1673 702 1846 745 templum
1864 702 1951 744 Dei,
1987 712 2019 739 et
2043 706 2154 739 veris-

109 754 300 788 morituros
331 766 371 787 cx
398 758 522 787 morte.
584 752 652 785 llic
684 764 842 785 summus
871 752 1040 786 Sacerdos
1072 757 1105 783 et
1157 749 1286 783 simum
1305 756 1354 784 est
1370 762 1450 783 eum
1467 750 1655 794 gubernari
1674 750 1788 794 aDeo,
1814 754 1893 787 etin
1904 766 1942 788 eo
1955 754 2155 790 inchoatam

109 804 274 848 deinceps
300 805 396 838 adest
421 803 619 836 ministerio
639 800 842 846 Evangelii,
870 809 902 836 et
927 809 977 836 est
1001 802 1039 834 in
1064 813 1104 833 eo
1158 812 1229 835 esse
1244 812 1371 834 novam
1390 801 1646 843 obedientiam,
1668 803 1757 837 sicut
1774 805 1942 848 scriptum
1962 814 2028 840 est:
2052 806 2153 840 Dabo

111 855 249 896 efficax,
289 855 384 889 iuxta
415 854 566 887 dictum:
598 852 832 897 Evangelium
864 859 916 887 est
948 851 1103 897 potentia
1158 852 1269 894 legem
1288 863 1402 885 meant
1419 852 1457 884 in
1475 853 1580 886 corda
1598 865 1736 886 eorum:
1773 861 1890 888 tamen
1907 858 2018 891 renati
2038 858 2074 890 in
2090 856 2154 891 hac

108 904 175 939 Dei
210 906 254 938 ad
291 906 438 940 salutem
475 904 575 938 omni
609 904 786 946 credenti,
833 903 960 939 Roma.
993 902 1105 947 capite
1158 903 1229 935 vita
1252 903 1376 946 procul
1401 903 1530 936 absunt
1551 915 1570 936 a
1597 905 1809 947 perfectione
1837 906 1940 949 legis,
1977 915 2011 941 et
2036 906 2155 942 haeret

110 957 239 1000 primo,
1158 950 1273 986 adhuc
1292 953 1330 985 in
1346 952 1394 985 cis
1412 964 1536 995 magna
1553 954 1661 987 moles
1678 956 1825 998 peccati,
1852 958 2035 1001 multiplex
2053 959 2155 1002 igno-

211 1006 274 1042 26.
305 1002 473 1039 Ostendit
489 1003 584 1038 Deus
607 1004 696 1038 iram
720 1015 817 1038 suam
842 1005 1008 1038 adversus
1026 1016 1106 1048 pec·
1158 1003 1292 1042 rantia,
1320 1003 1439 1047 magni
1456 1004 1584 1037 fluctus
1601 1004 1883 1047 dubitationum,
1910 1009 2013 1041 multi
2033 1021 2154 1042 erran-

108 1064 203 1097 cata,
229 1068 314 1090 voce
330 1055 519 1089 ministerii
537 1061 570 1088 et
585 1055 802 1095 terroribus,
829 1057 873 1089 de
895 1056 1026 1101 quibus
1050 1055 1106 1088 di-
1159 1061 1209 1088 tes
1227 1055 1400 1094 adfectus,
1427 1054 1513 1087 alias
1528 1054 1634 1088 stulta
1652 1056 1828 1098 securitas,
1855 1057 1940 1091 alias
1958 1059 2062 1093 stulta
2079 1066 2155 1093 tre—

110 1108 218 1141 citur:
257 1106 358 1141 Sicut
372 1106 427 1139 leo
446 1106 615 1140 contrivit
631 1106 751 1139 omnia
768 1118 845 1140 ossa
863 1118 952 1139 mea.
1004 1104 1052 1139 Et
1069 1106 1105 1138 in
1159 1105 1315 1149 pitlatio,
1337 1104 1441 1138 multi
1458 1104 1576 1149 lapsus
1594 1105 1833 1148 ignorantiae,
1870 1109 1982 1152 turpis
2008 1110 2155 1153 ingrati-

109 1157 257 1194 Psalm.:
285 1156 413 1190 Veniet
428 1154 524 1190 Deus
540 1163 677 1196 noster,
705 1163 737 1190 et
760 1169 833 1189 non
855 1156 989 1196 silebit,
1016 1156 1107 1199 ignis
1159 1156 1256 1189 tudo.
1305 1153 1469 1200 Denique
1485 1156 1693 1198 magnitudo
1711 1165 1847 1200 peccata
1868 1158 1983 1192 adhuc
2001 1161 2035 1193 iu
2053 1162 2156 1194 nobis

109 1209 284 1242 devorans
307 1207 482 1241 antecedit
506 1219 597 1239 eum.
652 1204 821 1240 Ostendit
847 1206 931 1240 item
955 1206 1044 1240 iram
1068 1207 1105 1239 in
1160 1204 1337 1239 haerentis
1354 1218 1425 1238 non
1445 1207 1586 1249 penitus
1604 1209 1826 1251 perspicitur,
1843 1212 1900 1242 sed
1918 1212 2037 1244 crescit
2056 1212 2155 1255 agni-

110 1257 299 1293 horrendis
319 1257 526 1302 spectaculis
548 1268 744 1300 poenarum
767 1257 1017 1295 alienar11mfet
1041 1269 1106 1290 no-
1159 1257 1208 1290 tio
1228 1257 1265 1289 in
1283 1256 1456 1290 exercitiis
1481 1257 1716 1300 poenitentiae
1739 1266 1771 1292 et
1797 1260 1833 1292 in
1860 1273 1971 1295 cruce.
2034 1260 2080 1295 Et
2104 1263 2156 1295 sa-

111 1317 286 1349 strarum,
320 1319 358 1340 ac
385 1307 536 1339 maxime
563 1308 600 1338 in
624 1314 737 1340 morte
760 1308 834 1343 filii.
888 1306 975 1340 Vult
999 1308 1108 1351 igitur
1162 1314 1281 1341 tentur
1306 1307 1418 1340 sancti
1443 1319 1540 1340 suam
1568 1308 1849 1349 immunditiem,
1884 1318 1918 1344 ct
1938 1324 2011 1344 eam
2033 1313 2155 1356 deplo—

111 1371 177 1393 nos
193 1368 419 1404 expavescere
436 1357 617 1400 agnitione
636 1357 708 1390 irae
724 1369 824 1399 suae,
850 1358 926 1391 vult
942 1370 1007 1391 nos
1022 1358 1108 1391 assi·
1161 1364 1240 1391 rant
1271 1357 1459 1400 gemitibus
1491 1358 1798 1395 inenarrabilibus.
1867 1360 1966 1395 Sicut
1996 1362 2156 1397 Psalmus

111 1412 180 1444 due
197 1410 367 1443 clamare:
394 1406 571 1441 Converte
588 1419 644 1440 me
661 1406 834 1448 Domine,
860 1414 891 1441 et
910 1415 1106 1442 convertar.
1162 1408 1293 1452 inquit:
1332 1407 1414 1440 Non
1445 1408 1553 1441 intres
1585 1409 1623 1441 in
1652 1409 1824 1443 iudicium
1850 1423 1927 1444 cum
1954 1424 2055 1447 servo
2083 1421 2156 1455 tuo,

110 1459 164 1493 Ne
189 1458 365 1498 illudatis,
407 1458 526 1502 inquit
549 1455 672 1491 Esaias
693 1458 860 1491 vicesimo
887 1464 1029 1497 octavo,
1063 1470 1107 1491 ne
1161 1458 1244 1503 quia
1259 1470 1331 1491 non
1349 1464 1400 1491 est
1415 1458 1526 1492 iustus
1543 1471 1660 1492 coram
1679 1467 1711 1494 te
1729 1461 1844 1494 omnis
1871 1463 2006 1497 vivens.
2060 1464 2156 1498 Haec

109 1521 244 1555 poenae
260 1514 393 1542 vestrae
410 1507 495 1541 fiant
509 1507 683 1541 duriores.
735 1507 817 1541 Non
836 1515 886 1541 est
905 1508 999 1540 enim
1022 1520 1108 1541 con-
1161 1509 1252 1540 mala
1270 1514 1476 1548 extenuare,
1503 1515 1537 1542 et
1563 1509 1691 1552 fingere
1717 1508 1900 1544 hominem
1927 1513 2057 1547 iustum
2084 1527 2155 1548 esse

110 1560 224 1594 versio
241 1559 285 1593 ad
301 1557 436 1598 Deum,
463 1569 527 1591 nec
543 1558 628 1591 fides
645 1558 682 1590 in
700 1555 775 1599 his,
803 1558 863 1603 qui
883 1565 1108 1602 perseverant
1162 1570 1279 1592 coram
1298 1556 1393 1599 Deo,
1420 1565 1564 1603 propter
1581 1561 1791 1602 novitatem,
1817 1574 1877 1595 scu
1896 1571 2039 1608 propter
2054 1566 2155 1599 iusti-

109 1612 149 1645 in
173 1609 363 1645 sceleribus
380 1614 501 1642 contra
522 1608 793 1649 conscientiam,
821 1616 853 1642 et
874 1608 986 1642 securi
1012 1609 1108 1643 velut
1162 1610 1251 1642 ciam
1290 1606 1555 1651 inhaerentem,
1603 1617 1642 1644 ut
1682 1612 1840 1646 nominat
1879 1613 1969 1647 liber
1999 1615 2156 1658 Interim,

110 1667 277 1706 perpetua
293 1656 528 1692 Bacchanalia
544 1666 653 1701 agunt
670 1659 706 1692 in
723 1659 829 1693 tantis
847 1658 1022 1692 Ecclesiae
1044 1661 1109 1693 do-
1162 1672 1263 1694 coeca
1287 1657 1484 1705 hypocrisis
1502 1667 1564 1694 est.

114 1712 249 1745 loribus
270 1716 302 1744 et
321 1709 513 1742 aerumnis.
565 1708 672 1748 Item,
707 1710 768 1754 qui
792 1710 903 1744 taxari
925 1710 1019 1743 idola
1042 1723 1108 1743 no-
1263 1710 1323 1744 30.
1358 1709 1427 1744 Sed
1445 1711 1629 1744 retinenda
1649 1720 1697 1746 est
1716 1726 1796 1747 vera
1820 1718 2032 1760 consolatio,
2059 1720 2154 1764 quod

114 1763 211 1803 lunt,
235 1760 309 1794 sive
331 1759 533 1802 intelligant
553 1761 646 1804 quod
671 1766 798 1803 agunt,
824 1761 897 1794 sive
912 1772 986 1794 non
1002 1761 1108 1796 intel·
1162 1762 1265 1796 etiam
1298 1767 1376 1805 post
1405 1762 1672 1796 conversionem
1698 1761 1804 1799 homo
1829 1768 1873 1802 sit
1896 1768 2007 1803 iustus
2036 1782 2154 1803 coram

113 1814 237 1858 ligant,
309 1812 339 1846 1.
359 1807 521 1845 Corinth.
539 1809 593 1844 6.:
634 1809 686 1843 Ne
718 1811 859 1852 erretis,
890 1818 1109 1855 scortatores,
1160 1812 1237 1846 Deo
1269 1812 1342 1845 sola
1372 1812 1440 1845 fide
1474 1824 1536 1857 per
1565 1814 1845 1850 misericordiam
1879 1820 1987 1862 gratis
2013 1827 2155 1864 propter

112 1862 284 1904 adulteri,
317 1861 490 1894 idolatrae
520 1867 584 1895 etc.
618 1872 767 1905 regnum
792 1861 857 1895 Dei
888 1874 961 1895 non
993 1864 1108 1907 possi·
1162 1862 1402 1897 obedientiam
1432 1864 1655 1903 mediatoris,
1690 1866 1778 1901 sicut
1802 1868 1934 1903 Paulus
1958 1868 2048 1903 hanc
2069 1883 2155 1904 con-

112 1915 260 1950 debunt.
311 1910 360 1946 Et
375 1909 502 1945 Esaiae
519 1911 665 1945 ultimo:
693 1911 751 1945 Ad
769 1924 874 1957 quem
899 1912 1109 1957 respiciam?
1162 1914 1370 1947 solationem
1395 1915 1580 1958 proponit,
1607 1914 1734 1952 Roma.
1751 1919 1800 1954 8.:
1829 1918 1918 1962 Quis
1940 1922 2156 1954 condemna-

111 1967 155 2000 ad
178 1964 360 1999 adflictum
375 1962 567 1997 contritum
586 1962 730 2007 spiritu,
755 1970 789 1998 et
810 1970 1018 1998 trementem
1035 1976 1109 1999 ser-
1161 1965 1238 1998 bit?
1263 1962 1426 1997 Christus
1444 1965 1629 1999 intercedit
1646 1978 1709 2010 pro
1726 1969 1829 2002 nobis
1845 1976 1908 2003 etc.
1960 1970 2042 2005 Non
2061 1972 2156 2006 iubet

114 2026 237 2050 mones
254 2025 364 2048 meo&
1163 2027 1229 2049 nos
1247 2014 1422 2048 confidere
1446 2022 1591 2060 propter
1613 2017 1825 2057 novitatem,
1849 2027 1910 2054 aut
1936 2022 2154 2055 essentialem

216 2064 278 2101 27.
311 2063 383 2098 Nec
401 2075 484 2097 vero
499 2069 638 2098 tantum
656 2071 853 2108 arguuntur
868 2071 1008 2110 peccata
1025 2077 1109 2100 voce
1163 2066 1350 2101 iusticiam.
1404 2065 1454 2100 Ita
1478 2078 1557 2099 vera
1584 2064 1766 2101 humilitas
1788 2077 1819 2103 et
1840 2072 2056 2114 poenitentia
2081 2085 2154 2106 cre-

115 2116 304 2152 ministerii
321 2122 355 2149 et
371 2115 503 2148 iudicio
518 2114 606 2155 Dei,
640 2115 699 2149 sed
724 2115 871 2149 offertur
893 2117 999 2150 etiam
1024 2129 1109 2150 voce
1162 2124 1260 2151 scant
1281 2117 1316 2149 in
1339 2117 1520 2159 agnitione
1546 2125 1684 2151 nostrae
1710 2119 1942 2162 infirmitatis,
1975 2123 2064 2156 sicut
2083 2122 2154 2156 Do-

115 2167 303 2211 Evangelii
330 2165 518 2210 promissio
540 2165 692 2209 gratiae,
733 2173 767 2200 et
793 2167 936 2212 quidem
962 2168 1106 2201 severis·
1162 2168 1280 2202 minus
1302 2167 1434 2213 inquit:
1472 2167 1547 2201 Nisi
1571 2169 1710 2211 egeritis
1734 2172 2008 2214 poenitentiam,
2033 2186 2155 2207 omues

117 2220 203 2253 sime
229 2216 444 2263 praecipitur
467 2228 551 2250 vera
575 2216 709 2260 agnitio
732 2217 796 2250 filii
811 2217 898 2259 Dei,
924 2225 959 2252 et
975 2219 1109 2262 praeci-
1161 2219 1324 2253 similiter
1343 2220 1515 2263 peribitis.
1568 2217 1613 2253 Et
1631 2220 1851 2255 retineantur
1873 2230 1964 2257 certa
1993 2226 2154 2257 consola-

119 2271 214 2313 pitur
236 2268 512 2314 perterrefactis,
537 2279 582 2300 ne
607 2267 743 2311 fugiant
762 2267 896 2310 Deum,
920 2281 984 2302 nec
1004 2277 1109 2305 ruant
1161 2270 1211 2305 tio
1246 2276 1278 2303 et
1311 2270 1509 2310 invocatio,
1563 2270 1657 2304 iuxta
1682 2271 1832 2305 dictum:
1881 2272 2063 2309 Iustiticati
2089 2276 2153 2309 nde

119 2320 157 2353 in
174 2326 329 2353 aeternas
343 2316 596 2362 blasphemias,
630 2319 689 2351 sed
708 2325 747 2352 ut
765 2320 907 2353 credant
931 2320 998 2353 sibi
1024 2333 1107 2365 pro-
1162 2333 1282 2367 pacem
1309 2318 1489 2354 habemns.
1538 2320 1623 2354 Item
1654 2322 1696 2354 ad
1721 2319 1910 2366 Ephesios:
1958 2325 2024 2359 Per
2050 2338 2153 2371 quem

120 2378 197 2415 pter
212 2369 449 2403 obedientiam
466 2369 530 2402 filii
546 2369 654 2413 gratis
671 2376 765 2403 certo
787 2371 911 2403 donari
932 2372 1109 2405 remissio-
1162 2374 1334 2406 audemus
1355 2372 1517 2404 accedere
1542 2371 1579 2404 in
1602 2371 1728 2405 fiducia
1749 2384 1811 2416 per
1833 2375 1935 2408 sulem
1960 2376 2067 2420 ipsius
2091 2384 2152 2409 etc.

119 2433 200 2454 nem
223 2426 462 2464 peccatorum,
488 2420 760 2465 imputationem
786 2421 961 2464 iusticiae‚
986 2434 1109 2456 recon-
1162 2421 1209 2458 Et
1227 2429 1318 2456 recte
1336 2423 1468 2456 dictum
1487 2428 1536 2455 est
1557 2422 1600 2454 ab
1617 2420 1832 2466 Augustino:
1861 2425 1989 2460 Totius
2006 2428 2153 2460 fiduciae

119 2471 333 2506 ciliationem
346 2496 355 2511 ,
379 2470 625 2506 liberationem
646 2483 665 2505 a
681 2478 794 2505 morte
812 2478 972 2514 aeterna,
1004 2481 1038 2508 et
1056 2474 1110 2507 vi-
1163 2474 1338 2508 certitudo
1356 2480 1405 2506 est
1426 2474 1460 2504 iu
1480 2473 1635 2516 precioso
1652 2474 1822 2517 sanguine
1837 2473 1982 2510 Clu-isti.

120 2522 373 2560 vilicationem,
415 2533 503 2566 quae
531 2523 569 2556 fit
597 2534 660 2567 per
689 2523 822 2562 filium,
864 2535 926 2567 per
948 2535 1053 2569 quem
1078 2532 1110 2558 et
1135 2535 1139 2581 ι
1265 2524 1325 2559 81.
1360 2523 1407 2558 Ut
1422 2530 1537 2556 autem
1553 2535 1654 2557 coeca
1669 2526 1929 2573 arrogantiam
1941 2529 2153 2572 poci-itarum

120 2572 274 2618 Spiritus
297 2578 437 2605 sanctus
462 2573 584 2613 datur,
620 2580 652 2606 et
676 2571 926 2607 haereditatem
951 2582 1112 2608 aeternae
1137 2592 1139 2597 >
1165 2576 1315 2610 taxanda
1335 2581 1401 2614 est,
1427 2574 1488 2618 qui
1507 2574 1641 2616 fingunt
1659 2586 1694 2608 sc
1713 2576 1823 2610 iustos
1847 2589 1919 2610 csse
1946 2591 2060 2611 corani
2079 2578 2152 2610 Deo

122 2623 280 2657 iusticiae
299 2629 332 2656 et
346 2622 449 2657 vitae.
500 2621 551 2656 Ac
574 2635 656 2658 vera
682 2630 732 2659 est
748 2625 958 2670 propositio:
992 2623 1112 2660 Sola
1166 2632 1309 2670 propter
1330 2636 1428 2657 suam
1448 2626 1660 2664 novitatem,
1695 2627 1743 2660 sic
1765 2634 1797 2661 et
1823 2628 1922 2661 furor
1942 2629 2153 2661 Antinoum-

121 2675 188 2708 fade
203 2672 433 2706 iustificamur
447 2684 564 2706 coram
579 2673 666 2709 Deo.
1168 2689 1244 2710 rum
1263 2676 1476 2710 execrandus
1495 2683 1564 2721 est,
1592 2677 1671 2719 qui,
1699 2684 1736 2712 ut
1753 2679 1919 2723 scriptum
1938 2686 2005 2717 cst,
2038 2685 2153 2712 traus-

178 2726 357 2758 Μιιωπτιι.
385 2725 488 2759 Orza.
515 2725 692 2760 Vot.X11.
1596 2726 1640 2762 41
