2324 2955
123 102 195 137 197

121 198 222 227 nere,
249 193 283 220 et
296 193 413 220 nostra
431 197 532 220 causa
556 185 702 230 scriptas
728 196 815 219 esse:
843 192 875 220 et
904 186 1099 219 firmissima

119 237 318 270 assensione
336 249 391 269 eas
408 237 676 279 amplectamur,
699 243 733 270 et
748 249 866 269 earum
890 236 1098 270 testimoniis

118 288 308 320 refutemus
327 286 519 331 Epicureos
542 288 679 320 furores
704 294 736 321 et
762 285 934 320 humanas
957 288 1098 321 dubita-

118 337 244 372 tiones.

216 386 352 420 Deinde
369 385 472 419 Iacob
489 387 574 430 ipse,
593 389 634 421 ad
653 400 757 433 quem
775 388 812 421 fit
837 389 970 429 concio,
984 399 1093 420 mem-

118 435 220 470 brum
238 444 287 471 est
302 435 488 477 Ecclesiae,
515 444 547 471 et
565 439 713 472 sustinet
728 439 878 471 aliorum
899 450 1094 482 personam.

115 484 313 529 Singularia
338 494 454 520 autem
476 488 641 521 beneficia
666 495 786 526 erant,
814 491 907 533 quod
935 487 991 522 hic
1011 501 1094 532 pro-

113 537 285 578 mittitur,
310 538 463 571 futuram
489 550 558 570 esse
574 538 765 571 Ecclesiam
791 539 827 570 in
843 540 975 572 familia
991 545 1093 578 certa,

114 591 148 617 et
162 595 289 621 certam
309 589 424 620 sedem
437 589 520 622 fore.
550 587 677 630 Ingens
693 589 839 621 omnino
859 590 991 622 bonum
1010 595 1092 629 erat,

113 637 200 670 scire
224 639 261 670 in
286 639 366 671 sede
389 645 480 670 certa
505 638 566 670 din
586 650 785 671 mansuram
802 652 872 672 esse
889 638 1091 678 Ecclesiam,

113 692 147 718 et
162 689 309 728 mansit,
331 695 368 721 ut
392 688 503 728 scitis,
531 688 566 720 in
593 689 725 722 familia
753 689 873 730 Iacob,
910 697 940 723 et
970 690 1007 722 in
1032 690 1090 721 illa

112 748 173 771 ora
193 739 324 775 vicina,
353 739 464 770 donec
482 745 583 771 natus
607 746 656 772 est
676 739 832 772 Messias.

214 787 283 822 Sed
301 788 337 820 in
354 785 416 821 hac
432 788 505 832 ipsa
524 789 664 831 regione
682 790 794 823 tribus
805 787 994 833 Ephraim,
1021 796 1089 823 sta-

112 837 176 870 tim
194 845 270 881 post
287 837 532 880 Salomonem,
560 837 643 872 haec
658 838 989 874 domusDciBethel
1005 838 1088 873 hor-

110 887 263 921 ribiliter
285 886 503 932 prophanata
538 897 605 927 est,
640 897 672 923 et
703 891 790 923 sacta
820 897 870 924 est
892 889 1086 923 Bethanen.

109 936 187 971 Hoc
210 939 379 982 templum
405 939 441 971 in
466 952 535 983 quo
562 939 630 972 iam
648 940 741 973 Deus
760 941 831 984 ipse
847 941 1088 981 concionatur,

110 995 143 1020 et
159 986 242 1022 haec
261 996 359 1032 porta
378 990 475 1029 coeli,
503 996 541 1022 ut
558 991 717 1023 nominat
738 990 859 1032 lacob,
886 993 1000 1035 coepit
1017 1003 1087 1024 esse

108 1044 249 1071 antrum
274 1039 514 1073 diabolorum:
558 1041 638 1084 quia
668 1041 788 1074 multis
811 1043 1000 1075 sceleribus
1026 1055 1088 1085 po-

109 1089 244 1123 steritas
259 1088 372 1122 Deum
388 1091 655 1132 gubernatorem
672 1092 830 1125 excussit.
881 1092 949 1125 Sed
975 1093 1088 1125 disca-

109 1151 205 1180 mus,
230 1152 302 1172 non
321 1141 417 1182 loco,
445 1153 516 1173 non
533 1141 643 1174 titulis
669 1142 847 1185 alligatam
873 1154 944 1175 esse
965 1141 1086 1175 Eccle-

108 1201 205 1224 siam.

209 1239 357 1282 Deinde,
375 1242 575 1275 communia
593 1242 760 1275 beneficia
782 1242 818 1273 in
836 1239 900 1274 hac
919 1242 1086 1275 concione

109 1292 153 1323 ad
170 1303 292 1323 omnes
310 1292 484 1333 pertinere
505 1292 674 1330 sciamus,
701 1299 740 1323 ut
757 1304 835 1322 cum
853 1293 987 1334 inquit,
1016 1290 1086 1324 Ero

110 1347 225 1373 custos
251 1347 347 1372 tuus:
376 1338 466 1372 hanc
490 1351 610 1372 vocem
626 1341 668 1372 ad
691 1351 754 1371 nos
771 1340 873 1372 etiam
891 1352 1087 1372 accommo-

111 1391 249 1429 demus,
276 1396 315 1422 ut
339 1402 417 1422 cum
435 1390 527 1421 idem
543 1390 770 1422 concionator
784 1390 899 1433 inquit
915 1397 998 1432 aput
1014 1390 1083 1422 Lu-

109 1452 197 1478 cam,
223 1438 351 1482 Capilli
367 1439 488 1481 capitis
510 1439 616 1470 vestri
636 1450 758 1470 omnes
776 1439 950 1471 numerati
970 1445 1061 1473 511111,

207 1487 449 1522 Circumdedit
468 1487 570 1520 nobis
587 1494 693 1520 metas
710 1488 901 1526 doctrinae,
930 1489 1004 1521 vult
1022 1501 1085 1520 nos

108 1540 203 1572 iuxta
235 1551 309 1572 eam
336 1550 496 1571 normam
524 1537 591 1569 sibi
616 1538 775 1578 obedire,
811 1550 874 1570 nec
899 1538 942 1570 ab
966 1550 1004 1570 ea
1031 1539 1083 1569 vel

108 1589 261 1623 mollicie
279 1589 333 1621 vel
350 1589 550 1622 curiositate
567 1588 753 1623 discedere.
810 1588 893 1621 Vult
917 1589 1032 1621 lucere
1048 1588 1083 1619 in

107 1640 210 1673 nobis
238 1640 341 1673 fldem
377 1646 408 1672 et
435 1639 710 1679 invocationem,
738 1651 826 1683 quae
861 1646 954 1682 petat
985 1639 1082 1670 auxi-

108 1691 194 1723 lium
212 1697 243 1724 et
260 1690 513 1722 defensionem.
561 1687 655 1721 Ilaec
673 1696 763 1722 recta
783 1696 815 1722 et
830 1689 975 1732 simplex
994 1689 1084 1721 vitae

108 1741 228 1784 regula
251 1740 354 1773 nobis
380 1740 416 1772 in
442 1747 627 1783 conspectu
646 1740 705 1772 sit:
734 1746 765 1772 et
785 1737 874 1772 hanc
892 1752 1010 1771 vocem
1029 1739 1085 1771 in-

107 1792 208 1824 fixam
224 1791 422 1834 pectoribus
438 1801 537 1834 saepe
555 1790 754 1831 cogitemus,
774 1788 845 1822 Ero
863 1797 978 1822 custos
995 1796 1084 1822 tuns.

209 1842 301 1875 Sunt
326 1841 472 1873 omnino
496 1852 638 1883 magnae
662 1847 698 1873 ot
721 1842 852 1874 multae
871 1841 1085 1873 calamitates

108 1892 215 1926 totius
238 1892 372 1934 generis
398 1889 561 1923 humani:
589 1891 727 1931 morbi,
754 1902 865 1930 mors,
888 1891 1007 1930 exilia,
1036 1891 1084 1923 fa-

108 1954 198 1981 mes,
239 1943 349 1983 bella,
392 1943 514 1975 ruinae
544 1941 791 1984 imperiorum,
834 1948 867 1974 et
902 1941 1083 1974 domestici

108 2004 283 2026 moerores
302 2000 445 2036 propter
460 1992 628 2026 sobolem.
680 1991 775 2024 Ilaec
799 1992 888 2024 mala
915 1998 1085 2033 vagantur

109 2055 172 2087 per
188 2049 299 2075 totum
316 2054 424 2085 genus
441 2041 648 2076 humanum.
701 2042 768 2076 Sed
788 2054 892 2086 supra
909 2039 993 2074 haec
1010 2054 1085 2074 sus*

108 2095 197 2127 tinet
217 2091 373 2126 Ecclesia
406 2094 493 2126 alios
524 2103 673 2134 agones,
707 2093 838 2127 iniusta
861 2092 960 2133 odia,
999 2093 1086 2124 insi-

108 2144 201 2184 dias,
228 2155 347 2184 neces‚
376 2144 507 2177 luctum
532 2143 706 2185 ingentem
735 2150 767 2176 et
784 2143 964 2176 doctrinae
984 2143 1085 2175 dissi-

109 2195 184 2232 dia:
220 2205 308 2238 quae
339 2195 428 2227 velle
462 2193 681 2235 extinguere,
715 2200 765 2228 est
796 2193 939 2239 Ilydrae
973 2194 1085 2237 capita

109 2244 316 2290 praecidere.

211 2293 319 2328 Multi
351 2293 459 2336 igitur
489 2299 585 2327 tanta
610 2294 830 2328 deformitate
854 2294 958 2334 moti,
994 2294 1087 2336 cogi-

112 2352 186 2379 tant
210 2343 286 2377 Deo
313 2357 385 2377 non
412 2356 483 2376 esse
507 2356 608 2376 curae
637 2342 700 2376 1105
722 2351 855 2377 coetus:
891 2352 924 2378 et
947 2356 1088 2388 prorsus

111 2395 283 2430 abiiciunt
300 2395 455 2429 studium
476 2395 530 2427 vel
556 2396 833 2437 cognoscendae,
861 2396 915 2427 vel
938 2396 1088 2427 tuendae

111 2446 300 2479 doctrinae.
354 2444 425 2477 llas
442 2452 577 2479 nostras
595 2445 751 2477 miserias
775 2444 1025 2487 intelligamus:
1055 2452 1089 2478 et

112 2497 262 2530 sciamus
288 2495 389 2528 fidem
416 2508 455 2528 ex
486 2494 707 2528 dubitatione
740 2496 882 2528 eluctari
914 2502 1088 2539 oportere,

113 2553 261 2580 erectam
280 2543 342 2578 hac
367 2546 626 2585 consolatione,
653 2544 724 2578 Ero
741 2552 856 2578 custos
871 2551 962 2579 tuus.

214 2595 307 2628 Haec
324 2595 368 2628 sit
385 2593 550 2636 anchora,
577 2608 646 2640 qua
665 2608 729 2629 1105
747 2602 980 2629 sustentemus
998 2595 1089 2628 inter

113 2646 239 2679 fluctus
264 2653 297 2681 et
326 2645 497 2690 procellas
520 2646 678 2691 undique
702 2653 903 2691 quassantes
934 2652 1087 2679 nostram

778 98 933 137 DECL.
969 99 1041 135 DE
1080 96 1267 136 SCALA
1303 96 1491 134 IACOB.

2066 107 2135 141 198

1153 185 1282 218 navim.
1339 182 1521 219 Intueatur
1545 197 1644 219 mens
1668 184 1758 220 hanc
1783 188 2072 232 promissionem,
2101 199 2133 226 et

1150 235 1216 267 fide
1240 245 1315 266 eam
1343 235 1500 277 amplexa
1528 237 1637 270 dicat:
1675 236 1715 270 111
1742 244 1774 271 te
1797 237 1950 272 Domine
1983 242 2132 284 speravi,

1148 296 1221 317 11011
1239 284 1436 317 confundar
1460 285 1496 317 in
1520 294 1711 320 aeternum.

1249 333 1349 367 Scala
1377 346 1458 367 vero
1485 336 1655 378 significat
1682 338 1917 372 ministerium
1933 338 2129 384 Evangelii,

1146 385 1183 417 in
1210 397 1278 429 quo
1305 384 1533 418 concionator
1557 394 1606 419 est
1629 388 1701 431 ipse
1720 387 1833 429 Deus,
1859 397 1891 423 et
1915 402 2038 433 agmen
2060 393 2128 424 mi-

1145 436 1337 468 nistrorum
1357 435 1429 466 eius
1448 448 1567 469 vocem
1586 439 1714 480 perfert
1734 441 1776 471 ad
1796 440 1978 483 populum.
2021 440 2125 475 Prius

1144 486 1251 527 igitur
1280 486 1473 518 ascendunt
1497 487 1630 529 angeli,
1657 488 1755 530 prius
1774 490 1951 533 accipiunt
1971 491 2126 525 ministri

1143 535 1362 573 doctrinam,
1390 535 1563 580 Spiritum
1586 544 1764 577 sanctum,
1793 546 1826 571 et
1844 540 2078 573 ministerium
2104 554 2123 575 a

1143 585 1236 619 Deo:
1256 586 1352 629 prius
1370 587 1580 619 erudiuntur
1596 587 1662 630 ipsi
1683 587 1864 623 divinitus.
1917 589 2041 623 Postea
2059 592 2122 623 de—

1142 637 1331 675 scendunt,
1369 644 1537 679 spargunt
1559 648 1678 669 vocem
1706 638 1904 677 doctrinae,
1939 646 1971 671 et
2005 641 2121 673 radios

1142 687 1228 719 lucis
1259 686 1401 719 divinae
1434 687 1469 718 in
1501 698 1626 729 genere
1658 684 1829 727 humano,
1862 694 1894 720 et
1921 689 2121 723 testimonia

1141 738 1330 770 ostendunt
1363 738 1399 769 in
1434 737 1672 779 consessione,
1714 736 1806 769 111101
1847 749 2031 771 aerumnas
2064 740 2121 772 in-

1142 794 1273 830 gentes,

1242 837 1318 871 1100
1346 837 1581 870 ministerium
1610 844 1643 870 et
1665 835 1755 870 hanc
1781 839 1905 871 scalam
1928 839 2077 873 sciamus
2102 852 2121 873 a

1140 887 1214 920 Deo
1238 889 1454 928 conservari,
1482 888 1616 920 etiamsi
1642 889 1743 920 multi
1768 895 1939 921 conantur
1956 897 2122 931 evertere,

1139 939 1284 978 diaboli,
1310 938 1508 978 Pontifices,
1536 945 1567 970 et
1584 937 1793 971 Pontificum
1812 939 1987 980 satellites,
2016 953 2120 984 prac-

1140 989 1334 1031 stigiatores
1350 988 1410 1033 qui
1428 995 1546 1021 serunt
1561 988 1646 1020 salsa
1664 989 1835 1031 dogmata.

1240 1039 1331 1072 Sunt
1348 1045 1462 1071 autem
1479 1039 1606 1081 gradus
1624 1038 1660 1070 in
1677 1039 1786 1076 scala,
1814 1051 1886 1071 11011
1905 1039 2016 1071 50111111
2038 1040 2120 1083 quia

1140 1090 1267 1131 gradus
1292 1096 1373 1122 sunt
1397 1090 1572 1121 donorum
1598 1088 1675 1131 (alii
1699 1095 1782 1121 sunt
1807 1086 2022 1132 Prophetae,
2056 1090 2120 1121 alii

1141 1139 1320 1182 Apostoli,
1347 1139 1407 1172 alii
1429 1145 1603 1182 pastores,
1630 1138 1689 1171 alii
1705 1137 1912 1184 Doctores),
1938 1140 1996 1171 sed
2017 1140 2120 1171 etiam

1139 1191 1184 1222 ob
1208 1188 1297 1223 hanc
1323 1201 1480 1227 causam,
1515 1189 1597 1233 quia
1630 1189 1810 1221 doctrinae
1841 1197 1954 1233 partes
1989 1190 2119 1223 multae

1139 1247 1238 1280 sunt,
1267 1252 1352 1285 quas
1370 1245 1506 1283 oportet
1523 1250 1593 1272 esse
1618 1239 1813 1274 continuas.

1241 1288 1291 1322 Λο
1311 1291 1506 1332 interrupta
1522 1290 1621 1329 serie,
1646 1295 1705 1321 aut
1724 1290 1858 1333 aliquot
1876 1290 2042 1331 gradibus
2061 1301 2119 1321 ex-

1139 1339 1262 1378 cussis,
1290 1340 1379 1371 scala
1405 1339 1441 1370 fit
1459 1339 1605 1373 inutilis.
1660 1337 1791 1371 Totum
1811 1339 1917 1380 igitur
1934 1340 2116 1371 doctrinae

1138 1399 1263 1430 corpus
1288 1388 1591 1431 complectendum
1616 1394 1686 1427 est,
1713 1394 1746 1420 et
1772 1389 1938 1421 continua
1965 1388 2119 1431 partium

1138 1438 1242 1468 series
1269 1438 1450 1470 retinenda
1466 1444 1530 1470 est:
1560 1450 1633 1469 nou
1651 1438 1830 1470 mutilatae
1850 1439 2041 1471 sententiae
2059 1450 2117 1470 ex-

1138 1488 1350 1528 cerpendae,
1378 1495 1416 1520 ut
1432 1487 1572 1519 iniustis
1590 1485 1774 1519 hominum
1791 1488 2040 1529 cupiditatibus
2058 1495 2118 1521 aut

1138 1535 1232 1567 falsis
1261 1536 1491 1580 opinionibus
1524 1542 1781 1578 praetexantur.
1836 1536 1946 1569 Multi
1978 1538 2118 1579 ignavia

1138 1593 1297 1628 peccant,
1342 1598 1415 1619 non
1451 1593 1575 1619 curant
1609 1593 1699 1618 recte
1734 1586 1891 1619 discendi
1928 1588 2118 1619 rationem:

1138 1636 1240 1668 multi
1256 1637 1414 1670 serviunt
1432 1633 1618 1669 hominum
1634 1636 1846 1675 adfectibus,
1874 1643 1984 1670 astute
2003 1649 2120 1669 excer-

1139 1694 1225 1728 punt
1249 1700 1307 1726 ea,
1334 1700 1422 1732 qnae
1445 1694 1525 1720 sunt
1543 1687 1762 1730 plausibilia,
1790 1692 1920 1720 caetera
1940 1688 2118 1721 omittunt.

1137 1736 1230 1769 Haec
1247 1735 1446 1782 Sophistica
1465 1749 1600 1780 semper
1618 1737 1685 1769 suit
1710 1737 1846 1770 usitata.

1240 1787 1358 1821 Simus
1386 1788 1492 1830 igitur
1518 1795 1551 1820 et
1579 1788 1696 1819 fideles
1722 1794 1753 1820 et
1778 1787 1962 1829 diligentes
1987 1787 2023 1819 in
2046 1794 2118 1819 toto

1137 1849 1283 1880 corpore
1320 1840 1502 1872 doctrinae
1532 1839 1773 1880 cognoscendo
1812 1844 1843 1870 et
1875 1839 2120 1881 proponendo.

1137 1886 1185 1920 Et
1210 1900 1288 1921 cum
1312 1887 1397 1922 haec
1420 1889 1510 1921 scala
1529 1889 1572 1921 sit
1588 1895 1687 1932 porta
1707 1889 1814 1927 coeli,
1838 1888 1873 1919 in
1893 1886 1982 1920 hanc
1999 1899 2120 1920 omnes

1138 1937 1298 1972 insistite.
1351 1938 1521 1972 Doctores
1538 1945 1629 1971 recte
1646 1939 1812 1977 doceant,
1839 1938 1963 1971 caeteri
1987 1938 2118 1980 pieau-

1139 1987 1238 2022 (liant
1256 1990 1470 2022 doctrinam:
1499 2001 1537 2021 ac
1553 1989 1679 2027 sciant,
1706 2000 1778 2020 11011
1795 1988 1898 2019 aliam
1917 1987 2021 2026 viam,
2045 1999 2117 2019 11011

1137 2038 1223 2070 alias
1241 2040 1365 2080 scalas,
1391 2052 1462 2072 non
1482 2039 1569 2071 alios
1587 2039 1703 2071 aditus
1729 2049 1801 2069 esse
1827 2038 1868 2069 ad
1888 2036 2017 2075 Deum,
2047 2037 2115 2068 nisi

1138 2100 1198 2132 per
1213 2087 1278 2123 1100
1297 2089 1547 2132 Evangelium,
1574 2088 1668 2132 quod
1687 2088 1760 2132 ipse
1788 2087 1890 2120 certis
1912 2087 2119 2121 testimoniis

1137 2142 1254 2181 generi
1276 2138 1430 2173 humano
1448 2139 1604 2172 tradidit.

1241 2192 1331 2224 Sunt
1356 2192 1390 2223 in
1415 2189 1479 2222 hac
1506 2189 1655 2231 imagine.
1677 2195 1709 2222 et
1733 2188 1821 2221 aliae
1846 2187 2117 2230 significationes

1138 2241 1345 2274 dormientis
1365 2240 1487 2274 Iacob:
1516 2247 1547 2272 et
1565 2251 1626 2272 cur
1651 2238 1783 2282 oppido
1805 2250 1934 2271 nomen
1954 2244 2119 2277 mutetur,

1139 2297 1176 2323 ut
1192 2304 1262 2325 11011
1283 2292 1348 2324 iam
1367 2291 1594 2336 Amygdalus,
1620 2290 1678 2321 scd
1697 2290 1822 2321 domus
1837 2287 1902 2321 Dei
1920 2288 2067 2322 dicatur.

1239 2342 1358 2375 Sensit
1376 2341 1498 2380 iacob,
1522 2352 1647 2371 somno
1674 2349 1756 2378 suo,
1784 2345 1816 2371 et
1835 2338 2118 2371 consternatione

1139 2407 1199 2428 sua
1223 2393 1409 2435 significari
1439 2390 1652 2432 singularem
1688 2388 1828 2422 venturi
1854 2388 2003 2421 Messiae
2035 2400 2119 2421 con-

1139 2444 1400 2479 sternationem.
1456 2439 1500 2474 Et
1525 2440 1560 2472 in
1582 2439 1787 2472 universum
1810 2438 2041 2481 significatum
2060 2445 2121 2477 est,

1141 2496 1177 2528 in
1194 2494 1372 2535 agnitione
1390 2491 1454 2523 Dei
1472 2490 1617 2524 existere
1634 2489 1672 2522 in
1692 2488 1868 2522 mentibus
1895 2500 2059 2533 pavore5‚
2087 2494 2119 2520 et

1139 2545 1237 2589 sequi
1252 2542 1541 2576 consolationem.

1241 2594 1375 2627 Deinde
1394 2590 1610 2636 Amygdalns
1627 2589 1750 2634 politia
1773 2595 1845 2628 est,
1872 2595 1904 2621 et
1928 2585 2120 2630 hospitium

1142 2643 1345 2687 Evangelii,
1372 2649 1403 2676 01
1427 2641 1577 2682 agminis
1600 2652 1680 2674 vere
1704 2639 1939 2673 credentium:
1975 2644 2011 2670 ut
2037 2642 2120 2670 tunc

1441 2686 1515 2726 13*
