2324 2955
110 109 183 145 505

210 193 269 229 14.
302 192 445 228 Bonum
462 199 513 227 est
526 191 724 237 poenitere,
751 203 796 226 an
812 193 911 227 non?
936 192 1022 238 quid
1037 203 1093 225 re-

107 245 245 280 volvis?
267 243 363 279 Deus
380 243 557 290 praecipit.
595 241 644 277 At
660 243 721 277 ille
738 256 811 278 non
829 244 998 289 praecipit
1015 250 1094 278 tan-

106 304 202 337 tum,
228 296 288 329 sed
305 296 409 329 etiam
426 293 607 335 hortatur,
631 294 759 329 invitat
777 296 933 340 praemio
957 294 1091 335 salutis,

106 348 227 382 iurans
255 346 378 380 etiam:
405 345 497 379 Vivo
523 346 664 387 dicens,
688 347 784 391 cupit
808 347 904 380 credi
927 346 1005 380 sibi.
1057 342 1093 378 Ο

105 399 241 438 beatos,
267 408 418 442 quorum
437 408 539 430 causa
555 396 650 430 Deus
673 397 775 432 iurat.
812 395 847 432 Ο
866 397 1093 437 miserrimos,

106 449 135 482 si
148 459 212 482 nec
228 447 360 481 iuranti
374 445 531 482 Domino
548 448 737 485 credimus.

102 562 241 610 (XLI.)
276 566 382 600 Alia
406 565 696 610 disputatio:
730 565 778 600 de
801 567 1035 601 Poenitentia
1055 568 1093 598 et

133 613 484 662 Satisfactae'onibus.
537 618 640 659 (Opp.
662 618 754 650 Basil.
774 619 811 653 T.
830 618 890 652 ΠΙ,
919 631 950 659 p.
966 618 1054 656 296.)

100 694 366 734 Poenitentiam
383 699 558 733 definiunt
573 712 656 739 esse,
678 702 863 745 praeterita
879 702 972 734 mala
989 700 1092 746 plan-

101 762 198 795 gere,
225 757 258 784 et
275 750 472 794 plangenda
488 750 616 784 iterum
635 764 707 784 non
724 753 952 786 committere.

199 803 235 836 2.
270 799 323 834 Ea
339 800 496 834 definitio
513 813 587 834 non
602 803 685 836 satis
706 803 854 847 explicat
870 803 941 835 vim
966 801 1091 847 poeni-

100 851 247 890 tentiae,
275 863 383 896 quare
407 852 600 895 prudenter
623 854 827 898 accipienda
852 860 921 894 est,
954 860 992 887 ut
1017 853 1091 898 ple-

97 913 224 947 raeque
240 902 329 936 aliae
344 909 502 936 veterum
517 902 737 947 Scriptorum
754 905 960 940 sententiae.

202 955 238 988 3.
271 951 417 987 Rectius
434 953 596 986 definies:
623 952 885 987 poenitentiam
910 966 982 988 esse
1006 966 1090 987 con-

97 1004 279 1040 tritionem
297 1010 330 1037 et
347 1004 468 1043 fidem,
496 1014 585 1048 quae
609 1015 689 1036 cum
713 1004 825 1038 credit
849 1005 983 1038 remitti
1008 1017 1089 1049 pec—

97 1061 172 1089 cata
195 1061 339 1099 propter
363 1051 567 1093 Christum,
603 1054 807 1090 consolatur
831 1067 891 1089 cor
916 1063 1090 1101 perterre-

94 1106 240 1140 factum.

198 1154 233 1189 4.
270 1154 448 1190 Contritio
464 1155 539 1188 sine
557 1155 624 1189 fide
643 1155 925 1199 desperationem
944 1155 1056 1189 affert.

197 1204 233 1240 5.
270 1205 389 1248 Quare
406 1206 508 1239 valde
524 1206 747 1240 incommode
764 1207 904 1246 docent,
932 1206 993 1250 qui
1010 1217 1088 1238 cum

94 1257 330 1301 poenitentiae
347 1263 463 1300 partes
478 1256 666 1299 colligunt,
694 1256 918 1290 contritionis
937 1256 1091 1290 mentio—

97 1319 178 1341 nem
194 1307 346 1347 saciunt‚
373 1307 453 1338 fidei
471 1306 606 1339 nullam
625 1307 770 1342 faciunt.

198 1357 234 1393 6.
269 1356 375 1390 Fides
391 1357 466 1389 sine
483 1357 695 1391 contritione
713 1357 858 1391 existere
874 1369 947 1390 non
964 1362 1088 1400 potest.

197 1407 233 1442 7.
268 1407 394 1441 Fidem
411 1418 576 1440 vocamus
594 1408 755 1451 proprie,
781 1420 870 1452 quae
887 1409 998 1441 credit
1016 1419 1089 1439 non

95 1457 202 1490 modo
220 1454 398 1494 historiae,
427 1457 486 1489 sed
504 1457 606 1489 etiam
624 1457 852 1500 promissioni
870 1458 1012 1501 gratiae,
1029 1469 1089 1490 seu

94 1519 182 1554 quae
201 1507 313 1540 credit
329 1506 461 1539 remitti
483 1513 633 1550 peccata.

182 1557 231 1592 ·8.
267 1555 320 1590 Ea
339 1557 424 1590 fides
443 1563 493 1592 est
510 1556 669 1598 iusticia,
704 1568 772 1602 qua
796 1568 914 1591 coram
931 1555 1007 1590 Deo
1033 1556 1088 1591 iu-

94 1608 296 1644 stificamur.

196 1657 230 1693 9.
265 1657 355 1692 Cum
374 1658 626 1691 satisfactiones
642 1670 716 1691 non
731 1665 936 1691 mereantur
961 1657 1087 1689 remis-

96 1709 231 1742 sionem
249 1714 483 1752 peccatorum,
510 1707 673 1742 Canones
689 1708 972 1754 poenitentiales,
999 1719 1087 1753 quos

95 1765 239 1799 vocant,
265 1770 339 1791 non
352 1765 436 1791 sunt
453 1759 650 1792 necessarii.

199 1809 257 1843 10.
295 1807 457 1842 Canones
489 1807 758 1852 poenitentiales
785 1809 823 1841 in
848 1806 1004 1842 Ecclesia
1030 1820 1085 1842 re—

93 1860 185 1905 cepti
203 1866 304 1900 sunt‚
330 1870 402 1892 non
419 1859 513 1904 quod
538 1870 575 1891 ea
600 1870 704 1903 opera
728 1859 875 1902 gratiam
899 1859 1086 1893 mereban-

94 1918 171 1953 tur,
197 1912 255 1944 sed
276 1917 419 1955 propter
434 1910 519 1942 alias
536 1921 664 1945 causas.

198 1962 254 1995 11.
289 1960 488 1994 Prudenter
513 1960 621 2003 igitur
640 1960 790 1994 iudicari
808 1961 912 1994 debet
928 1961 972 1994 de
989 1968 1084 1994 vete-

93 2024 173 2047 rum
191 2012 391 2053 sententiis,
418 2023 507 2056 quae
524 2010 687 2045 Canones
701 2011 782 2046 illos
808 2012 998 2057 imponunt
1015 2010 1083 2045 Ec-

94 2063 230 2098 clesiae.

197 2114 255 2148 12.
286 2111 441 2156 Quidam
467 2112 593 2146 veteris
619 2109 794 2147 Ecclesiae
821 2110 1008 2149 πολιτείαν
1033 2113 1082 2147 ita

92 2164 332 2204 admirantur,
358 2170 399 2197 ut
416 2164 598 2197 restituere
616 2163 697 2196 illos
715 2163 878 2199 Canones
899 2172 1082 2199 conentur.

93 2216 161 2251 Sed
179 2215 261 2261 quia
280 2214 474 2259 periculum
491 2221 562 2255 est,
587 2226 632 2248 ne
656 2215 717 2260 qui
740 2222 864 2260 putent
888 2216 949 2249 illa
977 2227 1080 2260 opera

92 2266 285 2301 necessaria
298 2276 371 2299 esse
386 2266 430 2299 ad
447 2266 717 2309 promerendam
734 2267 978 2302 remissionem
1001 2279 1082 2312 pec·

94 2324 270 2358 catorum,
296 2328 370 2350 non
387 2323 437 2350 est
455 2317 542 2350 utile
563 2316 746 2350 restituere
763 2317 856 2354 illos.

199 2367 256 2402 13.
293 2366 334 2400 ln
350 2365 507 2401 Ecclesia
525 2379 660 2412 semper
679 2374 729 2402 est
748 2369 1015 2413 praestandum,
1041 2375 1081 2402 ut

92 2417 326 2461 Evangelium
345 2430 431 2462 pure
450 2419 630 2453 doceatur.
670 2417 777 2453 Ritus
795 2431 856 2453 seu
872 2419 1080 2454 traditiones

94 2470 231 2504 variant
257 2469 493 2512 temporibus,
526 2471 619 2505 sicut
645 2471 792 2506 nummi.
857 2468 905 2505 Et
937 2470 1080 2514 prodest

93 2520 336 2565 praesentibus
366 2530 438 2553 esse
467 2528 670 2556 contentum
682 2548 690 2562 ‚
722 2520 866 2555 Veteres
899 2532 1080 2563 renovare,

93 2571 220 2616 partim
238 2569 410 2610 stulticia,
434 2573 561 2614 partim
580 2572 740 2617 impietas
759 2579 821 2607 est.

196 2622 253 2657 14.
284 2619 447 2656 Canones
476 2623 543 2667 ipsi
568 2624 714 2667 docent,
753 2623 962 2660 traditiones
984 2622 1077 2658 anti-

96 2679 218 2719 quatas
235 2683 309 2707 non
324 2683 397 2707 esse
411 2671 607 2720 exigendas.

738 105 999 142 PHILIPPI
1033 101 1486 144 MELANTHONIS.

2062 110 2135 146 506

1479 195 1794 230 Astronomicum.

1249 267 1306 303 15.
1333 265 1664 304 RecteaitPlinius:
1693 268 1983 303 desectusLunae
1999 270 2136 312 magni-

1143 316 1300 350 tudinem
1319 317 1412 352 Solis
1429 319 1617 353 declarare.
1671 320 1766 353 Illud
1789 332 1862 354 non
1887 327 1979 354 recte
1999 321 2134 354 dictum

1142 373 1192 400 est
1207 379 1226 401 a
1242 367 1376 401 Plinio:
1403 368 1543 402 Lunam
1562 382 1633 404 esse
1651 372 1821 405 maiorem
1845 379 1954 410 terra,
1981 371 2063 417 quia
2081 378 2136 406 to-

1143 424 1218 452 tum
1237 418 1357 452 Solem
1374 420 1505 454 adimat
1524 427 1647 454 terrae.

1195 551 1354 601 (XLII.)
1388 557 1496 591 Alia
1523 556 1809 600 disputatio:
1845 558 1891 593 de
1911 559 2083 603 partibus

1502 609 1777 642 Poenitentiae.

1142 688 1234 729 Non
1251 703 1343 731 recte
1358 698 1532 733 definiunt
1550 699 1816 742 poenitentiam,
1843 699 1904 745 qui
1923 711 1998 733 eam
2014 701 2137 734 dicunt

1144 758 1215 780 esse
1237 749 1331 781 mala
1358 752 1545 793 praeterita
1571 750 1755 794 plangere,
1788 757 1820 784 et
1843 751 2044 795 plangenda
2071 753 2138 786 ite-

1143 809 1222 831 rum
1242 810 1315 830 non
1338 801 1568 836 committere.
1707 805 1710 806 ⁷

1243 849 1282 882 2.
1315 849 1410 883 Haec
1427 851 1520 884 enim
1538 852 1697 886 definitio
1715 852 1898 895 angustior
1916 859 1965 886 est
1982 854 2137 894 definito,

1143 910 1208 931 nec
1240 900 1324 933 satis
1359 902 1507 945 explicat
1536 903 1608 935 vim
1633 910 1667 937 et
1690 910 1852 937 naturam
1882 915 1985 937 verae
2013 904 2139 949 poeni-

1144 949 1288 984 tentiae.

1247 1001 1282 1033 3.
1312 999 1384 1034 Nee
1417 1008 1510 1034 recte
1535 1003 1746 1036 tribuuntur
1772 1016 1874 1038 verae
1897 1003 2136 1048 poenitentiae

1143 1047 1207 1083 hae
1225 1057 1295 1083 tres
1311 1059 1440 1094 partes:
1467 1051 1658 1092 contritio,
1684 1053 1866 1087 Confessio
1885 1062 1918 1088 et
1929 1055 2138 1088 Satisfactio.

1244 1101 1280 1136 4.
1314 1101 1406 1135 Vera
1423 1109 1456 1136 et
1474 1103 1636 1137 salutaris
1661 1104 1880 1148 poenitentia
1904 1112 1976 1148 est,
2005 1105 2138 1139 contri—

1143 1150 1192 1184 tio
1210 1158 1243 1185 et
1262 1152 1359 1186 fides.

1244 1200 1279 1236 5.
1321 1201 1498 1236 Contritio
1517 1209 1566 1237 est
1584 1210 1699 1237 terror
1715 1211 1748 1238 et
1766 1216 1876 1249 pavor
1893 1205 2138 1244 conscientiae,

1142 1263 1232 1296 quae
1253 1252 1307 1293 fit,
1347 1265 1427 1287 cum
1453 1252 1661 1288 hominibus
1689 1267 1729 1288 ex
1760 1256 2022 1300 praedicatione
2052 1255 2138 1298 legis

1143 1304 1382 1336 ostenduntur
1399 1311 1549 1347 peccata.

1245 1353 1278 1387 6.
1321 1352 1426 1386 Fides
1457 1361 1506 1388 est
1535 1355 1663 1388 fiducia
1693 1356 1954 1390 misericordiae
1979 1353 2065 1396 Dei,
2099 1355 2137 1387 in

1143 1400 1338 1446 Evangelio
1355 1410 1499 1448 propter
1509 1402 1691 1438 Christum
1711 1407 1814 1440 nobis
1830 1408 2034 1451 promissae,
2051 1404 2137 1440 haec

1143 1454 1343 1496 concipitur
1359 1467 1397 1487 ex
1415 1455 1678 1498 praedicatione
1694 1454 1896 1500 Evangelii.

1245 1503 1280 1538 7.
1315 1503 1367 1536 Ac
1385 1505 1469 1536 fides
1485 1517 1557 1537 non
1575 1512 1686 1548 potest
1704 1508 1861 1545 existere,
1888 1508 1957 1540 nisi
1975 1508 2012 1540 in
2031 1508 2136 1541 corde

1142 1554 1293 1586 contrito
1307 1580 1316 1594 ,
1345 1561 1376 1587 et
1393 1555 1560 1588 contritio
1577 1556 1652 1588 sine
1669 1557 1737 1589 fide
1754 1558 1953 1602 desperatio
1973 1565 2035 1593 est.

1244 1604 1279 1638 8.
1322 1604 1445 1638 Talem
1482 1606 1735 1650 poenitentiam
1769 1615 1966 1653 sequuntur
2000 1609 2135 1642 fructus

1144 1654 1243 1696 digni
1276 1656 1512 1697 poenitentia,
1556 1657 1719 1691 videlicet
1746 1659 1948 1693 obedientia
1974 1670 2054 1703 erga
2086 1659 2137 1691 le-

1144 1715 1220 1746 gem
1237 1704 1315 1737 Dei.

1242 1754 1277 1788 9.
1311 1754 1359 1789 Et
1384 1757 1545 1801 quamvis
1579 1756 1639 1791 illa
1667 1758 1867 1793 obedientia
1894 1760 1932 1794 in
1957 1761 2135 1794 credenti-

1139 1805 1204 1839 bus
1224 1813 1256 1840 et
1273 1808 1450 1840 renovatis
1469 1808 1631 1841 nondum
1649 1816 1699 1843 est
1717 1810 1888 1853 perfecta,
1914 1819 2031 1846 tamen
2059 1813 2135 1856 pla-

1139 1863 1192 1890 cet
1209 1855 1296 1889 Deo.

1244 1907 1302 1940 10.
1345 1903 1578 1943 Enumeratio
1613 1918 1834 1954 peccatorum
1872 1924 2047 1958 nusquam
2084 1919 2135 1947 est

1139 1964 1321 2002 praecepta
1340 1957 1376 1989 in
1395 1957 1592 2002 scripturis.

1244 2010 1299 2043 11.
1341 2007 1416 2040 lmo
1443 2010 1685 2052 enumeratio,
1722 2012 1766 2046 de
1789 2026 1857 2058 qua
1879 2014 2006 2049 Canon
2036 2013 2133 2056 dicit,

1135 2065 1185 2092 est
1206 2058 1447 2102 impossibilis.

1240 2111 1299 2146 12,
1335 2109 1490 2154 Ideoque
1508 2113 1728 2147 enumeratio
1746 2122 1971 2159 peccatorum
1989 2126 2063 2149 non
2077 2121 2129 2149 est

1135 2161 1329 2195 necessaria
1349 2161 1390 2193 ad
1411 2161 1568 2195 salutem.

1240 2213 1298 2248 13.
1334 2210 1402 2245 Sed
1427 2211 1604 2246 absolutio
1621 2214 1756 2257 privata
1776 2222 1825 2249 est
1844 2218 2014 2260 petenda,
2041 2227 2129 2263 quae

1133 2271 1184 2298 est
1202 2263 1360 2297 instituta
1378 2262 1414 2295 in
1432 2260 1640 2306 Evangelio,

1239 2314 1295 2349 14.
1339 2312 1537 2348 Satisfactio
1569 2326 1632 2358 pro
1664 2317 1812 2359 peccatis
1844 2319 1975 2353 nostris
2009 2331 2127 2354 coram

1131 2363 1206 2399 Deo
1226 2366 1323 2399 nulla
1343 2371 1413 2405 est,
1440 2370 1578 2408 praeter
1595 2366 1760 2400 meritum
1779 2374 1812 2402 et
1830 2369 2026 2413 passionem
2046 2370 2125 2406 Iesu

1130 2414 1275 2452 Christi.

1236 2467 1296 2502 15.
1330 2465 1376 2501 Et
1402 2473 1518 2499 tamen
1544 2473 1635 2501 recte
1661 2468 1809 2503 dicitur:
1845 2469 2030 2507 Peccatum
2051 2485 2124 2507 nou

1130 2519 1339 2558 dimittitur,
1366 2516 1434 2550 nisi
1452 2516 1609 2550 ablatum
1627 2520 1841 2555 restituatur.

1235 2570 1294 2604 16.
1327 2568 1425 2603 Finis
1442 2565 1598 2602 hominis
1615 2581 1696 2604 vere
1714 2578 1747 2604 et
1772 2574 1967 2607 secundum
1993 2581 2122 2608 rectam

1128 2621 1299 2654 rationem
1317 2627 1366 2654 est
1384 2617 1620 2661 obedireDeo,
1647 2628 1680 2655 et
1694 2622 1870 2658 celebrare
1880 2623 2008 2659 Deum.
2036 2624 2119 2658 ldeo

1128 2683 1191 2706 nec
1209 2671 1416 2707 Aristoteles
1430 2670 1514 2705 satis
1531 2670 1634 2714 dicit,
1660 2684 1741 2707 cum
1756 2673 1824 2709 ait:
1854 2674 2029 2710 Virtutem
2047 2685 2120 2710 esse
