2324 2955
82 100 155 137 385

96 184 163 220 No.
183 183 266 219 180.

93 230 262 248 w

883 195 932 216 an.
958 183 1053 216 1560.

245 302 318 343 De
347 301 508 355 linyua
538 298 657 341 hebr.
689 299 919 342 discenda.

154 399 185 425 ln
200 398 364 425 Orationum
380 396 411 422 T.
430 396 462 423 V.
477 403 503 429 p.
518 395 570 421 953
578 405 638 431 sqq.
659 401 684 422 et
699 397 726 422 in
737 396 917 424 Orationibus
933 397 1077 432 postremis

189 443 215 468 p.
232 432 295 459 272.
333 431 414 465 Apud
435 430 564 457 ltiehard.
585 431 617 456 T.
638 429 658 458 ί.
678 441 703 465 p.
724 431 784 458 356.

86 509 310 546 Adhortatio
329 511 379 546 ad
388 509 677 558 cognoscendam
693 512 862 558 linguam
880 510 1076 546 hebraeam

85 574 110 598 a
124 564 226 610 May.
244 565 335 597 Hen
345 565 438 597 rico
454 563 597 596 Molle
609 573 657 595 ro
674 562 900 609 Hambury„
927 562 1075 598 hebrai-

213 625 253 648 co
273 611 491 658 Professore
506 611 638 647 habita
654 611 690 647 d.
715 611 771 648 18.
793 611 946 648 ,Man-lii.

82 688 274 740 Singulari
292 694 460 728 beneficio
476 693 571 729 Deus
592 706 729 740 semper
744 693 922 730 Ecclesiae
944 694 1072 730 tribuit

82 746 225 790 linguae
240 743 398 779 Ebraeae
415 756 544 789 gnaros
564 752 596 780 et
621 746 845 790 interpretes,
883 747 968 780 alias
990 747 1072 791 plu-

80 808 156 838 res,
181 797 267 830 alias
283 796 478 840 pauciores.
529 796 660 830 Notum
679 804 729 831 est
748 798 841 830 enim
858 798 901 831 ab
912 795 1070 841 Origene

79 846 157 880 Hex
167 848 243 891 apla
264 847 433 880 instructa
453 858 545 888 esse,
572 847 610 879 in
627 848 757 893 quibus
780 848 964 882 adiunctae
987 855 1071 882 sunt

79 897 181 931 libris
195 895 343 931 Ebraeis
366 897 650 931 doctissimorum
673 895 859 931 hominum
886 899 924 932 in
942 911 980 932 ea
1000 899 1070 932 lin-

79 959 147 991 gua
172 948 489 992 interpretationes
551 946 634 981 Post
664 946 858 991 origenem
890 949 1069 983 Lucianus

79 997 221 1043 RIartyr
248 1005 406 1042 tempore
431 997 647 1032 Diocletiani
676 997 833 1032 Graecae
861 999 1004 1034 lectioni
1029 1012 1068 1033 ex

77 1047 224 1082 Ebraeis
240 1049 398 1082 sontibus
415 1047 679 1083 emendationes
696 1050 843 1085 addidit.
871 1049 956 1084 Post
973 1048 1068 1084 hunc

77 1097 319 1145 Hieronymus
336 1099 488 1133 multum
506 1098 594 1133 lucis
613 1101 732 1134 attulit
752 1101 897 1135 Latinae
914 1102 1069 1142 lectioni,

77 1150 208 1194 partim
222 1150 322 1183 factis
336 1150 438 1183 novis
454 1150 816 1195 interpretationibus,
845 1152 972 1195 partim
992 1153 1067 1185 edi-

78 1201 123 1234 tis
146 1201 429 1239 commentariis,
464 1201 526 1245 qui
550 1208 632 1235 sunt
655 1202 762 1235 rivuli
785 1200 1015 1236 historiarum
1035 1209 1067 1236 ct

77 1251 343 1285 enarrationum
375 1249 619 1286 Ebraicarum.
680 1251 765 1286 Post
801 1250 896 1286 hunc
932 1253 1068 1297 aliquot

78 1302 223 1342 seculis,
263 1313 344 1333 cum
369 1299 514 1344 Europa
542 1302 645 1344 plena
681 1308 768 1334 esset
794 1300 1067 1341 Monachorum,

78 1350 195 1385 studia
228 1350 431 1394 linguarum
467 1350 622 1384 Graecae
657 1357 690 1384 et
717 1348 875 1384 Ebraeae
911 1352 1066 1394 neglecta

79 1410 173 1435 sunt.
235 1399 342 1442 Quod
373 1411 414 1432 eo
447 1401 592 1440 accidit,
627 1401 709 1444 quia
735 1413 813 1434 curn
838 1402 950 1444 prima
974 1408 1066 1435 aetas

77 1462 152 1484 non
168 1449 375 1483 adsuefieret
391 1449 434 1481 ad
455 1456 545 1482 recte
561 1450 778 1493 loquendum
790 1476 798 1489 ,
825 1462 899 1482 non
925 1458 1066 1494 expete-

77 1502 182 1534 batur
209 1500 413 1543 incorrupta
440 1498 543 1532 lectio
580 1510 759 1531 sacrorum
794 1499 989 1539 librorum,
1032 1507 1065 1533 et

76 1548 245 1585 Monachi
263 1549 408 1594 plurimi
423 1560 567 1593 prorsus
583 1549 760 1587 illiterati,
786 1555 845 1582 aut
864 1561 986 1594 operas
1005 1562 1063 1583 ru—

77 1602 179 1636 sticas
196 1600 391 1640 faciebant,
417 1606 456 1633 ut
471 1597 586 1633 adhuc
605 1599 642 1632 in
659 1597 755 1632 Atho
779 1606 899 1633 monte
920 1601 1064 1641 faciunt,

76 1659 137 1687 aut
151 1651 267 1685 ventri
282 1650 481 1684 serviebant
507 1650 634 1690 ociosi,
660 1650 763 1693 pauci
785 1650 968 1684 literarum
991 1657 1064 1684 stu-

77 1703 168 1737 diosi
184 1708 301 1742 erant,
326 1707 359 1734 et
376 1701 581 1734 sumebatur
599 1701 758 1734 doctrina
774 1712 813 1734 ex
831 1701 984 1742 lacunis,
1010 1701 1064 1734 vi-

77 1753 204 1788 delicet
219 1764 259 1786 ex
276 1752 407 1796 ineptis
424 1749 642 1795 rhapsodiis,
668 1763 754 1796 quas
778 1751 912 1786 indocti
935 1759 1063 1786 utcun-

78 1815 146 1850 que
160 1803 372 1846 collegerant
398 1802 440 1834 de
464 1801 690 1842 ceremoniis,
717 1802 835 1846 qualia
860 1800 976 1836 adhuc
1003 1815 1062 1836 ex-

76 1861 154 1889 tant
190 1860 348 1888 veterum
382 1850 642 1886 Monachorum
676 1861 916 1887 monumenta.
977 1852 1063 1886 Inde

77 1905 350 1940 cumulabantur
365 1902 597 1948 superstitiosi
615 1903 701 1936 ritus
722 1910 755 1936 et
779 1903 885 1938 idola.
941 1904 1062 1937 Fuisse

77 1964 195 1991 tamen
211 1955 415 1998 linguarum
436 1954 612 1987 studiosos
630 1954 712 1986 inde
728 1961 889 1998 apparet,
917 1956 1010 2000 quod
1030 1962 1063 1988 et

77 2006 227 2041 Carolus
243 2005 396 2048 Magnus
412 2005 537 2041 sanxit,
564 2010 604 2037 ut
621 2003 776 2038 Graecae
795 2006 936 2046 linguae
953 2005 1061 2039 inter-

78 2068 156 2102 pres
175 2063 260 2090 esset
284 2056 321 2089 in
346 2056 494 2098 collegio
512 2053 793 2097 osnaburgensi.
845 2054 934 2090 Eius
957 2056 1061 2089 edicti

77 2110 189 2142 sorma
211 2107 378 2141 recitatur
405 2107 441 2138 in
462 2104 608 2139 historia
635 2106 701 2138 viri
725 2106 908 2139 clarissimi
925 2106 1062 2140 Crantii

77 2158 146 2192 mei
166 2158 316 2200 cognati.
368 2155 507 2190 Deinde
524 2162 557 2189 et
582 2156 618 2188 in
637 2156 780 2201 Synodo
805 2158 983 2191 decretum
1010 2158 1063 2190 sa-

77 2217 172 2243 ctum
207 2215 275 2249 est,
322 2215 362 2242 ut
404 2208 609 2252 praecipuae
647 2205 855 2240 Academiae
892 2206 1063 2242 haherent

79 2260 235 2293 Graecae
252 2267 285 2293 et
299 2257 456 2293 Ebraeae
479 2258 620 2301 linguae
639 2258 854 2302 interpretes.
906 2257 1006 2292 Circa
1024 2271 1062 2292 ea

78 2318 235 2354 tempora
264 2310 418 2344 Liranus
443 2309 528 2345 snit,
562 2308 622 2353 qui
648 2307 903 2352 Prophetarum
940 2311 1064 2343 lectio-

79 2373 160 2394 nem
187 2362 362 2404 praeclare
390 2359 589 2393 illustravit.
644 2358 781 2392 Deinde
806 2360 942 2393 labores
970 2360 1064 2393 Bur-

79 2412 195 2455 gensis
212 2417 245 2445 et
262 2410 421 2446 Galatini
439 2410 549 2445 secuti
568 2417 669 2452 sunt,
694 2411 754 2457 qui
775 2411 941 2444 studiosis
958 2413 1062 2445 etiam

80 2469 239 2506 prosunt.

180 2513 276 2547 llaec
299 2524 337 2544 eo
363 2512 655 2552 commemoravi,
682 2518 719 2545 ut
744 2511 883 2545 iudiciis
906 2512 1064 2556 superio-

78 2576 157 2598 rum
191 2570 388 2607 temporum
423 2563 578 2596 iuniores
614 2563 881 2597 commonefacti
913 2563 1065 2605 cogitent

79 2614 309 2648 necessariam
332 2624 404 2645 esse
433 2613 470 2645 in
494 2612 650 2647 Ecclesia
681 2614 882 2657 linguarum
905 2611 1064 2646 Ehracae

79 2672 111 2699 et
131 2665 285 2698 Graecae
304 2664 554 2707 cognitionem.

129 2715 313 2749 Mzmu-ru.
342 2717 446 2750 Orien.
473 2716 555 2750 Vox..
583 2715 659 2750 XII.

590 93 750 132 DECL.
778 92 850 130 DE
878 92 1101 130 LINGUA
1130 94 1299 133 HEBR.
1333 97 1633 138 DISCENDA.

2052 108 2124 144 386

1132 181 1204 223 dit,
1230 195 1304 241 non
1319 197 1408 230 opus
1423 194 1472 221 est
1487 188 1592 233 longa
1615 189 1785 225 oratione.
1828 189 2119 229 Gubernatorum

1132 241 1316 269 severltate
1333 249 1421 280 opus
1437 246 1543 280 esset,
1571 248 1609 274 ut
1627 248 1791 285 cogerent
1815 254 1892 285 eos,
1929 244 1989 289 qui
2015 247 2119 279 alun-

1132 289 1210 324 tur,
1245 292 1284 319 ut
1307 284 1486 321 Ecclesiae
1514 291 1712 325 doctrinam
1738 293 1890 333 discant,
1926 295 2118 339 adiungere

1130 335 1172 367 ad
1193 335 1229 368 id
1245 337 1400 370 studIum
1418 339 1555 382 linguas
1574 340 1745 376 Graecam
1764 350 1797 377 et
1814 342 2000 380 Ebraeam.
2036 346 2117 389 Qua

1130 385 1167 417 in
1186 397 1223 419 re
1240 387 1395 430 primum
1418 386 1484 423 hoc
1508 393 1765 428 consideretur:
1794 393 1967 429 Omnium
1992 409 2117 431 conso-

1129 436 1302 470 lationum
1318 449 1453 473 summa
1470 448 1502 474 et
1526 443 1727 477 dulcissima
1749 443 1832 478 haec
1857 453 1924 486 est,
1952 448 2040 480 scire
2066 448 2115 481 ibi

1127 484 1320 521 Ecclesiam
1341 487 1408 522 Dei
1426 503 1496 524 esse
1515 504 1584 525 non
1603 505 1721 537 posse,
1748 495 1811 528 ubi
1829 496 2013 530 manifeste
2031 499 2115 532 reii-

1127 537 1218 571 citur
1241 539 1401 574 doctrina
1425 540 1627 586 prophetica
1655 551 1688 578 et
1709 546 1917 588 apostolica,
1944 555 2003 581 aut
2027 550 2115 591 dog-

1126 595 1217 622 mata
1246 590 1487 626 defenduntur
1511 594 1694 627 manifeste
1719 596 1912 638 pugnantia
1929 608 2007 629 cum
2029 601 2115 631 scri-

1125 639 1194 682 ptis
1210 638 1425 685 propheticis
1449 649 1481 676 et
1505 644 1723 688 apostolicis,
1751 646 1840 679 sicut
1858 646 2030 691 scriptum
2048 656 2111 682 est:

1125 688 1412 726 Fundamentum
1431 693 1528 727 aliud
1552 695 1638 738 poni
1662 707 1734 728 non
1758 703 1890 740 potest,
1916 705 2055 740 praeter
2077 700 2113 732 id

1125 742 1220 785 quod
1245 743 1400 785 positum
1423 751 1491 785 est,
1525 746 1619 790 quod
1652 753 1701 779 est
1721 743 1882 780 Christus
1908 747 2015 784 Iesus.
2067 748 2113 783 Et

1123 792 1166 824 ad
1192 789 1366 836 Ephesios
1389 795 1574 836 scribitur,
1609 794 1801 829 Ecclesiam
1826 804 2016 831 extructam
2041 811 2113 833 esse

1123 853 1227 886 super
1243 843 1514 879 fundamentum
1525 844 1779 889 Apostolorum
1799 855 1832 881 et
1842 846 2111 891 Prophetarum.

1122 890 1169 926 Et
1192 892 1392 927 dulcissime
1420 895 1456 927 in
1485 895 1624 929 Psalmo
1653 897 1785 931 dictum
1813 905 1879 932 est:
1908 898 2111 935 Benedicite

1122 942 1278 977 Domino
1295 944 1333 977 in
1350 943 1518 979 Ecclesiis
1533 947 1575 979 de
1593 947 1752 981 sontibus
1768 947 1888 982 Isra'e'l.

1224 1009 1272 1044 Ut
1289 1010 1397 1054 igitur
1415 1011 1635 1055 impossibile
1653 1020 1703 1046 est
1725 1011 1900 1048 ethnicam
1928 1023 1961 1049 et
1985 1016 2108 1050 maho-

1121 1061 1282 1094 meticam
1310 1061 1596 1103 multitudinem,
1629 1070 1661 1097 et
1686 1060 1942 1098 haereticorum
1970 1069 2107 1110 agmina

1121 1110 1312 1145 Ecclesiam
1323 1111 1388 1146 Dei
1406 1124 1494 1145 esse:
1514 1113 1560 1146 ita
1576 1125 1714 1146 necesse
1729 1122 1779 1147 est
1799 1115 1835 1147 in
1853 1128 1893 1148 eo
1911 1123 2011 1151 coetu
2028 1131 2109 1151 vere

1121 1173 1192 1195 esse
1210 1162 1337 1196 electos
1361 1164 1402 1195 ad
1429 1163 1629 1197 societatem
1654 1165 1810 1198 coelestis
1825 1165 2018 1208 Ecclesiae,
2047 1171 2106 1214 qui

1121 1213 1228 1246 libros
1248 1211 1472 1257 propheticos
1491 1221 1524 1248 et
1549 1215 1759 1257 apostolicos
1782 1216 1883 1260 legit,
1911 1219 2029 1257 audit,
2051 1221 2108 1252 di-

1120 1263 1183 1296 scit
1210 1269 1242 1296 et
1266 1264 1530 1307 complectitur,
1568 1277 1655 1309 quos
1681 1273 1720 1298 ut
1752 1269 1904 1311 populus
1928 1270 2049 1303 audire
2075 1279 2108 1305 et

1120 1313 1317 1355 intelligere
1334 1314 1452 1356 possit,
1470 1326 1607 1347 necesse
1626 1322 1675 1348 est
1694 1316 1901 1361 interpretes
1917 1330 2006 1360 esse,
2025 1322 2105 1364 qui-

1120 1362 1184 1395 hus
1200 1362 1313 1396 fontes
1331 1363 1407 1396 noti
1429 1364 1509 1398 sint.

1221 1429 1427 1474 Sequuntur
1458 1439 1575 1465 autem
1615 1432 1699 1467 haec
1740 1436 1983 1480 incommoda,
2025 1453 2105 1475 cum

1118 1478 1331 1512 Doctoribus
1360 1481 1472 1523 ignoti
1500 1489 1581 1515 sunt
1609 1484 1734 1519 fontes.
1776 1486 1951 1522 Primum:
1989 1490 2104 1533 Ignoti

1118 1529 1214 1562 nulla
1233 1529 1374 1572 cupido.
1427 1530 1551 1564 Minus
1568 1540 1732 1567 amantur
1750 1543 1781 1568 et
1798 1538 1915 1570 minus
1939 1540 2105 1582 leguntur

1117 1579 1204 1612 sacri
1220 1580 1305 1612 libri
1322 1580 1365 1613 ab
1382 1580 1444 1621 iis,
1471 1582 1531 1625 qui
1549 1583 1663 1616 sontes
1682 1596 1753 1617 non
1774 1596 1919 1628 norunt,
1946 1597 1983 1623 ut
2001 1603 2104 1626 nemo

1116 1629 1262 1663 Latinae
1278 1630 1417 1672 linguae
1436 1631 1579 1675 ignarus
1596 1635 1786 1668 delectatur
1805 1638 1952 1672 lectione
1963 1640 2103 1685 tii—gilii

1116 1687 1175 1714 aut
1194 1680 1365 1721 Terentii,
1392 1689 1451 1716 aut
1467 1683 1636 1724 aliorum,
1661 1686 1796 1719 etiamsi
1811 1689 1848 1720 in
1865 1689 2021 1733 linguam
2039 1705 2105 1727 no-

1116 1738 1223 1765 stram
1250 1732 1417 1765 transfusi
1442 1733 1530 1774 sint,
1564 1736 1670 1768 semel
1695 1736 1847 1780 inspecta
1873 1748 1990 1784 postea
2013 1744 2104 1777 abii-

1115 1782 1268 1816 ciuntur.
1327 1781 1463 1816 Eodem
1491 1786 1595 1818 modo
1620 1786 1805 1822 fastidiunt
1830 1790 1963 1825 indocti
1987 1804 2102 1828 sacros

1116 1833 1243 1874 libros,
1273 1834 1367 1878 quod
1386 1834 1530 1878 quidem
1550 1836 1680 1870 multos
1697 1838 1798 1871 fateri
1816 1842 1993 1877 audimus,

1217 1891 1291 1924 Iam
1311 1892 1458 1936 cogitate
1473 1901 1643 1939 quantum
1662 1897 1745 1929 mali
1762 1898 1817 1937 sit,
1845 1912 1917 1934 non
1936 1903 2100 1938 delectari

1115 1954 1151 1975 ea
1178 1943 1347 1984 lectione,
1373 1955 1437 1976 nec
1464 1956 1539 1977 eam
1565 1946 1704 1979 assidue
1732 1956 1902 1991 repetere:
1941 1953 1987 1986 ita
2011 1955 2097 1989 finnt

1114 1999 1246 2026 mentes
1276 1992 1498 2037 prophanae,
1534 2003 1694 2030 crescunt
1726 1998 1981 2043 dubitationes,
2023 2005 2099 2038 lan-

1113 2044 1218 2087 guefit
1236 2044 1425 2080 invocatio,

1215 2102 1419 2137 Secundum
1440 2104 1704 2139 incommodum
1723 2115 1771 2141 est
1785 2107 1979 2147 Dubitatio.
2009 2113 2098 2149 Nam

1115 2155 1175 2199 qui
1193 2155 1306 2188 fontes
1324 2166 1396 2187 non
1415 2162 1569 2196 norunt,
1597 2157 1640 2189 de
1665 2159 1785 2191 multis
1809 2162 2019 2196 testimoniis
2043 2178 2098 2198 re-

1114 2205 1229 2238 tinent
1247 2205 1361 2238 tristes
1378 2206 1624 2240 dubitationes.
1680 2206 1719 2240 Id
1741 2211 1834 2253 quod
1853 2211 1889 2244 in
1916 2213 1958 2245 iis
1981 2216 2097 2248 anim-

1114 2256 1249 2289 adverti
1284 2263 1415 2300 potest,
1457 2257 1517 2301 qni
1549 2258 1665 2290 minus
1698 2267 1780 2293 sunt
1807 2260 1994 2305 prophani.
2051 2267 2097 2301 lli

1115 2319 1215 2350 saepe
1239 2314 1271 2340 et
1293 2307 1394 2339 anxie
1421 2307 1659 2348 sciscitantur,
1694 2310 1778 2354 quid
1803 2312 1846 2345 sit
1870 2313 1906 2345 in
1929 2315 2099 2360 sontibus,

1115 2359 1204 2391 sicut
1224 2358 1353 2391 multos
1365 2358 1591 2391 meminimus
1606 2359 1746 2401 ignaros
1757 2360 1911 2396 Graecae
1920 2372 1951 2398 et
1963 2364 2099 2402 Ehreae

1115 2409 1273 2451 linguae,
1305 2408 1365 2453 qui
1390 2420 1467 2441 cum
1493 2420 1532 2441 ex
1548 2408 1696 2442 Psalmis
1719 2419 1778 2446 aut
1801 2415 2035 2462 undecunque
2059 2432 2097 2453 ex

1115 2460 1220 2493 sacris
1235 2459 1353 2492 Libris
1378 2459 1606 2502 proferuntur
1630 2462 1903 2503 consolationes„
1931 2475 1989 2501 aut
2014 2482 2100 2502 con-

1115 2510 1350 2548 firmationes,
1378 2510 1532 2542 studiose
1552 2510 1786 2554 interrogant,
1813 2518 1959 2560 quaesit
1984 2522 2099 2555 nativa

1088 2571 1090 2578 ¹
1115 2561 1285 2594 sententia
1305 2560 1530 2599 insontibus,
1557 2573 1644 2605 quae
1663 2563 1706 2595 sit
1724 2561 1860 2607 phrasis
1876 2580 1964 2612 quae
1980 2571 2097 2612 ligura.

1115 2613 1194 2645 Sint
1226 2611 1332 2652 igitur
1360 2610 1432 2643 noti
1458 2611 1592 2651 sontes,
1626 2619 1664 2646 ut
1689 2615 1971 2651 testimoniorum
1996 2623 2097 2654 coru

608 2663 649 2697 ld
667 2677 747 2700 cum
769 2677 822 2699 res
848 2665 921 2710 ipsa
946 2671 1065 2699 osten·
1115 2663 1201 2697 tudo
1218 2662 1262 2694 sit
1279 2668 1310 2695 et
1338 2661 1373 2694 in
1394 2668 1515 2696 nostro
1539 2674 1649 2706 agone
1671 2670 1703 2698 et
1728 2674 1849 2701 contra
1873 2670 2102 2712 adversarios,

1410 2712 1458 2748 25
