2324 2955
103 115 178 154 589

103 212 190 247 quae
207 205 256 233 est
273 210 450 233 summum
474 197 685 233 miraculum
698 224 707 239 ,
734 198 861 231 deinde
876 208 969 230 vero
993 195 1086 229 edita

104 250 337 297 promissione
363 251 407 283 de
430 249 639 287 mediatore,
667 255 699 282 et
726 249 847 282 addito
872 260 964 281 novo
981 247 1088 279 mira-

99 302 204 343 culo,
247 300 512 334 conservatione
543 299 635 333 vitae
670 299 867 344 primorum
891 304 1087 343 parentum,

101 360 135 387 et
159 359 279 397 postea
302 352 380 385 aliis
401 351 523 384 multis
541 350 771 389 testimoniis,
808 349 1087 383 inflammatione

102 404 342 443 victimarum,
382 401 666 443 conservatione,
707 398 831 435 Nohae
867 401 903 433 in
940 399 1087 440 diluvio,

103 461 138 490 et
155 453 243 488 aliis.

202 502 236 538 4.
271 502 417 538 Necesse
446 510 496 538 est
520 509 636 537 autem
654 502 766 536 teneri
784 501 974 535 discrimen
993 499 1084 534 inter

98 553 266 588 noticiam
298 555 383 598 legis
415 562 449 589 et
479 553 748 598 promissionem
781 553 910 596 gratiae
942 557 1085 596 propter

97 605 327 639 mediatorem
354 606 466 640 filium
488 603 568 640 Dei.
619 602 667 638 Et
695 615 832 639 necesse
859 610 908 637 est
943 602 1083 646 agnosci

98 653 212 689 Deum
226 681 236 694 ‚
260 656 350 690 sicut
366 668 401 689 se
420 655 598 700 patefecit,
626 667 699 688 non
717 662 853 689 tantum
871 661 910 688 ut
928 651 1082 686 humana

98 707 187 740 ratio
200 707 347 750 cogitat,
372 708 432 740 sed
447 713 487 741 ut
505 706 709 739 discrimina
726 706 834 740 trium
852 715 1082 750 personarum

97 765 130 791 et
156 769 276 791 earum
299 758 528 802 proprietates
553 757 609 801 pie
636 757 901 801 intelligantur,
927 761 966 789 ut
987 753 1082 788 Deus

97 814 188 842 recte
204 808 387 842 invocetur
400 816 433 842 et
454 808 602 842 colatur.

197 857 232 894 5.
266 858 338 892 Lex
354 866 405 894 est
421 867 562 894 aeterna
580 865 613 893 et
628 859 772 892 immota
789 856 958 901 sapientia
977 862 1009 889 et
1027 867 1082 888 re-

95 909 176 953 gula
194 909 350 943 iusticiae
368 910 406 943 in
424 910 520 951 Deo,
546 910 746 943 discernens
773 916 865 942 recta
885 914 917 941 et
935 919 1007 940 non
1026 919 1082 939 re-

95 966 168 1001 cta,
201 967 235 994 et
266 958 489 1001 horribiliter
520 961 673 993 irascens
701 959 961 999 contumaciae,
993 969 1082 1002 quae

94 1018 267 1054 repugnat
285 1009 368 1045 huic
384 1023 529 1045 normae
547 1011 584 1043 in
602 1011 689 1055 ipso,
717 1017 748 1044 et
762 1010 932 1054 patefacta
949 1015 999 1042 est
1015 1006 1081 1041 ho-

94 1061 251 1096 minibus
279 1062 315 1095 in
343 1063 542 1105 creatione,
570 1068 603 1095 et
621 1067 739 1106 postea
761 1073 862 1105 saepe
879 1060 1081 1104 repetita'et

94 1112 269 1147 declarata
286 1125 370 1146 voce
389 1114 524 1154 divina,
549 1119 590 1146 ut
605 1113 774 1152 sciamus,
804 1113 899 1156 quod
917 1111 961 1144 sit
976 1109 1082 1151 Deus,

95 1170 128 1196 et
145 1163 259 1208 qualis
275 1164 337 1205 sit,
363 1165 525 1207 obligans
543 1175 664 1196 omnes
690 1169 866 1195 creaturas
882 1162 1082 1202 rationales,

93 1220 128 1248 et
161 1215 343 1258 postulans
374 1221 414 1248 ut
451 1226 574 1248 omnes
610 1214 681 1247 sint
715 1213 911 1246 conformes
946 1212 1012 1257 ipsi
1049 1218 1081 1245 et

92 1266 266 1298 damnans
284 1278 322 1299 ac
339 1266 522 1299 destruens
538 1276 659 1298 omnes
676 1276 749 1297 non
765 1264 983 1304 conformes,
1010 1263 1081 1295 nisi

94 1316 154 1348 fiat
171 1316 330 1350 remissio
348 1323 381 1349 et
397 1316 639 1348 reconciliatio
658 1321 802 1358 propter
819 1315 931 1348 filium
948 1314 1080 1347 inedia-

95 1374 221 1400 torem.

196 1416 231 1451 6.
274 1414 508 1460 Evangelium
530 1423 579 1450 est
604 1415 817 1460 praedicatio
843 1415 1080 1456 poenitentiae

93 1472 127 1499 et
149 1466 411 1509 promissionis,
437 1479 527 1512 quae
550 1479 624 1500 non
648 1473 697 1500 est
721 1466 874 1499 naturali
891 1466 969 1498 luce
985 1472 1080 1503 nota,

92 1517 152 1550 sed
177 1528 216 1549 ex
239 1528 365 1550 arcano
390 1518 539 1550 consilio
564 1517 762 1550 divinitatis
790 1527 852 1559 per
867 1515 980 1548 filium
997 1528 1079 1559 pro—

91 1568 160 1602 lata
181 1574 250 1608 est,
277 1579 346 1612 qua
363 1566 458 1601 Deus
484 1565 624 1602 exhibet
650 1566 893 1600 remissionem
918 1573 1080 1609 peccato—

91 1630 182 1660 rum,
208 1618 551 1660 reconciliationem,
579 1618 807 1652 donationem
826 1616 980 1661 Spiritus
999 1628 1081 1649 san—

91 1669 156 1709 cti,
183 1669 339 1702 iusticiae
358 1676 390 1702 et
405 1669 496 1702 vitae
513 1677 673 1703 aeternae
690 1674 833 1713 propter
848 1668 1079 1702 mediatorem

91 1727 125 1753 ct
143 1731 206 1763 per
223 1730 302 1752 eum
318 1720 433 1762 gratis,
449 1720 516 1753 fide
532 1720 784 1764 accipientibus
797 1719 1079 1763 promissionem.

94 1770 189 1803 Haec
211 1769 348 1803 diversa
373 1782 498 1813 genera
522 1772 702 1804 doctrinae
726 1772 840 1814 palam
868 1771 1080 1803 discernun-
1105 1789 1107 1809 ;

92 1829 166 1861 tur,
195 1821 231 1853 in
253 1822 284 1854 1.
303 1833 377 1865 cap.
398 1819 535 1856 lobath:
570 1822 642 1855 Lex
666 1833 727 1865 per
744 1820 885 1854 Moisen
914 1823 993 1855 data
1015 1828 1079 1864 est,
1106 1837 1107 1847 π

90 1872 200 1916 gratia
218 1878 250 1906 et
268 1872 396 1906 veritas
414 1884 475 1916 per
494 1871 606 1906 lesum
625 1870 807 1906 Christum
826 1872 914 1905 sacta
933 1880 994 1906 est.
1030 1870 1078 1905 Et
1105 1889 1107 1898 ι

1105 1931 1107 1970 j
1133 1924 1315 1965 adorabis,
1342 1931 1374 1957 et
1391 1924 1421 1956 ei
1437 1924 1503 1957 soli
1518 1924 1657 1956 servies.

89 1921 198 1960 Rom.
218 1923 269 1956 3.:
297 1922 400 1956 Nunc
415 1923 490 1956 sine
515 1924 588 1967 lege
613 1924 745 1958 iusticia
768 1923 830 1956 Dei
858 1924 1078 1957 manifestata

90 1980 158 2014 est,
185 1973 367 2007 testificata
393 1975 439 2007 in
456 1975 529 2017 lege
553 1982 585 2008 et
603 1972 811 2018 Prophetis,
841 1974 977 2008 iusticia
995 1986 1078 2006 vero

87 2023 154 2057 Dei
174 2036 235 2069 per
251 2025 353 2057 fidem
372 2024 449 2059 lesu
464 2023 610 2059 Christi.

89 2082 176 2108 esset.
196 2073 411 2117 haereditas,
438 2088 510 2109 non
528 2083 616 2109 esset
631 2088 671 2109 ex
688 2076 922 2120 promissione
939 2083 999 2110 etc.

191 2125 225 2161 7.
254 2125 474 2160 Firmissime
493 2127 601 2170 igitur
619 2128 769 2160 tenenda
788 2134 837 2160 est
854 2128 1026 2160 sententia
1046 2134 1077 2160 et

87 2188 169 2211 vere
186 2176 303 2220 colligi
324 2175 517 2211 Ecclesiam
536 2177 600 2211 Dei
627 2185 823 2219 aeternam,
850 2191 934 2211 voce
954 2177 1077 2212 Evan-

86 2228 169 2272 gelii
187 2234 221 2262 et
239 2228 418 2272 agnitione
443 2229 666 2268 mediatoris,
694 2235 726 2263 et
752 2241 934 2274 nunquam
955 2227 1078 2263 Eccle-

89 2279 175 2312 siam
193 2277 257 2312 Dei
275 2279 400 2321 fuisse,
427 2292 490 2313 nec
511 2291 602 2320 esse,
633 2292 697 2314 nec
715 2281 869 2314 futuram
891 2292 981 2319 esse,
1010 2278 1076 2314 ho-

87 2329 200 2362 mines
220 2329 419 2372 ignorantes
439 2343 559 2364 vocem
577 2329 763 2374 Evangelii
782 2338 814 2364 et
833 2333 1076 2368 mediatorem.

87 2379 155 2414 Sed
181 2382 331 2414 tenenda
358 2389 409 2416 est
430 2395 496 2416 vox
514 2381 634 2416 Pauli:
662 2381 949 2417 Fundamentum
978 2384 1074 2417 aliud

87 2443 192 2465 nemo
218 2442 348 2475 ponere
372 2439 502 2476 potest,
538 2441 676 2478 praeter
699 2434 751 2473 id,
793 2435 888 2479 quod
921 2436 1073 2479 positum

87 2489 154 2524 est,
180 2483 275 2528 quod
296 2490 346 2516 est
365 2482 459 2516 lesus
475 2481 650 2521 Christus.

186 2533 220 2568 8.
249 2532 369 2576 Quare
387 2531 635 2578 Thammems,
664 2535 725 2582 qui
753 2536 996 2570 confusionem
1021 2536 1075 2569 sa-

85 2584 133 2617 cit
148 2581 383 2618 Ethnicorum
413 2591 446 2618 et
468 2583 664 2627 Ecclesiae,
706 2587 790 2629 legis
822 2595 854 2622 et
871 2585 1073 2629 Evangelii,

85 2646 163 2668 cum
180 2633 484 2670 scribitEthnicos
500 2638 639 2673 novisse
648 2637 843 2680 Christum,
859 2638 941 2685 quia
962 2638 1071 2682 legem

84 2692 236 2726 norunt,
265 2688 479 2721 execrandus
496 2694 556 2722 est.

738 109 999 146 PHILIPPI
1033 104 1482 145 MELANTHONIS.

1112 366 1115 388 Ι
1140 345 1283 391 phonte.

665 2023 710 2060 Et
728 2024 806 2061 Gal.
821 2026 869 2059 3.:
896 2025 932 2059 Si
949 2038 988 2058 ex
1005 2025 1078 2067 lege
1105 2050 1106 2065 ἶ

1104 2099 1106 2118 2
1132 2078 1319 2115 creaturis,
1364 2083 1397 2110 et
1422 2088 1441 2109 a
1466 2076 1723 2110 commenticiis
1753 2076 1976 2110 numinibus-

2057 106 2131 142 590

1244 193 1278 228 9.
1320 193 1367 229 Et
1382 194 1615 228 Lovaniensis
1632 193 1801 228 Latomus
1823 193 2039 226 execrandus
2069 199 2129 231 est,

1142 246 1202 290 qui
1225 246 1374 290 scripsit,
1404 245 1482 278 Non
1499 246 1602 278 aliam
1622 245 1726 278 fuisse
1744 244 1911 279 noticiam
1931 244 1974 277 de
1989 242 2064 276 Deo
2088 242 2125 274 in

1141 294 1344 337 Abraham,
1371 308 1474 341 quam
1499 297 1612 341 qualis
1635 296 1702 330 fuit
1722 296 1757 328 in
1777 295 1925 328 Platone
1954 301 1986 328 et
2004 294 2127 327 Xeno-

1338 346 1518 380 Adversus
1549 348 1633 381 tales
1666 348 1802 380 furores
1834 346 2022 379 muniendi
2044 352 2127 378 sunt

1138 399 1298 431 omnium
1324 398 1456 438 animi,
1491 410 1554 431 nec
1581 398 1729 431 dubium
1761 403 1811 431 est
1834 396 2029 430 Diabolum
2063 393 2125 428 has

1139 447 1374 493 blasphemias
1391 460 1514 487 serere,
1535 455 1573 482 ut
1589 449 1658 482 sint
1676 448 1714 480 in
1732 446 1796 481 hac
1814 454 1966 481 extrema
1987 453 2124 480 senecta

1138 500 1263 534 mundi
1281 500 1414 533 semina
1433 506 1464 533 et
1480 496 1693 545 παρασκευὴ
1712 498 1863 532 Turciae
1880 498 2079 542 impietatis.

1242 550 1300 585 10.
1335 549 1524 584 Notissima
1549 556 1600 583 est
1615 562 1682 582 vox
1698 549 1762 581 filii
1780 548 1864 589 Dei,
1891 549 1928 581 in
1947 560 2015 594 qua
2036 548 2125 582 dici—

1140 609 1215 636 tur:
1244 599 1425 635 Abraham
1442 602 1531 635 vidit
1554 601 1646 634 diem
1671 612 1809 641 meum,
1837 606 1870 632 et
1893 600 2041 633 laetatus
2065 607 2125 634 est.

1137 651 1183 686 Et
1199 652 1303 686 Iacob
1329 653 1461 698 inquit:
1489 652 1570 686 Non
1594 651 1773 684 auferetur
1797 657 1973 694 sceptrum
1995 662 2012 682 a
2037 649 2124 683 luda

1136 704 1248 737 donec
1263 704 1398 737 venerit
1416 703 1505 744 Silo,
1527 704 1569 736 ad
1588 703 1702 746 ipsum
1719 709 1838 745 gentes
1856 701 2125 745 congregabun—

1138 762 1206 790 tur.
1257 752 1303 788 Et
1320 761 1440 798 postea
1458 761 1575 787 extant
1591 753 1793 787 testimonia
1817 753 1855 785 in
1872 750 2060 797 Prophetis
2082 751 2125 783 il-

1136 804 1301 839 lustriora
1321 806 1363 839 de
1381 806 1453 838 filio
1470 805 1534 838 Dei
1554 805 1760 846 mediatore,
1784 803 1876 839 Psal.
1893 804 1944 839 2.ε
1972 801 2125 837 Oscula-

1136 856 1223 888 mini
1248 856 1379 894 filium,
1412 863 1443 889 et
1465 857 1558 900 apud
1581 855 1739 889 Esaiam:
1775 854 1913 889 Noticia
1939 854 2031 888 servi
2055 853 2123 886 mei

1135 907 1217 940 iusti
1236 907 1438 940 iustificahit
1455 907 1605 947 multos,
1635 914 1699 941 etc.

1243 959 1299 993 11.
1333 957 1479 1001 Semper
1499 958 1607 1000 igitur
1631 969 1711 989 vera
1725 954 1882 990 Ecclesia
1905 949 2004 989 suam
2021 957 2125 988 invo-

1136 1009 1310 1043 cationem
1328 1008 1489 1042 distinxit
1505 1008 1550 1041 ab
1569 1006 1710 1041 ethnica
1723 1034 1732 1048 ‚
1761 1007 1947 1051 praecipue
1965 1004 2021 1040 his
2038 1007 2125 1039 arti-

1134 1060 1223 1093 culis
1246 1060 1427 1103 agnitione
1460 1059 1641 1092 doctrinae
1671 1059 1715 1091 de
1747 1058 1897 1092 essentia
1922 1056 1990 1091 Dei
2026 1064 2058 1090 et
2083 1058 2126 1089 de

1135 1112 1324 1145 voluntate.

1240 1163 1298 1197 12.
1333 1161 1424 1194 Vera
1443 1159 1599 1194 Ecclesia
1624 1161 1785 1194 intuetur
1802 1160 2053 1205 patefactiones
2069 1159 2125 1191 di-

1134 1214 1254 1253 vinas,
1280 1219 1313 1246 et
1341 1213 1498 1256 agnoscit
1524 1224 1631 1245 unam
1657 1223 1730 1244 esse
1753 1211 1912 1244 divinam
1938 1210 2124 1244 essentiam

1134 1264 1376 1304 conditricem,
1403 1270 1584 1296 aeternum
1603 1270 1750 1307 patrem,
1777 1262 1904 1302 filium,
1920 1262 1963 1295 de
1981 1274 2052 1307 quo
2070 1261 2124 1293 lo-

1134 1322 1294 1361 quuntur
1308 1314 1570 1358 promissiones,
1598 1321 1631 1347 et
1651 1313 1826 1357 Spiritum
1843 1319 2014 1353 sanctum,
2042 1324 2125 1356 pro-

1134 1367 1316 1400 cedentem
1341 1365 1386 1398 ab
1411 1372 1553 1398 aeterno
1571 1372 1688 1408 patre,
1716 1370 1750 1397 et
1768 1370 1953 1397 coaeterno
1971 1363 2043 1396 filio
2058 1390 2066 1403 ,
2091 1370 2125 1396 et

1133 1417 1198 1449 scit
1219 1428 1255 1449 se
1280 1416 1407 1459 recipi,
1431 1415 1610 1454 exaudiri,
1635 1422 1667 1448 et
1690 1415 1817 1447 salvari
1834 1422 1978 1458 propter
2001 1414 2126 1451 filium,

1134 1467 1195 1511 qui
1219 1466 1430 1499 constitutus
1449 1473 1499 1499 est
1515 1465 1700 1499 mediator.
1755 1464 1824 1499 Sed
1841 1472 2014 1508 vagantur
2031 1462 2124 1498 Eth-

1134 1516 1205 1549 nici
1222 1514 1388 1549 horribili
1407 1523 1439 1549 et
1457 1516 1674 1559 deploranda
1692 1516 1856 1554 amentia,
1885 1516 1967 1560 quia
1986 1516 2125 1558 fingunt

1134 1567 1192 1599 alii
1211 1567 1309 1600 aliud
1334 1578 1406 1599 esse
1422 1565 1536 1600 Deum
1551 1594 1559 1606 ‚
1584 1573 1617 1600 et
1633 1566 1693 1599 alii
1710 1567 1829 1610 plures
1847 1566 2125 1600 comminiscun-

1134 1626 1209 1658 tur,
1235 1625 1268 1651 et
1285 1629 1407 1650 omnes
1427 1617 1603 1658 dubitant,
1619 1629 1664 1650 an
1682 1624 1715 1651 et
1735 1618 1916 1662 quomodo
1935 1617 2125 1651 exaudian-

1133 1677 1201 1703 tur.
1235 1667 1399 1713 Denique
1419 1669 1498 1702 tetri
1517 1676 1599 1702 sunt
1617 1669 1754 1701 furores
1772 1669 1933 1701 omnium
1952 1675 2047 1702 extra
2065 1680 2125 1700 ve-

1133 1732 1208 1753 ram
1226 1718 1291 1753 Dei
1311 1717 1526 1757 Ecclesiam,
1554 1732 1707 1765 quorum
1726 1719 1964 1754 consideratio
1982 1726 2121 1752 moveat

1135 1771 1209 1815 pias
1234 1778 1386 1811 mentes,
1420 1778 1458 1804 ut
1484 1771 1557 1804 Deo
1582 1770 1710 1813 gratias
1743 1778 1866 1814 agant,
1899 1771 1995 1816 quod
2027 1782 2062 1803 se
2088 1771 2125 1802 in

1135 1821 1288 1855 Ecclesia
1324 1834 1385 1855 sua
1420 1822 1603 1866 patefecit,
1648 1829 1680 1855 et
1717 1834 1797 1855 enm
1834 1830 1926 1856 recte
1961 1823 2126 1855 invocare

1133 1874 1290 1914 discant,
1327 1874 1421 1906 iuxta
1456 1873 1607 1906 dictum:
1648 1872 1846 1907 Dominum
1870 1872 1984 1907 Deum
2023 1880 2123 1906 tuuxn

1240 1975 1295 2009 15.
1337 1973 1402 2008 Est
1430 1975 1536 2017 igitur
1561 1975 1597 2006 in
1624 1974 1849 2008 invocatione
1876 1982 1909 2008 et
1932 1974 2123 2018 descriptio

1134 2026 1199 2059 Dei
1227 2026 1431 2069 cogitanda,
1466 2032 1505 2059 ut
1529 2025 1750 2059 discernatur
1771 2023 1868 2059 Deus
1889 2026 1934 2058 ab
1956 2026 2124 2059 omnibus

2029 2076 2125 2110 Deus

1132 2135 1181 2161 cst
1200 2128 1348 2162 essentia
1374 2127 1587 2172 spiritualis,
1617 2128 1839 2171 intelligens,
1866 2134 2027 2167 aeterna,
2054 2127 2122 2160 alia

1131 2192 1148 2212 a
1176 2179 1344 2213 creaturis
1370 2178 1554 2219 omnihus,
1582 2191 1704 2219 verax,
1741 2180 1853 2219 bona,
1880 2179 1988 2220 iusta,
2018 2174 2122 2217 casta,

1132 2230 1348 2271 misericors,
1392 2230 1567 2268 benefica,
1608 2230 1807 2270 liberrima,
1842 2229 2035 2263 immensae
2068 2242 2122 2263 sa—

1131 2281 1283 2326 pientiae
1318 2288 1352 2315 et
1388 2281 1581 2325 potentiae,
1628 2281 1780 2313 irascens
1813 2280 1980 2325 peccatis,
2023 2287 2122 2325 pater

1130 2340 1312 2374 aeternus,
1347 2332 1408 2377 qui
1433 2332 1544 2365 filium
1571 2331 1759 2374 imaginem
1787 2343 1885 2366 suam
1909 2332 1952 2366 ab
1977 2340 2120 2366 aeterno

1129 2383 1249 2426 genuit
1262 2410 1271 2424 ,
1298 2390 1331 2417 et
1349 2383 1443 2416 filius
1462 2383 1575 2425 imago
1595 2382 1703 2426 patris
1728 2387 1929 2424 coaeterna,
1957 2390 1988 2417 et
2006 2382 2121 2428 Spiri-

1129 2442 1184 2468 tus
1209 2441 1351 2468 sanctus
1371 2434 1563 2477 procedens
1585 2445 1604 2466 a
1630 2440 1729 2478 patre
1745 2440 1775 2468 et
1795 2434 1888 2475 filio,
1915 2434 2004 2468 sicut
2021 2441 2122 2479 pate—

1128 2485 1218 2520 facta
1235 2492 1288 2519 est
1304 2485 1472 2519 divinitas
1492 2491 1586 2518 certo
1604 2485 1712 2518 verbo
1732 2491 1765 2519 et
1791 2485 2003 2519 testimoniis
2029 2486 2121 2519 divi-

1128 2537 1203 2578 nis,
1231 2538 1325 2582 quod
1346 2543 1444 2580 pater
1461 2542 1625 2569 aeternus
1641 2548 1720 2569 cum
1740 2536 1811 2570 filio
1838 2543 1871 2571 et
1887 2536 2023 2582 Spiritu
2042 2549 2121 2570 san-

1127 2595 1182 2621 cto
1209 2587 1424 2627 condiderit,
1451 2594 1481 2620 et
1506 2595 1688 2622 conservet
1715 2588 1852 2622 coelum
1878 2595 1909 2621 et
1936 2596 2064 2622 terram
2086 2595 2116 2619 et

1126 2650 1248 2672 omnes
1275 2645 1471 2676 creaturas,
1501 2645 1534 2672 et
1559 2639 1651 2672 adsit
1677 2639 1845 2673 omnibus
1861 2639 2030 2673 creaturis
2048 2650 2119 2682 qno

1126 2691 1168 2723 ad
1189 2690 1495 2723 conservationem
1509 2717 1518 2731 ,
1545 2698 1579 2725 et
1595 2689 1737 2735 colligat
1756 2691 1824 2724 sibi
1848 2690 1883 2723 iu
1902 2701 2026 2734 genere
2052 2686 2119 2722 hu-
