2324 2955
186 117 259 150 619

188 203 326 233 ticatur.
358 198 405 230 sic
430 196 472 227 ad
489 193 600 226 Deum
619 191 852 224 accedendum
870 200 940 222 esse
953 214 961 227 ,
989 189 1165 233 agnitione

189 251 334 292 gratiae,
361 247 396 278 id
419 251 485 284 est,
512 242 679 285 gratuitae
704 240 962 273 misericordiae
986 247 1078 274 certo
1100 241 1165 273 do-

190 307 289 333 natae
313 303 454 340 propter
476 292 679 326 mediatoris
696 291 931 324 obedientiam
951 296 985 323 et
1000 290 1166 325 interces-

191 351 336 382 sionem.
389 344 484 377 Ilaec
506 355 585 376 vera
611 341 801 375 consolatio
818 351 954 384 semper
970 341 1167 383 praeluceat

188 396 421 433 invocationi,
457 406 519 426 nec
550 393 721 425 obruatur
752 391 858 435 impia
882 390 1041 424 doctrina
1063 390 1167 434 Papi·
1192 407 1193 416 κ

189 457 316 482 starum
342 453 373 478 et
397 444 536 478 concilii
553 442 775 480 Tridentini,
804 453 890 486 quae
908 441 1006 474 iubet
1022 452 1168 474 conver-

190 510 244 532 sos
274 497 453 534 dubitare,
488 506 531 527 an
559 493 688 526 sintin
713 492 840 535 gratia,
875 502 938 524 nec
963 491 1168 524 obscuretur

189 546 497 582 Enthusiastarum
541 550 574 576 et
611 541 921 585 Anabaptistarum
963 541 1168 584 praestigiis,

190 599 249 643 qui
284 598 405 631 iubent
434 603 467 628 te
500 594 651 638 aspicere
682 594 891 632 novitatem,
926 598 959 624 et
990 591 1170 625 abducunt

189 656 322 682 mentes
339 659 358 681 a
375 652 561 689 conspectu
579 644 789 676 mediatoris.

292 705 351 741 37.
384 703 611 738 Mutisestum
635 709 701 741 est,
729 713 806 733 cum
826 700 956 733 Paulus
978 700 1042 732 ait:
1071 699 1170 732 Iusti-

191 760 336 791 ficamur
357 756 422 788 lide
434 781 442 794 ,
469 755 505 785 in
522 753 628 785 verbo
644 750 900 785 iustificationis
919 762 997 783 eum
1013 760 1171 792 compre-

192 807 344 841 hendere
370 804 460 838 lianc
484 803 709 841 relationem,
751 802 905 844 accipere
929 800 1170 832 remissionem

191 866 221 891 et
247 854 575 890 reconciliationem.
627 851 764 885 Deinde
788 863 875 895 quae
895 850 1112 887 obedientia,
1139 857 1171 883 et

191 908 370 954 quomodo
392 906 542 949 placeat,
569 910 602 936 et
621 903 824 936 nominetur
846 901 976 934 iustitia
994 907 1026 933 et
1042 899 1171 932 sancti-

191 966 260 996 tas,
284 970 346 990 suo
364 957 441 989 loco
459 954 596 987 dicitur=

291 1016 350 1051 38.
394 1012 472 1058 Ipsa
495 1012 644 1057 symboli
667 1010 841 1044 recitatio:
874 1008 987 1042 Credo
1012 1020 1083 1041 esse
1104 1007 1172 1041 Ec-

191 1068 330 1101 clesiam
355 1071 507 1098 sanctam
531 1060 757 1099 catholicam,
787 1066 929 1092 testatur
952 1065 1171 1101 praeceptum

191 1118 257 1151 Dei
282 1128 370 1154 esse,
397 1122 436 1148 ut
458 1123 681 1158 quaeramus,
709 1122 796 1154 quae
818 1116 850 1141 et
872 1109 934 1141 ubi
951 1109 993 1140 sit
1010 1119 1089 1140 vera
1109 1106 1173 1138 Dei

192 1168 367 1206 Ecclesia,
395 1172 428 1198 et
450 1171 488 1197 nt
512 1162 639 1204 singuli
665 1172 699 1193 se
722 1161 762 1192 ad
789 1171 861 1191 eam
885 1158 1077 1200 adiungant
1095 1157 1172 1194 fide,

194 1217 436 1255 invocatione,
463 1212 679 1245 confessione
696 1217 724 1242 et
743 1209 930 1241 dilectione
944 1220 964 1247 ,·
980 1208 1073 1240 iuxta
1090 1205 1173 1239 haec

194 1269 303 1307 dicta,
336 1261 550 1299 Psalm.25.:
586 1260 659 1294 Odi
682 1258 874 1293 Ecclesiam
894 1258 1174 1299 malignantium,

194 1317 418 1351 circumdabo
437 1314 544 1346 altare
560 1319 659 1345 tuum
676 1309 838 1343 Domine.
892 1307 939 1341 Et
954 1308 1080 1342 Psalm.
1096 1306 1172 1341 26.:

192 1369 311 1403 Unum
330 1366 412 1410 petii
432 1377 449 1397 a
467 1362 632 1399 Domino,
662 1359 728 1393 hoc
746 1359 937 1403 requiram,
962 1365 1000 1391 ut
1020 1356 1172 1390 habitem

192 1420 228 1451 in
266 1418 371 1450 domo
401 1413 547 1448 Domini
581 1412 745 1445 omnibus
782 1410 906 1442 diebus
941 1409 1030 1441 vitae
1067 1419 1173 1439 meae.

193 1468 283 1502 Psal.
299 1467 376 1500 83.;
401 1463 502 1498 Beati
518 1463 577 1508 qui
592 1460 753 1494 habitant
766 1460 802 1492 in
820 1461 924 1491 domo
940 1465 998 1491 tua
1017 1457 1173 1494 Domini,

194 1519 231 1551 in
256 1517 352 1552 atriis
373 1517 497 1548 domus
514 1513 580 1547 Dei
596 1511 705 1544 nostri
724 1511 910 1542 florebunt.
965 1508 1055 1541 Psal.
1077 1509 1174 1540 121.:

194 1569 329 1612 Rogate
345 1578 431 1611 quae
448 1565 491 1597 ad
509 1574 627 1608 pacem
645 1567 725 1594 sunt
744 1560 943 1592 Ierusalem.

296 1633 356 1668 39.
391 1630 454 1666 Est
477 1636 593 1663 antem
616 1638 697 1660 vera
715 1623 868 1659 Ecclesia
887 1624 1036 1657 visibilis
1056 1624 1092 1656 in
1111 1621 1175 1655 bac

196 1689 265 1721 vita
280 1711 288 1723 ‚
316 1690 433 1717 coetus
453 1677 735 1724 amplectentium
757 1677 996 1718 incorruptam
1014 1672 1175 1715 Evange-

197 1738 237 1771 lii
268 1734 482 1772 doctrinam,
523 1736 614 1763 recte
645 1727 817 1761 utentium
852 1724 1103 1764 Sacramentis,
1140 1724 1175 1755 in

198 1800 267 1831 quo
285 1786 375 1818 filius
388 1782 452 1816 Dei
472 1793 533 1826 per
550 1778 781 1811 ministerium
793 1775 975 1817 Evangelii
991 1780 1041 1807 est
1060 1774 1177 1806 efficax

199 1845 231 1871 et
255 1836 382 1869 multos
406 1837 601 1875 regenerat,
626 1830 660 1861 et
681 1828 759 1860 facit
779 1824 944 1859 haeredes
962 1825 1051 1858 vitae
1068 1831 1178 1856 aeter-

198 1900 272 1921 nae.
324 1884 372 1919 Et
392 1890 474 1917 sunt
495 1882 532 1914 in
557 1892 596 1913 eo
620 1885 718 1912 coetu
745 1877 847 1909 multi
871 1888 943 1908 non
963 1874 1091 1915 sancti,
1119 1874 1178 1906 sed

199 1946 314 1971 tamen
332 1937 373 1968 de
391 1933 549 1968 doctrina
565 1928 832 1964 consentientes.

298 1993 356 2028 40.
403 1992 483 2026 Non
506 1989 685 2035 loquimur
707 1988 750 2020 de
772 1984 945 2025 Ecclesia,
978 1991 1015 2017 ut
1037 1984 1080 2017 de
1102 1984 1179 2015 idea

200 2046 397 2084 Platonica,
424 2044 485 2076 sed
507 2046 742 2074 monstramus
764 2049 859 2077 eam,
883 2047 971 2080 quae
994 2041 1027 2067 et
1042 2034 1103 2066 ubi
1123 2033 1179 2073 sit,

201 2105 233 2131 et
255 2097 351 2137 signa
371 2106 443 2127 non
460 2091 596 2126 fallacia
613 2088 848 2127 ostendimus,
875 2093 915 2119 ut
930 2084 1081 2118 discerni
1100 2095 1179 2115 vera

201 2147 353 2181 Ecclesia
382 2145 426 2177 ab
456 2143 534 2176 aliis
564 2138 893 2183 congregationibus
923 2135 1050 2179 possit,
1093 2145 1180 2178 quae
1205 2146 1207 2161 ι

202 2204 283 2231 sunt
313 2195 427 2229 hostes
459 2204 560 2226 verae
591 2190 782 2223 doctrinae.
850 2186 987 2220 Recens
1018 2183 1180 2217 Bavarici

202 2247 388 2290 Episcopi,
416 2251 450 2278 et
470 2243 530 2277 alii
551 2241 635 2274 alibi
656 2241 746 2282 leges
762 2238 930 2280 sanguine
947 2235 1091 2278 scriptas
1107 2233 1182 2266 edi·
1206 2254 1208 2259 ι

204 2300 350 2334 derunt,
384 2296 421 2328 in
453 2294 581 2339 quibus
612 2289 832 2334 praecipiunt
861 2286 989 2330 impios
1015 2285 1129 2317 cultus
1150 2289 1182 2316 et
1207 2309 1208 2314 ,

205 2347 312 2391 impia
326 2357 441 2379 onera.
485 2343 626 2375 Talium
643 2341 758 2383 legum
775 2345 913 2371 autores
928 2348 966 2369 ac
981 2346 1182 2379 propugna-

205 2406 297 2435 tores
326 2405 545 2439 nequaquam
575 2398 656 2425 sunt
688 2390 843 2422 membra
875 2398 976 2419 verae
1007 2382 1183 2418 Ecclesiae

205 2448 282 2483 Dei.

206 2495 437 2539 Evangelium
455 2495 573 2531 docet,
600 2488 781 2524 anathema
798 2489 853 2522 sit.

305 2555 364 2588 41.
400 2551 627 2585 Manifestum
652 2554 701 2580 est
723 2554 837 2580 autem
861 2544 1047 2590 papisticos
1065 2542 1186 2576 desen-

208 2609 288 2640 dere
313 2604 441 2638 multos
466 2607 571 2634 tetros
597 2609 740 2630 errores.
792 2597 871 2630 Non
891 2602 982 2628 recte
1001 2595 1127 2627 docent
1143 2593 1186 2625 de

207 2662 364 2702 peccato,
397 2660 429 2686 et
454 2653 496 2685 de
520 2648 782 2684 iustificatione,
810 2654 843 2681 et
867 2648 908 2679 de
934 2646 1020 2685 fide,
1055 2642 1182 2677 confir..

949 101 1432 141 DISPUTATIONES

1201 1703 1204 1729 ζ
1230 1691 1314 1723 alias
1346 1691 1442 1733 plus,
1475 1690 1560 1722 alias
1591 1690 1708 1722 minus
1740 1690 1828 1722 lucis
1856 1697 1916 1725 est.

1203 1758 1204 1765 κ
1230 1741 1385 1773 bonitate
1401 1741 1493 1773 tilius
1509 1739 1573 1772 Dei
1591 1740 1740 1772 subinde
1756 1740 1909 1773 tenebris
1925 1741 2079 1784 depulsis
2096 1743 2211 1775 reddit

1204 1866 1205 1869 ,
1231 1847 1401 1874 SUSlenlaS
1424 1838 1673 1873 haeredllfllem
1696 1851 1819 1875 meam.

340 2445 510 2478 Tenenda
540 2449 589 2474 est
618 2441 711 2474 enim
742 2438 876 2481 regula:
912 2436 950 2470 Si
979 2435 1058 2479 quis
1087 2434 1182 2468 aliud
1207 2459 1210 2464 .

2119 108 2194 145 620

1216 195 1313 223 mant
1335 187 1484 232 impium
1509 189 1634 232 dogma
1657 190 1701 223 de
1721 190 1954 228 dubitatione.'
2005 192 2087 227 Non
2103 199 2194 226 recte

1216 241 1361 279 docent,
1388 249 1476 282 quae
1500 251 1604 282 opera
1627 240 1698 275 sint
1725 242 1838 275 cultus
1854 241 1940 282 Dei,
1964 250 1997 277 et
2016 244 2193 288 quomodo

1217 291 1376 334 placeant
1384 286 1476 322 Deo:
1498 289 1636 332 fingunt
1646 288 1806 325 homines
1817 303 1916 336 posse
1929 293 2111 326 instituere
2122 294 2196 326 cul-

1218 346 1273 372 tus
1291 338 1375 379 Dei,
1401 345 1436 372 et
1457 350 1515 372 eos
1537 339 1652 374 cultus
1675 343 1869 375 necessario
1894 344 2084 376 servandos
2108 354 2194 376 esse:

1218 395 1449 433 corrumpunt
1470 395 1579 422 totam
1600 391 1794 424 doctrinam
1816 394 1859 426 de
1883 393 2116 437 poenitentia,
2142 393 2197 426 di-

1220 446 1303 472 cunt
1333 439 1580 473 contritionem
1609 447 1770 484 oportere
1791 443 2018 477 sufficientem
2041 454 2132 483 esse,
2165 450 2198 475 et

1220 489 1347 522 mereri
1363 490 1618 523 remissionem:
1646 491 1770 525 dicunt
1786 494 2012 526 necessariam
2029 504 2100 526 esse
2112 505 2198 526 enu—

1221 540 1450 572 merationem
1473 541 1631 573 omnium
1653 542 1860 575 delictorum
1878 542 1915 574 in
1934 544 2081 586 petenda
2096 544 2198 577 abso—

1222 591 1372 623 lutione:
1397 590 1532 632 fingunt
1554 591 1805 624 satisfactiones
1824 593 2025 633 canonicas,
2054 599 2087 625 et
2102 593 2201 626 aiunt

1223 651 1294 673 esse
1313 641 1612 683 compensationes
1630 654 1822 685 poenarum
1841 644 2052 686 purgatorii:
2081 642 2201 675 defen-

1223 692 1311 723 dunt
1333 691 1570 723 invocationes
1592 689 1776 725 hominum
1799 700 2039 733 mortuorum,
2066 693 2200 736 praeci—

1223 741 1324 784 piunt
1340 741 1579 773 adorationem
1592 742 1712 774 falsam
1727 743 1918 785 signorum,
1945 755 2023 776 cum
2035 741 2126 776 nihil
2138 740 2201 775 ha·

1224 792 1303 823 beat
1326 791 1497 824 rationem
1524 790 1737 826 Sacramenti
1760 799 1854 826 extra
1876 805 1977 826 usum
2002 794 2202 826 institutum

1225 841 1406 881 dix-initus,
1436 840 1597 874 horribili
1616 840 1894 886 prophanatione
1906 855 2046 876 coenam
2057 842 2203 876 Domini

1226 892 1409 924 conserunt
1434 892 1469 923 in
1495 899 1693 935 quaestum,
1728 900 1761 926 et
1784 905 1926 936 prorsus
1949 892 2088 926 ethnico
2107 904 2203 925 more

1198 979 1199 983 Ἰ
1225 942 1361 983 fingunt
1378 942 1587 974 sacrificulos
1604 943 1730 975 mereri
1748 943 1888 976 facienti
1905 950 1937 976 et
1953 943 2049 981 aliis,
2077 949 2109 975 et
2126 942 2203 986 qni·

1226 993 1303 1023 dem
1329 1004 1366 1023 ex
1392 1004 1496 1035 opere
1518 999 1660 1035 operato
1679 993 1754 1025 sine
1771 994 1864 1026 bono
1883 1000 1980 1026 motu
1996 994 2125 1026 utentis
2142 999 2205 1026 etc.

1226 1039 1421 1073 Prohibent
1444 1042 1644 1084 coniugium
1668 1042 1709 1074 iis
1728 1043 1884 1086 quisunt
1903 1043 2020 1075 idonei
2037 1044 2079 1075 ad
2099 1043 2206 1075 coeli-

1226 1091 1358 1123 batum.
1426 1090 1582 1131 Pingunt
1612 1090 1804 1125 Ecclesiam
1835 1093 1930 1125 velut
1960 1104 2123 1134 regnum,
2168 1093 2205 1123 in

1227 1152 1295 1182 quo
1329 1140 1504 1172 dominari
1533 1141 1655 1173 dicunt
1677 1140 1880 1174 Romanum
1907 1141 2141 1184 Episcopum,
2174 1148 2206 1172 ct

1228 1187 1355 1221 habere
1387 1190 1608 1223 autoritatem
1642 1190 1851 1224 instituendi
1881 1191 1994 1225 cultus
2028 1198 2060 1225 et
2093 1198 2206 1224 trans-

1226 1239 1359 1272 ferendi
1380 1240 1523 1283 imperia
1541 1240 1694 1285 politica.

1329 1289 1388 1324 42.
1425 1288 1478 1322 De
1501 1288 1554 1323 his
1579 1291 1685 1323 tantis
1709 1291 1812 1323 rebus
1835 1303 1913 1324 cum
1936 1291 2096 1335 papistici
2118 1290 2207 1335 Epi-

1228 1340 1322 1383 scopi
1339 1340 1527 1372 defendant
1543 1340 1670 1383 impios
1687 1347 1720 1372 et
1736 1341 1948 1383 perniciosos
1965 1353 2111 1380 errores,
2134 1354 2207 1374 non

1228 1397 1309 1422 sunt
1334 1388 1488 1422 Ecclesia
1508 1389 1592 1430 Dei,
1618 1397 1652 1423 et
1675 1391 1793 1433 regula
1818 1392 1969 1424 tenenda
1994 1399 2057 1426 est:
2085 1391 2209 1435 Fugite

1228 1441 1332 1473 idola.

1329 1489 1389 1523 43.
1423 1490 1554 1523 Servat·
1572 1497 1685 1524 autem
1710 1491 1802 1524 filius
1826 1490 1890 1524 Dei
1915 1503 2049 1536 semper
2073 1492 2208 1536 aliquos

1229 1541 1289 1584 qui
1320 1540 1473 1573 retinent
1504 1541 1764 1578 fudamentum,
1796 1552 1860 1574 nec
1892 1542 2044 1584 probant
2075 1554 2209 1576 errores

1229 1597 1422 1634 pugnantes
1455 1602 1532 1623 cum
1563 1590 1718 1623 articulis
1744 1591 1843 1631 fidei,
1876 1598 1909 1624 et
1933 1592 2107 1625 admoniti
2135 1604 2207 1625 non

1229 1641 1423 1673 defendunt
1455 1640 1568 1680 idola,
1610 1652 1811 1684 quanquam
1845 1641 1883 1673 in
1914 1639 1977 1673 hac
2009 1642 2210 1675 infirmitate

1969 1690 2017 1724 Et
2041 1692 2210 1725 immensa

1232 1792 1413 1824 doctrinae
1448 1791 1581 1829 lucem,
1614 1790 1702 1823 sicut
1732 1789 1859 1823 Psalm.
1885 1789 1942 1825 15.
1974 1792 2119 1824 dicitur:
2153 1791 2211 1825 Tu

1873 1840 1990 1874 Funes
2010 1842 2211 1876 ceciderunt

1231 1889 1319 1923 mibi
1343 1890 1597 1933 inpraeclaris.
1649 1889 1856 1923 Haereditas
1876 1903 1950 1924 mea
1966 1892 2141 1935 praeclara
2160 1900 2210 1925 est

1231 1939 1332 1974 mihi.
1385 1940 1503 1974 Simus
1527 1941 1633 1983 igitur
1657 1940 1748 1973 cives
1771 1938 1875 1973 huius
1899 1953 2000 1974 verae
2024 1939 2211 1977 Ecclesiae.

1233 1991 1274 2024 In
1305 1989 1369 2023 hac
1397 2003 1475 2024 cum
1500 1991 1543 2023 sit
1566 1991 1799 2023 ministerium
1826 1989 2026 2034 Evangelii,
2061 1993 2211 2025 certissi-

1233 2053 1329 2074 mum
1353 2048 1401 2074 est
1426 2053 1499 2073 eam
1522 2047 1554 2073 et
1572 2041 1776 2073 mandatum
1793 2039 1921 2074 habere
1937 2042 2085 2075 vocandi
2103 2049 2135 2075 et
2152 2055 2211 2075 or-

1233 2091 1380 2124 dinandi
1412 2091 1591 2124 ministros
1623 2089 1824 2133 Evangelii,
1858 2091 1947 2125 sicut
1973 2091 2104 2125 Paulus
2127 2092 2210 2125 Tito

1232 2142 1419 2185 praecipit,
1453 2148 1491 2174 ut
1515 2141 1694 2174 ministros
1718 2142 1916 2175 constituat.
1974 2140 2022 2175 Et
2043 2142 2210 2175 usitatum

1232 2192 1299 2225 fuit
1323 2192 1359 2224 in
1377 2190 1530 2224 Ecclesia
1555 2191 1664 2224 veteri
1688 2191 1813 2233 eligere
1830 2192 2009 2224 ministros
2025 2189 2211 2234 Evangelii

1230 2242 1453 2286 χειροτονεῖν
1484 2238 1601 2285 πάσης
1629 2238 1836 2287 συμψήφου
1865 2238 2072 2285 ἐκκλησίας,
2115 2244 2210 2286 quod

1234 2304 1306 2325 non
1326 2293 1368 2324 de
1387 2290 1545 2325 hostibus
1562 2290 1764 2334 Evangelii,
1789 2292 1848 2324 sed
1863 2292 1906 2324 de
1922 2303 2021 2324 verae
2036 2290 2212 2325 Ecclesiae

1235 2342 1409 2385 suffragiis
1436 2342 1585 2385 intelligi
1613 2353 1751 2375 necesse
1779 2348 1839 2374 est.
1892 2340 2011 2383 Quare
2040 2353 2115 2375 non
2141 2349 2212 2376 ter-

1235 2404 1374 2425 reamur
1404 2393 1616 2426 clamoribus
1645 2392 1807 2430 illorum,
1841 2391 1901 2436 qui
1935 2392 2042 2425 ritum
2068 2393 2211 2426 ordina-

1236 2443 1344 2476 tionis
1367 2442 1611 2476 ministrorum
1627 2440 1811 2484 Evangelii
1832 2442 1876 2475 ad
1893 2439 2008 2476 hostes
2025 2454 2125 2476 verae
2142 2440 2217 2485 Ec:

1236 2493 1358 2526 clesiae
1374 2487 1552 2526 retrabere
1566 2498 1748 2525 conantur.

1338 2541 1398 2578 44.
1439 2541 1485 2576 Et
1510 2543 1546 2575 in
1568 2542 1638 2575 ritu
1660 2542 1911 2582 ordinationis,
1943 2555 2012 2588 quo
2036 2555 2130 2577 nunc
2152 2555 2212 2587 pa-

1236 2593 1349 2636 pistici
1367 2592 1530 2636 Episcopi
1547 2598 1706 2630 utuntur,
1732 2593 1911 2626 adduntur
1924 2593 2029 2637 impia
2045 2601 2078 2627 et
2092 2601 2211 2639 tyran-

1237 2644 1315 2677 nica
1338 2643 1495 2681 vincula,
1521 2642 1651 2686 petitur
1671 2654 1772 2676 verae
1794 2644 1974 2677 doctrinae
1989 2643 2211 2687 improbatio,
