2324 2955
167 96 238 133 755
407 90 616 130 SCRIPTA
642 90 718 125 PH.
744 85 860 123 MEL.
887 85 953 120 AD
979 84 1108 122 HIST.
1136 86 1280 125 PROF.
1307 85 1373 121 ET
1399 85 1592 124 PHILOS.
1619 86 1939 125 SPECTANTIA.
2106 89 2180 126 736

265 180 425 224 Denique
450 178 592 210 usitatas
617 174 723 207 fuisse
753 183 959 215 magnarum
992 173 1148 214 gentium

166 233 392 275 migrationes
418 225 509 259 nibil
536 225 684 258 dubium
708 229 769 258 est.
829 221 940 266 Saepe
965 223 1068 257 etiam
1094 224 1149 256 di-

166 293 284 316 versae
300 285 416 322 gentes
436 276 642 309 coniunctae
659 279 760 314 sunt,
787 279 821 307 et
842 274 938 306 sedes
962 273 1000 305 in
1023 273 1149 307 vicinis
1173 255 1177 310 l

1173 319 1176 339 ¹
1199 324 1280 358 Dux
1305 324 1515 357 altitudinis.

166 332 252 365 locis
279 333 484 372 coeperunt,
517 332 557 359 ut
580 325 804 357 manifestum
831 330 898 363 est,
933 322 1148 357 Teutonicae

168 380 261 423 genti
284 378 490 423 permixtam
514 387 585 409 esse
605 374 796 414 Hennam,
830 379 863 406 et
888 373 971 406 inde
995 385 1105 418 usque
1131 386 1151 407 a

168 427 346 474 Carpatho
362 429 404 460 ad
425 426 545 460 Albim
562 426 659 458 sedes
674 424 888 468 promiscuas
907 421 1082 458 habuisse.

271 479 368 521 Quid
386 489 480 510 nunc
496 476 655 510 usitatius
674 482 724 508 est
740 475 956 518 privatorum
971 474 1152 517 migratio-

169 529 297 563 nibus?
332 539 480 573 quarum
514 525 746 559 consideratio
780 525 1067 557 commonefaciat
1088 525 1178 558 nos*

171 583 213 613 de
246 579 486 612 imbecillitate
516 588 635 609 rerum
665 573 921 615 humanarum,
954 582 994 608 ut
1023 576 1153 617 cogite-

171 641 267 668 mus,
295 628 443 663 Unicam
462 639 534 660 esse
557 632 760 670 perpetuam
784 625 934 669 patriam
958 625 1152 663 coelestem,

172 678 262 713 hanc
289 679 516 723 expetendam
540 688 628 720 esse,
671 683 704 710 et
730 675 774 708 ad
796 687 871 708 eam
896 676 1154 719 praeparandos

173 741 244 763 esse
262 730 398 762 animos
417 735 565 760 nostros.

273 775 476 824 Riphat,
501 772 793 822 indeRiplzei,
818 776 852 807 id
872 782 941 816 est,
969 773 1153 818 Gigantes.

172 829 360 863 NotIssima
388 835 438 861 est
461 834 575 860 autem
601 826 786 869 appellatio
804 823 1027 869 Ripheorum
1051 837 1154 858 mon-
1178 847 1179 851 ,

173 880 276 919 tium,
304 881 345 912 de
361 879 489 923 quibus
508 877 571 910 etsi
588 877 674 920 quid
693 876 753 908 alii
770 876 937 915 scribant,
964 887 1038 909 non
1055 876 1155 917 igno-
1178 879 1181 918 ζ

174 943 232 967 ro,
259 937 376 962 tamen
396 929 432 960 in
452 928 511 959 illa
529 933 626 970 parte
643 926 899 970 Septentrionis
925 924 1010 958 haec
1036 926 1154 969 appel-

175 980 258 1013 latio
284 978 509 1012 celeberrima
534 977 619 1016 suit,
645 976 683 1008 in
707 988 774 1020 qua
797 976 940 1009 fuerunt
964 975 1154 1015 Sarmatae,
1178 978 1181 988 '

175 1038 207 1063 et
237 1031 330 1062 inter
354 1029 531 1062 Sarmatas
553 1025 703 1066 Heneti,
744 1026 832 1059 sicut
856 1025 1074 1058 Ptolemaeus
1097 1025 1154 1057 in-

174 1080 262 1124 quit,
291 1080 528 1113 Sarmatarum
545 1083 683 1118 gentem
699 1076 884 1107 maximam
894 1073 1049 1106 Henetos
1068 1085 1154 1106 esse:

175 1129 329 1163 Nomino
347 1136 462 1161 autem
478 1125 575 1158 Ilen
589 1129 624 1156 e!
638 1136 681 1156 ος
700 1135 830 1163 omneS,
853 1124 1054 1167 ubicunque
1071 1135 1155 1155 con-

174 1181 356 1218 sederunt,
391 1178 451 1221 qui
486 1177 604 1218 lingua
625 1174 795 1207 Polonica
820 1180 988 1214 utuntur,
1021 1173 1156 1205 etiamsi
1179 1206 1182 1224 Ι

176 1230 332 1262 dialectis
350 1228 530 1261 differunt.

273 1279 344 1312 Nec
368 1279 540 1319 discrepat
563 1275 607 1308 ab
633 1272 699 1307 hac
721 1281 839 1307 nostra
865 1273 1155 1317 interpretatione

174 1327 395 1372 Ripheorum
418 1324 604 1370 IosephuS,
632 1325 694 1368 qui
719 1325 784 1364 ait,
812 1335 829 1356 a
851 1322 985 1367 Riphat
1003 1321 1156 1367 Paphla-

175 1391 280 1420 gones
296 1385 390 1412 ortos
407 1388 497 1417 esse,
525 1387 676 1420 quorum
698 1374 884 1418 appellatio
902 1374 1074 1417 posterior
1095 1379 1155 1408 est.

175 1429 263 1462 Nam
288 1429 325 1461 in
350 1441 388 1461 eo
414 1428 488 1468 ipso
506 1427 602 1464 loco,
636 1437 740 1469 quem
768 1422 1010 1468 paphlagones
1033 1431 1156 1457 tenue-

176 1487 275 1516 runt,
303 1480 408 1511 fuisse
431 1477 586 1510 Henetus
614 1488 654 1508 ex
676 1474 832 1507 Homero
859 1481 892 1507 et
915 1473 1155 1516 Argonautico

177 1530 329 1562 carmine
345 1534 497 1571 apparet.
524 1526 582 1559 Sic
598 1525 691 1558 enim
712 1525 826 1568 inquit
844 1522 1072 1566 Apollonius:

271 1575 508 1617 Παᾳλιιχόιων,
531 1578 627 1604 τοῖσιν
648 1572 680 1602 δ’
700 1570 852 1611 Ἕνετῇϊος
873 1572 1061 1610 ἔλιιβασίλεϊε.

276 1627 456 1670 Progressi
472 1634 586 1659 autem
602 1624 731 1657 Heneti
751 1624 787 1655 in
814 1624 929 1656 littore
952 1623 1058 1655 maris
1081 1620 1157 1655 Eu-

176 1679 269 1717 xini,
298 1678 561 1720 compleverunt
591 1685 753 1716 magnam
785 1680 917 1716 partem
943 1673 1060 1706 lateris
1086 1670 1156 1704 Ar-

177 1730 246 1762 ctoi
262 1729 300 1760 in
320 1727 473 1770 Europa,
490 1733 522 1759 et
540 1722 655 1757 adbuc
672 1730 791 1756 tenent
808 1734 863 1755 eas
879 1722 1049 1765 regiones,
1068 1733 1155 1765 quae

176 1791 271 1812 nunc
305 1778 554 1816 nominantur,
603 1773 731 1807 I'tussia
765 1772 949 1812 Lituania,
994 1771 1155 1804 Polonia.

175 1828 224 1863 Et
254 1830 374 1870 lingua
402 1834 433 1860 et
463 1837 592 1858 nomen
616 1824 770 1857 Venetae
799 1822 951 1865 regionis
973 1822 1017 1854 ad
1039 1822 1155 1854 sinum

175 1879 397 1912 Adriaticum
430 1877 638 1914 ostendunt,
678 1873 835 1906 Henctos
858 1872 897 1906 in
921 1872 1101 1917 Illyricum
1124 1877 1157 1904 et

175 1929 308 1962 vicinas
323 1929 481 1969 regiones
499 1935 698 1969 progressos
717 1935 806 1963 esse,
833 1923 905 1956 sive
921 1923 963 1955 ab
975 1921 1157 1955 Antenore
1180 1950 1181 1960 ἶ

176 1992 214 2011 eo
241 1979 335 2012 ducti
360 1985 441 2011 sunt
470 1988 509 2008 ex
534 1975 635 2013 Asia,
663 1975 733 2006 sive
755 1985 832 2006 cum
856 1973 923 2006 iam
948 1973 986 2005 in
1012 1970 1155 2016 Europa

175 2036 308 2069 essent,
343 2027 510 2072 paulatim
535 2026 611 2058 aliis
637 2024 878 2057 occasionibus
901 2023 943 2056 ad
968 2022 1156 2055 Meridiem

178 2086 419 2123 processerunt
448 2077 484 2109 in
518 2084 626 2109 terras
648 2074 822 2113 mitiores,
857 2074 974 2106 minus
1001 2073 1157 2115 frigidas,

178 2138 210 2164 et
226 2131 364 2173 frugum
383 2136 413 2162 et
428 2127 501 2159 vini
519 2127 658 2161 feraces.
713 2124 798 2157 Inde
813 2124 914 2156 effusi
932 2130 1014 2157 sunt
1032 2124 1069 2155 in
1093 2121 1155 2156 has

178 2181 335 2222 regiones
368 2180 460 2212 inter
484 2176 653 2210 Fistulam
682 2181 715 2207 et
740 2173 882 2214 Albim,
906 2181 939 2207 et
963 2186 1156 2216 occupave—

177 2237 262 2263 runt
284 2229 500 2267 Boiemiam‚
532 2227 569 2259 in
597 2237 663 2271 qua
690 2231 790 2258 antea
813 2225 951 2257 fuerant
974 2223 1154 2257 Hermun-

179 2280 259 2313 duri
286 2286 319 2313 et
346 2279 443 2317 Boii,
477 2284 512 2310 et
546 2276 810 2320 compleverunt
844 2275 942 2308 littus
967 2273 1155 2316 Bahicum,

176 2331 271 2364 unde
287 2342 413 2362 nomen
430 2335 478 2361 est
499 2328 536 2360 in
553 2327 691 2360 Prussia
708 2326 805 2359 sinus
822 2323 1002 2360 Venedici.

279 2379 368 2413 Cum
386 2380 491 2421 igitur
507 2389 666 2420 magnam
684 2374 847 2419 Europae
874 2381 1006 2418 partem
1031 2381 1154 2408 tenue-

175 2432 248 2465 rint
273 2429 419 2468 Heneti,
454 2435 486 2460 et
510 2426 623 2460 adhuc
649 2433 803 2466 teneant,
838 2433 870 2459 et
897 2437 1021 2468 magna
1046 2436 1152 2468 regna
1176 2457 1178 2474 Ι

1176 2478 1178 2484 “
1202 2478 1398 2511 doctrinam
1423 2479 1466 2512 de
1490 2491 1572 2512 vero
1599 2477 1691 2517 Deo,
1724 2483 1757 2509 et
1778 2476 1864 2509 alias
1896 2475 2058 2512 honestas
2089 2478 2182 2521 leges

177 2479 441 2517 constituerint,
470 2478 616 2510 consilio
635 2484 665 2509 et
684 2477 812 2510 virtute
831 2488 889 2509 eos
911 2476 1152 2509 antecelluisse

175 2544 247 2564 non
270 2530 419 2563 dubium
445 2534 503 2560 est.
565 2528 653 2560 Sunt
682 2527 788 2568 igitur
810 2539 827 2559 a
852 2524 987 2570 Ptipbat
1009 2523 1151 2570 Riphei,

174 2582 234 2627 qui
257 2586 339 2614 sunt
354 2579 533 2614 Sarmatae
558 2583 589 2608 et
612 2576 751 2609 Heneti.

811 2576 947 2610 Nomen
969 2575 1030 2609 He
1040 2589 1063 2608 n
1074 2587 1088 2609 e
1098 2580 1110 2609 i
1121 2576 1151 2618 i,
1173 2610 1176 2626 1

1199 174 1362 207 dixerunt
1376 169 1564 216 Νομάδες,
1590 174 1628 207 id
1645 181 1712 214 est,
1740 174 1891 208 subinde
1906 174 1975 208 alia
1997 185 2123 219 pascua
2146 182 2179 209 et

1200 224 1268 257 alia
1283 224 1359 256 loca
1376 230 1593 267 quaerentes.

1301 271 1521 305 Sarmata
1557 274 1684 307 rectius
1707 273 1915 309 Sauromata
1940 281 2011 315 est,
2053 275 2090 308 id
2117 282 2179 315 est,

1579 323 1686 366 Quod
1710 324 1870 368 intelligo
1893 327 1936 358 de
1961 325 2102 367 regione
2125 337 2182 358 ar·

1174 374 1176 379 ⁸
1201 376 1287 414 dua,
1329 374 1410 418 quia
1439 373 1589 417 assurgit
1619 381 1710 407 terra
1743 386 1862 408 versus
1887 375 2183 419 Septentrionem,

1174 417 1177 455 Ῑ,
1202 424 1300 469 qnasi
1317 425 1428 464 dicas,
1462 425 1586 458 ducem
1608 424 1798 468 superioris
1822 426 1985 468 regionis,
2036 424 2090 459 Ex
2118 437 2184 458 no-

1176 471 1177 475 ’
1202 475 1297 507 mine
1324 474 1483 508 Sarmata
1512 475 1671 508 existimo
1699 474 1829 507 factum
1851 486 1922 508 esse
1948 488 2079 508 nomen
2101 473 2184 508 So-

1205 523 1326 563 rabi,
1354 525 1473 568 paucis
1490 525 1601 558 literis
1617 524 1778 565 mutatis,
1806 537 1894 569 quae
1910 526 2097 569 appellatio
2121 526 2186 558 ad-

1204 574 1273 608 huc
1297 583 1343 608 est
1369 587 1513 618 magnae
1538 575 1690 617 regionis
1715 575 1752 607 in
1778 574 1919 620 Illyrico
1948 573 2088 609 Senia.
2138 574 2187 608 Et

1205 627 1241 658 in
1261 624 1406 658 historia
1423 624 1542 658 Caroli
1556 625 1680 668 Magni
1697 625 1842 668 legitur,
1869 626 1911 658 ad
1930 625 2046 659 Salam
2062 625 2107 658 ab
2127 636 2187 658 eo-

1204 677 1282 709 dem
1302 676 1454 708 domitos
1479 688 1551 709 esse
1566 675 1730 709 Sorabos.
1786 675 1857 710 L‘bi
1879 673 1994 709 adhuc
2016 681 2098 709 sunt
2120 687 2186 708 no-

1178 738 1180 751 *
1205 727 1300 758 mina
1318 726 1454 759 Sorben
1472 733 1504 758 et
1521 726 1691 761 Zorbeck.

1308 775 1405 809 Inter
1424 776 1514 809 filios
1533 776 1614 809 Sem
1638 776 1675 808 in
1702 776 1817 820 primo
1840 777 1932 810 libro
1952 777 2187 822 HapaZemo-

1204 824 1328 869 μένων
1347 838 1420 870 cap.
1439 828 1466 860 1.
1486 827 1688 860 nominatus
1707 834 1757 860 est
1774 824 1959 867 Gether,
1988 839 2007 860 a
2025 838 2094 871 quo
2112 824 2186 859 Ge-

1206 884 1257 910 tas
1275 883 1369 909 ortos
1386 888 1457 909 esse
1477 884 1748 910 consentaneum
1765 884 1826 912 est.

1178 923 1181 967 Ξ
1308 926 1415 959 Getas
1445 933 1559 959 autem
1587 926 1715 961 Gottos
1743 935 1862 971 postea
1890 926 2091 959 nominatos
2115 936 2187 958 esse

1205 988 1278 1008 non
1296 977 1443 1009 dubium
1461 983 1529 1016 est,
1557 977 1617 1020 qui
1635 978 1807 1018 progressi
1824 984 2015 1011 tenuerunt
2033 988 2109 1009 eam
2132 987 2188 1008 re-

1179 1069 1181 1072 Ι
1205 1026 1363 1067 gionem,
1393 1038 1480 1069 qnae
1504 1038 1598 1058 nunc
1622 1025 1827 1059 &Vallacliia
1852 1027 2001 1065 dicitur,
2028 1033 2061 1059 et
2084 1038 2189 1058 occu-

1179 1109 1181 1111 ¹
1206 1081 1378 1117 paverunt
1392 1075 1502 1117 ripam
1513 1074 1678 1113 Fistulae‚
1708 1082 1742 1108 et
1758 1076 1917 1109 Sueciam
1935 1083 1967 1108 et
1983 1075 2115 1108 vicinas
2132 1087 2186 1108 re-

1180 1117 1181 1120 *
1206 1124 1337 1165 giones,
1354 1124 1415 1155 ubi
1429 1136 1557 1156 nomen
1572 1122 1847 1159 liaesitGotthia.
1880 1125 2060 1166 Significat
2073 1131 2188 1156 autem

1208 1171 1302 1205 Geth
1319 1174 1462 1207 molam.
1516 1172 1651 1206 Gether
1677 1174 1843 1207 dominus
1866 1174 1998 1212 molae,
2033 1174 2189 1207 fortassis

1179 1225 1181 1232 ⁴
1207 1224 1289 1267 quia
1306 1224 1490 1266 posteritas
1507 1223 1583 1256 loca
1597 1223 1776 1257 uberrima
1793 1224 1918 1257 tenuit.

1308 1272 1416 1306 Getas
1447 1280 1563 1307 autem
1587 1274 1721 1307 locutos
1745 1286 1816 1307 esse
1839 1274 2036 1308 Teutonica
2068 1274 2190 1317 lingua

1206 1336 1280 1356 non
1293 1324 1440 1363 dubium
1457 1331 1517 1357 est.
1570 1323 1731 1358 Fuerunt
1753 1336 1834 1367 ergo
1857 1324 1957 1357 mixti
1979 1325 2075 1367 genti
2093 1324 2190 1357 Teu-

1207 1374 1360 1413 tonicae,
1387 1386 1475 1418 quae
1493 1386 1623 1408 nomen
1638 1374 1764 1408 habuit
1780 1374 1974 1407 Tuiscones
1991 1372 2190 1413 abAscane,

1206 1431 1244 1457 ut
1278 1436 1382 1468 supra
1410 1425 1543 1458 dictum
1575 1432 1642 1466 est,
1677 1426 1773 1469 quod
1799 1423 1914 1458 adbuc
1935 1426 2103 1458 usitatum
2128 1432 2190 1458 est.

1206 1474 1310 1508 Unde
1327 1481 1441 1508 autem
1457 1475 1503 1508 sit
1520 1487 1651 1508 nomen
1669 1474 1860 1513 Germani,
1886 1476 1982 1519 quod
2006 1475 2092 1508 olim
2117 1475 2190 1507 usi-

1207 1525 1311 1557 tatius
1327 1525 1410 1563 fuit,
1438 1525 1570 1557 mirum
1595 1531 1656 1558 est.
1710 1524 1864 1566 Quidam
1882 1525 1998 1568 inepte
2015 1525 2151 1568 fingunt
2170 1536 2189 1557 a

1205 1573 1378 1607 Romanis
1402 1581 1542 1607 nostros
1566 1572 1727 1607 homines
1749 1575 1861 1608 dictos
1887 1586 1959 1608 esse
1979 1573 2190 1615 Germanos,

1206 1625 1241 1657 id
1258 1631 1325 1663 est,
1352 1625 1476 1657 fratres
1494 1623 1700 1667 Gallorum,
1729 1625 1822 1669 quod
1841 1625 1972 1666 lingua,
1998 1622 2139 1657 habitus
2156 1632 2190 1657 et

1179 1668 1181 1684 ³
1205 1685 1319 1706 mores
1337 1673 1525 1706 Gallorum
1541 1680 1575 1707 et
1591 1673 1794 1707 Teutonum
1813 1674 1943 1707 similes
1962 1680 2088 1709 essent.

1179 1695 1182 1768 l
1307 1723 1411 1756 [ude
1426 1730 1541 1756 autem
1558 1735 1690 1755 nomen
1712 1724 1756 1756 sit
1774 1722 1981 1764 Gallorum,
2008 1721 2099 1756 nihil
2123 1725 2191 1756 du-

1180 1773 1182 1801 1'
1206 1773 1303 1805 bium
1331 1779 1391 1807 est.
1445 1772 1535 1805 Nam
1560 1772 1686 1807 {Bellen
1710 1773 1748 1805 in
1770 1773 1892 1816 lingua
1919 1773 2115 1807 Teutonica
2139 1775 2188 1806 si-

1206 1823 1345 1866 gnificat
1361 1823 1589 1867 peregrinari,
1607 1829 1638 1856 et
1655 1823 1790 1868 aliquas
1808 1830 1944 1857 nostras
1961 1831 2078 1866 gentes
2088 1821 2188 1858 Rhe-

1206 1886 1292 1906 num
1314 1880 1544 1916 transgressas
1566 1873 1603 1905 in
1629 1873 1714 1906 locis
1740 1873 1972 1907 fertilioribus
1992 1874 2188 1908 consedisse

1206 1923 1350 1956 nomina
1371 1925 1578 1962 ostendunt,
1598 1930 1638 1956 ut
1659 1923 1815 1965 Tungri,
1842 1923 2018 1966 Senones,
2044 1932 2077 1958 et
2098 1925 2186 1958 aliae

1179 1971 1181 2015 l
1206 1975 1376 2019 quaedam
1400 1974 1664 2017 appellationes.
1724 1973 1862 2007 Nomen
1896 1975 2002 2017 igitur
2029 1975 2188 2008 universi

1205 2037 1223 2057 a
1242 2025 1496 2068 peregrinando
1514 2024 1582 2057 sibi
1600 2024 1808 2058 indiderunt
1827 2024 1998 2065 VVallen,
2022 2026 2118 2070 quod
2137 2033 2188 2060 est

1207 2074 1314 2108 Galli.
1368 2074 1439 2108 Nec
1463 2087 1546 2107 vero
1569 2075 1842 2118 appellationem
1870 2074 2083 2109 Germaniae
2104 2076 2186 2109 lati-

1178 2148 1181 2169 ⁴
1206 2137 1287 2157 narn
1304 2136 1376 2158 esse
1393 2125 1566 2165 arbitror,
1595 2125 1654 2157 sed
1679 2137 1758 2159 cum
1781 2126 1906 2158 iisdem
1929 2126 2073 2172 syllabis
2092 2127 2184 2169 apud

1178 2175 1181 2210 ἔ
1204 2174 1426 2209 Herodotum
1450 2175 1703 2219 appellationes
1728 2175 1920 2217 Gentium,
1952 2188 2040 2220 quae
2069 2175 2184 2208 Persis

1178 2213 1181 2266 Ξ
1205 2226 1341 2259 vicinae
1363 2226 1527 2266 fuerunt,
1560 2226 1631 2259 sint
1653 2222 1873 2271 Γερμάνιοι,
1905 2223 2016 2266 Δάοι,
2044 2222 2184 2268 Σάκαι,

1205 2276 1287 2308 inde
1303 2277 1406 2310 etiam
1422 2288 1441 2309 a
1457 2275 1585 2320 Caspio
1608 2277 1699 2309 mari
1716 2277 1882 2320 paulatim
1899 2287 2096 2320 progressas
2113 2288 2185 2310 esse

1176 2319 1181 2418 j
1203 2327 1374 2367 arbitror,
1400 2327 1571 2369 fugientes
1587 2327 1679 2360 bella
1698 2333 1759 2361 aut
1774 2326 2008 2372 tyrannidem.

1303 2376 1476 2411 Fortassis
1492 2384 1531 2411 ut
1547 2378 1719 2411 discerent
1736 2377 1780 2410 ab
1797 2374 1944 2409 ethnicis
1962 2376 2077 2416 idolis,
2100 2375 2183 2410 hor·

1202 2433 1330 2460 tatores
1350 2435 1382 2461 et
1403 2429 1565 2462 ductores
1584 2427 1756 2461 Israelitas
1773 2424 1993 2467 habuerunt,
2020 2428 2182 2473 aquibus

1201 2529 1330 2562 multos
1347 2529 1384 2562 in
1401 2527 1551 2563 Oriente
1567 2527 1728 2561 didicisse
1745 2539 1817 2560 non
1835 2528 1983 2562 dubium
2003 2535 2064 2564 est.
2098 2527 2181 2562 Ideo

1201 2579 1294 2612 enirn
1313 2580 1489 2624 dispersae
1505 2585 1587 2613 sunt
1604 2578 1721 2610 decem
1739 2577 1861 2619 tribus,
1882 2586 1920 2612 ut
1935 2580 1979 2612 ad
1997 2579 2082 2612 alias
2097 2590 2183 2621 gen-

172 2641 210 2666 nt
227 2638 344 2671 sonat,
372 2628 541 2673 significat
553 2625 701 2660 Ebraeis
720 2626 927 2669 vagabundi
939 2654 948 2669 ‚
974 2626 1149 2662 utGraeci
1171 2636 1176 2674 ι
1199 2635 1248 2663 tes
1267 2642 1406 2676 quoque
1424 2630 1635 2675 perferretur
1650 2628 1779 2667 noticia
1797 2629 1839 2664 de
1855 2641 1938 2664 vero
1954 2628 2041 2666 Deo.
2082 2629 2181 2664 Sicut
