2324 2955
163 127 236 166 531

275 208 334 245 17.
367 205 414 242 Et
430 212 548 240 tamen
561 200 678 236 Filius
693 198 863 233 adsumsit
884 195 1075 233 humanam
1095 211 1159 233 na-

173 271 306 301 turam,
347 265 378 291 et
399 262 449 289 est
472 253 609 294 Homo,
652 263 726 285 non
752 249 875 292 Pater,
915 261 979 283 nec
1006 248 1161 294 Spiritus
1210 262 1288 283 mus
1310 248 1425 282 Deum
1448 248 1537 282 iuste
1563 249 1663 283 irasci
1689 250 1836 293 peccatis
1863 251 2005 284 nostris.

286 321 324 341 ls.

175 318 337 392 sancum.
378 353 427 390 Et
447 365 541 389 unus
562 360 613 388 est
635 350 816 391 Christus,
857 350 954 385 Deus
976 357 1010 384 et
1032 349 1165 392 Homo,

176 420 326 454 regnans
351 414 383 441 et
409 417 559 451 operans
584 416 663 437 cum
687 410 828 436 aeterno
845 401 949 436 Patre
976 408 1008 435 et
1029 401 1166 447 Spiritu

179 467 311 494 sanctu.
363 456 410 491 Et
433 468 512 490 cum
537 455 641 488 Patre
665 460 805 487 aeterno
833 459 866 486 et
888 452 1025 497 Spiritu
1048 458 1166 486 sancto

178 509 417 547 invocandus,
440 506 648 544 exaudiens,
675 516 775 547 opem
791 504 923 544 serem,
946 503 1092 536 salvans.

286 559 343 593 19.
380 556 428 591 Et
451 557 577 590 fidncia
601 555 666 588 filii
682 553 891 588 Mediatoris
916 560 948 587 et
971 552 1168 587 Sacerdotis

180 609 417 645 accedendum
436 614 486 641 est
503 608 546 640 ad
567 607 698 640 Deum.

283 659 342 694 20.
378 657 450 692 Nec
473 657 617 691 accendi
642 661 754 700 potest
777 655 852 687 sine
874 666 958 687 voce
972 652 1169 696 Evangelii,

184 723 271 757 quae
288 711 407 747 docet,
440 719 505 741 nos
528 707 634 751 gratis
659 712 802 750 propter
825 705 937 738 filium
957 704 1024 738 Dei
1050 703 1170 748 recipi,

184 770 218 796 ct
241 762 350 794 iustos
367 759 533 803 reputari.
584 757 687 790 Hanc
709 755 815 789 fidem
840 756 1040 800 praelucere
1066 766 1173 799 opor-

184 818 234 845 tet
252 811 288 843 in
307 810 405 843 omni
421 809 653 842 invocatione.

286 860 348 896 21.
391 858 621 893 Manifestum
653 863 702 891 est
735 863 870 897 autem,
907 856 1106 890 doctrinam
1131 855 1172 887 de

184 910 251 945 hac
291 911 358 943 fide
398 910 547 943 deletam
584 908 691 942 fuisse
733 907 964 952 opinionibus
1012 904 1173 944 ethnicis,

186 973 273 1007 quas
291 960 487 994 defendunt
502 959 682 1003 Papistae,
707 959 801 1003 quod
816 957 860 990 sit
877 957 1113 990 dubitandum
1130 956 1172 988 de

186 1011 393 1045 remissione
408 1016 649 1054 peccatorum,
675 1009 771 1053 quod
790 1008 834 1040 sit
849 1007 1103 1046 dubitandum,
1128 1017 1173 1038 an

185 1073 305 1106 preces
331 1067 471 1093 nostrae
497 1060 656 1102 placeant
682 1066 715 1090 et
738 1058 964 1099 recipiantur.
1015 1054 1062 1088 Et
1079 1056 1173 1098 quod

187 1112 409 1145 sentiendum
428 1110 490 1148 sit,
514 1120 577 1141 nos
593 1113 735 1151 propter
750 1112 869 1138 nostra
887 1105 1011 1137 merita
1028 1104 1148 1146 recipi.

289 1163 350 1195 22.
384 1158 613 1192 'Manifestum
630 1163 696 1199 est,
724 1162 756 1189 et
774 1155 868 1188 idola
893 1155 930 1187 in
951 1154 1174 1187 invocatione

186 1211 367 1257 proposita
385 1221 475 1250 esse,
502 1208 632 1241 scilicet
648 1212 795 1246 statuas,
822 1211 979 1238 mortuos
1003 1202 1175 1243 homines,

190 1269 224 1295 et
242 1262 370 1294 multos
386 1260 489 1292 salsos
508 1258 620 1291 cultus
644 1257 853 1299 excogitatos
877 1267 966 1296 esse,
992 1262 1031 1288 ut
1049 1255 1174 1297 depra-

189 1311 347 1344 vationes
365 1307 666 1347 coenaeDomini,
692 1303 941 1343 monachatus,
969 1304 1175 1337 satisfactIO—

188 1373 261 1396 nes.
313 1359 408 1393 Haec
425 1371 504 1392 cum
519 1358 590 1391 sint
608 1357 809 1396 manifesta,
835 1367 909 1388 non
924 1361 1014 1388 recte
1032 1354 1176 1393 faciunt,

189 1411 250 1456 qui
266 1416 445 1455 praetextu
462 1408 616 1442 nominis
633 1406 826 1446 Ecclesiae,
853 1412 999 1439 tuentur
1016 1411 1049 1438 et
1067 1404 1175 1438 stabi-

190 1462 282 1495 liunt
302 1472 435 1493 errores
447 1486 455 1499 ,
482 1465 541 1492 aut
558 1459 601 1490 ad
618 1469 675 1490 eos
692 1458 851 1490 redeunt.

291 1511 352 1547 23,
386 1509 495 1552 Saepe
510 1507 722 1552 praedicitur
740 1507 778 1538 in
801 1505 1031 1538 concionibus
1044 1501 1175 1537 Christi

192 1568 224 1595 et
241 1559 512 1604 Apostolorum,
546 1558 583 1589 in
607 1558 668 1590 illo
695 1557 770 1600 ipso
797 1562 913 1596 coetu,
947 1555 1008 1600 qui
1032 1560 1177 1587 vocatur

189 1610 363 1651 Ecclesia,
397 1620 558 1652 magnam
582 1609 656 1641 fore
679 1606 945 1640 multitudinem
970 1605 1175 1637 errantium.

191 1661 254 1695 Ait
276 1661 371 1693 enim
394 1657 571 1692 Christus:
609 1657 719 1690 7Multi
742 1653 1076 1699 Pseudoprophetae
1099 1666 1177 1686 sur-

192 1719 293 1755 gent,
321 1717 354 1744 et
371 1710 536 1743 seducent
555 1707 693 1740 multos.

296 1761 356 1795 24.
390 1759 526 1793 Interea
544 1765 662 1791 tamen
676 1754 831 1789 Ecclesia
851 1753 968 1799 aliqua
985 1753 1053 1788 Dei
1078 1764 1177 1786 man-

197 1812 259 1849 sit,
289 1818 326 1844 ut
345 1811 382 1843 in
400 1809 526 1842 Iudaea
551 1807 778 1851 regnantibus
796 1804 940 1846 Atheis,
965 1803 1177 1838 Sadducaeis

193 1869 225 1894 et
248 1859 464 1900 Pharisaeis,
491 1866 607 1892 tamen
634 1857 762 1891 mansit
783 1854 959 1895 Ecclesia,
986 1861 1085 1887 erant
1111 1853 1178 1886 Za-

194 1909 349 1950 charias,
376 1909 539 1949 Simeon,
563 1905 764 1947 Elisabeth,
800 1905 933 1944 BIaria,
967 1904 1116 1945 Hanna,
1146 1910 1178 1937 et

194 1961 255 1993 alii
280 1961 405 2000 multi,
444 1961 536 2002 apud
565 1969 652 2003 quos
677 1957 857 1991 doctrinae
883 1956 1016 2000 puritas
1041 1955 1179 1996 mansit,

196 2018 228 2045 et
244 2011 305 2044 alii
321 2011 399 2054 plns
410 2036 419 2049 ‚
446 2009 505 2042 alii
521 2008 637 2041 minus
653 2008 741 2041 lucis
759 2005 969 2040 habuerunt.

297 2059 357 2096 25.
391 2053 583 2093 Mbventur
598 2056 759 2092 homines
774 2058 876 2091 titulo
893 2056 1091 2096 Ecclesiae,
1118 2057 1179 2089 de-

193 2112 369 2144 formitate
404 2109 663 2154 dissipationis,
710 2108 884 2142 scandalis
914 2108 1117 2141 docentium
1148 2113 1181 2140 et

194 2160 413 2205 Principum.
466 2160 678 2204 Quanquam
695 2165 811 2192 autem
835 2170 936 2203 saepe
959 2159 1094 2191 duriter
1117 2169 1180 2201 op-

196 2219 396 2255 pugnantur
412 2211 521 2244 animi
538 2208 593 2243 his
609 2210 703 2250 telis,
730 2216 846 2242 tamen
864 2220 1082 2253 opponamus
1105 2220 1180 2241 ma-

195 2262 336 2294 nifestos
354 2273 486 2294 errores
502 2259 674 2300 hostium,
701 2266 734 2293 et
749 2259 918 2300 sciamus,
944 2259 1109 2291 omnibus
1125 2270 1180 2290 re-

195 2312 261 2344 bus
289 2312 553 2344 anteferendum
587 2322 658 2343 esse
693 2310 897 2343 mandatum
925 2308 1007 2342 Dei:
1057 2308 1180 2352 Fugite

196 2361 301 2394 idola.
355 2359 502 2394 Etiamsi
520 2361 614 2394 videt
630 2360 762 2393 Moises
776 2371 922 2402 regnum
934 2359 1082 2404 Aegypti
1101 2359 1181 2403 pul-

196 2410 386 2444 cerrimum
408 2411 536 2451 everti,
565 2411 699 2444 etiamsi
726 2422 853 2453 magno
878 2423 956 2443 curn
980 2410 1102 2443 dolore
1128 2409 1181 2441 vi-

194 2462 279 2494 ‹lent
297 2459 456 2504 Apostoli
483 2459 699 2493 horribiliter
715 2461 879 2504 dissipari
898 2460 1029 2504 optime
1046 2460 1181 2493 consti—

196 2519 304 2545 tutam
324 2510 496 2554 politiam,
524 2517 555 2543 ct
572 2511 719 2554 patriam
736 2512 894 2544 funditus
911 2511 1035 2544 deleri:
1063 2517 1180 2544 tamen

196 2561 451 2595 consessionem
468 2561 622 2593 veritatis
636 2572 707 2592 non
723 2562 907 2596 abiiciunt.

295 2611 356 2646 26.
398 2610 514 2644 Multa
545 2617 626 2643 sunt
657 2610 905 2654 impedimenta
936 2609 1180 2650 invocationis,

191 2662 248 2695 sed
284 2661 376 2695 inter
411 2660 596 2705 praecipua
626 2666 677 2694 est
707 2660 869 2703 cogitatio
900 2662 942 2695 de
974 2667 1091 2695 nostra
1124 2660 1180 2693 in-

923 111 1410 149 DISPUTATIONES

2110 115 2184 153 532

1212 199 1394 243 dignitate.
1443 196 1583 233 Scimus
1607 209 1671 232 nos
1695 198 1838 232 meritos
1863 210 1935 233 esse
1950 213 2099 245 poenas,
2126 203 2197 236 sci-

2063 251 2110 286 Et
2140 253 2196 286 lex

1213 300 1366 333 clamitat
1385 299 1422 331 in
1439 299 1604 333 cordibus
1619 299 1838 343 singulorum
1850 327 1860 341 ,
1886 312 2016 344 poenas
2038 302 2199 336 testimo-

1214 351 1313 383 nium
1330 361 1401 382 esse
1416 349 1541 384 iudicii
1564 349 1696 389 divini,
1733 351 1828 395 quod
1852 363 1871 384 a
1888 349 1963 384 Deo
1984 351 2111 384 abiecti
2131 353 2201 386 sint

1216 400 1421 435 calamitosi.
1473 399 1607 434 Contra
1620 397 1705 433 haec
1727 406 1885 434 teneatur
1903 402 2064 435 doctrina
2080 399 2202 435 Evan-

1216 451 1315 495 gelii,
1342 451 1385 484 de
1400 450 1619 494 poenitentia
1639 457 1672 484 et
1690 450 1894 485 remissione
1908 459 2146 496 peccatorum,
2170 458 2204 485 et

1217 503 1258 535 de
1284 502 1362 534 fide.
1414 500 1628 547 Quanquam
1644 512 1766 534 sumus
1781 500 1938 544 indigni,
1963 509 2082 536 tamen
2097 514 2204 546 agen-

1221 559 1271 585 tes
1289 551 1560 596 poenitentiam,
1587 558 1621 585 et
1638 552 1818 584 credentes
1834 551 1871 584 in
1880 550 2060 586 Christum
2078 553 2206 597 recipi·

1219 615 1320 643 mur,
1347 609 1379 635 et
1396 602 1577 642 iuvamur,
1598 602 1687 635 sicut
1713 601 1881 646 scripturn
1907 609 1974 636 est:
2013 601 2138 636 Venite
2161 604 2206 636 ad

1219 665 1276 687 me
1294 664 1414 685 omnes
1430 653 1492 698 qui
1509 652 1677 687 laboratis
1694 659 1726 687 et
1742 652 1878 686 onerati
1894 653 1994 695 estis,
2021 659 2054 687 et
2072 664 2133 696 ego
2150 664 2206 686 re-

1220 704 1333 736 ficiam
1350 715 1421 737 vos.

1324 838 1439 883 (LV.)
1472 840 1577 874 Alia
1613 838 1899 884 disputatio:
1933 839 1980 874 de
2002 839 2106 875 Fide.

1223 932 1316 971 Erat
1331 936 1512 969 XVicelius
1526 942 1559 970 et
1575 936 1726 975 similes,
1752 942 1786 970 et
1810 936 1994 980 caliginem
2019 937 2210 971 offundunt

1223 987 1414 1020 sententiae
1430 985 1554 1027 Pauli,
1583 998 1660 1019 cum
1680 987 1718 1019 in
1736 984 1804 1019 hoc
1825 988 1917 1021 dicto
1939 987 2056 1020 Pauli:
2090 984 2212 1020 Fide

1224 1035 1568 1081 iustificantur,
1595 1043 1723 1079 negant
1746 1036 1814 1069 fide
1836 1038 2022 1080 significari
2049 1038 2211 1070 fiduciam

1223 1086 1502 1124 misericordiae,
1526 1093 1669 1129 propter
1683 1084 1866 1120 Christum
1884 1088 2094 1132 promissae.

1325 1152 1361 1187 2.
1395 1150 1484 1185 Cum
1501 1152 1595 1184 enim
1605 1150 1736 1185 Paulus
1751 1151 1877 1188 Roma.
1893 1152 1926 1186 4.
1944 1155 2111 1194 affirmet,
2138 1166 2211 1187 non

1224 1214 1324 1246 posse
1347 1202 1457 1245 accipi
1482 1202 1690 1244 promissam
1715 1203 1957 1235 remissionem
1981 1211 2214 1247 peccatorum,

1225 1253 1295 1285 nisi
1325 1253 1410 1292 fide,
1443 1263 1580 1284 necesse
1610 1257 1661 1284 est
1693 1251 1843 1294 intelligi
1874 1253 2036 1286 fiduciam
2077 1255 2213 1287 miseri-

1226 1302 1375 1335 cordiae.
1427 1300 1485 1335 Sic
1508 1301 1611 1333 fidem
1635 1308 1669 1334 et
1684 1300 1834 1335 Basilius
1856 1303 2049 1344 intellexit,
2075 1311 2108 1337 et
2123 1312 2215 1339 recte

1226 1353 1293 1391 ait,
1336 1363 1454 1385 veram
1488 1351 1661 1385 iusticiam
1698 1352 1772 1385 sola
1800 1352 1868 1386 fide
1899 1354 2117 1397 contingere,
2167 1355 2215 1388 sic

1228 1403 1323 1436 enim
1350 1402 1417 1436 ait:
1459 1400 1478 1436 ὃ
1499 1398 1754 1446 καυχώμενος,
1789 1401 1828 1436 ἐν
1853 1401 1971 1448 κυρίῳ
1992 1402 2213 1448 καυχάσθω.

1228 1450 1327 1497 αὑτὴ
1343 1450 1417 1499 γὰρ
1434 1450 1479 1496 δὴ
1496 1450 1517 1496 ἡ
1533 1451 1666 1492 τέλεια,
1695 1450 1757 1485 καὶ
1775 1449 1970 1497 ὁλόκληρος
1983 1452 2159 1498 καύχησις
2174 1454 2214 1488 ἐν

1227 1503 1324 1547 θεῷ,
1354 1500 1413 1535 ὅτε
1434 1499 1525 1545 μήτε
1549 1499 1606 1535 ἐπὶ
1637 1499 1854 1547 δικαιοσύνῃ
1881 1501 1935 1541 τὶς
1959 1501 2143 1549 ἐπαίρεται
2167 1507 2212 1549 τῇ

1229 1552 1381 1592 ἑαυτοῦ,
1427 1549 1518 1585 ἀλλὰ
1549 1550 1644 1598 ἔγνω
1663 1549 1732 1595 μὲν
1756 1549 1861 1597 ἐνδεῆ
1886 1552 1977 1587 ὄντα
2001 1552 2135 1589 ἑαυτὸν
2157 1552 2214 1589 δι-

1228 1599 1425 1646 καιοσύνης
1440 1600 1617 1646 ἀληθοῦς,
1641 1600 1758 1636 πίστει
1774 1600 1812 1636 δὲ
1828 1599 1925 1648 μόνῃ
1940 1606 1986 1648 τῇ
1999 1605 2048 1642 εἷς
2060 1603 2214 1649 χριστὸν

1229 1650 1527 1694 δεδικαιωμένων
1544 1659 1620 1693 etc„
1641 1652 1700 1697 qui
1716 1653 1899 1695 gloriatur,
1923 1654 1960 1686 in
1969 1653 2123 1687 Domino
2140 1655 2219 1697 glo-

1229 1703 1350 1735 rietur.
1402 1701 1496 1734 Haec
1512 1709 1563 1735 est
1578 1703 1671 1734 enim
1690 1703 1841 1745 perfecta
1865 1710 1898 1736 et
1925 1704 2061 1746 integra
2085 1705 2213 1747 gloria-a

1230 1753 1279 1786 tio
1297 1753 1334 1784 in
1351 1751 1445 1789 Deo,
1474 1751 1614 1795 quando
1631 1762 1744 1795 neque
1760 1758 1905 1795 propter
1925 1753 2098 1786 iusticiam
2115 1766 2215 1789 suam

1231 1803 1415 1848 quisquam
1437 1801 1597 1841 effertur,
1624 1801 1683 1833 sed
1709 1802 1866 1844 agnoscit
1889 1813 1924 1835 se
1948 1803 2106 1846 indigere
2131 1816 2215 1839 vera

1231 1853 1365 1887 iusticia
1377 1876 1386 1891 ,
1413 1852 1480 1884 fide
1493 1857 1610 1885 autem
1626 1863 1644 1884 S
1655 1849 1731 1884 ola
1746 1852 1784 1885 in
1799 1849 1979 1887 Christum
1997 1854 2188 1891 iustificari.

1233 1997 1369 2042 (LVI.)
1395 1999 1483 2030 Edita
1499 2009 1542 2031 ex
1562 1994 1768 2042 ἄρχέτυπῳ,
1795 2001 1837 2030 sie
1853 2000 2014 2040 inscripto:
2041 1998 2216 2044 Dispu-

1232 2051 1359 2084 tatio
1384 2049 1437 2083 de
1454 2050 1787 2091 DIatrimonio,
1824 2053 1954 2083 contra
1977 2049 2097 2095 legem
2119 2052 2216 2084 Pon-

1233 2099 1391 2147 tificiam
1416 2099 1461 2133 cle
1479 2099 1681 2142 coelibatu,
1715 2101 1858 2134 Autore
1873 2101 1925 2133 M.
1941 2100 2104 2144 Cas-paro
2120 2101 2215 2135 Can-

1232 2155 1394 2197 iayiser,
1440 2152 1618 2185 Saoeonici
1648 2151 1803 2197 Collegit*
1834 2149 1939 2195 apud
1966 2150 2215 2194 Erphordiam

1233 2204 1401 2237 Decano.
1444 2203 1534 2236 Cum
1554 2199 1798 2246 praefatione
1820 2203 1868 2236 D.
1885 2200 2050 2245 Philippi
2066 2202 2214 2237 Melan-

1233 2253 1368 2288 Πιοηὶδ.
1422 2250 1626 2299 [Vitebergae.
1661 2255 1754 2285 Anno
1769 2254 1862 2284 DLD.
1878 2253 2001 2283 XLVI.
2018 2254 2052 2291 (1
2070 2254 2135 2284 Fol.
2163 2256 2210 2295 8.)

1232 2306 1302 2337 Non
1329 2318 1345 2335 a
1371 2305 1564 2336 Melantlione
1589 2318 1650 2335 esse
1672 2306 1835 2346 profectam
1864 2304 1940 2334 hano
1969 2304 2212 2344 disputationem,

1233 2369 1294 2387 non
1314 2358 1435 2398 quidem
1452 2359 1578 2386 auctoris
1593 2356 1798 2396 Kantagieseri
1814 2366 1923 2384 nomen
1950 2355 2034 2393 (cum
2053 2355 2212 2396 Philippus

1234 2420 1320 2449 saepe
1348 2420 1401 2448 pro
1424 2411 1490 2438 aliis
1510 2408 1685 2446 laboravit),
1713 2407 1763 2436 sed
1780 2409 1878 2446 potius
1895 2408 1974 2443 laus,
2002 2417 2090 2447 quam
2108 2409 2212 2438 tribuit

1233 2460 1280 2489 his
1298 2461 1554 2499 propositionibus
1572 2461 1602 2488 in
1620 2458 1801 2498 praefatione
1819 2456 1923 2497 (quarn
1941 2457 2002 2489 vid.
2015 2454 2052 2486 ‘iu
2068 2456 2212 2496 Epistolis

1233 2514 1301 2539 anni
1319 2510 1416 2549 1546)
1433 2517 1461 2540 et
1474 2512 1683 2550 postscriptum
1699 2508 1852 2547 producit,
1881 2508 1961 2548 quod
1972 2507 2117 2537 Peucerus
2134 2511 2212 2538 omi-

1232 2563 1286 2598 sit,
1313 2562 1450 2591 videlicet
1465 2563 1497 2590 in
1513 2563 1568 2589 sine
1585 2562 1738 2597 leguntur:
1779 2581 1798 2595 ‚‚
1810 2558 2012 2588 Celebrabitur
2029 2561 2060 2587 iu
2076 2557 2210 2598 Colle-gio

1233 2611 1389 2641 Saxonum
1407 2612 1457 2643 17.
1475 2612 1521 2640 die
1531 2610 1646 2646 Martii,
1675 2609 1871 2648 respondente
1889 2609 2018 2648 Iosepho
2029 2607 2210 2647 Kirchnero‚

1232 2663 1389 2692 venerandi
1412 2663 1487 2691 senis
1509 2671 1541 2690 uc
1565 2662 1627 2690 veri
1643 2660 1799 2690 sacerdotis
1815 2659 1854 2690 D.
1871 2659 1913 2691 Μ.
1931 2658 2116 2700 sigismundi
2138 2662 2210 2690 silio.
