2324 2955
171 109 243 147 615

183 204 349 242 tanquam
368 197 526 236 fulmine,
554 208 630 230 cum
645 198 748 230 corda
769 197 908 237 iudicat,
937 205 976 232 ut
993 200 1160 244 scriptum

185 255 249 280 est:
279 247 429 280 Aculeus
446 247 568 279 mortis
588 256 765 291 peccatum
783 255 842 281 est.
895 248 1056 283 Potentia
1077 263 1158 284 vero

184 297 312 340 peccati
331 298 381 328 lex
399 303 458 329 est.
512 295 614 330 Item:
651 298 750 331 Sicut
774 299 826 331 leo
852 299 1019 333 contrivit
1041 302 1159 334 omnia

180 358 254 379 ossa
272 358 357 378 mea.

283 396 342 430 18.
370 396 436 430 Sed
458 409 529 430 non
550 397 631 431 satis
653 404 703 431 est
727 399 763 431 in
780 397 936 433 Ecclesia
961 400 1071 442 legem
1094 402 1157 434 do-

179 457 271 484 cere,
310 459 376 490 qua
401 446 496 480 Deus
519 448 678 481 omnium
702 456 838 492 peccata
863 450 1014 490 iudicat,
1054 452 1156 484 etiam

177 496 337 536 illorum,
372 497 431 540 qui
458 505 537 532 sunt
561 505 655 531 extra
673 493 879 532 Ecclesiam.
938 499 1070 533 Verum
1095 514 1157 534 ne-

178 557 269 578 cesse
293 552 342 579 est
367 549 506 590 agnosci
539 548 650 581 filium
674 548 739 582 Dei
768 550 996 583 mediatorem
1029 557 1061 583 et
1084 552 1156 584 eius

176 596 364 636 beneficia,
406 597 495 631 sicut
524 605 621 642 pater
645 600 802 632 coelestis
828 600 969 633 clamat:
1011 599 1080 634 Hic
1107 610 1156 635 est

178 647 270 678 filius
295 658 390 680 meus
416 648 581 688 dilectus,
609 646 702 682 hunc
725 650 853 684 audite.
905 648 952 682 Et
973 650 1010 682 in
1029 650 1155 685 Psalm.

176 696 276 729 dicit:
307 694 527 730 osculamini
550 699 672 732 filium.
723 698 772 733 Et
795 700 832 731 in
854 698 958 732 Esaia
986 700 1153 745 scriptum

175 753 242 779 est:
278 745 412 779 Noticia
431 748 522 780 servi
541 749 632 789 mei,
658 749 758 789 iusti,
792 750 992 783 iustificabit
1015 752 1153 785 multos.

172 796 361 838 Colligitur
378 809 458 839 ergo
475 796 629 831 Ecclesia
641 797 724 837 Dei,
752 799 947 833 ministerio
959 799 1153 843 Evangelii,

172 846 209 877 in
229 858 296 890 qno
313 853 343 878 et
358 848 513 889 arguitur
529 855 728 892 peccatum,
763 856 795 882 et
822 857 1037 884 monstratur
1061 853 1152 885 filius

174 894 258 934 Dei,
297 895 472 931 Dominus
498 905 617 932 noster
643 898 736 932 Iesus
758 898 939 941 Christus,
983 901 1150 936 immensa

171 946 408 979 misericordia
426 948 570 989 missus,
604 955 642 982 ut
665 957 808 993 propter
830 963 909 983 eum
936 958 968 984 et
994 963 1055 994 per
1073 965 1149 985 euin

171 997 277 1037 gratis
298 998 490 1030 reddantur
506 999 608 1031 nobis
627 999 762 1033 iusticia
782 1007 815 1034 et
833 1001 902 1033 vita
919 1008 1068 1034 aeterna.

274 1046 329 1080 19.
366 1046 429 1081 Est
446 1048 811 1092 igiturEvangeliutn‚
838 1051 1049 1093 praedicatio
1067 1063 1149 1094 poe-

171 1096 356 1137 nitentiae,
384 1105 416 1131 et
431 1100 627 1142 promissio,
656 1112 760 1143 quam
779 1100 868 1132 ratio
887 1112 958 1132 non
975 1107 1070 1133 tenet
1087 1113 1148 1133 na-

171 1147 349 1186 turaliter,
377 1149 435 1181 sed
454 1150 603 1183 revelata
621 1149 809 1187 divinitus,
838 1150 874 1181 in
891 1161 958 1194 qua
976 1148 1072 1182 Deus
1086 1152 1148 1183 ad-

169 1197 281 1230 firmat
304 1209 338 1230 se
362 1205 504 1242 propter
529 1194 640 1232 filium
664 1199 913 1240 mediatorem,
946 1200 1145 1233 Dominum

168 1254 326 1280 nostrum
358 1248 471 1281 lesum
501 1246 697 1289 Christum,
738 1250 861 1292 gratis,
901 1261 975 1282 non
1002 1257 1146 1294 propter

167 1296 237 1329 ulla
262 1305 379 1331 nostra
403 1310 526 1341 opera,
559 1305 619 1332 aut
639 1299 786 1332 virtutes
811 1306 947 1332 nostras
969 1301 1145 1333 remittere

165 1354 319 1388 peccata,
369 1355 401 1380 et
433 1348 605 1392 imputare
641 1349 812 1382 iusticiam
847 1350 1071 1383 credentibus
1106 1351 1142 1383 in

162 1396 291 1436 tilium,
319 1408 356 1429 ac
376 1398 479 1430 simul
499 1399 673 1431 vivificare
690 1410 753 1431 nos
771 1411 832 1442 per
855 1400 985 1439 filium,
1013 1407 1045 1433 et
1062 1412 1143 1432 san-

162 1446 311 1479 ctificare
331 1447 410 1480 dato
427 1447 562 1491 Spiritu
582 1455 722 1489 sancto,
748 1456 781 1482 et
797 1450 908 1482 facere
925 1461 990 1482 nos
1017 1447 1141 1482 haere-

161 1496 220 1528 des
242 1497 332 1530 vitae
348 1504 517 1533 aeternae.
570 1497 664 1531 Haec
685 1499 778 1531 bona
803 1499 920 1534 omnia
941 1500 1140 1542 complexus

160 1553 207 1577 est
226 1545 372 1584 Paulus,
402 1560 478 1580 cum
497 1549 628 1592 inquit:
658 1547 779 1581 Gratia
798 1548 861 1581 Dei
879 1555 911 1581 et
928 1550 1061 1581 donum
1078 1562 1140 1592 per

159 1596 304 1635 gratiam
339 1598 443 1630 unius
473 1596 626 1630 hominis
663 1597 742 1631 Iesu
774 1596 905 1631 Christi
935 1599 973 1631 in
997 1599 1138 1643 =multos

159 1646 372 1681 exuberavit.
945 1657 951 1663 ⁸

259 1697 317 1731 20.
353 1697 519 1730 Mirando
542 1699 690 1732 consilio
714 1699 889 1732 decretum
914 1706 983 1740 est,
1016 1706 1055 1733 ut
1080 1697 1137 1732 hic

157 1747 328 1780 mediator
344 1748 386 1780 sit
404 1746 498 1780 Deus
516 1755 547 1781 et
565 1747 681 1788 homo,
702 1755 733 1781 et
750 1761 868 1781 causas
885 1750 920 1781 in
937 1756 1007 1782 tota
1025 1757 1136 1782 aeter—

155 1796 262 1829 nitate
285 1798 593 1831 considerabimus.
647 1796 807 1831 Inchoari
825 1806 941 1832 tamen
967 1798 1057 1832 hanc
1081 1811 1136 1832 sa-

153 1846 318 1887 pientiam
339 1848 411 1880 vult
428 1846 521 1881 Deus
539 1849 574 1880 in
597 1846 660 1881 hac
684 1849 772 1886 vita,
799 1849 873 1881 vult
895 1861 959 1882 nos
983 1850 1133 1891 cogitare

149 1907 222 1927 non
239 1897 363 1929 frustra
383 1895 448 1930 hoc
465 1899 586 1931 foedus
602 1910 679 1931 cum
695 1905 819 1931 natura
835 1896 986 1932 humana
1003 1900 1130 1932 factum

152 1956 241 1986 esse,
278 1948 351 1980 vult
375 1955 489 1988 gratos
513 1949 686 1981 celebrare
710 1946 803 1981 hunc
825 1960 999 1982 summum
1031 1961 1131 1982 amo-

152 2008 223 2029 rem
248 2008 325 2038 erga
346 2009 420 2032 nos.
478 1998 566 2031 Cum
592 1998 754 2031 diabolus
778 1996 940 2031 horribili
966 2000 1047 2032 odio
1064 1999 1129 2033 Dei

150 2047 325 2079 avulsisset
341 2059 450 2088 genus
468 2045 661 2081 humanum
684 2061 701 2080 a
718 2047 812 2088 Deo,
843 2055 874 2081 et
902 2050 1037 2082 vicisset
1062 2047 1129 2082 ho-

150 2096 278 2136 mines,
306 2109 424 2131 rursus
442 2095 507 2130 hoc
524 2100 629 2131 modo
652 2099 812 2131 redditur
827 2098 901 2131 Deo
924 2112 1033 2141 genus
1058 2097 1126 2133 hu-

148 2157 288 2178 manum
304 2148 394 2180 facto
412 2149 567 2187 decreto,
590 2156 627 2182 ut
642 2149 734 2180 filius
759 2150 954 2182 adsumeret
978 2162 1125 2182 massam

128 2196 290 2228 'naturae
309 2194 491 2232 humanae.
545 2197 590 2232 Et
611 2210 731 2231 rursus
754 2211 818 2243 per
842 2196 1019 2232 hominem
1045 2199 1125 2233 vin-

145 2246 235 2277 citur
250 2248 399 2288 potentia
417 2249 570 2288 diaboli,
593 2249 681 2282 sicut
705 2249 821 2281 statim
846 2249 881 2280 in
908 2250 1018 2292 prima
1041 2262 1124 2293 pro-

144 2295 307 2328 missione
325 2298 454 2330 dictum
473 2305 539 2331 est:
566 2299 693 2333 Semen
710 2299 865 2331 mulieris
888 2306 1041 2333 conteret
1065 2312 1122 2333 ca-

144 2352 206 2388 put
222 2347 400 2388 serpentis.

242 2398 301 2430 21.
336 2396 405 2428 Nec
422 2399 514 2431 adest
531 2397 674 2431 naturae
692 2396 865 2431 humanae
885 2395 991 2446 λόγος
1013 2411 1116 2444 quam

139 2446 326 2482 adsumsit,
349 2453 484 2479 tantum
512 2450 693 2488 societate,
721 2449 810 2482 sicut
830 2450 925 2482 adest
942 2447 1116 2490 Abrahae,

138 2494 260 2535 Iacob,
290 2494 489 2538 Prophetis,
513 2500 598 2531 sit-ut
619 2498 815 2530 Nestoi-iani
834 2500 1024 2542 tingebant:
1055 2501 1111 2532 sed

135 2546 217 2577 unio
237 2553 285 2578 est
304 2544 514 2591 hypostatica
537 2551 597 2581 [οὐ
621 2545 732 2593 λόγου
757 2557 788 2582 et
815 2548 986 2583 humanae
1011 2557 1113 2582 natu-

939 110 1414 151 DISPUTATIONES

2113 118 2187 152 616

1212 202 1260 234 sic
1294 205 1564 240 sustentaretur,
1592 197 1666 233 'illa
1702 209 1813 232 massa
1847 209 1988 243 prorsus
2015 201 2185 236 interiret.

1210 252 1289 284 Non
1308 251 1402 283 enim
1421 256 1506 282 esset
1529 261 1638 283 unum
1664 246 1937 296 ὑφιστάμενον,
1964 251 2032 284 nisi
2057 252 2105 285 sic
2128 264 2186 295 ge-

1210 307 1358 334 staretur
1376 298 1459 332 haec
1477 311 1600 334 massa.

1310 353 1369 385 22.
1407 348 1484 383 Etsi
1500 350 1694 393 exemplum
1712 362 1854 394 prorsus
1871 351 1984 383 simile
1998 355 2185 385 monstrari

1209 412 1280 433 non
1298 408 1428 445 potest,
1453 407 1568 433 tamen
1595 406 1746 433 vetustas
1771 412 1832 434 usa
1858 407 1913 447 est
1935 399 1999 434 hac
2022 402 2186 436 similitu-

1208 452 1300 485 dine.
1371 449 1455 484 Esse
1487 462 1598 483 unum
1622 447 1894 495 ὑφιστάμενον,
1928 449 1993 484 τὸν
2018 448 2128 499 λόγον
2153 460 2186 485 et

1206 502 1401 534 adsumtam
1434 507 1594 533 naturam
1622 498 1830 541 humanam,
1877 500 1965 533 sicut
1995 499 2100 534 homo
2135 512 2185 536 est

1206 563 1315 584 unum
1340 549 1612 596 ὑφιστάμενον,
1657 548 1789 583 habens
1822 550 1974 582 animam
1996 558 2029 584 et
2047 564 2183 595 corpus.

1206 600 1280 634 IIac
1304 601 1536 634 similitudine
1558 601 1613 633 usi
1643 607 1725 634 sunt
1747 598 1979 640 Athanasius,
2019 599 2184 645 Cyrillus,

1205 658 1236 684 et
1256 651 1410 685 lustinus
1439 651 1499 695 qui
1522 658 1637 684 tamen
1665 651 1763 683 addit
1786 650 2054 683 correctionem:
2090 651 2184 689 τινές

1203 699 1271 744 μὲν
1285 700 1351 746 τὴν
1371 700 1501 735 ἕνωσιν
1519 698 1568 738 ὡς
1587 702 1709 745 ψυχῆς
1732 698 1822 745 πρὸς
1845 702 1952 743 σῶμα
1973 697 2183 744 νοήσαντες,

1205 750 1322 789 ὅπως
1345 747 1603 785 ἐκιῖεὸώκασιν.
1643 748 1706 784 καὶ
1731 747 1912 795 ἇρμόδιόν
1932 762 1974 796 γε
1998 748 2038 784 τὸ
2064 750 2183 797 παρά-

1203 799 1354 848 δειγμα,
1383 803 1410 835 εἰ
1429 799 1489 835 καὶ
1503 799 1554 846 μὴ
1572 797 1666 834 κατὰ
1683 797 1822 838 πάντα,
1847 798 1941 834 κατὰ
1961 798 1995 833 τὶ
2011 803 2117 847 γοῦν.

1302 854 1364 886 23.
1397 851 1529 884 Causae
1547 858 1659 884 autem
1678 851 1874 892 cogitentur
1900 848 2004 883 huius
2029 852 2182 885 mirandi

1204 903 1355 937 consilii.
1396 901 1472 934 Nisi
1489 903 1666 934 decretum
1691 901 1830 940 fuisset,
1863 906 1901 932 ut
1926 912 2035 934 massa
2060 913 2099 934 ex
2123 913 2181 944 ge-

1202 964 1283 985 nere
1301 950 1456 985 humano
1479 953 1736 991 adsumeretur,
1763 957 1796 983 et
1814 950 1861 982 sic
1882 962 2002 983 rursus
2026 951 2180 984 vivifica-

1202 1010 1298 1034 retur
1326 1015 1387 1046 per
1411 1003 1578 1042 verbum,
1615 1013 1684 1045 quo
1712 1000 1892 1033 conditum
1917 1007 2005 1040 erat,
2037 1013 2181 1044 prorsus

1199 1052 1319 1084 suisset
1349 1053 1538 1085 extinctum
1570 1063 1679 1093 genus
1707 1048 1920 1090 humanum,
1949 1057 1982 1083 et
2003 1051 2179 1095 reliquum

1198 1101 1324 1133 mundi
1343 1101 1519 1143 opificium
1533 1101 1661 1133 frustra
1681 1100 1861 1132 conditum
1877 1106 1976 1133 esset.
2029 1099 2081 1134 Ita
2097 1113 2178 1144 pro-

1198 1157 1272 1193 pter
1289 1148 1379 1182 hanc
1395 1161 1543 1182 massam
1562 1150 1813 1182 adsumendam
1830 1156 1988 1182 servatur
2006 1156 2141 1185 natura.

1298 1199 1458 1244 Cumque
1494 1200 1664 1232 immensa
1698 1198 1937 1232 misericordia
1972 1199 2178 1243 deprecante

1198 1249 1270 1282 filio
1295 1257 1492 1283 servaretur
1510 1260 1618 1292 genus
1642 1246 1858 1289 humanum,
1892 1255 1924 1282 et
1941 1247 2035 1282 Deus
2062 1255 2176 1282 tamen

1196 1300 1298 1333 vellet
1314 1300 1469 1332 iusticiae
1486 1311 1568 1332 suae
1591 1299 1767 1336 satisfieri,
1796 1299 2010 1340 congruebat
2026 1311 2176 1342 poenam

1195 1351 1346 1392 persolvi
1372 1361 1433 1393 per
1457 1350 1609 1393 aliquem
1635 1349 1672 1379 in
1699 1359 1824 1390 genere
1855 1346 2030 1388 humano,
2067 1361 2105 1381 ac
2137 1357 2175 1382 ut

1193 1401 1417 1443 aequivalens
1452 1399 1608 1442 precium
1642 1405 1747 1438 esset,
1794 1398 1832 1430 in
1866 1395 1956 1430 hanc
1990 1409 2173 1441 personam

1194 1462 1304 1491 poena
1321 1450 1476 1481 derivata
1495 1455 1554 1483 est.
1607 1446 1677 1480 Nec
1692 1448 1861 1490 potuisset
1878 1448 1965 1480 iram
1983 1448 2053 1480 Dei
2069 1449 2172 1481 susti-

1191 1511 1272 1531 nere
1290 1500 1361 1532 sola
1379 1505 1553 1537 creatura,
1580 1509 1643 1530 nec
1667 1497 1806 1530 vincere
1827 1504 1996 1538 mortem,
2022 1504 2055 1530 et
2072 1497 2171 1531 resti-

1191 1555 1287 1581 tuere
1313 1549 1485 1581 iusticiam
1512 1554 1543 1580 et
1566 1547 1684 1581 vitam.
1744 1546 1826 1580 Ideo
1856 1545 1913 1579 hic
1940 1548 2114 1580 redemtor
2138 1555 2170 1581 et

1190 1599 1358 1638 salvator,
1392 1598 1487 1631 Deus
1512 1604 1544 1630 et
1568 1595 1674 1629 homo
1701 1603 1760 1632 est.
1820 1595 1866 1630 Et
1889 1598 2051 1638 congruit
2075 1595 2169 1631 hunc

1189 1660 1259 1681 esse
1278 1649 1502 1681 mediatorem
1522 1654 1555 1680 et
1569 1647 1838 1690 deprecatorem,
1865 1647 1924 1690 qui
1942 1647 2035 1679 videt
2051 1655 2169 1689 pectus

1160 1673 1163 1722 J
1189 1699 1296 1742 patris
1312 1706 1345 1732 et
1361 1699 1464 1731 corda
1482 1697 1734 1730 invocantium.
1787 1695 1874 1728 Item
1892 1702 2036 1728 naturae
2052 1698 2168 1729 omni-

1189 1749 1339 1792 potentis
1355 1756 1422 1788 est,
1448 1748 1584 1781 assidue
1602 1747 1720 1779 adesse
1738 1743 1911 1778 Ecclesiae
1932 1752 1965 1778 et
1987 1758 2061 1779 eam
2083 1758 2165 1789 pro-

1187 1806 1311 1841 tegere.
1363 1797 1507 1832 Etcum
1531 1797 1639 1830 verbo
1665 1796 1803 1830 condita
1828 1796 1873 1829 sit
1895 1802 2036 1836 natura,
2070 1798 2165 1841 quod

1186 1856 1236 1882 est
1252 1849 1364 1891 imago
1381 1847 1512 1882 aeterni
1531 1846 1656 1890 patriS,
1683 1857 1803 1879 rursus
1820 1858 1882 1889 per
1907 1846 2053 1878 verbum
2075 1847 2166 1879 vivi-

1184 1899 1323 1937 ficatur,
1351 1906 1383 1932 et
1406 1897 1602 1931 restituitur
1623 1897 1661 1929 in
1685 1896 1787 1929 nobis
1807 1896 1921 1938 imago
1937 1896 2018 1930 Dei.
2069 1895 2164 1929 Haec

1184 1962 1260 1982 cum
1286 1956 1484 1982 reverenter
1505 1947 1720 1990 cogitantur,
1757 1947 1953 1980 accendunt
1976 1946 2162 1989 gratitudi-
2192 1946 2198 1950 '

1183 2012 1260 2032 nem
1280 2007 1312 2032 et
1328 1999 1596 2032 invocationem.

1281 2049 1341 2084 24.
1376 2048 1602 2082 Considerata
1616 2047 1775 2080 doctrina
1792 2047 1835 2080 de
1858 2057 2005 2090 persona
2028 2047 2159 2080 media-

1181 2100 1286 2140 toris,
1325 2099 1491 2132 beneficia
1519 2098 1622 2130 etiam
1650 2097 1737 2130 scire
1771 2108 1908 2129 necesse
1934 2103 1996 2130 est.
2057 2096 2159 2130 Grati

1179 2161 1405 2191 agnoscamus
1427 2155 1461 2181 et
1483 2148 1696 2180 celebremus
1719 2145 1786 2180 hoc
1806 2147 1928 2189 ingens
1952 2147 2156 2179 beneficium

1178 2198 1242 2232 Dei
1255 2227 1264 2240 ,
1291 2200 1383 2245 quod
1403 2199 1478 2232 vult
1492 2196 1682 2231 Ecclesiam
1698 2197 1814 2239 colligi
1830 2197 2021 2230 ministerio
2036 2194 2156 2228 Evan-

1176 2250 1276 2292 gelii,
1310 2250 1441 2283 scilicet
1466 2259 1550 2281 voce
1564 2246 1748 2290 Evangelii
1770 2247 1909 2289 audita,
1947 2257 2005 2278 seu
2021 2246 2106 2279 lecta
2123 2254 2155 2280 et

1175 2301 1342 2343 cogitata,
1375 2299 1457 2344 quia
1481 2309 1637 2342 expresse
1660 2298 1828 2340 scriptum
1859 2303 1925 2329 est:
1962 2296 2152 2338 Quomodo

1173 2351 1319 2384 audient
1342 2350 1417 2382 sine
1439 2348 1687 2393 praedicante?
1736 2346 1836 2380 Item:
1865 2344 1979 2387 Quam
2004 2346 2150 2389 speciosi

1172 2408 1253 2434 sunt
1286 2402 1391 2444 pedes
1412 2397 1737 2442 Evangelizantium
1765 2395 1907 2439 pacem?
1961 2395 1998 2428 ld
2035 2403 2150 2429 autem

1171 2451 1404 2484 ministerium
1423 2449 1622 2482 immediate
1637 2445 1815 2480 inchoavit
1835 2446 1926 2478 silius
1941 2444 2006 2478 Dei
2031 2443 2158 2492 Myos,

1140 2511 1142 2521 ¹
1170 2503 1349 2543 proferens
1372 2499 1604 2543 Evangelium
1627 2510 1666 2530 ex
1690 2497 1770 2529 sinu
1794 2496 1926 2529 aeterni
1950 2496 2075 2540 patris,
2114 2504 2148 2529 et

1138 2528 1142 2587 ,Ι
1167 2558 1205 2584 ut
1230 2553 1312 2585 tunc
1337 2551 1440 2584 simul
1469 2557 1502 2582 et
1524 2548 1608 2581 soris
1634 2547 1777 2580 sonabat
1801 2558 1940 2586 vocem,
1979 2553 2012 2580 ct
2041 2547 2146 2579 corda

133 2608 189 2627 rae
206 2604 393 2635 assumtae,
432 2604 466 2629 ut
486 2605 636 2636 gestetur
654 2596 805 2631 humana
824 2608 946 2634 natura
966 2614 982 2633 a
1003 2601 1110 2632 verbo
1135 2594 1139 2651 ἶ
1165 2603 1407 2643 perterrefacta
1451 2598 1647 2632 vivificabat
1692 2603 1891 2629 monstrans
1930 2597 2145 2629 voluntatem

130 2658 199 2679 non
216 2647 326 2680 salum
348 2648 643 2690 inseparabiliter,
669 2650 724 2679 sed
755 2649 799 2681 ita
826 2652 946 2693 ctiam2
974 2660 1010 2685 ut
1042 2651 1106 2684 nisi
1134 2662 1137 2686 J
1163 2653 1293 2685 aeterni
1313 2652 1437 2696 patris,
1467 2656 1497 2682 et
1517 2647 1669 2691 Spiritus
1685 2653 1822 2680 sanctus
1840 2647 2048 2680 accendebat
2072 2647 2143 2679 lae-
