2324 2955
216 117 308 152 1031

214 202 325 234 victus
348 205 418 231 arte
441 208 475 228 se
497 204 616 227 rursus
634 192 751 225 erexit.
803 188 897 222 Pene
914 188 1070 222 Sertorio
1094 188 1192 222 simi-

216 252 277 287 lis,
312 258 455 289 regnum
490 245 526 276 iu
550 244 662 275 ali<ua
698 249 788 274 terra
819 252 892 272 non
921 239 1056 281 magnis
1083 239 1191 282 copiis

216 301 370 340 adeptus.
434 293 606 327 deictus
643 290 786 325 Arianis
826 289 958 333 expulit
1000 286 1192 332 Episcopos

218 354 305 380 recte
331 345 531 378 sentientes.

538 424 798 457 llonorieus
826 419 872 454 II.

317 491 524 526 Honoris-uc
548 489 710 523 successit
736 487 927 520 Genserico
948 497 1042 519 anno
1062 482 1195 517 Christi

219 542 562 590 quadringentesimo
587 539 796 582 sexagesimo
824 544 929 570 sexto.
984 535 1117 567 Tenuit
1140 546 1195 566 re-

218 606 325 638 gnum
341 603 451 626 annos
469 597 618 634 septem,
645 590 743 622 cuius
760 595 896 631 tempus
914 586 1049 628 insigne
1072 591 1121 617 est
1140 585 1197 616 in-

219 645 313 687 genti
330 642 533 676 crudelitate
551 640 657 682 regis,
681 639 771 671 fame
789 645 821 670 et
839 636 1036 681 pestilentia
1048 634 1196 672 Africae,

219 702 251 728 et
283 701 372 727 tetro
406 693 499 724 exitu
534 698 588 735 131·
591 689 685 722 1111111.
747 688 919 721 Honestas
953 692 1130 718 matronas
1164 690 1198 717 et

220 745 371 786 xirgims
390 743 536 774 nudatas
553 739 751 783 suspendit,
779 738 912 770 facibus
930 736 1017 769 ussit
1041 746 1199 778 corpora,

220 793 389 837 praecidit
413 791 584 823 mamillas
603 796 634 821 et
655 786 795 821 brachia
815 787 1017 819 nolentibus
1041 783 1199 817 assentiri

222 843 372 875 Arianae
399 840 579 883 impietati.
634 837 675 870 In
707 839 781 894 ipso
813 837 984 880 supplicio
1007 832 1198 879 Di'onysm

221 900 379 925 matrona
398 891 527 923 nobilis
545 889 655 921 silium
672 888 816 920 unicum
825 885 1200 927 Ἰ’Ῐ(ιιωι·ιέιιηιι·ορἰι1111

223 944 265 975 ad
286 954 404 974 necem
424 939 642 973 confirmavit
660 938 840 980 inquiens:
869 936 1049 969 Memento
1073 935 1141 974 fili,
1169 940 1201 966 te

225 993 258 1023 in
279 992 422 1024 nomine
439 989 562 1026 Patris,
591 995 623 1021 et
639 987 721 1019 Filii
735 993 772 1033 ¹et
789 986 943 1029 Spiritus
962 985 1071 1017 sancti
1087 983 1202 1026 bapti-

223 1049 336 1074 zatum
358 1052 439 1072 11550.

328 1090 416 1122 Cum
435 1089 562 1121 talibus
581 1086 760 1129 suppliciis
779 1092 811 1118 et
836 1084 948 1116 exiliis
967 1083 1075 1115 multa
1094 1081 1204 1112 millia

226 1140 412 1172 hominum
430 1137 622 1170 sustulisset
638 1135 849 1173 lIonoiicus,
876 1139 990 1166 secuta
1009 1138 1060 1164 est
1076 1130 1206 1163 sterili—

226 1199 254 1224 t.-
252 1202 276 1222 5
298 1196 440 1232 plopter
461 1188 666 1222 siccitatem,
695 1185 730 1216 111
760 1196 827 1228 qua
850 1190 881 1215 et
906 1180 1066 1214 homines
1090 1188 1122 1213 et
1145 1191 1205 1222 pe-

227 1240 330 1272 tudes
349 1239 436 1269 sime
455 1237 653 1280 periei-,unt
682 1241 713 1266 et
736 1235 802 1266 late
828 1239 947 1275 vagata
976 1238 1024 1264 est
1040 1230 1206 1274 pestilen-

226 1290 293 1327 tia,
321 1289 355 1319 in
381 1299 448 1330 qua
473 1293 504 1318 et
530 1281 735 1331 ([1911010011
762 1283 851 1325 regis
874 1293 999 1324 empus
1025 1281 1070 1313 ita
1088 1287 1207 1323 putre—

228 1342 354 1370 lantum
379 1343 445 1376 est,
478 1343 517 1368 1.t
541 1336 607 1367 alia
631 1334 786 1366 membra
812 1338 889 1376 post
913 1332 980 1363 alia
1005 1329 1207 1363 deciderint.

229 1389 322 1421 [xor
339 1386 475 1418 Eudoxi
482 1398 497 1417 a
514 1386 584 1417 filia
607 1383 827 1427 imperatmis
844 1381 874 1413 Χ
880 1380 1105 1419 alentiniani,
1132 1391 1207 1412 ma-

227 1445 278 1470 ter
296 1436 468 1469 Hilderici
493 1436 542 1478 pii
569 1434 658 1476 regis
682 1432 838 1466 discessit
855 1444 872 1464 a
898 1431 1023 1463 marito
1042 1437 1207 1474 tanquam

228 1487 301 1519 voti
317 1498 416 1519 causa
436 1485 685 1529 lerosolymam
704 1482 937 1527 proficiscens,
963 1481 1023 1514 ubi
1043 1480 1078 1511 in
1096 1480 1207 1524 lacry-

228 1538 293 1568 mis
311 1543 343 1570 et
363 1535 561 1580 precatione
580 1534 675 1568 vixit.

628 1615 686 1647 ῙῙῘ.
715 1616 809 1646 Rex.

333 1679 633 1715 szdmmmdas
651 1687 751 1713 uatus
767 1692 805 1711 ex
824 1680 928 1712 fratre
945 1677 1117 1710 Honorici
1133 1688 1210 1708 snc-

233 1734 350 1772 005511,
378 1733 436 1775 qui
456 1742 600 1773 regumn
620 1729 733 1761 tenuit
755 1738 866 1759 annos
884 1725 1088 1763 duodecim,
1114 1735 1211 1756 exer-

232 1783 302 1815 cuit
320 1789 350 1814 et
371 1780 426 1813 liic
443 1780 626 1813 saeviciam
647 1779 814 1810 adversus
831 1782 921 1808 recte
939 1775 1134 1807 sentientes.

634 1860 692 1892 IV.
718 1860 806 1890 Rex.

322 1923 624 1958 'l'hrasz'mimclus
637 1923 793 1966 regnavit
808 1934 919 1955 annos
930 1921 1052 1964 viginti
1071 1927 1212 1964 septem,

236 1978 293 2021 qui
313 1988 512 2020 quanquam
531 1982 601 2008 erat
622 1974 784 2013 triarius,
811 1979 927 2005 tamen
946 1971 1128 2004 saeviciam
1140 1983 1211 2004 non

235 2027 394 2060 exercuit.

644 2108 683 2139 V.
715 2109 762 2138 Re
773 2119 803 2137 x.

337 2171 545 2207 llildericus
567 2179 668 2205 natus
686 2184 723 2204 ex
740 2169 898 2204 Eudoxia
910 2197 918 2211 ,
945 2178 1037 2204 recte
1053 2171 1214 2211 sentiens,

237 2224 388 2257 restituit
403 2223 575 2256 Ecclesias
593 2223 629 2254 in
649 2222 779 2256 Africa.
834 2220 965 2253 Tenuit
982 2233 1127 2263 regnum
1151 2233 1213 2253 an⁷

239 2286 300 2305 1105
334 2281 476 2317 septem.
542 2273 609 2306 Sed
646 2284 707 2315 per
742 2272 948 2304 seditionem
985 2283 1003 2303 a
1041 2271 1214 2304 Gilimero

239 2330 356 2365 captus
374 2330 445 2363 est,
472 2330 505 2357 et
524 2323 704 2367 aliquanto
723 2331 799 2365 post
818 2328 970 2355 necatus.

639 2406 693 2439 VI.
722 2406 813 2437 Rex.

340 2467 496 2503 Gilimer
511 2478 611 2503 natus
629 2484 667 2504 ex
686 2472 790 2504 fratre
808 2470 992 2510 Itonorici‚
1019 2470 1086 2503 fuit
1103 2471 1214 2503 audax

239 2527 271 2554 et
293 2521 422 2563 peritus
446 2520 495 2551 rei
523 2521 702 2561 militaris,
730 2522 840 2554 movit
865 2521 1071 2555 seditionem
1091 2521 1215 2553 adver-

239 2581 294 2602 sus
312 2569 548 2607 llildericnm,
575 2572 634 2612 qui
654 2571 803 2603 Vandali
821 2583 900 2603 eum
918 2572 1064 2603 oderant
1081 2571 1215 2603 dissen-

240 2620 381 2652 tientem
413 2619 455 2651 al)
480 2617 630 2651 Arianis.
691 2620 799 2663 Capto
833 2621 938 2663 igitur
971 2620 1151 2654 Ililderico
1184 2627 1216 2653 et

456 107 661 147 SCRIPTA
689 106 764 142 PH.
791 103 905 140 MEL.
931 102 997 138 AD
1025 102 1149 139 IIIST.
1176 100 1319 138 PROF.
1345 98 1411 135 ET
1437 97 1624 136 PHILOS.
1650 97 1966 137 SPECTANTIA.

2113 104 2207 140 1032

1239 186 1340 225 filiis,
1366 190 1399 217 et
1423 184 1631 228 quibusdam
1655 185 1810 228 cognatis
1835 185 1908 218 eius
1931 198 2076 229 regnum
2101 188 2214 220 tenuit

1241 236 1391 269 (elilimer
1402 245 1512 267 annos
1530 235 1695 278 quinque.
1732 233 1951 267 Hildericum
1968 237 2069 269 etiam
2081 244 2215 280 postre-

1239 298 1297 318 mo
1323 296 1414 316 anno
1448 285 1630 318 interfecit.
1685 283 1777 325 Quia
1802 297 1883 317 vero
1910 284 2103 319 Iustiniano
2135 298 2213 319 cum

1240 334 1420 368 Ililderico
1442 334 1565 366 foedus
1589 340 1678 373 erat,
1712 334 1862 367 liberare
1886 342 2025 378 captum
2042 337 2217 368 studebat·

1242 385 1309 418 Sed
1336 396 1414 416 cum
1443 383 1593 416 Gilimer
1618 384 1765 426 superbe
1790 387 2033 428 responderet,
2067 392 2100 418 et
2116 385 2219 418 multi

1242 436 1279 467 in
1299 432 1417 466 Africa
1432 433 1669 466 defensionem
1685 440 1804 466 contra
1822 434 1968 477 impium
1993 441 2025 467 et
2042 435 2219 467 crudelem

1244 496 1357 527 regem
1383 490 1555 527 peterent,
1583 483 1679 515 misit
1705 495 1743 515 eo
1764 483 1977 517 lustinianus
1995 486 2117 517 ducem
2137 484 2219 516 Bet-

1244 534 1399 567 1150110111
1418 534 1641 566 excellentem
1669 533 1826 573 iusticia,
1853 534 1996 566 scientia
2025 534 2075 566 rei
2091 534 2220 566 milita-

1246 585 1313 624 ris,
1340 583 1566 621 fortitudine,
1595 583 1822 615 beneficentia
1840 589 1873 616 et
1893 584 2072 617 modestia.
2116 582 2221 623 Huic,

1245 646 1323 668 cum
1339 634 1452 677 primo
1471 633 1603 676 praelio
1622 633 1759 666 vicisset
1780 632 2011 673 Gilimerum,
2038 630 2221 675 Cartbagi-

1246 695 1369 717 nenses
1387 684 1479 716 ultro
1503 683 1624 716 urbem
1646 683 1893 725 patefecerunt.
1945 682 2068 716 Postea
2084 683 2222 725 fugien-

1247 742 1314 768 tem
1334 733 1545 765 (iilimerum
1563 745 1602 765 ex
1620 733 1696 764 aliis
1718 733 1801 765 locis
1817 733 1852 764 in
1871 733 1938 765 alia
1955 733 2041 766 etin
2061 733 2223 766 solitudi—

1248 796 1307 817 nes
1331 783 1442 825 coegit
1464 782 1668 815 Bellisarius
1688 783 1795 822 samo,
1828 789 1866 816 ut
1895 794 1966 815 sese
1997 784 2157 823 dederet,
2191 789 2223 814 et

1248 834 1348 867 duxit
1373 845 1450 866 eum
1477 833 1652 876 captivum
1676 831 2028 876 Constantinopolin,
2060 833 2123 866 ubi
2146 844 2226 865 cum

1249 885 1285 916 in
1320 880 1499 926 triumpho
1534 882 1711 915 Bellisarii
1742 883 1885 926 supplex
1920 883 1963 914 ad
1990 882 2227 916 Iustinianum

1249 936 1452 973 duceretur,
1479 933 1633 975 cogitans
1656 933 1818 965 fortunae
1837 933 1928 964 vices
1949 932 1985 964 in
2001 931 2066 966 hac
2084 931 2227 966 calami-

1250 990 1335 1019 tate,
1364 983 1402 1013 in
1419 994 1521 1025 quam
1540 994 1641 1014 senex
1658 983 1849 1023 inciderat,
1874 979 1957 1014 haec
1974 983 2079 1015 verba
2101 981 2227 1014 edidit:

1251 1031 1397 1063 Vanitas
1422 1031 1614 1063 vanitatum
1643 1038 1675 1064 et
1695 1032 1811 1063 omnia
1834 1031 1979 1065 vanitas.
2033 1032 2084 1065 Ita
2101 1042 2229 1075 poenas

1251 1080 1347 1113 dedit
1372 1078 1524 1111 Gilimer
1549 1080 1780 1119 crudelitatis,
1815 1092 1918 1123 quam
1943 1088 2141 1114 exercuerat
2166 1081 2231 1112 ad-

1251 1141 1370 1162 versus
1386 1128 1606 1161 Hildericum
1627 1135 1659 1161 et
1678 1130 1805 1162 multos
1821 1129 1918 1162 alios.
1970 1128 2016 1162 Et
2031 1131 2135 1162 simul
2151 1142 2229 1162 cum

1252 1192 1291 1213 eo
1318 1179 1485 1223 reliquiae
1514 1177 1754 1211 vandalorum
1780 1179 1817 1210 in
1840 1176 1959 1211 Africa
1984 1180 2116 1212 deletae
2139 1186 2231 1219 sunt,

1253 1241 1357 1274 quam
1375 1235 1568 1273 *tenuerant
1595 1227 1748 1260 Vandali
1773 1239 1883 1260 annos
1910 1230 2100 1272 nonaginta
2126 1230 2231 1272 quiu-

1254 1291 1331 1324 que.
1385 1279 1436 1311 Ae
1465 1289 1585 1311 rursus
1616 1276 1735 1310 Africa
1775 1277 2018 1311 Romanorum
2049 1279 2232 1322 provincia

1253 1330 1342 1362 sacta
1363 1335 1412 1361 est
1427 1339 1537 1372 usque
1555 1328 1598 1360 ad
1616 1326 1771 1360 Heraclii
1789 1333 1954 1370 tempora.
2008 1328 2131 1362 Postea
2156 1339 2232 1362 eam

1255 1378 1420 1412 Saraceni
1444 1378 1657 1411 invaserunt.

1356 1428 1439 1461 Fuit
1459 1435 1574 1461 autem
1600 1425 1835 1459 lastinianus
1860 1427 2034 1460 beneficus
2049 1426 2136 1471 'erga
2152 1427 2233 1461 llil-

1257 1479 1363 1512 derici
1390 1478 1478 1511 filios
1502 1485 1534 1511 et
1560 1483 1721 1521 nepotes,
1759 1483 1791 1510 et
1817 1477 1865 1509 eis
1897 1478 1934 1509 in
1959 1475 2108 1511 Thracia
2139 1479 2234 1512 dedit

1257 1529 1397 1572 praedia
1430 1535 1463 1561 et
1487 1529 1630 1561 victum.
1690 1527 1759 1561 Sed
1785 1526 1997 1560 Gilimerum
2030 1528 2168 1570 longius
2197 1530 2233 1561 in

1259 1578 1412 1611 Galliam
1432 1578 1607 1620 relegavit.

1358 1627 1459 1660 Hanc
1482 1627 1605 1660 seriem
1629 1626 1727 1669 regni
1744 1625 1937 1670 ⁴Vandalici
1962 1626 1998 1657 in
2020 1623 2139 1658 Africa
2154 1627 2235 1659 hre-

1258 1679 1347 1708 viter
1362 1675 1420 1708 hic
1435 1674 1730 1720 comprehendere
1747 1676 1842 1708 volui
1854 1701 1862 1714 ‚
1888 1682 1927 1707 ut
1943 1681 2014 1708 tota
2038 1675 2074 1706 in
2092 1687 2236 1719 conspe-

1259 1732 1315 1758 ctu
1343 1731 1448 1763 esset,
1475 1726 1611 1756 etiamsi
1633 1725 1824 1766 posteriora
1840 1725 1932 1757 bella
1956 1726 1999 1757 ad
2017 1725 2236 1769 sequentium

1260 1775 1511 1818 imperatorum
1530 1780 1685 1816 tempora
1704 1773 1893 1817 pertinent.

1312 1872 1417 1907 Anno
1437 1874 1560 1906 mundi
1584 1880 1706 1918 quater
1722 1874 1907 1906 millesimo
1935 1875 2238 1918 quadringentesi-

1464 1936 1521 1956 mo
1538 1936 1702 1956 vicesimo
1719 1924 1832 1957 tertio.

1313 1975 1418 2007 Anno
1428 1973 1564 2007 Romae
1582 1974 1769 2006 millesimo
1786 1975 2022 2007 ducentesimo
2040 1975 2240 2009 undecimo.

1313 2025 1416 2057 Anno
1465 2022 1599 2057 Christi
1642 2024 1987 2068 quadringentesimo
2031 2026 2238 2068 sexagesimo

1464 2086 1592 2117 primo.

1602 2148 1675 2181 De
1710 2150 1895 2182 Leone.

1363 2218 1442 2253 Leo
1463 2227 1564 2254 natus
1587 2221 1623 2253 in
1649 2218 1802 2253 Thracia
1823 2222 1933 2254 factus
1958 2226 2006 2253 est
2031 2231 2070 2252 ex
2093 2220 2236 2254 tribuno

1264 2271 1408 2304 militari
1451 2271 1639 2314 imperator
1678 2269 1987 2314 Constantinopoli
2021 2269 2171 2303 Senatus
2206 2277 2238 2303 et

1265 2322 1433 2354 exercitus
1465 2321 1725 2363 suffragatione.
1784 2319 1980 2354 Coronatus
2003 2320 2047 2351 ab
2070 2320 2237 2353 Anatolio

1265 2368 1477 2403 Patriarclia.
1532 2370 1647 2415 Atque
1672 2369 1765 2403 hunc
1789 2370 1940 2413 primum
1969 2369 2111 2402 invenio
2138 2369 2238 2403 aPa-

1265 2419 1415 2454 triarcha
1433 2429 1649 2455 coronatum.
1701 2420 1773 2453 Nec
1798 2430 1878 2451 vero
1896 2419 2075 2452 coronatio
2098 2431 2158 2453 seu
2172 2419 2239 2452 Pa-

1265 2469 1416 2504 triarcha
1441 2471 1538 2504 dedit
1563 2470 1767 2513 imperium,
1795 2469 1853 2501 sed
1877 2469 1975 2501 testis
1996 2469 2062 2502 fuit
2078 2481 2157 2502 eum
2178 2470 2237 2513 qui

1266 2522 1394 2554 electus
1421 2528 1510 2561 erat,
1543 2519 1782 2553 Christianum
1810 2529 1900 2557 esse,
1935 2525 1967 2551 et
1991 2519 2144 2552 alienum
2167 2531 2239 2552 esse

1266 2583 1282 2603 0
1301 2571 1396 2604 salsis
1411 2571 1642 2613 dogmatibus.
1682 2567 1840 2612 Eamque
1856 2569 1901 2601 ob
1918 2580 2054 2601 causam
2073 2569 2240 2612 professio

1266 2622 1443 2655 doctrinae
1459 2627 1538 2654 ante
1560 2618 1819 2653 coronationem
1837 2619 2037 2662 petebatur,
2063 2626 2101 2652 ut
2124 2626 2242 2663 postea
