2324 2955
188 112 258 146 891

197 195 409 229 Consulibus
432 198 464 223 et
486 203 502 222 a
526 187 692 230 Pompeio
713 184 898 218 habentur.
950 183 1076 218 Caesar
1093 196 1172 228 per-

200 247 385 279 missurum
404 253 437 273 se
458 240 624 271 iudicium
645 237 774 280 populo
791 235 962 275 ostendit,
997 242 1030 268 et
1048 234 1171 268 Cicero

201 305 322 338 aequas
342 292 431 335 pacis
451 288 670 322 conditiones
690 286 922 329 proponebat,
949 291 988 318 ut
1005 292 1035 318 et
1046 284 1172 318 Caesar

202 353 233 377 et
258 341 441 384 l'ompeius
467 339 635 372 exercitus
661 337 894 374 dimitterent,
933 341 966 368 et
987 334 1174 378 Pompeius

204 396 236 426 in
257 391 469 435 provinciam
490 401 586 421 suam
598 386 805 430 Hispaniam
823 385 1115 429 proficisceretur,
1142 392 1175 419 et

201 444 327 475 Caesar
345 440 477 473 Consul
498 440 602 471 fieret.
655 437 727 470 llas
743 436 960 469 conditiones
974 441 1176 479 recepturus

202 500 273 525 erat
288 490 432 529 Caesar,
460 491 517 522 sed
534 487 737 531 Pompeiani
756 486 1042 519 adversabantur.
1086 484 1176 518 Cum

204 543 309 585 igitur
327 541 533 582 intelligeret
548 537 674 572 Caesar
693 544 724 570 et
735 536 1035 570 senatusconsulti
1051 535 1179 569 atroci-

207 600 329 630 tatem,
357 598 389 624 et
407 592 474 623 iam
493 590 644 622 delectus
669 586 789 620 haberi
815 586 967 627 videret,
992 586 1117 619 iustam
1144 596 1179 618 se

207 653 344 675 causam
371 652 442 674 sese
464 639 674 672 defendendi
700 636 826 670 habere
848 637 1067 676 existimans,
1099 647 1178 669 cum

208 692 358 725 exercitu
399 690 554 734 procedit
587 691 629 722 ad
665 690 738 721 loca
771 687 885 720 vicina
918 687 999 720 urbi
1033 685 1180 721 Romae.

207 742 356 782 Cognito
382 740 537 773 Caesaris
562 741 712 772 adventu
736 736 906 770 Consules
938 743 970 770 et
994 735 1181 780 Pompeius

209 805 247 824 ex
269 791 363 824 ltalia
381 791 551 833 fugientes
567 790 601 821 in
623 787 769 832 Epirum
788 787 968 820 traiiciunt
992 787 1035 819 ad
1058 787 1179 820 urbem

209 839 451 877 Dirraehium,
492 840 553 873 ubi
585 839 754 871 exercitus
785 844 934 882 quantos
966 844 1111 880 possunt
1142 848 1182 869 ex

210 891 356 923 Graecia
379 897 411 923 et
428 890 509 923 Asia
535 886 758 922 contrahunt.
809 887 902 920 Haec
923 887 1024 920 initia
1041 887 1183 920 suerunt

211 939 314 974 liuius
338 941 437 979 belli,
458 952 527 983 quo
545 946 676 972 mutata
693 937 798 971 veteri
815 938 926 970 forma
942 936 1184 980 Reipublicae,

210 992 373 1034 deinceps
404 991 441 1022 in
471 990 617 1033 imperio
642 988 805 1022 Romano
838 987 952 1031 eoepit
980 987 1085 1020 unius
1111 997 1182 1020 esse

212 1052 344 1074 summa
363 1041 535 1084 potentia,
562 1046 598 1072 ut
618 1039 654 1070 in
675 1049 794 1079 regno.

312 1089 438 1123 Caesar
463 1097 647 1133 antequam
664 1087 814 1121 Romam
840 1086 957 1125 venit,
982 1083 1184 1128 properavit

211 1142 253 1173 ad
277 1141 498 1173 retinendum
515 1138 740 1181 Pompeium,
774 1136 833 1180 qui
857 1133 972 1169 adhuc
988 1132 1184 1167 Brundusii

214 1197 297 1227 erat,
326 1202 468 1233 eamque
484 1189 607 1222 urbem
624 1186 856 1219 circumsedit.
892 1185 960 1218 Sed
978 1185 1067 1217 clam
1084 1189 1184 1216 nocte

213 1240 410 1273 discedente
426 1239 610 1282 Pompeio,
634 1236 851 1270 Brundusini
868 1234 1005 1269 Caesari
1028 1246 1062 1267 se
1085 1233 1185 1266 dedi-

214 1291 351 1322 derunt.
418 1288 539 1321 Postea
562 1288 712 1331 primum
735 1285 861 1319 Caesar
884 1287 1008 1318 urbem
1033 1283 1184 1318 Romam

214 1340 318 1378 adiit,
344 1346 375 1371 et
393 1339 429 1370 in
446 1338 578 1371 Senatu
598 1344 733 1374 narrat,
761 1348 796 1368 se
814 1335 1042 1367 necessariam
1065 1334 1185 1366 desen-

213 1390 345 1422 sionem
370 1389 576 1431 suscepisse,
610 1399 671 1419 nec
697 1398 731 1419 se
756 1385 994 1418 crudelitatem
1013 1384 1130 1429 Syllae
1153 1389 1187 1415 et

216 1439 319 1472 Marii
346 1439 561 1471 imitaturum
586 1449 675 1479 esse,
703 1434 864 1469 hortatur
885 1442 923 1468 ut
944 1446 1060 1468 secum
1077 1433 1186 1468 Rem-

216 1489 389 1532 publicam
408 1489 621 1530 gubernent,
648 1494 679 1519 et
697 1487 826 1529 legatos
849 1487 892 1519 de
911 1497 993 1529 pace
1017 1486 1060 1517 ad
1079 1483 1186 1516 Pom-

216 1539 330 1583 peium
358 1539 509 1572 mittant.
578 1537 649 1570 Nec
675 1543 758 1569 tunc
783 1536 867 1568 novi
892 1535 1026 1580 aliquid
1051 1534 1187 1568 Romae

215 1588 412 1627 coustituit,
444 1589 503 1620 sed
530 1599 720 1631 properans
744 1587 786 1619 ad
804 1585 964 1629 Pompeii
988 1584 1188 1622 exercitum,

216 1640 274 1683 qui
293 1640 327 1670 in
347 1638 516 1679 Hispania
535 1645 624 1677 erat,
647 1638 770 1670 urbem
780 1635 930 1669 Romam
941 1634 1075 1678 Lepido
1093 1645 1186 1666 com-

216 1689 374 1725 mendat,
411 1687 545 1720 Italiam
563 1687 612 1720 M.
632 1686 801 1719 Antonio.
860 1684 938 1727 lpse
963 1690 1040 1726 post
1062 1693 1189 1726 paucos

219 1739 290 1770 dies
310 1739 344 1769 iu
363 1738 565 1781 Hispaniam
588 1736 835 1779 proficiscitur,
868 1734 904 1766 in
930 1745 998 1778 qua
1021 1732 1189 1764 exercitus

218 1788 375 1829 Pompeii
393 1788 481 1819 same
499 1787 611 1829 coegit
634 1787 676 1818 ad
700 1785 935 1821 deditionem,
963 1791 995 1816 et
1012 1782 1189 1825 Hispanos

220 1838 284 1869 sibi
312 1837 483 1871 adiunxit.
549 1835 684 1869 Deinde
709 1842 741 1868 et
765 1833 1038 1867 laudatissimam
1066 1832 1187 1864 urbem

220 1885 448 1931 sslassyliam
482 1893 630 1920 veterem
661 1885 785 1918 Ionum
810 1883 1014 1920 Coloniam,
1059 1881 1187 1914 sociam

218 1936 460 1970 Romanorum
487 1936 519 1967 vi
544 1936 666 1979 coepit.
727 1934 859 1967 Interea
886 1932 1020 1967 Romae
1036 1931 1190 1975 Lepidus

220 1987 431 2027 rogationem
453 1986 595 2026 tulerat,
620 1992 657 2018 ut
676 1982 987 2019 CaesarDiclalor
1004 1988 1190 2015 crearetur.

220 2036 372 2069 Rediens
394 2036 497 2078 igitur
512 2035 637 2069 Caesar
654 2035 803 2069 Romam
828 2034 967 2067 comitia
993 2031 1189 2066 consularia

221 2085 340 2119 habuit
352 2113 359 2125 ,
383 2093 413 2119 et
433 2088 601 2131 quaedam
618 2087 660 2118 de
677 2085 816 2118 iudiciis
830 2091 862 2117 et
877 2085 919 2117 de
935 2084 1112 2116 frumento
1128 2082 1190 2115 ad-

221 2134 377 2168 vehendo
403 2136 436 2168 iu
460 2137 600 2177 urbem,
635 2143 802 2180 tauquam
818 2133 977 2167 Dictator
999 2132 1190 2165 ordinavit.

220 2186 389 2219 Consules
405 2187 531 2219 crearit
548 2198 619 2219 sese
643 2193 677 2219 et
696 2185 887 2219 Servilium
906 2183 1118 2221 Isauricum,
1152 2195 1190 2214 ac

221 2236 424 2269 dictaturam
450 2243 524 2280 post
547 2237 639 2269 diem
657 2236 882 2269 undecimum
900 2233 1077 2277 deposuit,
1103 2244 1187 2266 con-

222 2293 334 2318 tentus
350 2287 491 2318 nomine
507 2287 704 2319 ordinariae
721 2285 900 2329 potestatis
918 2283 1129 2322 consularis,
1156 2289 1190 2315 et

428 105 631 144 senuna
660 104 733 137 1111.
762 100 876 137 Marâ€ž
902 99 967 134 AD
995 98 1120 137 utsr.
1149 97 1292 134 paor.
1320 96 1384 131 ET
1413 94 1601 132 PntLos.
1628 75 1962 135 SPECTANTIAJ

2124 101 2198 136 892

1223 183 1317 217 timis
1336 181 1473 215 iudiciis
1490 181 1665 216 debitores
1681 190 1889 226 cogerentur
1903 195 2085 218 numerare
2111 197 2198 230 quae

1224 233 1409 266 debebant.
1461 230 1556 264 Haec
1572 232 1700 266 iudicia
1719 233 1877 266 defendit
1896 240 2012 276 postea
2029 234 2200 268 Servilius

1224 282 1377 322 Consul,
1404 282 1464 326 qui
1482 282 1568 315 urbe
1585 283 1718 326 expulit
1734 282 1872 317 Celium
1887 282 2085 317 Praetorem
2098 311 2108 326 ,
2140 285 2201 330 qui

1225 334 1362 377 plebem
1380 343 1439 376 spe
1462 343 1635 365 novarum
1658 334 1856 367 tabularum
1879 341 2000 367 contra
2018 333 2202 368 Caesarem

1226 384 1268 416 ad
1288 383 1496 415 movendam
1523 382 1732 416 seditionem
1750 384 1971 417 sollicitabat.
2024 382 2143 417 Celius
2167 396 2202 418 se

1227 445 1304 467 cum
1328 432 1467 466 Milone
1491 432 1692 474 coniunxit,
1725 431 1952 467 contrahente
1973 434 2203 477 fugitivorum

1228 483 1428 523 exercitum,
1455 482 1654 517 utRomam
1673 484 1812 525 rediret,
1838 484 1898 516 sed
1913 485 2015 518 ambo
2032 484 2203 519 interfecti

1228 540 1310 568 sunt
1326 533 1416 566 Milo
1432 539 1465 567 et.
1480 531 1608 566 Celius.

1332 599 1438 633 Auno
1470 599 1576 642 igitur
1604 599 1912 643 septingentesimo
1937 601 2062 645 quinto
2088 613 2206 636 mense

1231 649 1395 683 Ianuario
1411 649 1538 683 Caesar
1555 649 1686 683 Consul
1710 650 1888 693 navigavit
1912 651 1948 683 in
1972 648 2121 695 Epirum
2144 653 2206 684 ad-

1231 712 1348 734 versus
1358 700 1578 744 Pompeium.
1630 698 1677 733 Et
1696 712 1773 733 cum
1784 700 1971 744 Pompeius
1980 699 2206 735 Dirrachium

1230 758 1379 790 teneret,
1406 749 1533 783 Caesar
1556 762 1596 783 eo
1620 750 1772 784 accessit.
1835 749 1888 784 Ibi
1910 763 1989 785 cum
2012 752 2124 786 multa
2149 763 2207 784 ca-

1231 801 1331 834 stella
1354 801 1500 841 faceret,
1527 800 1726 833 inclusurus
1742 799 1966 844 Pompeium,
1994 803 2057 835 etsi
2079 802 2114 834 in
2141 801 2207 835 ali-

1232 858 1318 896 quot
1341 851 1458 895 parvis
1487 851 1627 894 praeliis
1651 851 1847 894 superiores
1873 851 1948 884 eius
1969 852 2097 886 milites
2120 851 2208 885 fuis-

1232 907 1327 940 sent,
1354 908 1469 934 tamen
1489 913 1560 934 uno
1579 901 1711 944 praelio
1729 901 1859 934 maiore
1878 902 1990 935 victus
2008 909 2058 936 est
2072 901 2209 942 Caesar,

1234 951 1271 983 in
1296 962 1367 996 quo
1391 958 1587 993 nongentos
1611 951 1738 984 milites
1767 951 1894 984 amisit.
1958 949 2012 984 Ex
2036 964 2076 985 eo
2101 952 2209 994 igitur

1234 1001 1311 1033 loco
1328 1000 1365 1032 in
1376 997 1593 1033 Thessaliam
1610 1001 1775 1038 discedit,
1803 1013 1880 1033 cum
1897 1001 2038 1045 quidem
2054 1009 2086 1036 et
2102 1002 2210 1034 fames

1234 1061 1314 1082 eum
1344 1056 1478 1091 cogeret
1510 1051 1584 1082 loca
1616 1050 1778 1083 uberiora
1802 1062 1979 1094 quaerere.
2042 1051 2210 1095 Sequitur

1236 1110 1315 1131 eum
1340 1098 1530 1142 Pompeius
1560 1110 1618 1141 spe
1649 1099 1759 1132 elatus
1787 1107 1929 1142 propter
1957 1099 2210 1134 Dirrachinum

1236 1148 1420 1191 praelium.
1473 1147 1563 1181 Cum
1580 1148 1686 1191 igitur
1702 1149 1743 1181 ad
1762 1146 1968 1182 Pharsalum
1993 1158 2138 1184 ventum
2159 1161 2211 1183 esâ€”

1236 1205 1305 1240 set,
1331 1210 1395 1231 nec
1415 1198 1493 1242 plus
1513 1198 1724 1231 Germanico
1740 1199 1883 1231 milliari
1900 1206 2009 1233 castra
2031 1201 2212 1240 distarent,

1237 1249 1274 1281 in
1292 1260 1330 1281 ea
1347 1246 1548 1282 Thessaliae
1563 1260 1624 1282 ora
1640 1249 1724 1282 vicit
1738 1247 1881 1290 Caesar,
1907 1250 2089 1285 trucidatis
2107 1251 2212 1296 quin-

1237 1299 1349 1331 decim
1381 1299 1538 1332 millibus
1573 1300 1610 1331 in
1641 1299 1792 1332 exercitu
1821 1298 2000 1343 Pompeii,
2040 1308 2074 1334 et
2103 1301 2212 1344 captis

1237 1348 1363 1391 viginti
1391 1355 1542 1393 quatuor
1570 1348 1739 1382 millibus.
1808 1347 1897 1381 Nam
1930 1350 2145 1391 fngientibus
2179 1358 2213 1383 et

1238 1398 1415 1482 dissgpat'is
1432 1396 1590 1433 hostibus
1609 1398 1939 1455 clamabatkCaesar:
1966 1397 2086 1433 Miles
2106 1411 2213 1446 parce

1238 1460 1304 1481 CWI
1333 1460 1392 1481 HS.

1339 1515 1527 1559 Pompeius
1544 1515 1679 1558 fugiens
1694 1516 1835 1550 accessit
1852 1517 1895 1549 ad
1906 1516 2090 1553 Larissam.
2125 1518 2213 1552 Inde

1239 1565 1416 1608 navigavit
1443 1565 1658 1610 Mitylenen,
1687 1566 1748 1599 ubi
1772 1566 1846 1599 eius
1871 1567 2025 1600 coniunx
2046 1566 2212 1601 Cornelia

1239 1622 1322 1650 erat.
1374 1614 1527 1648 Divertit
1547 1622 1661 1648 autem
1687 1615 1723 1648 in
1748 1613 1888 1649 hortum
1912 1615 2070 1660 Cratippi
2090 1616 2212 1650 Philo-

1238 1662 1360 1708 sophi,
1388 1677 1459 1696 non
1480 1666 1653 1707 ingressus
1669 1666 1810 1704 urbem,
1844 1667 1936 1709 apud
1955 1678 2055 1710 quem
2073 1679 2151 1699 cum
2169 1669 2213 1700 de

1239 1715 1379 1746 fortuna
1405 1722 1628 1758 quereretur,
1667 1715 1859 1757 disputavit
1882 1727 1927 1748 an
1952 1716 1996 1749 sit
2022 1717 2213 1759 providen-

1239 1764 1304 1803 tia,
1331 1776 1408 1795 cum
1430 1764 1464 1795 in
1483 1776 1583 1796 causa
1602 1764 1746 1796 meliore
1762 1764 1873 1798 victus
1899 1772 1997 1801 esset.
2049 1765 2213 1810 Respon-

1239 1814 1291 1846 dit
1313 1812 1517 1856 Cratippus,
1552 1814 1672 1846 fatales
1695 1825 1767 1847 esse
1790 1814 2019 1859 imperiorum
2040 1818 2214 1860 periodos,

1240 1870 1273 1897 et
1298 1863 1365 1895 iam
1393 1864 1550 1896 converti
1567 1862 1764 1897 Romanam
1782 1863 2051 1910 Rempublicam
2078 1867 2114 1899 in
2131 1867 2212 1901 Mo-

1239 1911 1429 1948 narchiam.

1339 1978 1428 2013 Cum
1445 1986 1559 2012 antem
1578 1980 1802 2022 existimaret,
1830 1981 1896 2015 sibi
1922 1981 1957 2014 in
1974 1980 2131 2029 Aegypto
2158 1987 2212 2020 su-

1240 2037 1356 2063 turnm
1377 2041 1447 2062 esse
1473 2030 1579 2062 fidum
1605 2027 1817 2074 hospitium,
1853 2039 1885 2066 et
1907 2032 1956 2064 ibi
1980 2045 2078 2077 posse
2102 2048 2212 2070 novos

1239 2081 1408 2113 exercitus
1439 2080 1574 2122 colligi,
1615 2092 1654 2113 eo
1679 2081 1830 2117 accessit.
1895 2081 1965 2116 Ubi
1989 2085 2068 2128 quia
2093 2085 2211 2120 Ptole-

1239 2142 1358 2163 maeus
1373 2131 1573 2163 adolescens
1590 2131 1772 2174 regebatur
1794 2132 1917 2166 alienis
1942 2135 2115 2176 consiliis,
2149 2138 2209 2170 de-

1240 2181 1434 2214 liberarunt
1468 2179 1641 2214 Pothinus
1674 2179 1887 2224 Eunuchus,
1936 2190 1970 2217 et
2009 2193 2211 2229 praeceptor

1239 2231 1469 2264 adolescentis
1493 2231 1583 2274 regis
1602 2229 1808 2265 Theodotus
1823 2231 1950 2273 ChiuS,
1984 2240 2016 2267 et
2040 2233 2212 2277 Achillas,

1239 2281 1298 2326 qui
1318 2288 1474 2325 praeerat
1490 2281 1674 2323 exercitui,
1701 2294 1746 2315 an
1764 2283 1983 2327 recipiendus
2002 2292 2085 2317 esset
2106 2285 2208 2318 Pom-

220 2336 339 2368 urlJem
367 2348 403 2368 ac
429 2335 562 2369 ltaliam
578 2336 723 2369 Consuli
747 2335 899 2370 Servilio
921 2332 1189 2367 commendavit.
1213 2344 1215 2363 Î¹
1239 2332 1357 2375 peius,
1382 2332 1463 2375 quia
1483 2332 1648 2365 videbant
1665 2333 1790 2365 molem
1811 2334 1893 2366 belli
1909 2331 2036 2366 attrahi
2051 2335 2211 2380 iuAegy-

219 2387 294 2418 (jun
311 2398 376 2428 que
393 2388 490 2419 multi
510 2387 699 2420 turbulenti
718 2386 809 2419 cives
823 2397 884 2429 spe
900 2396 1070 2417 novarum
1087 2384 1188 2416 tabuâ€”
1213 2397 1214 2415 Ï€
1241 2389 1335 2425 ptum
1349 2409 1357 2421 â€š
1384 2382 1411 2413 si
1432 2382 1657 2425 reciperetur.

1710 2382 1761 2415 Ac
1778 2394 1812 2415 re
1831 2383 1891 2415 diu
1906 2382 2080 2427 disputata
2103 2389 2209 2421 suasit

222 2437 330 2467 larum
356 2437 588 2469 cumulassent
609 2449 666 2469 aes
686 2437 862 2473 alienum,
902 2435 1012 2477 legem
1043 2433 1123 2466 tulit
1147 2434 1189 2465 de
1212 2424 1214 2484 J
1239 2429 1464 2469 Theodotus,
1506 2439 1543 2465 ut
1570 2432 1820 2465 interficeretur
1842 2431 2048 2476 Pompeius,
2077 2437 2208 2471 addens

218 2485 468 2528 Emptionibus
485 2494 516 2519 et
536 2487 656 2519 Usuris
669 2512 677 2528 â€š
707 2487 781 2529 paci
798 2486 939 2525 utilem,
966 2491 1005 2518 ut
1027 2484 1187 2517 aestimaâ€”

1211 2506 1213 2532 ]
1237 2482 1386 2514 dictum:
1426 2480 1562 2527 ÎÎµÎºÏá½¸Ï‚
1586 2481 1630 2516 Î¿á½
1652 2478 1787 2516 Î´á½±ÎºÎ½ÎµÎ¹.

1838 2479 1885 2516 Et
1911 2485 2002 2527 apud
2026 2484 2207 2520 Lucanum

219 2537 265 2568 tio
284 2548 399 2568 rernm
417 2536 533 2567 eadem
551 2543 723 2574 maneret,
751 2548 839 2581 quae
861 2535 982 2569 fuisset
1008 2541 1088 2567 ante
1111 2533 1186 2566 belâ€”
1211 2543 1213 2556 Â¹*
1237 2530 1411 2565 Pothinus
1426 2533 1555 2577 inquit:
1590 2530 1698 2565 Exeat
1713 2532 1812 2572 aula,
1839 2533 1898 2577 qui
1925 2534 1998 2568 vult
2019 2547 2091 2568 esse
2118 2537 2207 2580 pius.

218 2587 299 2618 lum.
353 2586 401 2617 alc
421 2585 454 2617 iu
476 2586 589 2618 usuris
612 2586 639 2618 si
657 2586 739 2629 quid
757 2598 859 2629 supra
879 2584 1101 2619 centesimam
1129 2595 1186 2616 so-

1236 2581 1341 2615 Nulla
1374 2582 1457 2615 fides
1488 2593 1643 2627 unquam
1665 2581 1810 2614 miseros
1835 2583 1938 2625 elegit
1962 2585 2100 2619 amicos.

2159 2585 2206 2621 Et

212 2638 323 2669 lutum
343 2643 448 2675 esset,
478 2637 511 2667 iu
528 2642 653 2669 sortem
676 2642 954 2679 computaretur,
984 2642 1016 2668 et
1039 2642 1077 2668 ut
1098 2634 1185 2677 legi-
1209 2662 1212 2679 a
1235 2632 1441 2676 Pompeium
1464 2638 1617 2671 accusat,
1657 2631 1718 2676 qui
1749 2644 1827 2666 cum
1852 2632 2000 2668 Senatus
2022 2634 2205 2670 Romanus
