2324 2955
197 124 266 160 159

198 208 417 243 afficiuntur,
455 210 486 236 et
517 203 604 235 fiunt
634 200 754 232 omnia
786 199 913 232 scelera
945 206 1018 233 toto
1046 200 1177 239 triduo,

199 271 287 304 quae
309 268 391 299 gens
414 251 611 290 barbarica,
636 250 761 293 impia,
789 249 999 291 libidinosa,
1025 262 1128 283 avara
1145 257 1178 283 et

200 308 349 342 crudelis
376 307 411 336 in
433 308 530 345 capta
552 301 638 334 urbe
656 300 767 343 regia,
794 300 960 344 opulenta
978 307 1010 334 et
1026 301 1178 334 ornatis-

200 360 285 392 sima
303 358 411 388 facere
428 353 542 386 audet.

299 405 381 437 Post
403 403 561 435 triduum
586 400 760 442 ingressus
777 400 900 432 urbem
920 407 951 433 et
968 412 1081 433 arcem
1099 400 1179 433 Ma-

199 456 378 493 hometus,
403 453 520 485 sedare
537 451 707 484 tumultus
723 450 824 493 cepit,
847 457 879 483 et
895 451 1082 495 inquisitos
1097 463 1179 494 pro-

200 517 292 539 ceres
317 504 471 547 aliquos,
499 501 560 546 qui
585 499 699 534 adhuc
723 500 851 545 reliqui
873 508 990 540 erant,
1016 501 1179 534 dissecari

200 557 306 589 iubet.

302 603 456 637 Narrant
472 600 555 635 etin
572 599 742 633 conviviis
751 598 912 631 Turcicis
927 597 1089 633 honestas
1105 612 1180 634 ma-

202 663 320 689 tronas
340 659 372 685 et
391 652 542 694 virgines
560 651 662 683 etiam
681 650 792 691 regiae
810 649 974 690 familiae,
1000 657 1077 693 post
1095 651 1179 684 alias

202 702 430 739 contumelias
455 712 516 745 per
538 701 659 733 ludum
681 700 842 732 dissectas
860 711 942 733 esse.
997 700 1047 732 Ac
1064 701 1179 733 nescio

202 768 246 788 an
279 752 506 786 horribiliora
532 750 686 792 exempla
712 751 870 791 legantur
893 749 929 780 in
954 750 1062 782 ullius
1082 751 1181 783 urbis

203 804 358 845 excidio,
394 812 545 845 quorum
578 800 738 841 cogitatio
770 806 859 831 certe
892 811 1032 832 movere
1060 811 1181 832 omnes

203 854 363 888 homines
385 852 506 888 debet,
533 857 571 883 ut
590 850 758 881 iudicium
778 848 841 881 Dei
861 855 1033 890 metuant,
1061 851 1180 883 vivant

202 904 409 940 modestiuS,
437 907 471 933 et
492 899 647 932 adsiduis
664 899 849 940 gemitibus
866 905 1004 942 petant,
1030 906 1069 933 ut
1084 900 1181 934 Deus

202 959 344 998 propter
368 951 480 983 filium
503 956 536 983 et
557 955 670 982 servet
694 947 1002 993 Ecclesiam'inter
1026 961 1108 991 nos,
1149 958 1181 984 et

203 1004 335 1045 mitiget
356 1012 498 1045 poenas.

304 1052 362 1085 Sic
384 1062 462 1083 cum
485 1048 627 1082 urbium
649 1049 808 1081 omnium
833 1050 951 1092 regina
974 1050 1011 1081 in
1033 1056 1105 1083 toto
1125 1061 1182 1092 ge-

204 1114 287 1136 nere
310 1099 467 1134 humano
492 1106 590 1143 capta
611 1105 643 1132 et
659 1099 793 1142 direpta
812 1100 875 1139 sit,
902 1107 934 1133 et
953 1107 1090 1143 experta
1111 1112 1183 1133 sac-

204 1153 332 1185 viciam
356 1150 707 1183 obscoenissimorum
731 1156 762 1181 ct
788 1150 1109 1183 crudelissimorum
1133 1151 1184 1182 la-

205 1211 365 1239 tronum,
393 1201 478 1244 quid
503 1200 702 1242 impendeat
720 1199 797 1231 aliis
813 1200 973 1241 gentibus
989 1207 1021 1232 et
1037 1200 1185 1232 urbibus

205 1253 406 1295 cogitemus.
460 1249 532 1282 Nec
554 1250 682 1281 frustra
706 1248 806 1281 nobis
832 1249 980 1292 proponi
1005 1256 1075 1282 tam
1101 1247 1184 1282 hor-

205 1303 333 1336 rendas
361 1299 556 1341 tragoedias
580 1298 693 1331 securi
718 1298 967 1339 imaginemur,
1000 1299 1186 1338 diluvium,

205 1351 385 1384 interitum
402 1349 656 1386 Sodomorum,
679 1347 852 1378 excidium
867 1347 1065 1386 Samariae,
1092 1347 1187 1379 Iero-

206 1402 379 1446 solymae‚
406 1397 587 1443 Byzantii,
614 1394 835 1429 Athenarum
859 1402 891 1429 et
909 1396 1058 1429 aliarum
1080 1396 1186 1430 innu-

206 1449 427 1484 merabilium
445 1447 588 1480 urbium
608 1446 815 1480 eversiones.

309 1497 343 1532 Ο
375 1498 518 1530 duriora
542 1496 707 1528 omnibus
733 1495 884 1537 scopulis
908 1502 1064 1537 pectora,
1099 1506 1187 1538 quae

207 1551 336 1584 talibus
353 1549 423 1580 irae
441 1546 582 1578 divinae
599 1545 764 1588 exemplis
780 1555 852 1576 non
870 1551 1073 1584 moventur,
1100 1557 1187 1588 quae

208 1613 253 1633 ne
276 1598 435 1632 diabolos
459 1596 601 1640 quidem
625 1595 698 1626 sine
719 1601 869 1626 tremore
887 1600 919 1627 et
934 1601 1030 1627 metu
1048 1595 1187 1628 venturi

210 1649 331 1684 iudicii
353 1653 505 1691 spectare
521 1656 620 1689 posse
638 1644 807 1678 existimo.

311 1698 403 1732 Sunt
426 1702 541 1729 autem
564 1695 648 1728 anni
671 1706 689 1727 a
703 1694 829 1726 Xerxis
845 1694 923 1735 fuga
939 1705 1049 1737 usque
1067 1695 1110 1726 ad
1126 1693 1189 1727 Se-

209 1761 331 1784 verum
348 1748 609 1790 imperatorem,
636 1756 654 1777 a
670 1757 738 1788 quo
755 1743 1072 1789 anteallyzantium
1091 1756 1189 1776 ever-

211 1812 288 1834 sum
309 1804 378 1839 est,
407 1797 586 1839 aliquanto
606 1795 723 1838 plures
738 1805 841 1838 quam
859 1794 1085 1837 septingenti,
1111 1794 1190 1838 qui-

211 1853 277 1884 bus
292 1848 393 1882 aunis
408 1846 529 1879 ssoruit
545 1845 754 1889 Byzantium
773 1855 882 1888 usque
898 1845 941 1876 ad
957 1844 1137 1878 Severum.

316 1896 347 1931 A
363 1895 596 1929 Constantino
621 1894 707 1927 anni
733 1900 813 1927 sunt
831 1906 939 1938 usque
955 1895 999 1926 ad
1018 1892 1083 1927 hoc
1099 1894 1188 1926 exci-

213 1950 311 1983 dium
339 1947 475 1979 circiter
499 1945 596 1977 mille
619 1951 652 1977 et
676 1950 823 1976 centum.
877 1943 1013 1977 Interea
1039 1944 1101 1977 etsi
1127 1945 1191 1976 do—

214 1998 364 2032 mesticis
388 2002 421 2029 et
445 1994 596 2028 externis
622 1994 725 2026 bellis
749 1993 926 2026 interdum
949 2001 1108 2038 quassata
1131 2000 1191 2035 est,

213 2058 330 2083 tamen
361 2057 496 2088 semper
522 2045 587 2077 suit
610 2044 795 2087 praecipua
819 2044 1059 2077 doctrinarum
1086 2045 1192 2077 sedes.

215 2099 316 2132 Nunc
340 2096 461 2129 deletis
477 2093 658 2132 Ecclesiis,
686 2091 909 2126 bibliothecis
933 2101 965 2127 et
986 2095 1111 2128 studiis
1130 2095 1193 2127 do-

217 2149 426 2185 ctrinarum,
453 2144 597 2178 sublatis
622 2143 788 2175 ordinum
812 2145 994 2184 gradibus,
1018 2151 1138 2177 senatu
1161 2151 1193 2177 et

215 2196 492 2239 magistratibus,
521 2201 553 2226 et
573 2194 732 2227 extinctis
750 2193 929 2227 nobilibus
944 2194 1106 2233 familiis,
1134 2206 1193 2227 arx

217 2254 267 2280 est
292 2243 526 2289 blasphemiae
545 2241 821 2283 Mahometicae,
848 2250 881 2277 et
906 2245 1082 2277 stabulum
1099 2244 1193 2277 Tur—

219 2297 372 2331 cicorum
391 2296 579 2334 latronum,
604 2294 664 2338 qui
681 2293 869 2330 doctrinas,
893 2291 1074 2327 honestam
1091 2295 1195 2327 disci-

220 2347 373 2391 plinam,
416 2345 523 2386 leges,
566 2343 809 2386 coniugiorum
846 2344 988 2383 foedus,
1031 2345 1195 2378 castitatis

219 2399 324 2429 decus
347 2396 502 2427 sui-enter
519 2399 767 2430 contemnunt,
795 2400 827 2425 et
844 2394 939 2426 nulla
955 2394 1071 2426 civilia
1090 2407 1195 2426 orna-

220 2453 336 2479 menta
355 2443 617 2485 magnifaciunt.
670 2443 825 2476 Tantum
843 2445 965 2477 ardent
982 2445 1117 2476 infirma
1136 2457 1196 2477 cu-

220 2497 365 2540 piditate
380 2492 643 2533 dominationis,
669 2504 772 2535 quam
789 2500 903 2526 tamen
922 2492 1113 2527 nihilaliud
1127 2506 1197 2527 esse

222 2545 441 2586 intelligunt,
469 2542 536 2574 nisi
562 2542 670 2573 facere
696 2543 889 2575 vastitatem
915 2544 951 2576 in
975 2551 1047 2576 toto
1072 2555 1197 2586 genere

222 2595 398 2631 humano,
424 2604 527 2636 quam
546 2598 576 2623 et
596 2603 724 2623 nomen
743 2593 934 2628 minitatur.

221 2645 342 2678 bulum
363 2642 479 2676 Turca
498 2641 727 2676 vastationem
747 2642 927 2685 significat.

988 2593 1076 2627 Nam
1096 2607 1198 2627 voca-

641 115 799 151 DECL.
842 113 915 148 DE
955 113 1144 149 CAPTA
1187 114 1762 151 CONSTANTINOPOLI.

2131 118 2205 153 160

1332 199 1417 232 Tale
1434 206 1484 232 est
1499 198 1564 234 hoc
1579 202 1742 236 ultimum
1754 202 1879 235 mundi
1892 202 2087 247 imperium,
2102 203 2204 247 *quod

1230 250 1313 283 sinit
1331 248 1431 291 Deus,
1454 251 1497 282 ad
1524 252 1701 294 punienda
1718 253 1876 285 omnium
1895 253 2050 295 gentium
2066 259 2204 296 peccata

1230 308 1299 334 tam
1330 300 1397 332 late
1425 301 1587 341 grassa1·i;
1622 309 1655 334 et
1682 303 1773 335 scitis
1798 304 1834 335 iu
1858 300 2043 346 Prophetis
2066 303 2205 345 praedi-

1231 357 1324 383 ctum
1350 360 1420 381 esse
1446 350 1513 382 tale
1538 351 1611 383 sore
1633 352 1795 385 ultimum
1817 353 2021 395 imperium,
2055 364 2098 384 ne
2119 353 2205 385 moti

1231 400 1303 433 eius
1321 399 1475 442 potentia
1487 426 1496 440 ,
1523 401 1722 433 deficiamus
1740 412 1757 435 a
1774 403 1844 436 filio
1862 402 1939 435 Dei.

1333 449 1506 483 Scribitur
1522 448 1628 483 Arius
1651 457 1792 484 vocatus
1816 453 1921 485 fuisse
1938 452 2145 498 Byzantium
2163 452 2206 484 ad

1231 505 1440 543 postremam
1458 501 1704 542 cognitionem.
1755 502 1811 534 Ibi
1827 514 1906 535 cum
1923 514 2023 536 mane
2040 504 2083 535 ad
2101 513 2208 546 syno—

1232 551 1315 582 dum
1338 561 1534 583 accessurus
1555 559 1659 590 esset,
1687 552 1803 585 subito
1823 559 1918 585 tanto
1935 553 2055 585 dolore
2073 551 2209 585 intesti-

1232 611 1359 632 norum
1384 600 1487 632 adfici
1511 602 1641 644 coepit,
1669 609 1706 634 ut
1732 602 1871 635 deflexit
1898 603 1939 634 de
1957 602 2012 634 via
2031 603 2072 633 ad
2090 601 2209 644 publi-

1233 662 1307 682 cam
1331 650 1506 684 latrinam.
1560 652 1799 696 Qnaecunque
1817 653 1883 685 fuit
1903 663 2003 685 causa
2022 651 2128 684 subiti
2147 652 2210 699 do-

1232 700 1337 739 loris,
1372 711 1433 741 ego
1466 702 1783 735 consternationem
1813 703 1921 734 animi
1953 702 2058 734 fuisse
2083 701 2212 739 iudico,

1233 750 1269 781 in
1296 761 1364 794 qua
1384 750 1497 783 cordis
1516 752 1705 791 cruciatus,
1733 764 1810 784 cum
1826 752 1968 785 sentiret
1988 752 2074 783 iram
2089 750 2155 784 Dei
2172 756 2212 783 ut

1234 800 1270 832 in
1295 799 1397 840 luda,
1432 800 1479 833 ita
1499 801 1645 834 laniavit
1667 802 1784 834 omnia
1809 803 1959 841 viscera,
1986 808 2023 835 ut
2047 800 2212 833 intestina

1234 862 1374 894 quoque
1411 850 1616 891 effuderint,
1666 852 1754 884 sicut
1794 852 1831 884 fit
1865 852 1997 894 magnis
2031 851 2212 883 doloribus

1234 900 1359 934 cordis.

1336 948 1384 983 Ut
1406 956 1520 983 autem
1545 957 1628 983 tunc
1653 951 1689 982 in
1710 951 1872 984 latrinam
1888 949 2091 996 Byzantiam
2109 948 2215 982 Arius

1236 1006 1385 1033 stercora
1402 1011 1463 1034 sua
1480 1001 1622 1040 abiecit,
1650 1001 1695 1033 ita
1710 1013 1804 1033 nunc
1820 1001 1923 1044 plane
1940 1013 1978 1033 ea
1997 1001 2080 1033 urbs
2099 1000 2215 1032 cloaca

1236 1048 1313 1082 Arii
1335 1057 1383 1083 est
1397 1077 1405 1090 ‚
1433 1051 1515 1094 quia
1532 1049 1610 1083 Arii
1634 1049 1850 1094 blasphemia
1868 1062 1985 1084 semen
2002 1050 2069 1083 suit
2086 1047 2215 1082 Maho-

1237 1099 1381 1132 meticae
1415 1101 1614 1143 impietatis.
1673 1099 1792 1133 Audio
1825 1107 1940 1133 tamen
1965 1100 2100 1144 aliquas
2122 1105 2154 1132 et
2178 1099 2215 1130 in

1237 1150 1324 1181 urbe
1341 1156 1373 1183 et
1393 1150 1427 1182 in
1446 1151 1573 1182 vicinia
1586 1177 1595 1189 ‚
1619 1157 1651 1184 et
1668 1151 1851 1194 praecipue
1868 1151 1904 1182 in
1922 1148 2143 1183 Chalcedone
2161 1160 2216 1181 re-

1238 1200 1364 1243 liquias
1380 1211 1451 1232 esse
1468 1197 1658 1233 Christiani
1679 1201 1850 1239 nominis,
1877 1201 1935 1232 sed
1956 1210 2136 1243 oppressas
2153 1199 2217 1231 tri-

1239 1250 1280 1281 sti
1305 1249 1489 1288 servitute,
1525 1258 1557 1283 et
1580 1250 1730 1282 subinde
1755 1248 1915 1282 homines
1939 1249 2099 1282 licentiae
2122 1248 2217 1280 mili-

1238 1299 1322 1330 taris
1342 1300 1505 1340 cupidos,
1532 1300 1575 1329 ab
1592 1298 1744 1331 Ecclesia
1764 1301 1805 1331 ad
1826 1299 2011 1331 Turcicam
2031 1298 2219 1337 discedere,

1239 1347 1320 1390 quia
1345 1347 1484 1380 licentia
1507 1344 1710 1380 hominibus
1735 1359 1796 1390 per
1820 1358 1891 1380 sese
1916 1354 2012 1390 grata
2029 1354 2096 1387 est,
2122 1354 2154 1380 et
2172 1347 2220 1379 si-

1239 1396 1313 1428 mul
1335 1408 1405 1440 quo
1426 1408 1461 1429 se
1484 1397 1623 1429 fortuna
1643 1397 1808 1437 inclinat,
1836 1409 1875 1429 eo
1893 1398 1930 1430 fit
1949 1405 1981 1430 et
1998 1398 2219 1431 voluntatum

1241 1446 1442 1485 inclinatio,
1469 1452 1501 1478 et
1520 1446 1683 1479 omnibus
1700 1447 1868 1479 aetatibus
1887 1447 1990 1479 multi
2007 1447 2163 1480 iudicant
2177 1447 2220 1479 de

1241 1495 1470 1537 religionibus
1485 1507 1524 1527 ex
1543 1496 1771 1539 imperiorum
1789 1497 2014 1530 successibus,

1342 1592 1443 1627 Hanc
1465 1601 1571 1628 totam
1596 1595 1832 1628 narrationem
1857 1597 1899 1628 de
1917 1596 2086 1641 Byzantio
2109 1608 2147 1629 eo
2166 1608 2220 1629 re-

1243 1643 1366 1683 citavi,
1401 1645 1481 1688 quia
1504 1644 1599 1678 Deus
1624 1646 1814 1689 praecepit,
1849 1653 1887 1679 ut
1912 1647 2066 1690 exempla
2092 1658 2221 1690 poena-

1243 1705 1319 1726 rum
1348 1694 1566 1735 intueamur,
1597 1702 1628 1727 et
1652 1707 1770 1727 eorum
1798 1696 2005 1738 cogitatione
2029 1697 2073 1729 ad
2098 1698 2221 1729 mode—

1242 1743 1343 1777 stiam
1367 1750 1399 1776 et
1426 1746 1468 1778 ad
1492 1757 1609 1778 veram
1630 1746 1887 1781 ,invocationem
1908 1746 1974 1780 Dei
1999 1759 2063 1780 nos
2089 1747 2222 1780 exusci-

1244 1800 1366 1829 temus.

1344 1843 1448 1878 Scitis
1472 1845 1603 1879 dictum
1620 1846 1681 1878 filii
1700 1844 1784 1887 Dei,
1813 1859 1890 1879 cum
1909 1848 2000 1890 apud
2019 1859 2097 1880 eum
2116 1846 2222 1880 Pilati

1244 1894 1429 1928 crudelitas
1457 1902 1613 1929 accusata
1644 1903 1748 1935 esset,
1783 1897 1844 1942 qui
1874 1897 2093 1931 interfecerat
2119 1897 2222 1930 Gali-

1245 1944 1336 1977 laeos
1364 1946 1517 1991 aliquot,
1550 1953 1583 1979 et
1612 1947 1769 1989 coegerat
1797 1954 1948 1980 caeteros
1980 1948 2017 1979 in
2047 1947 2223 1980 sacrificiis

1244 1995 1363 2027 bibere
1385 2003 1611 2039 cognatorum
1629 1997 1852 2039 sanguinem,
1880 1998 1941 2030 etsi
1959 2009 2012 2030 res
2028 2004 2100 2031 crat
2115 2004 2224 2038 atrox,

1246 2052 1361 2077 tamen
1384 2044 1544 2080 Christus
1567 2048 1691 2079 omissa
1709 2046 1814 2081 Pilati
1841 2048 2041 2090 mentione,
2069 2060 2224 2081 commo-

1246 2096 1371 2128 nefacit
1393 2108 1473 2129 suos
1497 2098 1673 2130 auditores
1695 2099 1737 2130 de
1754 2098 1921 2140 exemplo.
1974 2096 2109 2131 Omnes
2127 2098 2224 2130 simi-

1246 2146 1325 2179 liter
1343 2147 1519 2188 peribitis,
1542 2148 1610 2180 nisi
1629 2159 1689 2180 vos
1704 2148 1947 2183 emendabitis,

1348 2196 1486 2230 Yidetis
1503 2199 1619 2241 quales
1638 2199 1773 2231 furores
1785 2198 1853 2230 sint
1866 2196 2016 2232 hostium
2027 2197 2225 2239 Evangelii,

1248 2258 1396 2290 quorum
1427 2248 1528 2280 multi
1560 2255 1679 2281 contra
1704 2248 1952 2280 conscientiam
1975 2248 2168 2281 defendunt
2193 2255 2225 2279 et

1247 2297 1429 2331 stabiliunt
1462 2298 1644 2332 manifesta
1674 2298 1784 2338 idola3
1826 2297 1953 2330 deinde
1983 2310 2086 2342 quam
2120 2297 2224 2330 multi

1247 2347 1377 2391 ubique
1402 2348 1471 2380 siut
1492 2346 1677 2392 Epicurei,
1705 2359 1808 2392 quam
1824 2348 1926 2381 multi
1943 2349 2096 2381 furentes
2113 2347 2225 2380 ambi--

1248 2397 1343 2429 tione
1368 2405 1399 2431 et
1424 2399 1533 2438 odiis,
1561 2406 1592 2432 et
1618 2399 1796 2432 turbantes
1813 2399 2034 2431 concordiam
2052 2396 2225 2431 Ecclesia-

1249 2459 1325 2479 rum
1352 2454 1384 2479 et
1408 2448 1443 2480 in
1469 2449 1684 2482 vocationem
1712 2448 1871 2490 piorum,
1899 2455 2067 2492 quantum
2088 2448 2224 2480 sibiin—

1250 2497 1393 2539 dulgent
1424 2499 1567 2541 plurimi
1598 2500 1634 2531 in
1666 2498 1902 2540 voluptatibus
1930 2498 2140 2532 inconcessis
2167 2504 2227 2530 aut

1250 2548 1511 2582 immoderatis?

1352 2597 1444 2631 Haec
1470 2599 1554 2631 vitia
1579 2597 1773 2640 abiicienda
1797 2605 1895 2637 sunt,
1923 2605 1955 2632 et
1969 2609 2082 2630 mores
2101 2597 2227 2630 rectius

1251 2649 1414 2689 regendi,
1456 2655 1488 2682 et
1526 2648 1715 2682 flectendae
1745 2655 1878 2682 mentes
1909 2649 1951 2682 ad
1983 2647 2227 2691 cogitationem
