2324 2955
124 104 199 142 925
686 103 714 140 l.

123 201 262 224 novem.
314 188 483 234 Princeps
500 189 611 223 iustus
626 195 659 223 et
673 188 849 224 beneficus
867 190 951 231 suit,
979 189 1109 223 iniuste

123 243 309 274 damnatos
344 241 409 274 sub
439 239 645 274 Domitiano
680 241 843 275 restituit.
919 237 1108 274 Prohibuit

122 291 307 325 saeviciam
325 303 413 336 quae
430 291 466 323 in
483 288 705 324 Christianos
724 292 966 332 exercebatur,
989 298 1019 325 et
1041 290 1109 336 Sy-

123 339 315 386 cophantas
334 341 504 386 quosdam
530 341 643 374 occidi
668 341 786 380 iussit,
814 342 905 375 inter
930 353 1018 387 quos
1041 341 1108 375 suit

123 399 155 425 et
185 392 275 425 Sura
303 388 552 435 Philosophus.
618 392 720 425 Iussu
756 392 831 426 eius
866 393 990 426 delecti
1025 398 1107 425 sunt

123 442 332 483 Senatores,
372 441 432 486 qui
468 453 569 485 agros
597 449 756 476 emerent
779 444 857 476 data
888 443 1035 487 pecunia
1064 454 1105 475 ex

122 491 285 536 publico,
322 499 354 526 et
379 492 579 526 dividerent
605 492 721 535 egenis
747 493 895 529 civibus.
953 493 1106 527 Sustulit

120 549 324 586 sumptuosa
348 543 553 587 spectacula.
619 542 782 577 Marcum
807 543 952 588 Ulpium
978 543 1105 577 Traia-

120 604 206 626 num
230 600 352 627 natum
378 594 414 626 in
440 592 631 637 Hispania,
674 601 817 638 propter
841 595 1006 628 virtutem
1041 594 1104 626 ad-

120 644 273 686 optavit,
324 651 358 678 et
384 654 617 677 successorem
645 644 728 678 fecit
750 651 932 689 praesente
960 643 1104 684 Senatu,

119 693 221 738 eique
250 694 401 737 insignia
433 694 573 737 imperii
602 694 698 729 misit
731 695 768 728 in
791 694 1021 728 Germaniam
1058 695 1101 727 ad

118 745 241 776 urbem
252 742 437 778 Coloniam
454 743 700 789 Agrippinam.
752 744 878 779 Postea
894 746 990 779 febre
1008 756 1103 778 mor-

119 800 200 827 tuus
223 801 284 830 est.

221 860 391 895 Scribunt
406 860 534 896 Suidas
548 868 580 895 et
597 860 837 907 Nicephorus,
861 861 998 896 Nervae
1014 870 1103 897 tem-

118 922 203 955 pore
229 909 424 945 Iohannem
450 913 660 957 Apostolum
683 924 722 945 ex
746 910 895 946 Pathmo
920 911 1102 956 Ephesum

118 962 283 1002 rediisse,
323 962 386 996 ubi
410 969 486 1006 post
511 963 663 996 reditum
689 974 801 995 annos
827 970 979 1007 quatuor
1005 963 1102 998 vixit.

118 1010 165 1045 Et
180 1012 333 1045 reditum
356 1012 430 1045 eius
454 1012 594 1045 ornavit
612 1010 708 1045 Deus
731 1012 862 1046 illustri
886 1013 1103 1054 testimonio,

117 1061 200 1106 quia
216 1060 414 1095 Drusianae
431 1074 520 1106 quae
536 1062 748 1095 efferebatur
765 1074 843 1095 cum
863 1061 1039 1096 lohannes
1063 1064 1100 1097 in

116 1112 240 1146 urbem
258 1112 519 1156 ingrederetur,
545 1124 606 1157 per
623 1124 703 1145 eum
720 1112 789 1146 vita
809 1113 970 1147 restituta
987 1120 1048 1149 est.

168 1222 274 1254 Anno
299 1221 423 1254 mundi
447 1228 570 1266 quater
594 1222 782 1255 millesimo
806 1222 1021 1266 sexagesimo
1047 1233 1100 1256 se-

317 1272 449 1305 cundo.

167 1321 274 1354 Anno
292 1320 429 1355 Romae
447 1322 739 1365 octingentesimo
756 1323 1059 1369 quinquagesimo.

166 1371 274 1405 Anno
292 1369 425 1406 Christi
444 1372 673 1416 nonagesimo
692 1385 801 1407 nono.

455 1458 762 1490 Traianus.

217 1528 356 1577 Ulpius
373 1529 547 1564 Traianus
561 1529 741 1575 Hispanus
762 1542 856 1564 anno
873 1541 955 1564 suae
976 1532 1098 1565 aetatis

115 1581 380 1626 quadragesimo
405 1582 559 1614 secundo
581 1580 754 1624 imperare
777 1581 908 1625 coepit,
949 1593 1028 1614 cum
1054 1583 1097 1615 ad

115 1643 194 1664 eum
212 1630 326 1665 Nerva
349 1632 526 1665 decretum
546 1632 590 1664 de
606 1632 797 1675 adoptione
821 1633 865 1665 ad
887 1631 1010 1664 urbem
1029 1631 1097 1666 Co-

114 1681 248 1714 loniam
275 1681 508 1724 Agrippinam
530 1681 692 1717 misisset.
751 1681 884 1715 Tenuit
907 1681 1095 1725 imperium

115 1743 227 1765 annos
250 1730 501 1770 novendecim,
527 1742 663 1764 menses
684 1743 761 1772 sex,
788 1732 862 1765 dies
882 1731 1097 1776 quindecim,

115 1782 279 1826 princeps
303 1781 460 1825 sapiens,
493 1780 622 1818 iustus,
657 1781 806 1814 consilio
831 1788 865 1815 et
887 1782 1096 1815 fortitudine

115 1832 154 1865 in
175 1831 276 1866 bellis
302 1831 483 1866 excellens.
542 1830 678 1864 Nervae
701 1837 774 1864 acta
797 1832 1017 1865 confirmavit
1040 1844 1096 1864 re-

116 1882 232 1916 ductis
257 1882 417 1916 exulibus
443 1881 571 1914 iniuste
594 1881 854 1920 condemnatis,
902 1888 935 1914 et
960 1880 1095 1916 Romae

114 1933 207 1976 leges
224 1939 256 1967 et
276 1933 405 1966 iudicia
423 1932 593 1973 restituit,
617 1932 670 1965 ius
687 1932 889 1976 frequenter
904 1931 976 1975 ipse
993 1932 1093 1967 dixit.

115 1981 248 2028 Estque
267 1983 418 2017 Senatus
434 1984 571 2016 decreto
597 1980 653 2015 hic
677 1979 790 2015 honos
811 1982 841 2015 ei
867 1980 1029 2023 habitus,
1056 1990 1095 2017 ut

115 2030 290 2080 Princeps
322 2032 477 2080 optimus
503 2039 780 2077 nuncuparetur.
854 2031 1095 2067 Bibliothecas

116 2084 303 2124 instruxit,
343 2085 434 2117 inter
456 2095 541 2128 quas
563 2095 670 2116 unam
696 2095 713 2116 a
739 2083 914 2126 gentilicia
939 2084 1094 2127 appella-

116 2136 213 2168 tione
235 2134 375 2178 Ulpiam
399 2134 607 2167 nominavit.
668 2133 891 2167 Familiarem
917 2134 1094 2167 doctorem

117 2184 242 2219 habuit
263 2183 513 2225 Plutarchum,
549 2185 647 2218 cuius
677 2191 794 2218 extant
822 2184 922 2218 utilia
957 2185 1096 2228 scripta,

117 2235 297 2270 Praefecto
327 2235 504 2280 praetorio
535 2236 675 2269 tradens
699 2235 854 2277 gladium
881 2234 983 2268 dixit:
1019 2234 1096 2268 lloc

117 2286 234 2329 gladio
250 2298 313 2331 pro
328 2299 383 2319 me
398 2286 508 2320 utaris
525 2286 636 2319 donec
662 2285 750 2318 iusta
772 2285 876 2318 facio:
905 2285 943 2319 Si
969 2285 1097 2318 iniusta

118 2337 251 2378 fecero,
277 2344 398 2371 contra
415 2348 470 2369 me
486 2336 605 2370 utaris.
665 2335 761 2369 Ilaec
791 2336 895 2368 verba
910 2335 938 2368 si
963 2336 1097 2370 intelli-

119 2394 246 2430 gantur
264 2388 306 2420 de
323 2387 530 2431 depulsione
547 2387 706 2420 notoriae
727 2392 761 2419 et
785 2387 911 2420 atrocis
936 2386 1097 2426 iniuriae,

121 2438 210 2472 iusta
226 2437 338 2471 oratio
355 2445 403 2472 est
422 2438 623 2481 praesertim
642 2438 684 2470 ad
703 2438 808 2470 duces
824 2437 1005 2472 ext-retius.

223 2504 322 2538 Bella
343 2504 409 2538 tria
434 2505 618 2549 praecipua
642 2505 761 2547 gessit:
797 2504 951 2548 primum
977 2512 1099 2539 contra

120 2554 355 2596 Decebalum,
383 2556 442 2600 qui
462 2555 599 2589 circiter
615 2566 728 2589 annos
752 2555 900 2587 sedecim
919 2554 1100 2590 Romanos

120 2607 215 2640 bello
246 2613 464 2646 exercuerat,
508 2613 539 2640 ct
567 2618 687 2640 recens
716 2605 872 2651 Iazygas,
915 2606 974 2649 qui
1007 2619 1101 2641 nunc

122 2656 361 2702 Transylvani
385 2657 634 2695 nominantur,
672 2663 865 2691 vexaverat.
940 2656 1100 2691 Tandem

765 101 1058 140 CHRONICON
1087 101 1333 139 CARtONts.
1385 102 1510 139 PARS
1539 101 1586 140 11.

2069 113 2141 148 926

1162 200 1261 221 mora
1280 196 1313 224 et
1330 189 1471 234 praeliis
1489 189 1624 236 aliquot
1640 189 1751 226 victus
1763 218 1772 234 ,
1806 200 1955 228 mortem
1973 195 2040 229 sibi
2057 209 2142 231 con-

1161 239 1274 272 scivit.

1262 289 1411 324 Pontem
1434 291 1533 332 fecit,
1574 304 1644 337 quo
1668 290 1749 326 Istri
1779 293 1872 338 ripas
1903 297 2085 332 coniunxit
2104 299 2141 332 in

1159 338 1325 383 Bulgaria
1352 352 1479 383 magno
1504 349 1536 376 et
1562 342 1724 376 mirando
1747 356 1862 388 opere.
1921 345 1991 381 Nec
2017 350 2141 392 procul

1160 390 1242 422 inde
1259 390 1447 436 Nicopolin
1465 393 1643 433 condidit,
1677 395 1719 426 ad
1740 406 1843 438 quam
1862 408 1989 439 magno
2007 400 2140 443 praelio

1158 441 1270 475 victus
1288 450 1337 475 est
1353 442 1570 485 Sigismundi
1595 444 1815 487 imperatoris
1842 449 2011 482 exercitus
2035 462 2052 482 a
2069 448 2140 483 Ba-

1158 490 1265 525 iazete
1284 492 1495 536 imperatore
1511 492 1675 527 Turcico.

1260 541 1301 575 ln
1322 544 1474 576 secundo
1493 544 1584 577 bello
1602 541 1787 577 Orientem
1804 546 1908 587 adiit,
1933 548 1994 581 ubi
2012 549 2139 583 Arme-

1157 592 1252 625 niam
1270 594 1469 636 occupavit:
1499 600 1529 627 et
1546 605 1746 637 progressus
1765 595 1801 628 in
1819 595 1996 642 Assyriam
2014 601 2055 632 ad
2071 600 2139 633 Ar-

1156 643 1233 676 bela
1255 655 1383 688 usque,
1410 641 1559 677 Parthos
1577 645 1754 688 repressit.
1806 645 1858 680 Ac
1874 654 1911 680 ut
1926 648 2056 690 gloriae
2073 651 2139 684 fuit

1157 693 1314 732 avidior,
1351 694 1438 728 dixit
1461 706 1496 728 se
1522 695 1715 728 Alexandri
1747 697 1905 741 exemplo
1936 698 1973 730 in
2000 699 2138 733 Indiam

1156 755 1400 786 processurum
1426 756 1515 786 esse,
1554 746 1582 778 si
1608 752 1694 779 esset
1716 745 1845 780 iunior.
1911 746 1994 783 Fuit
2023 757 2138 784 autern

1156 794 1271 827 fatalis
1291 794 1391 828 limes
1407 795 1545 840 imperii
1562 794 1717 830 Romani
1734 796 1888 842 Assyria.

1257 842 1303 878 Et
1320 852 1357 879 ut
1377 846 1500 889 ingens
1516 846 1686 880 foelicitas
1702 859 1766 880 nec
1781 848 1948 882 diuturna
1974 856 2040 890 est,
2074 862 2137 884 nec

1156 894 1230 928 sine
1249 895 1367 940 aliqua
1386 896 1515 939 insigni
1531 897 1747 939 calamitate,
1775 897 1821 931 ita
1841 898 2034 932 Traianum
2054 907 2137 934 tunc

1154 945 1295 977 fortuna
1312 946 1483 986 deseruit,
1511 947 1593 990 quia
1611 955 1642 980 et
1667 948 1739 990 ipse
1761 949 1944 982 saeviciam
1971 952 2137 984 adversus

1154 993 1347 1028 Ecclesiam
1374 1003 1583 1029 exercuerat.
1652 996 1933 1043 Numeraturque
1957 1012 1995 1033 ea
2021 1013 2137 1044 perse-

1155 1045 1280 1090 quutio
1295 1045 1414 1084 tertia,
1443 1045 1479 1078 in
1496 1058 1564 1091 qua
1575 1044 1722 1079 Simeon
1740 1047 2010 1093 filiusCleopae,
2034 1057 2136 1084 natus

1155 1107 1196 1128 ex
1213 1107 1332 1129 sorore
1343 1095 1479 1130 Blariae
1495 1096 1659 1140 virginis,
1687 1097 1882 1142 Episcopus
1902 1098 2136 1145 lerosolymae

1154 1157 1248 1179 anno
1264 1147 1385 1180 aetatis
1401 1158 1483 1180 suae
1498 1148 1687 1181 centesimo
1706 1155 1736 1181 et
1754 1148 1917 1182 vicesimo
1935 1150 2136 1185 interfectus

1155 1202 1225 1236 est,
1258 1209 1338 1230 cum
1363 1197 1506 1242 quidem
1531 1196 1650 1231 Iudaei
1672 1211 1751 1231 eum
1777 1207 2010 1241 accusassent,
2041 1202 2136 1246 quod

1154 1253 1256 1279 natus
1272 1259 1311 1280 ex
1329 1247 1476 1291 posteris
1491 1246 1607 1282 David
1625 1249 1804 1283 videretur
1829 1250 2019 1295 aliquando
2043 1252 2135 1285 sedi-

1154 1303 1286 1330 tionem
1303 1305 1465 1332 moturus
1482 1310 1566 1332 esse.

1254 1345 1318 1382 Est
1339 1355 1371 1382 et
1387 1345 1566 1393 Ignalius
1582 1346 1828 1383 Antiochenus
1845 1347 2040 1395 Episcopus
2058 1351 2134 1386 Ro-

1154 1408 1245 1430 mam
1264 1399 1406 1437 ductus,
1435 1406 1467 1433 et
1489 1399 1609 1433 bestiis
1626 1400 1800 1440 obiectus,
1827 1401 1895 1434 iam
1917 1414 2036 1435 senex:
2071 1403 2132 1447 qui

1152 1447 1335 1482 familiaris
1354 1450 1466 1484 suerat
1483 1450 1682 1494 Apostolis
1711 1457 1743 1484 et
1768 1451 1932 1494 epistolas
1950 1453 1990 1485 ad
2010 1450 2133 1486 Eccle-

1154 1498 1221 1531 sias
1238 1499 1375 1544 aliquot
1391 1501 1548 1545 scripsit,
1574 1500 1612 1533 in
1629 1501 1757 1546 quibus
1775 1501 1971 1535 testimonia
1989 1510 2069 1536 sunt
2089 1504 2132 1536 de

1152 1548 1223 1581 filio
1247 1547 1332 1591 Dei,
1364 1552 1459 1595 quod
1485 1552 1528 1585 sit
1682 1548 1873 1597 .
1937 1552 2013 1586 lloc
2037 1554 2131 1586 enirn

1153 1600 1365 1633 vocabulum
1385 1608 1475 1635 extat
1494 1602 1530 1635 in
1548 1603 1698 1647 quadam
1717 1603 1791 1636 eius
1807 1604 1965 1646 epistola.

1251 1649 1480 1686 Revocarunt
1495 1658 1611 1686 autem
1629 1651 1824 1686 Traianum
1842 1665 1881 1686 ex
1892 1653 2033 1698 Assyria
2050 1665 2131 1686 cru-

1150 1699 1348 1733 delissimae
1365 1701 1555 1735 seditiones
1575 1701 1804 1743 ludaeorum,
1832 1704 1891 1748 qui
1917 1704 1952 1736 in
1972 1704 2129 1749 Aegypto

1149 1756 1182 1783 et
1197 1748 1335 1795 Cyrene
1351 1757 1384 1784 et
1400 1750 1518 1797 Cypro
1540 1752 1795 1796 quadringenta
1814 1754 1924 1786 millia
1944 1752 2129 1787 hominum

1148 1806 1244 1834 tanta
1273 1800 1493 1836 immanitate
1523 1803 1761 1844 trucidarant,
1802 1810 1840 1837 ut
1870 1815 1991 1836 carnes
2021 1804 2131 1837 inter-

1147 1850 1319 1884 fectorum
1336 1853 1572 1893 comederint,
1596 1860 1629 1886 et
1646 1865 1769 1887 cruore
1787 1866 1907 1887 eorum
1925 1854 2027 1887 facies
2051 1865 2130 1887 suas

1148 1900 1339 1944 pinxerint.
1390 1900 1459 1936 Hic
1477 1904 1576 1937 furor
1593 1902 1802 1937 ludaeorum
1818 1916 1859 1937 eo
1882 1905 1991 1947 magis
2015 1905 2130 1937 admi-

1148 1951 1279 1984 randus
1298 1958 1364 1993 est,
1391 1954 1485 1998 quod
1505 1965 1625 1988 recens
1644 1952 1759 1987 adhuc
1784 1961 1856 1988 erat
1877 1955 2045 1987 memoria
2071 1967 2129 1987 ex-

1147 2001 1229 2034 cidii
1263 2000 1506 2048 lerosolymae.
1573 2002 1662 2037 Nam
1692 2016 1711 2037 a
1744 2005 1897 2038 secundo
1925 2004 1999 2038 Titi
2034 2016 2128 2038 anno

1147 2063 1258 2096 usque
1275 2053 1317 2085 ad
1338 2052 1486 2087 Traiani
1503 2054 1679 2088 decimum
1702 2062 1864 2088 octavum
1889 2062 2022 2088 tantum
2047 2062 2128 2088 sunt

1148 2102 1233 2135 anni
1251 2103 1393 2146 triginta
1410 2111 1573 2149 quatuor.
1625 2105 1694 2138 Sed
1714 2117 1791 2138 cum
1811 2105 2015 2149 impendent
2041 2106 2127 2139 sata-

1149 2153 1196 2187 les
1221 2165 1371 2196 poenae,
1412 2152 1573 2189 homines
1602 2156 1727 2189 abiecti
1751 2168 1770 2188 a
1792 2154 1867 2189 Deo
1890 2156 2127 2198 singularibus

1148 2204 1328 2237 furoribus
1343 2203 1524 2240 attrahunt
1541 2206 1662 2244 exitia,
1693 2213 1733 2240 ut
1760 2207 1951 2239 ostendunt
1976 2218 2048 2239 non
2070 2219 2127 2239 so-

1150 2255 1222 2287 lum
1241 2253 1470 2296 ludaeorum,
1504 2258 1562 2289 sed
1586 2257 1691 2290 etiam
1715 2256 1863 2290 aliarum
1888 2257 2044 2299 gentium
2070 2254 2127 2289 lii-

1149 2305 1286 2339 storiae.
1342 2305 1442 2339 Talia
1461 2308 1616 2351 exempla
1637 2308 1810 2340 intuentes
1832 2305 2127 2345 cohorrescamus,

1150 2362 1182 2388 et
1204 2363 1396 2390 metuentes
1422 2357 1507 2389 iram
1533 2355 1599 2390 Dei
1624 2357 1804 2391 doctrinae
1828 2358 1971 2390 divinae
1991 2358 2127 2391 obtem-

1150 2418 1310 2449 peremus
1368 2413 1398 2439 et
1426 2407 1497 2451 regi
1521 2419 1586 2441 nos
1610 2420 1628 2441 a
1643 2408 1722 2442 Deo
1746 2408 1838 2441 veris
1857 2408 2044 2452 gemitibus
2068 2420 2124 2452 pc

1150 2463 1275 2490 tainus.

1253 2506 1327 2540 llos
1348 2506 1506 2541 Iudaicos
1523 2508 1695 2542 tumultus
1711 2509 1894 2543 antecessit
1914 2509 2034 2553 ingens
2058 2517 2126 2543 ter-

1152 2565 1326 2591 raemotus
1354 2559 1390 2590 in
1415 2558 1535 2604 Syria,
1570 2559 1630 2603 qui
1654 2560 1793 2593 duravit
1817 2560 1950 2604 aliquot
1975 2560 2063 2596 dics,
2097 2566 2128 2592 ct

1152 2609 1262 2641 multa
1279 2609 1433 2642 aedificia
1453 2609 1594 2649 evertit,
1621 2622 1771 2654 quorum
1787 2611 1900 2643 ruinis
1918 2622 2039 2652 magna
2066 2606 2131 2641 ho-

1155 2659 1290 2692 minum
1309 2660 1500 2694 multitudo
1518 2672 1680 2703 oppressa
1699 2668 1761 2696 est.
1803 2662 1921 2704 ipsum
1934 2660 2128 2692 'lraianum

1495 2707 1577 2744 59*
