2324 2955
141 99 216 135 613

142 194 221 217 cum
238 181 310 215 filio
330 188 363 216 et
379 179 516 226 Spiritu
533 187 653 215 sancto
671 181 831 215 condidit
852 194 973 215 omnes
988 187 1124 215 creatu-

141 244 214 276 ras,
240 240 274 266 et
292 239 474 266 conservat
493 243 612 265 earum
631 232 855 267 substantias.

242 290 278 326 9.
312 290 423 324 Filius
441 297 603 323 aeternus
622 297 672 324 est
688 292 840 323 secunda
858 301 1004 334 persona
1029 288 1123 322 divi-

142 342 283 383 nitatis,
322 352 395 374 non
420 347 534 374 creata
559 353 599 373 ex
631 338 763 382 nihilo,
806 342 866 374 sed
899 353 916 373 a
952 346 1048 384 patre
1080 340 1124 372 ab

141 399 282 426 aeterno
306 391 441 433 genita,
467 392 510 424 de
531 391 639 434 ipsius
664 392 875 431 substantia,
911 397 942 424 ct
969 397 1019 424 est
1041 390 1124 423 sub-

141 440 312 477 stantialis
331 447 363 473 et
381 440 515 484 integra
539 442 651 483 imago
675 442 808 475 aeterni
833 441 961 485 patris,
989 436 1124 485 ὁμοσύ-

140 503 215 530 σιος
231 491 333 536 patri,
360 503 463 536 quam
483 499 580 535 pater
599 504 670 525 sese
691 492 832 525 intuens
849 499 881 526 et
897 492 1123 525 considerans

140 543 270 585 gignit,
299 553 388 587 quae
413 543 517 575 nobis
540 543 589 575 sic
611 542 830 575 manifestata
856 549 924 582 est,
961 542 1055 586 quod
1079 540 1124 574 sit

141 590 258 639 λόγος,
285 604 324 625 ac
340 603 498 635 persona,
520 604 582 636 per
599 604 703 637 quam
720 600 818 636 pater
835 593 920 625 dicit
935 593 1123 631 decretum,

139 649 171 675 et
190 650 303 677 totum
321 643 481 675 ordinem
496 643 683 676 creationis
700 650 732 676 et
750 643 982 687 reparationis
1006 639 1122 674 homi-

141 705 244 734 num,
269 699 305 727 et
327 693 421 737 quod
443 690 500 726 hie
517 693 611 726 filius
629 693 754 726 missus
772 693 972 726 immediate
990 692 1123 735 patefe—

139 743 224 777 cerit
240 741 471 785 Evangelium
483 770 492 784 ‚
519 750 552 777 et
569 744 780 777 adsumserit
801 741 992 776 humanam
1018 748 1122 774 natu-

137 805 232 831 ram,
264 799 298 827 et
319 792 364 826 sit
390 794 585 833 mediator,
610 795 787 827 redemtor
804 802 838 828 et
853 793 1022 831 salvator,
1050 792 1122 824 col-

137 844 247 885 ligens
258 841 451 877 Ecclesiam
471 841 650 887 in’genere
665 842 839 885 humano,
866 851 899 877 et
913 843 1123 876 resuscitans

138 905 214 927 eam
233 894 276 927 ad
296 894 404 927 vitam
423 901 610 928 aeternam.

243 954 300 987 10.
336 952 490 996 Spiritus
516 959 655 985 sanctus
671 959 721 985 est
739 963 887 996 persona
905 952 1005 985 tertia
1030 951 1123 984 divi-
1150 976 1151 979 η

138 1003 279 1044 nitatis,
321 1004 513 1046 procedens
537 1003 580 1034 ab
606 1008 747 1034 aeterno
772 1010 868 1045 patre
896 1008 929 1034 et
958 1003 1050 1040 filio,
1091 1009 1123 1035 et

138 1049 334 1096 ὃμοούσιος
347 1052 408 1092 eis,
436 1058 469 1085 et
487 1059 538 1086 est
556 1064 655 1085 amor
671 1059 704 1085 et
720 1052 855 1085 laeticia
872 1052 1124 1092 substantialis,

137 1110 169 1136 et
187 1103 436 1136 mittitur‘voce
445 1101 630 1145 Evangelii
648 1102 685 1134 in
701 1104 805 1135 corda
822 1103 1060 1143 credentium,
1085 1109 1125 1135 ut

137 1153 380 1187 adsensionem
411 1152 449 1184 in
478 1153 526 1185 eis
554 1153 736 1185 confirmet
764 1159 796 1185 ct
820 1154 986 1185 accendat
1010 1160 1125 1185 motus

138 1209 368 1246 congruentes
386 1201 478 1240 Deo,
508 1209 540 1235 et
563 1203 686 1236 excitet
710 1202 969 1236 invocationem
997 1210 1030 1237 et
1053 1203 1124 1236 lae-

138 1254 258 1288 ticiam
275 1254 313 1286 in
332 1252 407 1286 Deo
425 1253 715 1297 acquiescentem.

245 1312 302 1346 11.
334 1310 448 1343 Filius
464 1311 668 1344 nominatur
684 1307 791 1358 λόγος
813 1323 886 1344 non
907 1318 1042 1345 tantum
1070 1323 1125 1344 re-

141 1368 262 1406 spectu
278 1361 397 1405 patris,
424 1361 505 1405 quia
523 1361 734 1403 cogitatione
753 1362 920 1399 nascitur,
943 1363 1002 1394 sed
1021 1362 1125 1394 etiam

141 1413 240 1451 ideo,
262 1411 344 1456 quia
360 1410 543 1443 nobiscum
561 1411 735 1455 loquitur,
764 1412 895 1453 profert
911 1423 1075 1444 arcanum
1094 1419 1126 1444 et

139 1461 387 1495 admirandum
421 1460 597 1493 decretum
629 1462 672 1493 de
704 1467 822 1493 nostra
846 1461 956 1493 salute
980 1473 1020 1493 ex
1046 1461 1127 1493 sinu

140 1510 273 1544 aeterni
303 1509 430 1554 patris,
472 1516 642 1543 sustentat
672 1510 907 1542 ministerium
930 1509 1127 1553 Evangelii,

142 1568 176 1595 et
191 1560 223 1594 ei
238 1560 354 1599 adest,
378 1566 428 1592 est
444 1559 561 1592 efficax
579 1571 640 1603 per
658 1571 777 1592 vocem
793 1558 997 1602 Evangelii,
1024 1572 1126 1592 mon-

142 1617 228 1645 strat
244 1610 283 1643 in
300 1609 466 1643 cordibus
490 1616 670 1642 aeternum
696 1616 849 1653 patrem,
876 1611 965 1643 sicut
991 1610 1125 1654 inquit:

141 1660 254 1695 Nemo
272 1660 371 1693 novit
388 1666 521 1703 patrem
546 1659 615 1693 nisi
635 1660 748 1698 filius,
781 1667 815 1693 et
836 1660 892 1693 cui
915 1660 1008 1694 volet
1032 1660 1127 1693 filius

142 1711 307 1745 revelare.
360 1707 406 1742 Et
424 1721 485 1753 per
500 1721 578 1742 eum
597 1710 701 1743 datur
718 1709 873 1754 Spiritus
896 1717 1054 1752 sanctus,
1087 1723 1126 1744 ac

141 1768 233 1795 recte
249 1760 380 1793 dictum
398 1766 449 1793 est
466 1759 510 1792 ab
525 1757 740 1793 Athanasio:
775 1759 817 1793 In
834 1773 1045 1806 quocunque
1061 1759 1128 1795 ho-

142 1811 238 1844 mine
256 1810 386 1844 dicitur
402 1821 474 1842 esse
493 1808 647 1853 Spiritus
671 1817 829 1851 sanctus,
862 1811 900 1843 in
926 1824 966 1844 eo
991 1818 1041 1845 est
1067 1823 1128 1854 per

144 1862 302 1895 verbum.
367 1860 506 1894 Laetari
533 1860 569 1892 in
592 1858 685 1901 Deo,
719 1867 752 1894 et
773 1861 811 1893 in
833 1873 873 1894 eo
898 1862 1129 1907 acquiescere,

106 1938 112 1945 .
141 1920 271 1946 etcum
290 1911 470 1950 invocare,
497 1917 611 1943 motus
634 1918 715 1944 sunt
739 1922 828 1955 quos
851 1912 1025 1946 antecedit
1047 1924 1128 1945 vera

142 1962 208 1995 Dei
242 1961 390 2001 noticia,
433 1967 465 1993 et
489 1961 623 2004 agnitio
647 1961 907 1996 misericordiae
931 1974 993 2006 per
1016 1963 1128 1995 filium

144 2020 292 2045 ostensa.

249 2072 305 2105 12.
335 2069 408 2103 Nec
425 2076 535 2113 potest
555 2070 628 2103 fieri
649 2082 728 2103 vera
746 2070 941 2112 invocatio,
974 2072 1042 2104 nisi
1066 2072 1129 2104 he-

145 2121 266 2155 neficia
290 2120 493 2153 mediatoris
512 2127 594 2153 nota
610 2121 698 2161 sint,
725 2127 758 2154 et
773 2121 856 2162 fide,
883 2122 919 2154 id
945 2129 1012 2163 est,
1037 2123 1129 2156 fidu-

144 2174 195 2205 cia
219 2170 423 2204 mediatoris
452 2172 557 2204 corda
586 2171 629 2203 ad
664 2169 777 2204 Deum
811 2173 994 2213 accedant,
1042 2173 1130 2206 sicut

142 2222 312 2266 'scriptum
333 2228 398 2254 est:
428 2220 618 2263 Quomodo
638 2221 861 2262 invocabunt,
880 2223 946 2255 nisi
964 2224 1131 2257 credent?

147 2271 194 2306 Et
217 2270 389 2316 Ephesios
407 2271 456 2306 3.:
497 2270 564 2304 Per
588 2284 691 2316 quem
716 2273 884 2306 audemus
906 2274 1068 2307 accedere
1091 2274 1130 2307 in

149 2322 292 2362 fiducia,
316 2333 404 2367 quae
421 2328 471 2355 est
488 2334 549 2365 per
566 2321 669 2354 fidem
690 2321 726 2354 in
746 2321 873 2365 ipsum.

255 2387 311 2420 13.
347 2387 492 2421 Necesse
517 2394 567 2420 est
592 2387 700 2430 igitur
723 2387 810 2420 scire
833 2389 1021 2422 discrimen
1046 2389 1131 2432 legis

150 2445 183 2471 ct
206 2435 409 2479 Evangelii,
449 2439 486 2471 in
521 2450 590 2483 quo
613 2438 862 2471 admirandum
886 2440 1064 2473 decretum
1089 2441 1131 2473 de

151 2488 357 2522 remissione
387 2495 626 2531 peccatorum,
669 2489 713 2520 de
739 2489 960 2522 restitutione
986 2498 1132 2523 naturae

151 2537 342 2578 humanae,
389 2544 421 2571 et
459 2539 501 2571 de
542 2539 676 2573 iusticia
706 2546 846 2572 aeterna
880 2541 1043 2583 patefecit
1073 2553 1134 2584 per

151 2589 282 2628 filium,
322 2588 382 2632 qui
405 2588 528 2622 missus
552 2596 617 2630 est,
657 2596 690 2622 ct
716 2596 752 2622 ut
779 2590 822 2623 sit
848 2590 1003 2632 Angelus
1030 2588 1135 2624 huius

152 2639 266 2681 magni
295 2638 451 2679 consilii,
492 2645 524 2672 ct
550 2646 588 2673 ut
612 2640 655 2674 sit
672 2640 861 2679 mediator,
906 2642 1081 2675 redemtor
1103 2649 1136 2675 ct

784 94 1046 131 PHILIPPI
1078 91 1527 132 MELANTHONIS.

2089 108 2161 143 614

1147 185 1154 209 t
1175 179 1346 221 salvator,
1371 183 1496 215 merito
1527 189 1559 216 et
1583 184 1750 226 efficacia,
1778 198 1881 232 quem
1906 189 2042 223 utinam
2068 200 2156 226 recte

1175 241 1419 273 agnoscamus,
1462 239 1493 266 et
1523 233 1603 267 laeti
1642 235 1680 268 in
1720 242 1791 271 tota
1826 240 2029 274 aeternitate
2068 243 2157 277 cele-

1176 281 1328 316 bremus.

1280 331 1337 367 14.
1380 331 1469 366 Cum
1503 335 1544 367 de
1574 335 1647 378 lege
1673 337 1881 379 cogitamus,
1923 341 2023 375 valde
2046 342 2157 388 impe-

1176 380 1324 415 diuntur
1347 394 1469 416 omnes
1494 381 1653 419 homines
1676 388 1870 430 puerilibus
1894 389 2158 434 imaginationi-

1174 431 1240 464 bus
1258 432 1294 464 in
1310 430 1376 466 hac
1392 440 1511 467 nostra
1528 435 1746 478 infirmitate,
1773 444 1812 471 ut
1829 441 2105 483 magnitudinem
2125 455 2158 481 et

1174 482 1446 525 amplitudinem
1468 482 1574 518 huius
1600 487 1741 520 divinae
1765 489 1956 532 sapientiae
1979 504 2051 526 non
2074 496 2157 531 satis

1175 532 1455 574 consideremus,
1490 537 1548 568 sed
1574 537 1672 580 quasi
1691 537 1832 571 Solonis
1856 547 1917 574 aut
1932 540 2157 579 Decernvira-

1174 581 1223 615 les
1246 584 1383 617 tabulas
1406 585 1628 628 aspicientes,
1671 587 1908 622 existimemus
1941 591 2051 635 legem
2078 594 2157 636 Dei,

1174 638 1310 666 tantum
1331 632 1436 667 huius
1456 636 1616 679 politicae
1640 640 1904 672 consuetudinis
1928 653 2099 676 carcerem
2127 655 2160 680 et

1147 715 1149 728 ‹
1174 684 1344 717 mutabile
1363 685 1544 719 vinculum
1562 698 1646 721 esse.
1679 686 1781 721 Hanc
1799 697 1954 723 nostram
1973 694 2159 737 caliginem

1174 739 1265 767 taxat
1280 734 1428 775 Paulus,
1463 737 1644 781 inquiens:
1679 737 1750 771 Lex
1772 740 1964 783 spiritualis
1988 751 2057 785 est,
2083 744 2158 786 Ego

1175 790 1290 816 autem
1307 786 1456 819 carnalis
1473 798 1549 820 sum
1567 789 1790 822 venundatus
1806 791 1871 823 sub
1888 800 2066 834 peccatum
2078 822 2086 836 ,
2117 782 2157 830 id

1175 840 1242 866 est:
1276 834 1348 867 Lex
1376 848 1448 868 non
1474 843 1525 870 est
1548 844 1685 871 tanturn
1711 839 1892 882 politicum
1917 843 2073 886 frenum,
2101 850 2159 881 sed

1176 890 1226 917 cst
1242 892 1382 918 aeterna
1399 893 1431 919 et
1448 887 1590 920 immota
1606 889 1777 930 sapientia
1803 891 1841 923 in
1858 890 1952 933 Deo,
1979 901 2012 927 et
2035 908 2158 931 norma

1176 934 1333 967 iusticiae
1365 936 1403 967 in
1435 937 1615 970 voluntate
1638 938 1727 979 Dei,
1769 941 1971 976 discernens
2005 945 2095 980 bona
2129 956 2159 982 et

1148 985 1285 1028 lmala,
1329 997 1416 1029 quae
1450 993 1500 1019 est
1530 988 1698 1030 patefacta
1728 990 1892 1024 rationali
1924 1002 2098 1030 creaturae
2124 999 2159 1031 in

1176 1035 1371 1075 creatione,
1399 1042 1430 1068 et
1445 1043 1564 1079 postea
1581 1048 1682 1081 saepe
1697 1041 1844 1082 repetita
1869 1048 1902 1075 et
1925 1045 2056 1078 sancita
2081 1060 2163 1082 voce

1176 1085 1297 1118 divina
1324 1086 1360 1118 in
1385 1084 1559 1127 Ecclesia,
1593 1090 1781 1123 ostendens
1805 1092 1899 1135 quod
1922 1093 1964 1126 sit
1988 1094 2102 1138 Deus,
2131 1108 2162 1133 et

1177 1135 1290 1179 qualis
1307 1136 1370 1177 sit,
1397 1143 1430 1170 et
1447 1138 1541 1181 quod
1560 1138 1604 1171 sit
1627 1138 1751 1180 iudex,
1778 1141 1938 1185 obligans
1961 1157 2082 1180 omnes
2108 1162 2163 1182 ra-

1149 1182 1152 1222 ξ
1177 1186 1325 1218 tionales
1342 1193 1536 1228 creaturas,
1563 1195 1602 1222 ut
1626 1189 1697 1222 sint
1721 1192 1918 1225 conformes
1943 1194 1995 1227 illi
2021 1209 2164 1233 normae

1176 1234 1261 1276 Dei,
1287 1243 1320 1270 et
1335 1237 1506 1270 damnans
1523 1250 1645 1271 omnes
1663 1251 1702 1273 ac
1719 1241 1936 1276 denuncians
1954 1242 2162 1283 horribilem

1178 1287 1452 1320 destructionem
1470 1289 1656 1329 omnibus,
1684 1302 1772 1334 quae
1798 1304 1872 1324 non
1895 1306 2093 1338 congruunt
2119 1302 2161 1333 ad

1178 1336 1274 1368 illam
1293 1349 1453 1370 normam
1467 1365 1475 1378 ‚
1504 1339 1572 1371 nisi
1590 1340 1633 1372 sit
1650 1340 1738 1373 sacta
1756 1343 1995 1378 reconciliatio
2021 1357 2163 1393 propter

1151 1385 1154 1434 l
1178 1385 1431 1426 Mediatorem,
1466 1401 1553 1432 quae
1575 1389 1659 1421 alibi
1685 1390 1721 1421 in
1748 1393 2041 1434 promissionibus
2066 1412 2165 1434 reve-

1178 1436 1246 1468 lata
1262 1443 1330 1476 est,
1357 1449 1428 1468 non
1447 1445 1495 1471 est
1510 1439 1639 1471 noticia
1658 1451 1802 1473 nascens
1819 1444 2015 1481 nobiscum.

1282 1485 1339 1518 15.
1375 1485 1451 1519 Etsi
1468 1500 1541 1519 non
1557 1489 1640 1521 satis
1663 1497 1714 1522 est
1738 1491 1846 1535 legem
1873 1493 1909 1526 in
1926 1493 2080 1531 Ecclesia
2101 1501 2166 1533 do-

1180 1547 1276 1576 cere,
1305 1543 1422 1569 tamen
1440 1548 1576 1581 semper
1590 1539 1663 1571 vult
1682 1538 1776 1572 Deus
1793 1548 1823 1574 et
1841 1555 1959 1577 vocem
1983 1546 2067 1590 legis
2089 1563 2163 1584 mo-

1178 1586 1261 1618 ralis
1280 1587 1316 1617 in
1333 1585 1488 1619 Ecclesia
1505 1599 1648 1628 sonare,
1676 1596 1707 1622 et
1722 1601 1859 1635 semper
1877 1595 2020 1630 retinuit
2037 1610 2110 1632 eam
2127 1602 2162 1634 in

1179 1647 1259 1668 vera
1275 1634 1452 1677 Ecclesia,
1481 1644 1512 1670 et
1533 1638 1669 1671 illustre
1694 1641 1934 1677 testimonium
1959 1653 1991 1679 et
2015 1649 2164 1684 demon-

1180 1686 1302 1720 stratio
1321 1693 1392 1724 est,
1420 1689 1627 1727 ostendens,
1655 1690 1714 1733 qui
1732 1698 1849 1725 coetus
1866 1694 1909 1728 sit
1925 1699 2077 1740 populus
2087 1700 2162 1736 Dei,

1179 1735 1271 1770 Cum
1311 1737 1404 1769 enim
1433 1735 1598 1778 Ethnici‚
1646 1737 1918 1778 Mahometistae
1943 1753 1975 1779 et
2005 1747 2164 1793 Papistae

1179 1787 1270 1830 leges
1305 1787 1440 1832 aliquas
1472 1785 1625 1822 habeant
1657 1793 1848 1826 contrarias
1869 1794 2061 1841 Decalogo,
2098 1802 2164 1835 im-

1181 1837 1347 1881 possibile
1365 1844 1414 1871 est
1431 1850 1487 1871 eos
1503 1850 1574 1871 esse
1585 1837 1775 1874 Ecclesiam
1788 1841 1866 1880 Dei.
1908 1845 1954 1880 [t
1972 1850 2063 1882 enim
2075 1849 2162 1885 Eth-

1181 1888 1251 1920 nici
1276 1888 1451 1921 finxerunt
1473 1900 1564 1921 nova
1590 1891 1753 1932 numina,
1787 1893 1835 1926 sic
1861 1895 2019 1940 Papistae
2042 1902 2164 1937 iubent

1181 1938 1345 1970 invocare
1366 1936 1527 1971 homines
1544 1946 1718 1979 mortuos,
1742 1942 1971 1981 instituerunt
1997 1950 2082 1985 falsa
2108 1964 2162 1987 sa-

1181 1987 1309 2020 crificia
1339 1994 1372 2020 et
1396 1988 1498 2021 salsas
1520 1990 1756 2025 adorationes.
1824 1993 1931 2036 Item,
1964 1999 2071 2041 legem
2100 2000 2162 2036 ha-

1181 2039 1268 2071 bent
1293 2039 1335 2070 de
1355 2039 1530 2072 coelibatu
1557 2041 1796 2083 sacerdotum,
1833 2049 2044 2082 contrariam
2069 2053 2163 2086 divi-

1182 2100 1258 2121 nae.
1312 2086 1412 2129 Item,
1439 2100 1581 2133 prorsus
1598 2091 1714 2125 delent
1730 2103 1953 2140 praeceptum
1972 2100 2014 2132 de
2033 2113 2160 2137 concu-

1181 2138 1348 2183 piscentia
1368 2139 1456 2173 sicut
1472 2137 1664 2175 Pharisaei.

1285 2189 1341 2224 16,
1377 2188 1454 2223 Hoc
1470 2190 1711 2224 testimonium
1729 2194 1771 2226 de
1788 2193 1941 2231 Ecclesia
1960 2207 2096 2242 gratum
2113 2212 2162 2239 est

1181 2240 1248 2284 piis
1278 2240 1477 2281 mentibus,
1517 2248 1550 2274 et
1581 2253 1744 2283 magnum
1770 2242 1944 2281 Ecclesiae
1974 2251 2078 2285 decus
2103 2262 2164 2296 est,

1182 2291 1277 2335 quod
1296 2290 1333 2322 in
1351 2291 1426 2324 solo
1451 2303 1490 2323 eo
1514 2298 1613 2324 coetu
1637 2304 1775 2336 semper
1796 2299 1922 2332 mansit
1947 2300 2000 2333 lex
2018 2301 2082 2336 Dei
2106 2305 2163 2338 in-

1183 2348 1358 2384 corrupta.

1287 2391 1344 2424 17.
1379 2391 1447 2424 Per
1468 2392 1577 2433 legem
1596 2393 1726 2435 agnitio
1750 2402 1799 2429 est
1823 2401 1964 2440 peccati.
2017 2402 2162 2441 Necesse

1183 2448 1232 2475 est
1250 2442 1356 2484 igitur
1370 2442 1477 2484 legem
1498 2442 1533 2474 in
1550 2440 1703 2476 Ecclesia
1721 2457 1864 2488 sonare,
1898 2457 1935 2484 ut
1954 2463 2090 2498 semper
2108 2458 2163 2490 in-

1184 2492 1339 2534 telligant
1358 2490 1517 2524 homines
1534 2493 1695 2526 ordinem
1715 2502 1746 2528 ct
1763 2497 1950 2534 discrimen
1968 2504 2057 2538 inter
2074 2515 2163 2542 recta

1185 2541 1441 2586 placentiaDeo
1455 2569 1463 2581 ,
1490 2549 1521 2575 et
1537 2555 1608 2575 non
1626 2551 1736 2585 recta,
1762 2548 1890 2592 quibus
1906 2565 1985 2586 vere
2002 2562 2032 2588 et
2050 2554 2164 2590 horri-

1186 2593 1305 2625 biliter
1330 2591 1491 2626 irascitur
1515 2591 1630 2633 Deus,
1669 2602 1702 2629 et
1733 2609 1957 2641 expavescant
1987 2607 2167 2645 agnitione

1188 2650 1420 2687 pcccatorum.
1473 2641 1518 2677 Et
1536 2641 1600 2677 hac
1618 2645 1689 2689 ipsa
1707 2649 1836 2682 noticia
1856 2651 1938 2695 legis
1954 2655 2165 2693 utiturDeus

1485 2692 1569 2728 89·
