2324 2955
103 118 180 154 489

208 202 266 237 11.
324 198 525 246 Opiniones
571 200 710 244 ignotae
754 202 863 236 veteri
900 198 1089 240 Ecclesiae,

742 112 1005 152 PlllLIPPl
1037 111 1493 153 MELANTHONIS.

2056 120 2131 156 490

1244 199 1279 236 4.
1324 200 1455 235 Paulus
1480 203 1523 236 de
1546 200 1610 236 hac
1629 210 1726 247 parte
1750 204 1892 248 politiae
1918 205 2126 239 ecclesiasti-

103 253 237 287 etiamsi
265 250 332 286 hoc
364 260 521 297 tempore
551 258 633 286 sunt
664 253 938 296 receptissimae,
970 257 1088 285 tamen
1140 261 1200 283 cae
1224 250 1398 295 loquitur,
1432 265 1520 297 quae
1543 261 1591 288 est
1617 254 1702 287 iuris
1728 256 1861 296 divini,
1903 268 1980 289 cum
2006 257 2053 290 ait
2080 259 2123 290 ad

100 315 175 337 non
195 310 276 338 sunt
294 305 455 346 dogmata
473 299 665 336 catholicae
682 301 869 338 Ecclesiae.

204 355 260 390 12.
295 353 388 396 Quia
405 350 578 387 catholica
594 351 750 388 Ecclesia
769 353 917 388 includit
934 359 1085 388 veterem

98 402 303 440 Ecclesiam.

203 455 259 490 13.
301 452 411 488 Vetus
445 452 601 488 Ecclesia
634 455 775 499 ignorat
802 454 1085 500 profanationem

96 511 131 540 et
153 505 396 538 venditionem
422 504 634 547 Missarum,
661 506 798 549 ignorat
824 506 1083 540 invocationem

95 562 315 597 sanctorum,
341 568 414 589 non
437 556 557 590 docuit
580 556 788 590 traditiones
812 554 986 591 humanas
1008 556 1084 590 cul-

94 612 151 640 tus
165 618 238 640 esse
255 606 481 640 iustificantes
493 633 502 647 ,
529 613 589 640 aut
606 607 827 642 necessarias.

198 658 256 693 14.
290 657 370 691 Non
390 657 548 691 distraxit
566 658 728 700 coniugia
742 658 985 698 Sacerdotum‚
1014 656 1080 689 do-

92 707 163 742 cuit
179 715 323 752 propter
336 705 516 742 Christum
534 708 639 751 gratis
657 709 783 742 donari
800 709 1053 742 remissionem.

199 758 256 794 15.
301 758 380 791 Non
412 758 519 801 igitur
542 766 634 793 recte
657 766 822 803 arrogant
846 759 913 792 sibi
936 757 1079 791 titulum

89 806 281 842 catholicae
299 807 476 842 Ecclesiae
502 806 557 850 hi,
592 810 653 857 qui
675 811 871 844 defendunt
893 808 1080 854 opiniones

88 858 225 902 ignotas
242 859 350 892 veteri
369 857 554 895 Ecclesiae.

195 909 252 944 16.
285 908 442 943 Ecclesia
461 909 631 944 catholica
652 907 757 944 habet
779 910 895 945 simile
917 908 1079 943 ministe-

87 961 201 1001 rium,
244 973 317 994 non
348 961 498 1006 requirit
526 961 798 994 similitudinem
833 960 1078 996 traditionum.

88 1010 302 1057 Ubicunque
319 1011 426 1054 igitur
443 1018 492 1044 est
511 1009 724 1044 catholicum
741 1010 999 1052 ministerium,
1025 1010 1078 1044 ibi

86 1068 138 1095 est
162 1073 241 1106 pars
266 1059 443 1097 Ecclesiae
469 1059 682 1103 catholicae,
710 1061 846 1096 etiamsi
869 1061 1077 1096 traditiones

85 1125 108 1145 v
150 1112 161 1145 i
185 1118 235 1147 ut.

110 1123 147 1146 ³1*
165 1124 249 1198 a17.
284 1160 330 1196 Et
349 1169 465 1196 tamen
481 1162 583 1195 etiam
603 1162 640 1195 in
658 1162 912 1197 traditionibus
928 1162 1077 1196 debetur

86 1212 287 1247 obedientia
306 1213 494 1255 ministris,
521 1213 568 1246 ita
597 1213 774 1254 videlicet,
801 1225 846 1247 ne
870 1213 947 1247 sine
973 1224 1076 1247 causa

85 1264 288 1298 discedatur
303 1264 347 1297 ab
367 1264 428 1296 eis.

191 1315 251 1348 18.
287 1313 355 1347 Sed
373 1313 504 1346 Paulus
523 1313 655 1357 inquit:
683 1312 722 1347 Si
737 1314 816 1359 quis
837 1314 936 1347 aliud
954 1311 1075 1346 Evan-

83 1363 215 1407 gelium
232 1363 544 1406 evangelizaverit,
570 1360 756 1397 anathema
782 1364 838 1400 sit.
890 1364 991 1398 lubet
1008 1364 1075 1407 igi-

83 1421 143 1448 tur
161 1414 348 1448 dissentire
362 1415 406 1446 ab
421 1414 480 1451 iis,
507 1413 568 1457 qui
590 1415 718 1447 docent
733 1422 767 1449 et
785 1415 984 1449 defendunt
1006 1415 1074 1447 im-

81 1464 157 1509 pias
175 1464 363 1509 opiniones
379 1470 413 1497 et
429 1463 557 1506 impios
573 1463 700 1498 cultus,

418 1543 471 1579 Ph
478 1543 615 1589 ilosoplz
623 1547 731 1579 icum.

183 1610 242 1645 19.
277 1608 401 1644 Cicero
425 1622 499 1644 non
521 1618 613 1644 recte
644 1607 940 1654 reprehenditur„
974 1611 1071 1656 quod

79 1658 303 1705 ἐνδελέχειαν
327 1661 432 1694 vertit
455 1662 696 1695 continuatam
721 1662 926 1696 motionem.
979 1662 1069 1695 Nam

78 1711 288 1746 Aristoteles
309 1723 381 1744 non
399 1711 495 1745 aliud
516 1712 650 1753 voluit,
677 1724 756 1745 cum
774 1712 898 1747 definit
913 1712 1068 1746 animam

80 1774 153 1796 esse
168 1758 404 1805 ἐνδελέχειαν.

178 1812 241 1847 20.
267 1810 475 1846 SicutPlato
492 1811 606 1855 posuit
622 1818 691 1845 tres
707 1811 842 1845 animas
860 1813 896 1846 in
912 1811 1070 1855 homine,

77 1863 125 1898 ita
141 1860 366 1901 Aristoteles,
395 1874 474 1896 cum
493 1862 557 1895 ait:
584 1861 740 1895 Mentem
766 1864 981 1898 extrinsecus
1003 1866 1067 1898 ad-

75 1914 215 1954 venire,
258 1914 359 1947 docet
393 1913 547 1946 animam
580 1913 786 1946 rationalem
816 1927 888 1947 non
914 1915 999 1949 oriri
1027 1927 1067 1948 ex

74 1964 239 2005 materia,
263 1970 298 1998 et
325 1963 430 1997 aliam
455 1974 527 1997 esse
550 1963 587 1996 in
612 1960 775 2006 homine,
803 1972 942 2010 praeter
964 1977 1065 2010 vege-

74 2016 220 2051 tativam
237 2021 271 2049 et
285 2014 499 2049 sensitivam.

72 2132 258 2183 (XXIX.)
284 2133 394 2168 Alia
423 2131 713 2178 disputatio:
736 2133 926 2180 depotitio
944 2136 1069 2171 Eccle-

145 2235 148 2240 .
174 2188 255 2220 siae
276 2195 341 2220 seu
362 2186 573 2219 ministerio
599 2189 636 2219 et
657 2185 963 2221 ordinationibus.

71 2263 209 2305 Politia
231 2267 481 2306 ecclesiastica,
517 2265 584 2301 hoc
607 2275 675 2307 est,
701 2276 840 2303 externa
867 2270 980 2303 sorma
995 2267 1065 2304 Ec-

73 2320 216 2362 clesiae,
241 2325 377 2353 constat
395 2319 534 2352 duabus
552 2319 720 2363 partibus.

173 2371 209 2407 2.
240 2369 358 2404 Prima
380 2381 460 2415 pars
484 2376 534 2403 est
559 2370 794 2404 ministerium
813 2370 985 2406 divinitus
1003 2384 1062 2406 or-

76 2422 251 2456 dinatum.

174 2472 209 2508 3.
245 2471 283 2505 ld
303 2470 460 2506 continet
481 2470 639 2516 quinque
663 2477 793 2515 partes:
823 2469 880 2505 lus
907 2472 1059 2506 vocatio-

72 2523 150 2564 nis,
177 2521 244 2557 hoc
260 2528 328 2562 est,
355 2520 410 2555 ius
425 2522 575 2565 eligendi
596 2529 628 2555 et
651 2521 842 2555 ordinandi
867 2521 1058 2566 ministros,

69 2574 275 2607 mandatum
293 2571 662 2615 docendiEvaugelii‚
690 2572 890 2606 remittendi
909 2581 1057 2617 peccata,

69 2623 341 2662 administrandi
354 2621 594 2664 Sacramenta,
617 2630 649 2657 et
663 2623 963 2665 lurisdictionem‚
988 2622 1055 2661 hoc

71 2682 140 2718 est,
166 2681 204 2709 ut
219 2673 566 2709 excommunicentur
582 2674 728 2709 obnoxii
744 2674 965 2710 criminibus.

1139 297 1271 344 Ephes.
1283 300 1318 338 4.
1371 301 1477 337 Dedit
1494 304 1581 337 alios
1591 303 1792 347 Apostolos,
1818 307 1905 339 alios
1919 305 2124 351 Prophetas,

1138 351 1226 384 alios
1242 350 1502 395 Evangelistas,
1528 356 1615 388 alios
1632 356 1792 390 pastores
1808 364 1840 391 et
1859 357 2040 394 Doctores,

1239 403 1275 438 5.
1308 403 1427 437 Prima
1443 406 1536 438 enim
1553 407 1732 440 ordinatio
1748 406 1955 441 suitChristi
1967 434 1975 446 ,
2004 416 2122 453 postea

1135 450 1314 487 Ecclesiae
1330 455 1449 488 datum
1467 463 1517 490 est
1535 456 1591 490 ius
1607 459 1757 490 vocandi
1773 465 1806 492 et
1823 459 1988 502 eligendi,
2017 468 2047 494 et
2063 473 2123 494 or-

1136 503 1285 537 dinandi
1307 505 1499 541 ministrOS.

1237 555 1271 590 6.
1301 554 1428 599 Ingens
1445 558 1652 592 beneficium
1664 557 1730 592 Dei
1747 566 1814 600 est,
1841 562 1934 605 quod
1953 562 2122 595 concessit

1134 602 1342 639 hominibus
1359 607 1411 641 ius
1431 609 1646 650 vocationis,
1679 610 1786 654 idque
1802 612 1993 654 approbat,
2022 619 2054 645 et
2070 620 2121 646 te-

1132 662 1245 690 statur
1259 668 1295 689 se
1312 669 1374 700 per
1390 660 1536 693 verbum
1555 660 1643 693 illud
1659 661 1818 694 futurum
1835 661 2020 696 efficacem.

1235 707 1270 743 7.
1304 706 1405 742 Hanc
1421 711 1682 744 ordinationem
1700 723 1762 745 seu
1784 711 1979 746 vocationis
2004 712 2122 755 digni-

1131 762 1237 790 tatem
1253 769 1466 803 magnopere
1481 761 1586 794 refert
1607 761 1820 806 intelligere,
1846 768 1885 796 ut
1902 763 2121 806 magnitudi-

1131 819 1213 840 nem
1229 809 1388 842 beneficii
1406 809 1472 844 Dei
1499 812 1778 854 consideremus,
1805 820 1837 846 et
1863 820 1901 846 ut
1927 815 2036 857 magis
2061 825 2120 847 ve-

1130 870 1296 892 neremur
1313 866 1345 893 et
1362 873 1518 896 amemus
1534 863 1770 897 ministerium
1787 864 1898 899 verbi.

1233 909 1267 944 8.
1301 908 1390 943 Nam
1409 924 1523 957 neque
1540 914 1649 948 salvat
1666 915 1760 948 Deus
1778 915 1853 948 sine
1878 915 1938 948 illo
1959 916 2121 948 ministe-

1131 959 1205 1000 rio,
1232 960 1328 1004 quod
1350 961 1423 1004 ipse
1439 963 1637 1003 ordinavit,
1667 965 1761 998 iuxta
1780 965 1887 998 illud:
1917 964 1988 1008 Qui
2007 966 2121 999 credi-

1129 1010 1222 1044 derit
1240 1016 1273 1043 et
1290 1010 1488 1055 baptizatus
1503 1013 1621 1050 suerit.
1663 1015 1784 1060 Neque
1804 1014 1958 1049 Ecclesia
1975 1017 2121 1050 existere

1128 1066 1242 1105 potest
1260 1061 1413 1096 extincto
1433 1061 1500 1096 hoc
1518 1064 1730 1101 ministerio,

1229 1110 1264 1145 9.
1311 1111 1395 1147 Ideo
1431 1111 1654 1149 horribiliter
1685 1123 1829 1160 peccant
1853 1115 2121 1162 Anabaptistae,

1128 1161 1190 1206 qui
1220 1162 1402 1206 publicum
1431 1165 1668 1200 ministerium
1701 1174 1951 1210 contemnunt,
1995 1176 2028 1201 et
2053 1169 2120 1202 sibi

1127 1223 1205 1245 suas
1229 1214 1398 1257 quasdam
1423 1215 1703 1251 illuminationes
1728 1219 1925 1260 somniant,
1970 1226 2009 1252 ut
2034 1219 2118 1252 olim

1127 1261 1416 1306 ἑνθουσιασταί,
1446 1264 1637 1303 Haeretici.

1233 1314 1290 1348 10.
1325 1313 1472 1348 Peccant
1492 1317 1595 1350 etiam
1612 1319 1672 1351 alii
1691 1319 1830 1363 profani
1848 1317 2030 1359 homines,
2057 1321 2117 1365 qui

1125 1362 1362 1397 ministerium
1394 1363 1581 1409 Evangelii
1614 1369 1778 1410 abolent,
1818 1371 1903 1403 dum
1936 1370 2118 1405 ministros

1125 1425 1199 1446 non
1216 1414 1317 1448 alunt
1334 1427 1397 1448 nec
1411 1422 1567 1452 tuentur.

1231 1464 1288 1497 11.
1325 1464 1481 1506 Veteres,
1509 1474 1546 1501 ut
1561 1468 1842 1509 magnitudinem
1861 1478 1891 1504 et
1909 1471 2116 1514 dignitatem

1123 1511 1312 1546 ministerii
1343 1517 1632 1550 commendarent
1670 1517 1896 1560 hominibus,
1943 1522 2120 1566 sapienter

1123 1570 1318 1607 posuerunt
1334 1565 1596 1600 ordinationem
1613 1568 1706 1602 inter
1723 1569 1965 1606 Sacramenta.

1227 1622 1285 1658 12.
1320 1621 1379 1657 Ius
1395 1625 1545 1658 vocandi
1562 1634 1595 1661 et
1612 1627 1765 1671 eligendi
1783 1630 1985 1671 ministros,
2007 1632 2116 1675 perti-

1124 1678 1185 1706 net
1211 1684 1285 1706 non
1313 1680 1450 1708 tantum
1473 1677 1517 1708 ad
1545 1678 1734 1722 populum,
1776 1682 1834 1714 sed
1864 1680 1994 1715 Paulus
2018 1683 2116 1716 iubet

1121 1721 1244 1756 Titum
1263 1725 1477 1759 constituere
1494 1726 1741 1774 Presbyteros,
1770 1738 1803 1765 et
1821 1730 2011 1766 Timotheo
2029 1734 2116 1768 scri-

1121 1773 1189 1807 bit:
1215 1772 1358 1808 Nemini
1376 1776 1446 1811 cito
1464 1789 1608 1812 manum
1628 1780 1784 1824 impone.

1165 1882 1201 1915 d·
1225 1833 1284 1892 135
1318 1833 1465 1869 Necesse
1483 1842 1534 1870 est
1553 1837 1677 1882 igitur,
1703 1839 1865 1876 Pastores
1881 1854 1899 1876 a
1911 1841 2116 1878 Pastoribus

1120 1893 1163 1915 or
1192 1895 1295 1918 inari.

1224 1942 1282 1979 14.
1324 1941 1371 1979 Et
1394 1946 1504 1979 veteri
1527 1959 1625 1981 more
1657 1949 1805 1992 eligebat
1829 1950 2005 1994 Ecclesia,
2048 1953 2114 1988 hoc

1119 1998 1190 2033 est,
1215 1990 1253 2027 hi
1270 1995 1400 2039 quihus
1415 2008 1489 2029 eam
1515 2009 1590 2030 rem
1614 2001 1788 2035 commisit
1805 2000 1978 2043 Ecclesia,
2005 2011 2038 2038 et
2056 2016 2112 2039 ac-

1119 2044 1264 2079 cedebat
1300 2045 1474 2080 iudicium
1505 2055 1538 2082 et
1566 2051 1776 2094 approbatio
1806 2050 1974 2099 Episcopi
2014 2056 2115 2089 ordi-

1119 2095 1251 2132 nantis.

1227 2153 1285 2191 15.
1321 2154 1460 2199 Pugnat
1484 2169 1563 2192 cum
1588 2159 1664 2192 iure
1686 2160 1828 2204 divino,
1854 2169 1982 2197 etcum
2003 2167 2112 2200 veteri

1118 2202 1276 2239 Ecclesia
1294 2204 1548 2253 δημοκρατία,
1576 2209 1613 2242 in
1635 2223 1702 2255 qua
1720 2213 1873 2256 populus
1896 2216 1939 2248 ad
1964 2227 2000 2249 se
2019 2218 2112 2261 rapit

1117 2255 1337 2298 electionem,
1354 2258 1430 2291 sine
1446 2260 1577 2293 iudicio
1597 2268 1629 2294 et
1647 2263 1903 2306 approbatione
1912 2264 2111 2305 Pastorum.

1224 2316 1282 2351 16.
1323 2316 1415 2350 Cum
1439 2316 1571 2352 Paulus
1595 2319 1727 2365 inquit:
1763 2322 1835 2366 Qui
1858 2321 2109 2370 Episcopatum

1114 2364 1308 2408 desiderat,
1334 2380 1423 2411 opus
1439 2369 1572 2402 bonum
1591 2371 1787 2414 desiderat,
1813 2374 1933 2410 laudat
1949 2388 2020 2416 eos,
2048 2378 2108 2423 qui

1113 2428 1255 2460 operam
1273 2429 1371 2451 suam
1388 2416 1566 2454 Ecclesiae
1584 2421 1752 2458 offerunt.

1217 2476 1274 2512 17.
1320 2476 1391 2511 Nec
1417 2486 1548 2521 pugnat
1576 2492 1656 2513 cum
1682 2484 1865 2519 vocatione
1889 2483 1975 2522 haec
1999 2489 2104 2522 mini·

1109 2526 1208 2560 sterii
1229 2527 1361 2570 petitio.
1415 2528 1503 2562 Nam
1517 2528 1708 2565 Ecclesiam
1726 2535 1815 2569 scire
1832 2545 1984 2582 oportet,
2010 2541 2104 2573 unde

1109 2577 1262 2620 deligat:
1285 2590 1374 2623 qnae
1393 2579 1536 2623 quidem
1557 2582 1660 2616 etiam
1686 2587 1855 2631 praecipit
1882 2589 2037 2630 idoneis',
2064 2598 2101 2624 ut

1109 2629 1274 2662 studeant
1298 2629 1430 2662 servire
1445 2628 1641 2676 Ecclesiae,
1667 2635 1771 2671 sicuti
1789 2639 1890 2674 docet
1906 2640 2100 2674 similitudo

1109 2679 1152 2712 de
1167 2678 1446 2722 negociantibus.
