2324 2955
74 126 145 162 221

73 208 186 244 Deum
202 214 372 245 autorem.
424 208 471 244 Et
496 222 534 243 eo
559 210 670 254 magis
695 224 920 253 veneremur,
946 218 978 245 et
995 223 1053 244 or-

73 270 156 292 nare
190 260 391 293 studeamus
424 261 593 305 loquendi
617 262 833 302 facultatem,
868 262 949 307 quia
980 262 1052 295 filio

70 308 137 343 Dei
153 309 313 342 mirando
333 310 479 343 consilio
499 311 668 344 tribuitur
682 313 870 356 appellatio
888 309 1006 359 λόγος.

173 366 220 401 Ut
235 373 349 400 autem
367 374 458 400 recte
477 368 692 402 celebremus
709 370 821 403 Deum
845 370 882 402 in
901 370 1052 414 explica-

72 417 169 451 tione
186 417 386 457 doctrinae,
409 418 565 461 profecto
582 431 670 463 opus
690 426 739 452 est
755 420 826 452 illis
844 421 980 453 duabus
996 432 1051 453 re-

68 467 134 501 bus
152 465 350 509 cognitione
365 479 503 509 rerum,
531 476 564 502 et
579 470 674 502 bono
692 480 817 512 genere
842 470 1026 504 sermonis.

168 523 269 558 Hanc
291 532 446 559 nostram
471 524 772 568 adhortationem,
804 539 893 572 quae
916 541 1049 573 nequa-

67 586 172 620 quam
197 587 260 619 par
285 582 335 608 est
349 576 583 618 magnitudini
601 577 670 616 reI,
700 578 742 609 de
759 590 827 622 qua
841 579 934 619 dixi,
964 586 1048 623 opto

67 626 112 659 ad
134 625 334 659 excitandos
359 626 514 658 iuniores
538 626 672 671 aliquid
699 628 836 660 adferre
868 629 1048 664 momenti.

69 673 147 709 Oro
168 682 283 708 autem
308 675 422 718 ipsum
446 675 557 708 filium
583 676 647 710 Dei
673 675 868 711 Dominum
888 685 1047 711 nostrum

68 724 184 758 Iesum
202 723 402 768 Christum,
428 726 630 759 crucifixum
650 739 713 770 pro
732 728 835 761 nobis
854 734 886 761 et
902 728 1049 761 resusci-

66 781 199 815 tatum,
240 776 418 808 custodem
451 782 485 809 et
510 783 613 820 caput
636 776 833 819 Ecclesiae,
869 777 988 811 omnia
1012 779 1047 810 in

68 825 235 859 omnibus
260 824 461 870 perficiens,
487 832 525 859 ut
550 838 613 860 nos
639 828 827 871 gubernet,
854 835 887 862 et
912 840 1050 872 semper

68 876 106 907 in
136 872 191 908 his
223 875 427 920 regionibus
459 882 636 911 aeternam
668 876 862 912 Ecclesiam
897 879 1048 922 colligat.

66 923 160 960 Dixi.

64 1104 131 1138 No.
154 1104 235 1140 160.
881 1123 928 1141 an.
955 1111 1048 1143 1557.

271 1204 346 1245 De
373 1204 626 1246 medicinae
652 1219 735 1248 usu
761 1211 843 1247 etc.

133 1293 229 1318 select.
245 1292 366 1317 Declam.
388 1292 422 1316 T.
438 1290 483 1316 lV.
503 1299 528 1322 p.
544 1292 594 1316 708
610 1301 685 1324 sqq..
707 1292 828 1317 Ser-vest.
841 1292 874 1318 T.
888 1292 935 1317 lV.
950 1302 976 1325 p.
987 1293 1048 1318 648.

166 1339 199 1344 —
226 1326 311 1350 Etiam
334 1325 358 1348 in
380 1324 543 1349 orationum
566 1324 598 1349 T.
616 1325 648 1348 V.
673 1333 700 1358 p.
715 1326 757 1352 18.
781 1329 806 1350 et
827 1325 897 1357 apud
919 1325 1048 1352 Richard.

167 1359 200 1385 T.
222 1359 255 1384 ιι.
276 1368 301 1393 p.
321 1357 379 1383 127.

68 1441 191 1473 Oratio
226 1436 273 1469 de
306 1434 514 1468 medicinae
541 1446 632 1477 usu,
666 1437 758 1469 item
785 1447 915 1470 rerum
948 1447 1045 1480 sym-

65 1487 201 1533 pathia
231 1490 267 1520 et
295 1483 535 1529 antipathia5
562 1487 730 1519 recitata
758 1496 780 1518 a
803 1487 851 1520 D.
877 1484 1048 1520 lolian-

296 1546 351 1570 πε
383 1537 661 1569 Hermanno.
704 1534 815 1570 1557.

64 1607 147 1647 Etsi
165 1610 327 1643 videmur
349 1607 476 1652 inepti,
503 1608 598 1652 quod
623 1619 723 1651 saepe
746 1608 893 1641 eandem
916 1607 1047 1641 oratio-

64 1674 146 1696 nem
161 1659 351 1694 adferimus
367 1659 410 1692 de
433 1658 537 1691 laude
569 1659 805 1691 remediorum
833 1665 865 1692 et
895 1658 1046 1691 medica-

64 1712 189 1748 tionis:
216 1721 296 1744 cum
312 1709 349 1741 in
365 1720 401 1742 re
419 1708 602 1742 manifesta
617 1720 690 1741 non
707 1708 751 1742 sit
766 1720 854 1752 opus
872 1708 975 1742 toties
992 1720 1046 1741 re-

66 1770 183 1808 petere
199 1759 570 1794 commonefactionem
582 1785 592 1799 ,
616 1759 750 1792 utilitas
772 1759 865 1792 enim
881 1759 1046 1792 omnibus

66 1816 105 1848 in
123 1817 310 1855 conspectu
326 1816 395 1850 est,
422 1816 455 1843 et
470 1809 550 1842 illae
573 1809 774 1842 barbaricae
792 1816 825 1843 et
840 1808 1047 1854 Cyclopicae

64 1864 250 1910 opiniones
275 1860 356 1894 satis
381 1860 549 1893 refutatae
574 1866 671 1900 sunt,
699 1871 787 1904 quae
805 1860 942 1903 fingunt
965 1871 1044 1892 casu

63 1914 184 1951 omnia
201 1911 293 1952 fieri,
319 1922 381 1944 nec
398 1910 519 1943 insitas
535 1921 606 1942 esse
621 1909 806 1943 dissimiles
824 1910 915 1943 vires
933 1921 1047 1942 reme·-

63 1966 149 2004 diis,
175 1970 208 1998 et
223 1969 333 1996 artem
348 1960 628 1994 commenticiam
646 1971 732 1994 esse:
769 1967 886 1994 tamen
913 1960 1045 2003 gravis-

63 2018 151 2053 sima
176 2024 278 2047 causa
296 2019 364 2052 est,
390 2022 453 2044 cur
476 2022 577 2055 saepe
600 2011 643 2043 de
664 2007 719 2044 bis
734 2011 899 2054 operibus
915 2010 1045 2043 divinis

62 2075 96 2103 et
121 2064 267 2102 dicitur,
304 2068 337 2095 et
361 2062 549 2095 dicendum
577 2067 648 2101 est,
681 2061 860 2102 videlicet,
892 2067 932 2094 ut
956 2061 1045 2103 grati

62 2118 177 2154 Deum
201 2113 434 2151 celebremus,
465 2118 497 2145 et
523 2111 720 2145 testimonia
745 2111 960 2155 praesentiae
977 2110 1045 2144 Dei

62 2176 97 2204 et
110 2163 350 2212 providentiae
367 2162 568 2206 cogitemus,
584 2173 622 2194 ac
638 2162 743 2195 simul
757 2173 821 2195 nos
838 2162 931 2206 ipsos
949 2173 1045 2195 com-

61 2215 354 2254 monefaciamus,
386 2214 430 2246 ad
458 2224 562 2257 quem
592 2212 695 2245 finem
726 2224 790 2246 nos
815 2213 881 2256 ipsi
910 2212 1044 2246 conditi

63 2271 183 2306 simus.
235 2264 406 2300 Socordia
436 2270 487 2297 est
516 2274 700 2308 quaerere,
734 2264 778 2296 ad
809 2275 913 2308 quem
942 2274 1043 2296 usum

62 2318 204 2356 condita
224 2316 295 2350 sint
322 2312 499 2348 absinthia
533 2321 567 2348 et
595 2310 767 2359 κιχώςηαε
814 2325 878 2347 nec
912 2313 1043 2348 intueri

61 2373 186 2409 finem,
210 2367 253 2400 ad
271 2377 374 2411 quem
393 2365 506 2398 multo
532 2365 665 2397 maiore
682 2370 755 2397 arte
781 2361 942 2398 homines
958 2376 1043 2397 con-

62 2422 128 2457 diti
145 2424 238 2453 sunt.
272 2416 524 2451 Remediorum
540 2415 639 2459 copia
655 2421 688 2449 et
705 2415 907 2449 distributio
923 2421 1042 2449 osten-

61 2473 114 2508 dit
131 2468 317 2504 hominum
336 2467 441 2500 vitam
460 2464 535 2500 Deo
552 2477 654 2500 curae
672 2476 755 2500 esse.
800 2464 869 2499 Sed
887 2477 950 2499 cur
966 2465 1043 2499 vult

60 2523 156 2559 Deus
171 2517 301 2553 servari
321 2514 505 2551 homines?
538 2515 694 2550 Tantum
710 2528 753 2549 ne
770 2516 848 2549 ideo
860 2543 869 2557 ,
890 2523 929 2550 ut
946 2517 1041 2548 frua-

61 2584 142 2608 mur
160 2571 202 2604 iis
219 2567 469 2611 voluptatibus,
495 2579 580 2613 quas
596 2568 744 2600 maxima
761 2578 840 2610 pars
856 2564 1040 2600 hominum

61 2624 152 2660 solas
176 2619 328 2664 expetit?
367 2617 441 2650 lmo
473 2624 616 2662 propter
642 2629 779 2651 causam
815 2615 905 2650 hanc
932 2629 1039 2650 unam

60 2672 219 2709 omnium
238 2668 444 2708 maximam,
472 2679 544 2702 sese
561 2675 599 2703 ut
617 2669 721 2703 nobis
738 2667 983 2709 communicet,
1007 2674 1040 2702 et

629 124 786 164 DECL.
821 125 893 162 DE
934 125 1266 163 MEDICINAE
1300 127 1409 165 USU
1442 139 1523 166 ETc.

2011 133 2085 167 222

1104 212 1208 245 simul
1226 213 1346 254 vitam,
1374 214 1497 255 lucem,
1521 216 1727 260 sapientiam
1748 223 1780 251 et
1797 216 1972 251 iusticiam
1990 228 2087 249 suam

1105 262 1140 294 in
1168 275 1231 295 nos
1255 270 1392 306 spargat
1414 264 1450 297 in
1476 272 1545 300 tota
1570 268 1789 308 aeternitate,
1825 268 1919 312 quod
1946 267 2087 312 quidem

1103 312 1185 345 facit
1206 313 1242 344 in
1267 314 1478 355 cogitatione
1502 324 1617 351 nostra
1641 319 1685 351 de
1704 318 1880 352 creatione
1898 324 1931 351 et
1950 318 2087 350 redem-

1105 363 1224 405 ptione
1242 374 1301 406 per
1319 364 1442 398 filium.

1152 421 1211 455 Sic
1229 421 1344 466 inquit
1360 421 1524 465 Stigelius
1543 432 1576 458 et
1594 425 1648 457 vir
1665 432 1697 459 et
1720 428 1824 470 poe'ta
1840 426 2007 469 optimus:

1213 474 1457 516 Praesente-mque
1474 479 1561 507 refert
1581 480 1729 518 quaelibet
1745 480 1835 509 herba
1850 479 1962 510 Deum.

1103 527 1172 562 Sed
1191 530 1360 563 addamus
1378 528 1441 564 hos
1458 543 1595 565 versus:

1199 582 1260 613 Nec
1276 582 1358 613 Deus
1380 586 1507 614 ostendit
1524 597 1553 614 se
1570 591 1685 615 tantum
1701 593 1733 615 ut
1749 597 1874 626 corpora
1890 595 1982 625 curet,

1253 632 1313 663 Sed
1329 646 1380 663 cur
1397 638 1503 665 servari
1518 647 1572 665 nos
1589 638 1681 665 velit:
1709 638 1761 665 ille
1777 644 1890 669 monet.

1205 683 1326 714 Scilicet
1343 691 1375 714 ut
1392 697 1453 715 sese
1469 687 1555 715 nobis
1574 689 1775 717 communicet
1789 690 1865 727 ipse,

1252 734 1376 775 Semper
1392 743 1420 766 et
1438 744 1469 766 ut
1485 739 1585 766 vivant
1603 744 1721 776 pectora
1738 740 1826 776 plena
1840 737 1917 767 Deo.

1202 783 1288 815 Tunc
1302 793 1401 816 autem
1419 789 1450 816 in
1466 789 1551 816 nobis
1567 788 1675 826 fulget,
1703 795 1773 818 tuuc
1788 795 1908 828 pectora
1925 789 2065 827 complet,

1252 835 1337 865 Mens
1354 840 1403 876 pia
1420 849 1488 866 cum
1509 838 1595 867 discit
1611 849 1733 868 munera
1749 850 1834 869 nosse
1852 838 1922 869 Dei.

1100 888 1211 934 Saepe
1228 902 1307 923 cum
1326 892 1467 926 intueor
1484 893 1651 928 luctantia
1672 891 1859 937 pharmaca
1885 907 1964 928 cum
1986 905 2084 927 mor-

1101 940 1165 980 bis,
1184 942 1296 984 cogito
1312 943 1353 975 de
1367 943 1478 975 causis
1494 955 1557 976 cur
1571 941 1734 977 homines
1751 946 1884 979 conditi
1899 946 1982 985 sint,
2005 943 2084 977 L'n—

1101 991 1142 1023 de
1165 988 1249 1024 haec
1274 998 1369 1025 tanta
1395 993 1439 1026 sit
1463 1000 1532 1026 tam
1551 995 1758 1037 praestantis
1774 1003 1918 1029 naturae
1934 995 2083 1027 infirmi-

1102 1041 1174 1073 tas?
1202 1053 1308 1086 quare
1324 1054 1419 1075 mors
1436 1043 1473 1075 in
1496 1041 1587 1076 banc
1603 1044 1669 1077 Dei
1687 1044 1875 1088 imaginem
1899 1052 2084 1088 grassetur,

1101 1090 1174 1124 Cur
1196 1092 1240 1124 ad
1264 1098 1399 1135 tempus
1425 1092 1461 1125 in
1486 1091 1551 1127 hac
1570 1094 1641 1127 vita
1669 1105 1733 1128 nos
1759 1095 1837 1128 cibo
1865 1102 1898 1129 et
1919 1094 2083 1128 remediis

1101 1148 1229 1182 servet,
1257 1143 1435 1186 quomodo
1452 1155 1516 1176 nos
1532 1155 1593 1187 per
1609 1145 1720 1178 filium
1735 1145 1918 1179 restituat?
1951 1144 2004 1178 De
2028 1141 2083 1176 his

1102 1193 1205 1225 rebus
1221 1192 1381 1225 maximis
1397 1193 1501 1226 simul
1518 1206 1582 1227 nos
1596 1195 1832 1229 remediorum
1849 1195 2082 1230 consideratio

1101 1249 1132 1276 et
1149 1242 1334 1275 medicatio
1351 1244 1631 1279 commonefacit.

1203 1298 1293 1332 Cum
1319 1300 1427 1342 igitur
1450 1303 1493 1334 de
1515 1304 1699 1344 remediis,
1735 1311 1768 1338 et
1790 1306 1834 1338 de
1849 1312 1922 1339 arte
1946 1305 2082 1338 medica

1101 1348 1272 1388 dicimus,
1299 1360 1400 1392 saepe
1426 1352 1616 1393 repetimus
1639 1354 1832 1387 conditoris
1854 1356 2082 1395 mentionem,

1101 1405 1133 1430 et
1156 1398 1325 1437 dicimus,
1359 1400 1403 1431 ad
1427 1411 1530 1444 quem
1553 1413 1655 1435 usum
1684 1415 1757 1436 non
1781 1405 1895 1438 solum
1926 1405 2082 1439 remedia

1100 1447 1240 1479 condita
1257 1448 1338 1487 sint,
1356 1449 1415 1480 sed
1431 1450 1535 1482 etiam
1553 1449 1738 1485 hominum
1755 1461 1898 1488 natura:
1925 1462 1966 1489 ut
1982 1467 2082 1499 saepe

1100 1507 1164 1528 nos
1187 1495 1253 1538 ipsi
1269 1494 1345 1529 Deo
1372 1498 1407 1529 in
1435 1499 1577 1540 publico
1599 1508 1700 1534 coetu
1716 1504 1843 1544 gratias
1859 1516 2000 1547 agamus
2017 1517 2081 1549 pro

1100 1545 1265 1578 omnibus
1288 1546 1482 1580 beneficiis:
1512 1555 1546 1582 et
1562 1550 1735 1585 iuventuti
1751 1550 1947 1587 hortatores
1964 1555 2083 1595 simus,

1100 1602 1139 1628 ut
1161 1596 1204 1628 de
1222 1594 1318 1637 Deo,
1345 1603 1379 1630 et
1395 1598 1438 1630 de
1463 1598 1538 1632 eius
1560 1600 1737 1635 beneficiis
1761 1603 1898 1646 saepius
1919 1605 2084 1647 cogitent,

1100 1646 1189 1688 grati
1212 1658 1291 1679 eum
1318 1647 1511 1690 celebrent,
1538 1656 1571 1684 et
1595 1651 1669 1684 eius
1691 1653 1795 1685 donis
1818 1660 1910 1687 recte
1925 1661 2082 1690 utantur.

1099 1696 1153 1729 Sit
1176 1696 1283 1739 igitur
1305 1695 1389 1730 haec
1412 1699 1524 1742 prima
1553 1707 1587 1734 et
1616 1702 1804 1747 praecipua
1834 1716 1915 1747 pars
1944 1712 2082 1738 nostrae

1098 1746 1279 1785 orationis,
1304 1760 1410 1792 quam
1429 1761 1491 1782 vos
1506 1762 1641 1784 mecum
1657 1753 1725 1796 piis
1739 1754 1916 1789 mentibus
1931 1756 2082 1789 recitate.

1201 1804 1288 1838 Tibi
1304 1806 1528 1851 omnipotens
1542 1807 1648 1849 Deus,
1672 1811 1761 1852 vive,
1787 1813 1940 1857 sapiens,
1967 1826 2082 1854 verax,

1098 1854 1203 1896 iuste,
1237 1856 1409 1898 benefice,
1450 1866 1540 1893 caste
1568 1867 1600 1894 et
1626 1860 1825 1901 liberrime,
1857 1871 1996 1898 aeterne
2020 1877 2081 1909 pa-

1097 1912 1150 1938 ter
1170 1905 1314 1939 Domini
1340 1908 1451 1940 nostri
1477 1908 1555 1942 Iesu
1573 1908 1724 1952 Christi,
1751 1914 1914 1947 conditor
1935 1916 2023 1948 coeli
2047 1922 2080 1948 ct

1099 1962 1228 1994 terrae,
1252 1963 1283 1989 et
1300 1955 1504 2002 homiuum,
1531 1972 1602 1993 una
1618 1973 1696 1994 cum
1721 1962 1792 1994 filio
1813 1970 1872 1997 tuo
1896 1972 2078 1998 coaeterno

1098 2006 1252 2039 Domino
1274 2014 1394 2040 nostro
1413 2007 1490 2041 lesu
1506 2008 1647 2044 Christo
1672 2018 1704 2044 et
1720 2010 1855 2055 SpIritu
1875 2021 1934 2047 tuo
1959 2022 2079 2048 sancto

1097 2057 1207 2089 effuso
1240 2057 1277 2089 in
1310 2056 1517 2101 Apostolos,
1551 2061 1741 2103 paracleto:
1775 2063 1902 2105 gratias
1932 2066 2079 2107 agimus,

1097 2107 1191 2151 quod
1210 2106 1381 2141 immensa
1403 2109 1644 2144 misericordia
1661 2118 1694 2145 te
1710 2113 1899 2155 patefecisti
1924 2114 1961 2147 in
1985 2128 2079 2149 crea-

1096 2157 1211 2201 tione,
1248 2158 1489 2202 redemptione
1516 2167 1549 2194 et
1572 2162 1836 2196 resuscitatione
1851 2166 1986 2207 generis
2010 2164 2078 2199 liu-

1096 2208 1203 2244 mani.
1255 2206 1301 2242 Et
1317 2210 1410 2253 quod
1431 2210 1467 2242 in
1488 2208 1552 2244 liae
1569 2211 1637 2246 vita
1656 2212 1791 2255 colligis
1815 2221 1990 2249 aeternam
2007 2214 2078 2249 Ec-

1096 2259 1246 2299 clesiam,
1274 2265 1306 2292 et
1323 2266 1360 2293 ut
1379 2260 1532 2303 colligas,
1559 2259 1745 2295 hominurn
1762 2263 1869 2297 vitam
1887 2277 2015 2304 servaS,
2043 2274 2076 2301 et

1094 2309 1155 2341 das
1171 2309 1444 2343 innumerabilia
1461 2311 1639 2353 beneficia,
1665 2319 1767 2357 teque
1783 2314 1873 2348 veris
1888 2317 2076 2359 gemitibus

1093 2371 1253 2400 oramus,
1289 2366 1327 2393 ut
1358 2361 1521 2405 deinceps
1553 2374 1694 2407 quoque
1725 2374 1861 2408 semper
1893 2367 1984 2400 inter
2012 2380 2074 2401 nos

1092 2416 1268 2443 aeternam
1293 2408 1485 2444 Ecclesiam
1515 2412 1677 2455 colligas,
1709 2419 1742 2447 et
1773 2425 1887 2449 serves
1911 2429 1949 2450 ac
1978 2430 2074 2460 regas

1092 2471 1156 2493 nos
1173 2467 1206 2494 et
1223 2461 1374 2493 familias
1399 2467 1547 2496 nostras.
1601 2462 1684 2498 Post
1706 2460 1797 2498 hanc
1821 2477 2074 2501 commemora-

1092 2510 1224 2545 tionem
1260 2512 1304 2543 de
1337 2509 1411 2544 Deo
1453 2512 1685 2557 adiungamus
1724 2515 1827 2549 etiam
1864 2519 2071 2561 particulam

1090 2561 1270 2595 doctrinae
1290 2558 1467 2606 physicae.

1192 2618 1420 2663 Amplissima
1453 2626 1503 2654 est
1531 2621 1701 2665 sapientia
1730 2624 1766 2657 in
1800 2622 1864 2658 liae
1891 2627 2067 2659 ‹locu-ina:

1091 2670 1150 2704 sed
1173 2681 1268 2704 nune
1293 2681 1515 2715 excerpemus
1537 2673 1744 2716 particulam
1768 2676 2003 2709 dulcissimam
2027 2678 2070 2709 dc
