2324 2955
178 127 252 163 471

286 211 343 246 18.
377 209 466 244 Nam
483 203 716 247 Evangelium
734 201 843 236 tradit
859 201 1033 236 iusticiam
1042 202 1165 248 §piri-

181 270 237 298 tus
268 273 327 295 seu
358 266 552 296 aeternam,
585 255 681 288 iuxta
712 252 820 285 illud:
855 251 942 285 Veri
965 254 1165 288 adoratores

181 312 378 347 adorabunt
396 314 529 352 patrem
546 306 584 338 in
601 304 726 349 spiritu
746 309 779 336 et
796 303 951 336 veritate.

284 367 343 402 19.
375 366 458 400 Non
483 365 590 409 igitur
614 361 846 401 necessariae,
873 368 906 395 et
929 360 1092 405 politicae
1115 361 1166 395 le-

205 430 240 453 es
255 416 363 451 Mosi.

182 431 202 464 g
283 468 343 504 20.
371 464 488 511 Atque
503 461 568 498 hae
583 470 720 498 tantum
737 463 780 496 ad
796 462 954 506 politiam
965 460 1072 495 Israel
1087 473 1166 505 per-

182 520 355 559 tinebant,
381 516 552 560 tantisper
569 515 770 555 duraturae,
796 513 980 547 donecilla
994 512 1166 556 respubli-

183 582 220 604 ca
237 571 389 603 duraret.

283 620 343 654 21.
384 617 494 651 Plane
518 623 633 650 autem
657 615 825 660 praedicit
842 613 1041 658 Scriptura,
1075 612 1168 645 desi-

183 678 297 704 turam
323 668 483 713 politiam
505 667 634 708 Israe'l,
666 674 699 700 et
724 676 957 699 successuram
982 662 1168 706 Evangelii

183 719 498 766 praedicationem,
522 718 753 762 spargendam
777 716 816 749 in
838 722 951 749 totum
975 716 1077 748 obem
1096 720 1169 747 ter—

184 783 313 804 rarum.

284 821 344 856 22.
385 819 484 853 Sicut
508 826 644 859 errant,
669 817 731 863 qui
754 813 976 860 κακοζηλίαν
993 814 1169 848 Mosaica-

184 883 263 904 rum
286 870 564 904 ceremoniarum
587 868 816 902 necessariam
842 878 913 899 esse
938 873 1081 910 putant,
1121 865 1168 898 ita

185 922 323 954 errabat
341 919 620 960 Carolostadius‚
654 918 716 964 qui
741 917 894 960 fingebat
918 929 958 950 ex
980 917 1054 960 lege
1074 915 1169 949 Mosi

183 983 237 1005 res
255 971 414 1016 politicas
432 970 638 1004 iudicandas
656 980 740 1002 esse.

286 1029 346 1065 23.
381 1028 572 1071 Quomodo
587 1027 696 1061 simus
713 1026 815 1060 liberi
831 1024 1045 1068 aDecalogo,
1073 1024 1170 1057 disfi-

186 1080 287 1114 cilius
307 1086 357 1113 est
374 1079 564 1112 intellectu.

286 1131 348 1165 24.
385 1129 473 1162 Nam
498 1129 527 1161 is
550 1127 698 1171 scriptus
721 1133 770 1160 est
794 1125 832 1158 in
856 1125 1035 1159 mentibus
1052 1121 1169 1157 homi-

186 1194 271 1215 num
283 1208 292 1222 ,
318 1187 357 1214 ut
372 1178 586 1222 Decalogum
603 1177 743 1210 abolere
758 1176 852 1209 idem
868 1176 932 1217 sit,
959 1175 1055 1220 quod
1070 1185 1170 1207 men-

186 1239 257 1266 tem
274 1238 308 1265 et
326 1236 521 1264 creaturam
537 1227 604 1262 Dei
619 1227 754 1263 tollere.

287 1290 347 1325 25.
381 1287 503 1332 Itaque
528 1299 602 1320 non
625 1293 675 1320 est
698 1286 884 1328 abrogatus
899 1282 1094 1325 Decalogus
1112 1282 1170 1322 ita,

186 1352 230 1374 ne
260 1340 337 1379 fiat,
369 1339 429 1371 sed
452 1337 519 1370 alia
542 1348 596 1369 res
620 1336 663 1368 ad
684 1334 966 1368 iustificationem
990 1332 1169 1376 proposita

188 1397 256 1431 est,
304 1389 434 1422 scilicet
468 1386 654 1432 promissio
690 1383 988 1419 reconciliationis
1026 1389 1171 1427 propter

186 1439 378 1476 Christum.

287 1491 349 1526 26.
383 1488 463 1522 Non
481 1488 587 1531 igitur
599 1486 814 1528 Decalogus,
842 1484 901 1518 sed
920 1483 1051 1516 exactio
1068 1482 1170 1515 iusti-

187 1540 360 1575 ficationis
377 1551 440 1583 per
449 1537 676 1579 Decalogum‚
704 1543 737 1570 et
752 1535 806 1568 ius
824 1533 1085 1567 condemnandi
1103 1530 1169 1564 110-

187 1592 300 1625 mines
325 1590 444 1634 (nemo
467 1588 562 1622 enim
579 1587 702 1632 implet
718 1591 856 1630 praeter
871 1581 1070 1629 Christum)
1087 1583 1171 1616 sub-

188 1643 256 1676 lata
273 1648 366 1677 sunt.

289 1692 349 1726 27.
389 1688 435 1724 Et
457 1689 495 1722 in
520 1689 594 1723 istis
619 1687 702 1721 solis
725 1686 904 1720 sublatum
928 1691 980 1717 est
1002 1683 1090 1716 illud
1116 1682 1170 1715 ius

189 1742 294 1786 legis,
320 1742 380 1787 qui
404 1741 470 1774 fide
491 1736 762 1784 apprehendunt
779 1735 985 1781 promissam
1003 1733 1171 1767 iustifica-

188 1793 321 1827 tionem
339 1798 481 1836 propter
495 1788 688 1824 Christum.

291 1851 349 1884 28.
390 1849 431 1882 111
455 1847 510 1882 1115
532 1848 639 1891 igitur
659 1846 825 1888 abrogata
848 1850 899 1878 est
922 1844 994 1883 lex,
1020 1841 1082 1887 qui
1104 1841 1171 1874 fide

190 1902 349 1935 vicerunt
371 1901 481 1943 legem
504 1904 744 1937 accusantem,
775 1893 1114 1940 perterrefacientem
1138 1899 1171 1925 et

190 1952 481 1985 condemnantem
499 1960 566 1981 eos.

290 2009 352 2044 29.
385 2008 463 2042 Hoc
485 2007 590 2041 sentit
610 2005 761 2044 Paulus,
788 2015 869 2037 cum
890 2002 957 2036 ait:
983 2001 1066 2036 Non
1090 2002 1172 2035 estis

190 2061 255 2094 sub
276 2061 369 2103 lege,
396 2059 431 2091 id
449 2066 513 2092 est:
541 2055 618 2091 Etsi
635 2068 707 2089 non
726 2054 923 2088 satisfacitis
939 2053 1028 2096 legi,
1055 2061 1171 2087 tamen

189 2111 314 2145 sentite
338 2121 399 2144 vos
419 2109 527 2142 iustos
543 2107 698 2151 reputari
714 2112 857 2149 propter
871 2102 1072 2144 Christum,
1098 2116 1172 2136 non

189 2168 333 2205 propter
362 2166 511 2193 vestram
544 2157 786 2201 impletionem
810 2155 913 2198 legis,
946 2154 1171 2188 dilectionem

192 2218 253 2244 aut
266 2223 381 2254 opera.

293 2261 352 2294 30.
384 2259 430 2293 Et
452 2267 568 2293 tamen
587 2259 668 2304 quia
684 2258 770 2290 fides
785 2256 886 2289 affert
902 2254 1074 2300 Spiritum
1091 2267 1172 2289 san-

193 2318 288 2346 ctum
311 2317 344 2344 et
359 2322 486 2343 novam
504 2311 630 2349 vitam,
655 2309 766 2342 adfert
784 2314 817 2340 et
837 2307 1044 2350 sapientiam
1062 2319 1100 2340 36
1118 2307 1172 2340 iu·

195 2360 330 2396 sticiam
350 2373 495 2403 novam,
518 2360 680 2393 videlicet
698 2357 921 2392 dilectionem
931 2355 1009 2396 Dei,
1037 2364 1070 2390 et
1086 2358 1173 2390 alios

194 2418 310 2445 motus
339 2411 405 2453 legi
433 2409 498 2443 Dei
528 2410 793 2443 consentientes.
852 2407 957 2443 Fides
985 2408 1082 2442 enim
1110 2420 1173 2452 per

194 2459 374 2496 Christum
391 2460 521 2493 accedit
537 2461 581 2493 ad
596 2459 721 2494 Deum.

299 2520 359 2553 31.
387 2518 467 2551 Non
484 2517 590 2559 igitur
608 2517 654 2550 ita
670 2517 807 2551 liberati
824 2527 944 2551 sumus
959 2515 1173 2559 aDecalogo‚

196 2583 240 2604 ne
264 2571 341 2610 fiat,
371 2568 446 2602 fieri
471 2567 564 2600 enim
589 2578 726 2600 necesse
747 2575 814 2608 est,
849 2568 997 2612 ideoque
1019 2566 1173 2610 Spiritus

198 2628 337 2655 sanctus
351 2621 472 2659 datur,
497 2614 709 2651 utChristus
724 2617 953 2659 glorificetur,
979 2623 1012 2651 et
1035 2617 1171 2652 sublato

198 2679 337 2716 peccato
356 2671 410 2704 lex
428 2680 506 2703 vere
523 2668 581 2701 fiat
596 2667 634 2700 in
650 2667 765 2704 nobis.

946 114 1434 153 DISPUTATIONES

2124 117 2200 154 472

1320 201 1379 235 32.
1413 198 1460 233 Et
1476 197 1560 234 hinc
1576 209 1736 246 apparet,
1761 212 1868 247 quare
1886 213 1965 235 cum
1983 203 2201 236 ceremoniae

1219 259 1251 286 et
1276 251 1454 284 iudicialia
1478 263 1622 294 prorsus
1644 253 1870 293 omittantur,
1896 250 2110 295 Decalogum
2126 253 2203 286 fieri

1218 313 1355 335 necesse
1373 301 1436 339 sit,
1462 301 1543 346 quia
1562 300 1756 346 Decalogus
1775 303 1932 337 continet
1947 308 2062 335 motus
2077 304 2203 344 cordis,

1219 353 1338 397 quales
1370 352 1565 385 necessario
1595 363 1711 386 secum
1740 354 1851 387 adfert
1874 353 2028 397 Spiritus
2053 359 2203 390 sanctus.

1220 403 1303 436 Ideo
1335 409 1454 435 manet
1482 402 1543 435 illa
1575 414 1656 446 pars
1688 403 1773 446 legis
1802 404 1839 436 in
1870 402 1934 437 1136
1963 403 2136 448 spirituali
2170 409 2204 436 et

1219 460 1358 486 aeterna
1383 453 1530 486 iusticia.
1585 452 1759 497 Reliquae
1781 466 1864 486 vero
1886 460 2001 498 partes
2026 454 2069 487 de
2092 452 2204 487 611161·-Α

1220 504 1274 536 1115
1297 503 1426 536 ritibus
1449 515 1528 536 cum
1553 515 1625 536 non
1650 503 1854 537 contineant
1872 515 1926 536 res
1945 510 2119 545 aeternas,
2143 505 2203 537 sed

1219 554 1376 597 alligatas
1393 554 1478 587 locis
1497 561 1530 587 et
1546 555 1782 598 temporibus,
1807 565 1881 586 non
1896 561 2049 588 manent.

1322 612 1379 645 33.
1424 612 1530 655 Quod
1554 612 1685 646 Paulus
1715 612 1782 651 ait,
1817 611 2008 646 Credentes
2033 624 2106 644 non
2132 623 2204 645 esse

1221 664 1285 697 sub
1304 663 1377 706 lege
1390 690 1398 703 ,
1425 663 1524 696 nullo
1541 664 1646 696 modo
1662 663 1764 696 debet
1782 663 1985 708 detorqueri
2003 663 2046 696 ad
2067 662 2205 695 civilem

1221 714 1350 757 vitani,
1377 714 1435 746 sed
1454 714 1497 746 ad
1514 713 1686 746 iudicium
1702 713 1935 747 conscientiae
1952 724 2031 757 erga
2046 712 2169 747 Deum.

1323 770 1380 803 34.
1416 770 1692 814 Diligentissime
1714 771 1928 804 admonendi
1943 777 2027 804 sunt
2044 768 2207 804 homines

1223 823 1266 855 de
1287 821 1356 854 illis
1381 821 1540 855 Paulinis
1562 821 1765 862 sententiis,
1790 827 1830 855 ut
1854 821 1965 855 sciant
1989 834 2058 867 quo
2081 820 2206 854 referri

1221 873 1383 906 debeant.

1323 921 1382 957 35.
1423 920 1514 956 Cum
1544 922 1638 955 enim
1670 922 1771 966 pauci
1798 922 1869 956 sint
1892 922 2111 967 spirituales,
2146 921 2208 954 alii

1223 973 1377 1006 carnales
1395 972 1612 1006 transferunt
1629 973 1725 1005 illam
1742 973 1938 1007 libertatern
1956 974 1997 1006 ad
2015 972 2150 1011 civilia,
2175 978 2209 1004 et

1222 1023 1417 1063 somniant,
1442 1035 1476 1056 se
1500 1023 1539 1056 in
1563 1020 1629 1056 hac
1651 1024 1827 1068 corporali
1853 1031 1886 1057 et
1907 1023 2003 1057 civili
2025 1023 2097 1056 vita
2121 1021 2208 1066 legi-

1222 1074 1288 1106 bus
1309 1072 1409 1105 solvi.

1325 1122 1387 1156 36.
1434 1119 1668 1165 Evangelium
1700 1123 1852 1166 pertinet
1882 1125 1925 1156 ad
1959 1123 2209 1157 conscientiam

1223 1172 1474 1206 consolandam
1499 1184 1615 1204 coram
1639 1170 1735 1212 Deo,
1763 1180 1796 1206 et
1820 1174 1863 1206 ad
1886 1174 1995 1207 vitam
2019 1180 2207 1207 aeternam.

1222 1223 1293 1256 Lex
1315 1229 1430 1255 autem
1453 1222 1605 1266 pertinet
1628 1222 1672 1255 ad
1688 1223 1861 1256 mundum
1882 1231 1915 1257 et
1932 1230 2039 1257 totam
2057 1223 2209 1257 exterio-

1222 1285 1296 1306 rem
1313 1279 1433 1307 Vitam.

1324 1321 1382 1355 37.
1419 1320 1493 1355 Imo
1516 1322 1671 1356 mundus
1691 1322 1765 1365 lege
1791 1322 1968 1364 consistit,
1995 1329 2027 1357 et
2047 1323 2210 1368 dissipari

1223 1371 1340 1406 omnia
1357 1384 1494 1405 11666556
1509 1373 1615 1407 fuerit
1631 1373 1767 1416 legibus
1785 1373 1945 1407 sublatis.

1325 1431 1383 1464 38.
1409 1429 1454 1464 Et
1471 1431 1622 1473 graviter
1639 1431 1773 1464 dictum
1788 1437 1839 1464 est
1855 1442 1873 1463 a
1885 1431 2051 1472 Pindaro,
2077 1431 2207 1474 Legem

1222 1480 1395 1525 imperare
1409 1480 1487 1514 Diis
1506 1481 1620 1515 etiam.
1671 1479 1761 1513 Nam
1779 1480 1956 1514 ordinatio
1975 1479 2059 1514 haec
2077 1482 2207 1515 volun-

1222 1536 1273 1563 tas
1295 1530 1361 1564 Dei
1391 1538 1458 1572 est,
1491 1543 1580 1576 quae
1612 1542 1685 1563 non
1709 1536 1821 1574 potest
1842 1541 1914 1564 esse
1937 1532 1992 1565 sui
2014 1531 2208 1571 dissimilis,

1222 1593 1260 1614 ac
1279 1592 1422 1615 vlclosa·

1324 1630 1384 1664 39.
1426 1629 1583 1664 Maxime
1613 1631 1755 1674 prodest
1785 1632 1997 1665 assuefacere
2029 1632 2133 1666 rudes
2162 1633 2208 1665 ad

1223 1681 1338 1724 legum
1370 1681 1618 1714 reverentiam:
1658 1679 1750 1713 1111111
1782 1682 1876 1714 6111111
1906 1682 2124 1725 perniciosus
2157 1689 2208 1717 est

1222 1731 1386 1776 privatim
1405 1738 1438 1764 et
1455 1731 1594 1774 publice
1610 1743 1715 1775 quam
1732 1731 1848 1773 legum
1865 1732 2058 1775 dissipatio.

1322 1789 1383 1824 40.
1418 1789 1515 1823 Sicut
1533 1796 1648 1821 autem
1665 1800 1737 1822 non
1754 1789 1985 1823 iustificamur
2000 1791 2207 1825 ceremoniis

1223 1839 1390 1873 Mosaicis
1415 1851 1530 1872 coram
1555 1838 1650 1878 Deo,
1676 1840 1735 1872 sed
1760 1846 1902 1883 propter
1924 1838 2122 1874 Christum:
2159 1843 2208 1875 ita

1223 1903 1287 1924 nec
1311 1889 1522 1924 Pontificum
1552 1889 1802 1924 traditionibus
1831 1890 2060 1925 iustificamur
2088 1903 2206 1926 coram

1223 1941 1312 1976 Deo.
2018 1950 2023 1954 ”

1325 1991 1384 2027 41.
1415 1990 1488 2025 Ν66
1510 1997 1590 2025 511111
1614 1991 1722 2027 factae
1738 1992 1945 2026 traditiones
1964 1991 2045 2026 illae
2059 2004 2078 2026 a
2095 1992 2207 2036 patri-

1223 2043 1289 2076 bus
1305 2043 1348 2075 ad
1366 2042 1665 2084 iustificationem,
1692 2043 1752 2076 sed
1770 2043 1896 2086 partim
1912 2050 2054 2087 propter
2070 2043 2204 2077 bonum

1224 2093 1385 2127 ordinem
1402 2093 1439 2126 in
1454 2091 1627 2134 Ecclesia,
1654 2093 1781 2138 partim
1798 2099 1941 2138 propter
1958 2093 2190 2137 disciplinam.

1325 2152 1385 2188 42.
1421 2151 1480 2186 Sic
1496 2152 1697 2195 gravissime
1714 2152 1851 2196 scripsit
1866 2149 2106 2196 Epiphanius,
2132 2158 2205 2185 tra-

1224 2203 1375 2238 ditiones
1397 2203 1527 2236 servari
1553 2202 1589 2235 in
1617 2201 1787 2244 Ecclesia,
1813 2199 1876 2237 διὰ
1899 2200 1967 2247 τὴν
1990 2198 2203 2250 ἐγκράτειαν

1223 2252 1284 2288 καὶ
1303 2251 1364 2288 διὰ
1380 2251 1448 2299 τὴν
1463 2250 1659 2288 πολιτείαν.

1324 2313 1385 2347 45.
1423 2311 1534 2347 Taxat
1557 2313 1651 2345 enim
1672 2310 1888 2350 Encratitas‚
1921 2311 1981 2356 qni
2006 2312 2096 2346 sicut
2121 2311 2204 2346 Mo—

1224 2361 1329 2397 nachi
1353 2363 1464 2396 nostri
1490 2361 1726 2407 prohibebant
1748 2374 1849 2396 usum
1874 2363 2032 2396 carnium
2059 2371 2090 2397 ct
2114 2363 2203 2403 vini,

1223 2421 1263 2448 111
1286 2426 1348 2458 per
1372 2426 1475 2457 opera
1502 2414 1561 2447 illa
1586 2414 1741 2447 colerent
1763 2411 1896 2453 Deum,
1930 2419 1962 2447 et
1986 2420 2203 2453 mererentur

1224 2465 1516 2499 iustificationem.

1327 2514 1387 2550 44.
1420 2514 1521 2548 Hanc
1544 2513 1746 2558 opinionem
1769 2509 1995 2557 reprehendit
2021 2513 2114 2547 velut
2135 2513 2203 2546 im·-

1223 2565 1337 2609 piam‚
1369 2572 1403 2599 et
1431 2565 1527 2599 addit
1556 2564 1642 2597 alios
1669 2564 1754 2596 fines
1778 2564 2030 2605 traditionum,
2072 2565 2202 2598 scilicet

1223 2616 1444 2659 disciplinam
1475 2627 1534 2648 seu
1565 2614 1824 2657 castigationem
1855 2615 1987 2655 carnis,
2021 2621 2081 2649 aut
2109 2614 2202 2660 poli-

1223 2666 1327 2708 tiam,
1353 2663 1419 2699 1106
1436 2672 1503 2704 est,
1529 2665 1662 2698 bonum
1679 2664 1838 2698 ordinem
1855 2665 1892 2698 in
1908 2663 2074 2700 Ecclesia.
