2324 2955
118 108 188 143 901
683 104 711 141 l.

117 189 386 225 Pharisaeorum
406 197 437 224 et
452 190 718 223 Zadduceorum
731 216 739 229 ,
767 202 855 234 quae
873 195 1004 233 pugnat
1023 200 1103 223 cum

118 242 192 284 lege
209 239 272 274 Dei
293 252 330 273 ae
350 239 563 281 Evangelio,
592 247 622 273 et
639 241 735 273 iubet
764 239 858 273 idola
879 240 1004 273 colere.
1057 237 1103 273 Et

117 292 234 325 delere
253 303 381 324 nomen
398 291 461 323 filii
477 289 544 323 Dei
563 291 676 334 palam
694 299 866 323 conantur
878 289 958 332 Gog
974 297 1006 324 et
1022 288 1102 322 Ma-

117 353 202 385 gog,
230 342 265 374 id
292 348 360 381 est,
384 340 493 373 Turci
517 348 550 374 et
574 342 632 373 alii
652 339 900 381 Mahometici‚
935 347 969 373 et
995 340 1103 373 stabi—

117 393 211 425 liunt
234 391 327 424 idola
354 391 499 434 plurimi
523 403 636 434 reges,
680 391 878 435 principes,
919 397 953 424 et
979 402 1101 424 eorum

118 443 290 476 doctores.
353 439 449 474 Inter
480 439 543 474 has
578 442 803 475 confusiones
835 448 949 474 servat
984 448 1100 475 tamen

115 493 214 526 Deus
238 492 392 536 aliquam
417 504 535 525 veram
561 490 772 532 Ecclesiam,
800 503 888 536 quae
913 498 1013 524 sonat
1039 503 1099 524 ve-

116 554 191 576 ram
209 542 423 583 doctrinam,
451 549 484 575 et
503 549 593 575 recte
606 543 745 576 invocat
766 554 846 574 eum
864 543 899 574 in
920 542 1099 585 agnitione

117 601 150 627 et
165 592 292 626 fiducia
309 592 385 627 filii.
437 592 537 626 Sicut
565 604 722 636 expresse
742 593 871 625 dicitur
889 594 932 625 de
947 599 1098 626 extrema

117 650 252 677 senecta
267 643 406 676 mundi:
434 641 513 675 Erit
530 643 618 676 sicut
637 643 673 675 in
697 643 821 676 diebus
838 640 978 685 Nohae,
1005 653 1098 675 unus

116 694 338 732 adsumetur,
364 693 453 726 alter
477 693 710 738 relinquetur.

219 741 481 776 Confirmemur
494 750 609 777 autem
624 744 781 787 exemplo
799 742 990 777 tristissimi
1007 749 1096 776 tem-

116 795 211 838 poris
229 790 433 834 Zachariae,
460 805 503 826 ne
522 794 712 837 cogitemus
731 793 866 827 nullam
883 804 955 826 esse
974 791 1095 827 Eccle—

763 101 1057 140 CHRONICON
1085 101 1333 139 CARIONIS.
1388 103 1514 141 PARS
1543 103 1590 142 11.

2074 110 2148 146 902

1160 188 1246 221 siam
1271 187 1359 230 Dei,
1394 190 1476 234 quia
1501 192 1588 224 adeo
1617 190 1777 234 exiguam
1801 203 1874 225 esse
1899 192 2079 233 videmus,
2115 202 2147 228 et

1159 250 1358 282 oppressam
1384 240 1586 283 ingentibus
1617 242 1887 278 calamitatibus,
1941 242 2010 276 Sed
2044 242 2146 278 firma

1157 290 1364 322 adsensione
1396 291 1554 334 quotidie
1585 292 1861 334 pronunciemus
1891 293 2078 327 articulum
2105 295 2145 327 in

1154 340 1331 383 symbolo:
1361 335 1478 374 Credo
1501 353 1574 375 esse
1602 340 1808 376 Ecclesiam
1837 339 2082 383 catholicam,
2109 353 2143 379 et

1155 389 1349 431 discamus,
1383 403 1472 436 quae
1496 399 1528 425 et
1552 392 1615 425 ubi
1641 393 1685 427 sit
1707 405 1788 427 vera
1813 393 1880 427 Dei
1903 392 2079 435 Ecclesia,
2107 402 2141 429 et

1154 451 1218 472 nos
1243 441 1281 473 in
1304 452 1379 474 eam
1406 442 1649 482 includamus,
1678 450 1712 477 et
1736 455 1915 487 speremus
1942 445 2053 478 filium
2072 444 2140 478 Dei

1153 502 1217 522 nos
1244 498 1485 534 protecturum
1513 499 1546 526 et
1570 500 1790 527 servaturum
1816 505 1897 527 esse.
1949 492 1995 527 Et
2018 502 2056 529 ut
2074 506 2140 528 nos

1151 548 1310 584 protegat
1335 549 1369 575 et
1394 550 1507 576 servet
1531 543 1689 576 adsiduis
1719 544 1808 577 votis
1825 550 1858 577 et
1874 545 2062 587 gemitibus
2079 558 2139 589 pe-

1151 597 1276 630 tamus,
1295 592 1383 625 sicut
1401 593 1506 627 dixit:
1534 592 1645 627 'Nemo
1665 594 1778 638 rapiet
1797 606 1878 627 oves
1896 606 1989 627 meas
2006 606 2045 628 ex
2062 607 2139 628 ma-

1151 641 1257 675 nibus
1289 642 1388 678 meis.

1510 725 1591 761 Deo
1619 724 1773 762 Gratia.

1372 806 1447 832 Finis
1466 807 1571 840 primae
1598 808 1681 842 partis
1703 808 1918 834 Cbronicorum.

900 1087 1171 1126 SECUNDA
1198 1087 1345 1123 PARS

763 1188 1101 1234 CHRONICt
1143 1187 1480 1231 CARIONIS

115 1305 157 1338 al»
174 1303 332 1350 Augusto
350 1303 502 1340 Caesare
520 1318 628 1352 usque
649 1305 693 1340 ad
711 1304 872 1340 Cal-oliuu
890 1304 1130 1350 Magnana—-

450 1380 665 1421 witebergac
689 1390 760 1412 cuin
783 1382 888 1421 gratia
916 1386 949 1410 et
972 1377 1142 1418 privilegio

452 1550 638 1589 Epistolam
661 1550 898 1583 dedicatoriam
923 1550 989 1587 lege
1012 1549 1043 1578 in
1068 1548 1144 1587 Epis

451 1617 672 1657 Epigramma
695 1618 735 1648 de
758 1616 922 1648 Meum-ch
928 1615 980 1647 iis.

1156 1300 1328 1348 Exposita
1346 1306 1379 1336 et
1396 1308 1498 1338 aucta
1521 1315 1541 1337 a
1561 1303 1782 1350 Philippo
1810 1305 2132 1341 Melanthone.

1171 1376 1211 1407 ad
1235 1378 1436 1407 sexennium.
1492 1378 1586 1408 Anno
1609 1379 1655 1410 M.
1670 1379 1710 1411 D.
1729 1380 1797 1409 Lx.

1150 1547 1218 1577 colis
1242 1545 1377 1577 v01.1X.
1402 1557 1430 1585 p.
1448 1547 1540 1578 1073.

1023 1616 1169 1646 Dedimus
1194 1614 1269 1643 illud
1294 1615 1362 1644 Vol.
1379 1617 1413 1646 X,
1438 1625 1466 1653 p.
1483 1615 1545 1645 635
1563 1625 1613 1653 sq.

401 1788 573 1828 hiber
611 1789 818 1828 tertius.

309 1870 375 1903 De
403 1872 576 1913 quarta
613 1867 897 1902 monarchia.

114 1928 213 1970 Cum
237 1934 365 1969 Daniel
391 1937 566 1980 quartam
595 1930 852 1966 monarchiam
883 1932 1041 1965 nominat
1067 1940 1101 1967 et

117 1987 252 2031 pingit,
280 1998 352 2018 non
368 1992 505 2019 tantum
530 1996 547 2017 a
567 1983 656 2017 Iulio
676 1991 736 2017 aut
756 1984 915 2026 Augusto
942 1995 1015 2015 eam
1041 1996 1100 2016 οι·-

118 2039 233 2076 ditur,
260 2038 316 2070 sed
339 2035 585 2079 complectitur
602 2042 757 2078 tempus,
785 2046 855 2078 quo
874 2034 958 2066 urbs
973 2030 1099 2066 Roma

115 2100 291 2121 summum
310 2086 496 2130 imperium
520 2086 652 2124 tenuit,
680 2085 783 2118 etiam
802 2091 882 2117 ante
903 2084 991 2116 bella
1011 2085 1096 2117 civi-

117 2140 171 2172 lia.
226 2136 273 2171 Et
298 2149 376 2170 cum
404 2138 490 2169 adeo
508 2136 701 2169 terribilem
721 2135 870 2178 speciem
892 2135 1022 2177 pingit,
1050 2136 1095 2167 si-

117 2189 257 2232 gnificat
275 2188 365 2221 bella
382 2187 517 2226 civilia,
547 2193 580 2219 et
604 2186 732 2218 deinde
757 2185 962 2225 saeviciam,
990 2198 1093 2229 quam

118 2239 260 2285 tyranni
276 2238 312 2271 in
331 2238 394 2270 illo
412 2237 563 2281 imperio
586 2236 621 2269 in
643 2234 834 2270 Ecclesiam
860 2243 1095 2273 exercuere-nt,

116 2292 196 2335 quia
223 2287 306 2322 liaec
330 2289 400 2322 duo
426 2288 515 2320 mala
543 2287 710 2320 maximas
734 2286 945 2320 vastationes
970 2286 1004 2318 in
1037 2298 1094 2329 ge-

117 2353 198 2374 nere
226 2338 380 2372 humano
404 2345 484 2372 ante
502 2335 692 2378 Gottbica,
720 2336 927 2370 Saracenica
946 2343 979 2370 et
998 2336 1093 2369 Tur-

115 2393 166 2425 cia
184 2398 337 2432 tempora
354 2390 520 2423 fecerunt.
575 2387 704 2422 lterum
722 2399 804 2420 vero
821 2387 1093 2425 consideremus,

117 2453 224 2488 quare
248 2440 344 2475 Deus
367 2440 516 2473 voluerit
540 2445 657 2472 notam
690 2449 762 2472 esse
797 2438 920 2471 seriem
951 2450 1093 2470 monar-

117 2492 294 2531 chiarum,
320 2490 499 2530 videlicet,
526 2490 608 2534 quia
635 2489 710 2523 vult
731 2488 832 2528 sciri,
869 2485 931 2520 has
955 2488 1092 2531 generis

118 2542 264 2577 humani
290 2541 514 2574 confusiones
541 2552 612 2574 non
643 2540 719 2573 sore
745 2539 994 2583 sempiternas,
1032 2540 1090 2572 sed

118 2593 308 2638 aliquando
327 2592 431 2624 finem
445 2592 602 2625 futurum
621 2602 704 2631 esse,
720 2597 751 2623 et
768 2596 1000 2634 sequuturum
1017 2601 1092 2622 me-

118 2646 242 2679 liorem
267 2640 446 2676 Ecclesiae
476 2642 594 2678 vitam.
649 2641 734 2675 Vult
764 2641 848 2674 item
885 2640 984 2681 sciri,
1020 2652 1091 2685 quo

1156 1792 1311 1829 tempore
1329 1786 1422 1819 filius
1438 1784 1503 1819 Dei
1521 1799 1556 1820 se
1574 1795 1777 1823 ostensurus
1793 1790 1898 1823 suerit
1916 1788 2135 1828 homiuibus,

1155 1843 1187 1868 et
1206 1843 1321 1878 postea
1339 1837 1375 1868 in
1397 1838 1465 1869 fine
1483 1839 1606 1870 mundi
1625 1840 1853 1874 iudicaturus.
1888 1840 1971 1874 Ideo
1989 1852 2133 1872 monar-

1154 1883 1251 1918 chias
1273 1886 1478 1928 distinguit,
1506 1894 1544 1920 ut
1567 1897 1777 1922 monstraret
1802 1898 1938 1934 tempus
1962 1891 2134 1923 adventus

1154 1934 1248 1970 Filii.
1303 1937 1354 1969 Ac
1373 1937 1558 1979 praedicit,
1587 1938 1719 1972 Filium
1737 1940 1772 1972 in
1791 1948 1912 1984 quarta
1929 1937 2134 1973 monarchia

1153 1992 1341 2019 venturum
1359 1998 1443 2019 esse.
1496 1986 1576 2020 Non
1595 1989 1701 2032 igitur
1718 1990 1919 2023 deficiamus
1935 1989 2050 2030 aDeo,
2072 1991 2130 2022 sed

1152 2043 1371 2079 expectemus
1391 2036 1495 2069 aliam
1512 2038 1639 2080 vitam,
1667 2046 1700 2074 et
1717 2041 1866 2074 sciamus
1888 2041 1976 2074 illud
1997 2048 2132 2083 tempus

1151 2086 1307 2118 melioris
1324 2087 1414 2120 vitae
1433 2100 1504 2120 non
1523 2090 1643 2132 procul
1661 2102 1743 2125 esse.
1770 2090 1865 2124 llaec
1885 2098 1917 2124 et
1935 2091 2001 2124 alia
2021 2091 2131 2123 multa

1151 2137 1405 2170 consideranda
1429 2145 1510 2171 sunt
1536 2139 1571 2172 in
1602 2140 1749 2173 lection«¹
1779 2141 1947 2173 Danielis.
1992 2142 2063 2174 Bos
2087 2144 2130 2174 :ul

1150 2187 1274 2219 seriem
1302 2189 1498 2224 redeamus.
1561 2189 1733 2224 Usitatum
1761 2199 1808 2224 est
1834 2192 1945 2224 ordiri
1973 2199 2132 2236 quartani

1149 2236 1389 2270 monarchiam
1413 2252 1430 2270 a
1450 2236 1553 2271 Iulio
1571 2241 1621 2273 vel
1645 2240 1821 2285 Augusto.
1876 2241 2131 2284 Eamssonsue-

1148 2289 1306 2321 tudinem
1327 2300 1390 2321 nos
1413 2302 1557 2334 quoque
1576 2292 1768 2335 scquinmr.

1446 2406 1641 2431 Aunotatio
1667 2412 1839 2432 annorum

1146 2472 1203 2506 Ab
1227 2472 1372 2506 interitu
1390 2470 1489 2506 Iulii
1503 2473 1717 2509 inchoantur
1739 2477 1825 2509 anni
1844 2479 2024 2522 Augusti,
2051 2491 2129 2513 cum

1196 2523 1358 2566 Augusto
1376 2524 1583 2559 tribuuntur
1598 2527 1682 2560 anui
1703 2527 1962 2572 qninquaginta
1982 2541 2051 2563 sex.

1144 2588 1341 2633 Impcrator
1357 2586 1535 2625 Octavius
1545 2588 1688 2627 Caesar
1697 2592 1886 2640 Augustus
1906 2603 1996 2630 tenvt
2020 2597 2128 2639 impe—

1194 2640 1288 2674 rium
1306 2642 1351 2675 ab
1369 2642 1515 2677 interitu
1534 2642 1616 2677 lulii
1643 2656 1755 2679 annos
1772 2645 1833 2681 56.
1885 2645 1925 2679 ln
1953 2645 2005 2679 his
2030 2646 2132 2680 annis
