2324 2955
96 100 169 136 369

97 196 154 228 gas
171 184 256 223 fide,
283 182 513 223 consessione,
539 181 762 214 invocatione
779 187 811 214 et
827 181 961 220 officiis,
989 192 1077 225 quae

95 235 141 268 ad
176 234 251 267 eius
285 232 586 267 conservationem
621 230 718 265 Deus
759 231 926 275 praestari
965 231 1075 265 iussit.

95 283 183 317 Vult
206 283 302 318 Deus
327 291 360 317 te
383 294 463 316 suae
487 280 663 315 Ecclesiae
688 282 798 315 civem
823 288 856 315 et
879 281 1075 314 communis

94 334 241 369 militiae
259 334 391 367 socium
411 343 492 371 esse,
508 344 583 365 non
601 330 749 373 hostem,
766 344 839 365 non
852 332 1076 376 parricidam,

96 397 169 418 non
186 386 397 418 desertorem
416 389 449 416 et
468 384 692 426 transfugam.
721 381 803 415 Ideo
822 383 990 425 scriptum
1007 389 1072 415 est:

95 434 248 468 Plantati
267 434 302 466 in
318 434 423 466 domo
434 431 599 475 Domini,
626 433 664 466 in
679 433 776 466 atriis
794 433 918 465 domus
928 432 993 465 Dei
1010 445 1076 465 no-

95 485 158 518 stri
175 484 362 520 ssorebunt.
410 482 514 517 Item:
541 483 641 517 Beati
663 483 724 528 qui
742 480 901 516 habitant
918 483 955 515 in
969 484 1074 515 domo

94 541 153 568 tua
163 533 326 568 Domine.
353 532 398 568 Et
411 533 585 569 Psal.26.:
603 533 721 567 Unum
739 531 805 566 hoc
823 534 907 577 petii
923 532 1075 566 aDomi-

94 596 140 618 no
153 609 163 623 ‚
188 592 228 619 ut
244 582 399 619 habitem
419 584 456 617 in
476 585 580 617 domo
600 584 749 617 Domini
768 585 932 617 omnibus
950 584 1074 616 diebus

93 636 186 669 vitae
198 648 304 670 meae.
332 633 403 668 Nec
413 646 494 667 vero
511 642 648 669 tantum
661 634 718 667 fiat
732 634 910 668 adiunctio
925 635 968 667 ad
984 631 1075 666 hanc

96 697 215 719 veram
223 684 426 725 Ecclesiam,
443 685 499 718 sed
515 686 619 718 etiam
635 685 790 719 studium
802 685 845 718 sit
861 685 898 717 in
909 684 1075 717 omnibus

94 737 244 770 tuendae
260 735 530 776 coniunctionis,
547 737 650 781 quale
663 747 735 769 esse
748 735 784 767 in
798 735 900 768 bonis
915 741 947 767 et
961 734 1075 766 fideli-

95 786 161 818 bus
175 786 309 820 civibus
324 786 490 819 omnibus
508 787 615 820 decet.
647 786 894 819 Disceruamus
910 782 1026 817 hostes
1043 791 1074 817 et

94 837 196 870 cives.
248 834 427 870 Adversus
446 834 561 870 hostes
587 838 695 869 simus
718 837 900 879 vigilantes
922 842 954 867 et
971 846 1074 875 acres,

94 897 174 930 erga
190 886 281 920 cives
300 887 446 930 placidi,
474 888 632 927 benefici,
656 887 901 919 obliviscentes
918 885 1075 926 iniurias,

93 948 139 970 ne
155 937 398 971 distractiones
417 949 489 970 non
507 937 718 970 necessariae
736 937 830 969 fiant.
884 935 963 968 Non
979 936 1072 968 enim

94 987 276 1032 loquimur
297 989 339 1020 de
354 986 509 1020 Ecclesia
533 986 638 1020 huius
656 987 767 1026 vitae,
792 992 833 1019 ut
856 986 898 1018 de
917 998 1073 1029 corpore,

95 1036 132 1069 in
150 1049 219 1081 quo
237 1035 329 1070 nihil
345 1037 389 1070 sit
405 1039 630 1078 morborum,
658 1038 715 1070 sed
734 1034 840 1070 habet
863 1036 968 1070 etiam
994 1048 1074 1069 vera

93 1084 267 1128 Ecclesia,
292 1088 447 1121 retinens
463 1089 743 1128 fundamentum,
771 1099 843 1120 non
861 1087 1001 1130 exiguas
1020 1087 1076 1118 in-

94 1137 294 1178 firmitates,
321 1145 376 1178 ut,
404 1139 554 1172 multum
573 1138 732 1181 caliginis
751 1144 824 1170 erat
840 1137 876 1169 iu
894 1138 1075 1181 discipulis

95 1186 272 1231 Baptistae
293 1195 324 1222 et
340 1186 493 1229 Christi,
522 1190 557 1221 in
577 1189 635 1221 illa
654 1200 778 1221 aurora
791 1215 799 1228 ,
828 1194 907 1221 ante
926 1188 1075 1220 manife-

96 1245 184 1271 stam
208 1239 408 1271 missionem
426 1238 578 1282 Spiritus
606 1239 735 1278 sancti,
772 1245 804 1271 et
828 1244 945 1271 tamen
970 1238 1006 1270 in
1035 1249 1075 1270 eo

97 1294 197 1321 coetu
214 1296 313 1321 erant
332 1289 430 1320 electi
449 1290 493 1319 ad
510 1296 685 1320 aeternam
704 1289 861 1320 salutem.
898 1287 1076 1330 Vocetque

98 1348 162 1370 nos
180 1337 224 1370 ad
248 1338 447 1371 societatem
465 1336 640 1370 Ecclesiae
667 1334 751 1368 haec
771 1336 971 1369 dulcissima
990 1347 1076 1368 con-

97 1387 222 1420 solatio
235 1413 244 1427 ,
271 1389 365 1431 quod
384 1394 517 1420 certum
536 1395 598 1426 est,
626 1387 664 1420 in
684 1398 722 1418 co
740 1392 842 1418 coetu
860 1386 986 1419 electos
1004 1397 1076 1418 esse

97 1438 139 1470 ad
156 1442 330 1469 aeternam
347 1437 505 1470 salutem.
558 1436 628 1467 Nec
648 1436 684 1466 in
708 1446 856 1467 numero
884 1436 1075 1467 electorum

97 1498 169 1520 esse
193 1486 290 1526 illos,
317 1486 377 1530 qui
404 1483 487 1518 huic
513 1485 627 1517 coetui
655 1495 837 1528 nunquam
861 1484 1077 1524 inseruntur,

96 1539 192 1570 iuxta
215 1536 348 1569 dictum
366 1534 485 1569 Pauli:
514 1534 613 1577 Quos
640 1534 760 1576 elegit,
788 1531 853 1566 hos
881 1540 913 1567 et
930 1534 1076 1568 vocavit.

97 1586 287 1630 Quomodo
311 1592 427 1619 autem
454 1585 492 1618 in
514 1592 609 1618 tanta
631 1584 835 1618 confusione
855 1584 991 1626 generis
1009 1582 1075 1616 hu-

96 1637 213 1678 mani,
238 1637 275 1669 in
293 1643 363 1670 tam
381 1636 486 1669 variis
502 1636 712 1679 opinionum
737 1635 893 1667 dissidiis
915 1635 989 1667 fieri
1013 1635 1076 1667 ad—

97 1687 232 1722 iunctio
256 1687 299 1720 ad
317 1698 434 1719 veram
459 1684 649 1720 Ecclesiam
674 1691 804 1729 potest,
840 1685 868 1718 si
895 1685 1075 1718 distinctio

96 1737 283 1772 hominum
305 1737 464 1770 sensibus
487 1749 558 1769 non
581 1736 774 1780 accipitur?
824 1735 962 1770 Deinde
987 1748 1076 1781 quo-

97 1790 204 1823 modo
222 1789 304 1821 fient
329 1787 457 1820 iudicia
483 1788 579 1821 iuxta
601 1788 807 1820 mandatum
823 1784 974 1820 Christi:
1003 1788 1076 1821 Dic

97 1838 293 1880 Ecclesiae,
320 1839 348 1871 si
371 1838 502 1872 iudices
525 1838 676 1881 conspici
697 1849 769 1870 non
788 1838 980 1881 poterunt?
1007 1838 1076 1871 Sed

98 1889 166 1924 hoc
196 1890 312 1934 ipsum
349 1889 536 1922 consilium
567 1887 831 1922 Alcibiadaeum
867 1895 926 1923 est.
985 1887 1075 1921 Cum

98 1942 192 1974 enim
211 1941 352 1974 vidisset
364 1938 564 1974 Alcibiades
578 1937 748 1972 Periclem
765 1939 906 1972 silentio
931 1944 963 1971 et
980 1945 1077 1981 gestu

98 1992 348 2035 significantem
365 2001 473 2024 novas
491 2002 589 2024 curas
615 1997 648 2024 et
671 1989 947 2030 sollicitudines,
968 1990 1077 2023 inter-

99 2048 201 2085 rogat
222 2054 383 2082 causam,
418 2042 477 2074 ille
504 2041 705 2085 respondet:
745 2052 779 2073 se
804 2041 955 2083 cogitare
988 2053 1077 2085 quo-

99 2094 205 2127 modo
231 2093 384 2126 rationes
408 2093 562 2126 referret.
622 2090 697 2124 Imo
723 2103 805 2124 vero
829 2091 945 2135 inquit
965 2092 1077 2124 audax

100 2144 318 2178 adolescens:
349 2144 476 2186 cogites
495 2143 673 2188 quomodo
691 2154 762 2175 non
780 2142 920 2175 reseras.
961 2141 1001 2174 ld
1021 2142 1077 2175 isti

98 2194 246 2236 faciunt:
277 2193 524 2227 Vociserantur
540 2193 675 2225 nullam
700 2193 853 2236 conspici
869 2191 1076 2234 Ecclesiam,

100 2252 138 2279 ut
156 2245 284 2278 iudicia
306 2245 463 2285 deleant,
491 2251 523 2277 et
539 2244 606 2277 sibi
623 2244 843 2288 tyrannidem
868 2243 905 2276 iu
921 2241 1078 2277 Ecclesia

101 2302 257 2336 sumant,
284 2296 428 2338 gignant
443 2296 604 2338 dogmata
625 2301 818 2327 monstrosa
831 2320 841 2335 ,
867 2306 956 2339 quae
974 2307 1077 2327 nemo

101 2357 205 2379 sanus
221 2346 344 2389 probat
361 2352 392 2379 et
408 2348 525 2379 frenos
542 2345 794 2389 cupiditatibus
811 2345 941 2378 laxant.
985 2345 1078 2379 l‘luic

104 2396 262 2430 licentiae
279 2404 497 2440 quaeruntur
515 2397 667 2429 latebrae
684 2396 780 2428 velut
793 2393 879 2428 Orci
895 2396 1002 2439 galea,
1018 2409 1079 2430 seu

102 2448 218 2492 potius
244 2453 282 2480 ut
305 2446 465 2481 Cerastae
487 2459 521 2480 se
546 2448 699 2486 abdunt,
726 2446 787 2490 qui
811 2457 845 2478 se
872 2447 945 2479 luto
964 2448 1079 2481 invol-

102 2505 188 2532 vunt
208 2505 239 2531 et
257 2510 388 2531 cornua
406 2505 569 2537 exerunt,
596 2505 635 2530 ut
660 2498 818 2530 incautos
834 2497 983 2532 viatores
1000 2511 1079 2531 sau-

102 2550 210 2583 cient:
246 2549 293 2581 sic
316 2548 372 2581 isti
398 2560 431 2580 se
455 2548 667 2582 factionibus
692 2548 877 2587 muniunt,
903 2555 990 2582 etex
1008 2550 1080 2583 suis

104 2600 257 2644 latebris,
281 2612 368 2644 quos
384 2599 519 2638 volunt,
543 2599 713 2641 iugulant,
750 2597 800 2631 Ut
817 2597 923 2639 igitur
941 2600 976 2632 iu
999 2612 1080 2633 vera

114 2649 270 2685 Ecclesia
296 2650 424 2683 iudicia
448 2649 683 2689 retineantur,
723 2648 878 2692 conspici
905 2663 979 2684 eam
1012 2659 1080 2686 sta-

149 2704 325 2735 Mittam-n.
351 2704 452 2735 Oeen.
479 2702 560 2733 Vm..
577 2701 653 2732 ΧΠ.

661 93 817 133 DECL.
853 94 926 131 DE
960 93 1244 132 ECCLESIA
1285 97 1540 136 CHRISTI.

2036 107 2110 141 370

1128 183 1296 215 tuendum
1329 190 1388 217 est.
1448 182 1494 218 Et
1524 197 1725 232 quanquam
1758 187 1860 222 bonis
1892 189 1975 222 mali
2008 190 2107 223 mixti

1126 239 1224 265 sunt:
1256 239 1373 265 tamen
1409 245 1544 278 semper
1576 238 1702 282 aliquis
1728 245 1844 273 coetus
1869 246 1917 274 est
1948 240 2105 273 veritatis

1126 289 1252 317 custos.
1306 282 1347 316 In
1373 286 1525 318 secunda
1540 284 1717 330 Epliesina
1743 291 1899 333 synodo,
1927 303 2015 335 quae
2041 304 2106 323 no-

1126 332 1281 366 minatur
1308 333 1500 379 ληστιρκὴ,
1534 335 1740 382 Byzantium
1767 337 1981 384 Episcopum
2015 350 2105 374 recte

1124 384 1333 416 sentientem
1355 385 1507 419 calcibus
1533 387 1580 420 ita
1605 389 1772 431 percussit
1799 389 2043 424 Antiochenus
2069 392 2105 424 in

1124 434 1266 478 publico
1283 445 1459 476 consessu,
1474 444 1513 470 ut
1529 438 1620 470 intra
1637 438 1791 471 triduum
1811 451 1914 473 senex
1932 442 2104 475 extinctus

1125 484 1180 519 sit.
1232 482 1344 518 Erant
1369 492 1483 519 tamen
1508 488 1567 520 alii
1591 495 1682 520 recte
1716 489 1924 531 sentientes,
1958 498 1990 524 et
2022 492 2106 525 vicit

1125 535 1267 568 tandem
1285 536 1423 572 veritas.
1476 537 1570 571 Haec
1588 539 1772 580 cogitanda
1791 547 1871 573 sunt
1890 541 2025 585 quoties
2051 554 2106 574 re-

1125 585 1272 618 citamus
1296 587 1446 619 dictum:
1483 587 1597 621 Credo
1624 600 1696 621 esse
1719 588 1884 622 Sanctam
1912 588 2105 624 Ecclesiam

1124 633 1361 677 Catholicam,
1397 638 1478 671 laeti
1503 637 1577 671 Deo
1602 639 1729 681 gratias
1754 650 1913 682 agamus,
1949 642 2042 684 quod
2069 642 2105 674 iu

1125 686 1229 719 tantis
1246 686 1399 720 dissidiis
1418 695 1558 732 propter
1575 689 1686 721 filium
1711 696 1824 723 servat
1846 691 1998 734 aliquem
2028 703 2106 723 coe-

1124 743 1216 776 tum,
1244 738 1281 769 in
1299 750 1368 782 quo
1384 745 1465 772 sunt
1483 739 1580 772 electi
1603 740 1645 772 ad
1671 740 1869 773 societatem
1895 741 2051 774 coelestis
2074 748 2105 774 et

1124 793 1285 819 aeternae
1304 786 1492 824 Ecclesiae.
1545 789 1682 822 Deinde
1707 791 1882 833 sapienter
1906 791 2105 824 considere-

1124 848 1219 876 mus,
1253 850 1340 882 quae
1362 846 1394 872 et
1417 839 1477 871 ubi
1505 841 1547 872 sit
1573 852 1652 872 vera
1677 839 1831 874 Ecclesia
1848 866 1856 879 ,
1901 848 1934 874 et
1965 841 2001 873 in
2025 854 2105 874 eum

1125 894 1261 920 coetum
1294 900 1357 920 nos
1383 889 1618 931 includamus,
1659 898 1691 924 et
1719 891 2006 925 coniunctionem
2032 892 2107 925 eius

1126 937 1214 970 tueri
1232 939 1443 974 studeamus.
1486 940 1674 973 Laetemur
1691 942 1793 973 etiam
1811 953 1875 974 nos
1892 943 1934 974 ad
1954 942 2105 975 aliorum

1125 994 1216 1020 recte
1234 988 1476 1022 invocantium
1500 1001 1636 1033 preces,
1670 992 1860 1033 adiungere
1885 998 2024 1024 nostros
2048 1004 2106 1034 ge-

1125 1039 1231 1071 mitus
1256 1045 1287 1072 et
1316 1046 1414 1077 vota,
1443 1052 1531 1084 quae
1555 1041 1647 1073 filius
1673 1039 1756 1079 Dei,
1784 1042 1844 1086 qui
1870 1048 1919 1074 est
1945 1039 2107 1087 πρεσβύ-

1125 1101 1209 1133 της,
1237 1101 1300 1132 pro
1317 1090 1431 1130 nobis,
1459 1092 1500 1123 ad
1521 1098 1653 1134 patrem
1671 1098 1850 1124 aeternum
1870 1092 2009 1135 perfert.
2061 1091 2109 1125 Et

1126 1140 1266 1183 quidem
1290 1140 1326 1172 iu
1352 1141 1549 1184 precatione
1574 1141 1774 1174 intueamur
1803 1142 1878 1186 pios
1910 1143 2013 1183 alios,
2046 1143 2107 1187 qui

1125 1190 1230 1222 simul
1248 1198 1453 1233 precantur,
1479 1192 1568 1224 sicut
1587 1191 1761 1225 Dominus
1779 1192 1909 1237 inquit:
1941 1192 2007 1225 Ubi
2026 1199 2109 1225 sunt

1125 1241 1196 1272 duo
1215 1247 1275 1274 aut
1291 1247 1360 1274 tres
1377 1242 1576 1284 congregati
1597 1242 1633 1274 in
1651 1243 1796 1275 nomine
1814 1255 1909 1283 meo,
1936 1243 1972 1275 in
1992 1243 2107 1276 medio

1126 1302 1247 1322 eorum
1274 1303 1362 1324 sum.
1416 1290 1463 1324 Et
1487 1292 1629 1335 quidem
1653 1293 1728 1325 vult
1763 1305 1826 1326 nos
1851 1292 1945 1326 Deus
1977 1294 2108 1326 mutuis

1128 1339 1429 1372 consolationibus
1460 1341 1567 1383 erigi,
1601 1342 1689 1374 sicut
1718 1343 1760 1374 ad
1785 1341 1930 1375 Petrum
1960 1343 2107 1376 dicitur:

1127 1386 1173 1421 Et
1200 1395 1238 1421 tu
1269 1401 1457 1422 conversus
1487 1391 1653 1423 confirma
1689 1392 1812 1424 fratres
1842 1398 1932 1426 tuos.
1998 1392 2106 1426 Multi

1126 1438 1237 1469 sancti
1263 1439 1330 1470 viri
1349 1438 1479 1471 liabent
1493 1441 1663 1479 familias,
1691 1442 1855 1484 coniuges
1874 1443 1947 1486 pias
1972 1450 2003 1476 et
2027 1444 2108 1476 dul-

1127 1487 1300 1519 cissimam
1316 1489 1486 1523 sobolem.
1539 1488 1641 1522 Ilauc
1659 1491 1734 1523 vult
1751 1490 1845 1523 Deus
1868 1504 1886 1524 a
1906 1493 2109 1534 parentibus

1127 1536 1245 1569 doceri
1262 1544 1295 1570 et
1311 1537 1417 1570 inseri
1435 1537 1629 1579 Ecclesiae,
1652 1541 1726 1573 vult
1744 1552 1802 1573 eos
1819 1553 1891 1574 esse
1907 1541 1943 1573 in
1968 1554 2006 1574 eo
2030 1555 2110 1576 coe-

1127 1593 1181 1627 tu,
1210 1586 1246 1618 in
1272 1600 1342 1631 quo
1366 1595 1447 1621 sunt
1473 1589 1584 1634 aliqui
1617 1590 1726 1624 electi.
1781 1589 1874 1624 Haec
1906 1592 2110 1626 dulcissima

1127 1637 1320 1671 consolatio
1338 1639 1405 1682 piis
1420 1640 1624 1682 parentibus
1641 1641 1822 1681 excutitur,
1839 1641 1867 1674 si
1883 1643 2110 1684 cogitandum

1129 1695 1190 1728 est,
1218 1688 1353 1721 nullam
1372 1700 1444 1722 esse
1461 1690 1637 1723 visibilem
1655 1689 1857 1732 Ecclesiam,
1884 1704 1948 1725 nec
1967 1694 2046 1726 sciri
2065 1706 2110 1726 au

1127 1738 1280 1771 familiae
1294 1751 1376 1772 suae
1392 1741 1463 1773 sint
1480 1739 1657 1774 Ecclesiae
1674 1742 1776 1775 cives,

1229 1787 1307 1822 Etsi
1330 1791 1524 1833 praestigiis
1547 1792 1827 1835 disputationum
1849 1794 1966 1836 magni
1996 1794 2031 1826 in
2055 1791 2110 1827 bis

1128 1840 1393 1884 quaestionibus
1425 1842 1598 1875 tumultus
1632 1842 1773 1876 excitari
1800 1851 1964 1886 possunt:
1994 1851 2111 1877 tamen

1127 1901 1193 1923 nos
1218 1891 1422 1924 manifestae
1446 1893 1523 1925 voci
1544 1893 1685 1926 divinae
1717 1894 2015 1937 obtemperemus,
2052 1896 2111 1927 fir-

1129 1940 1284 1973 missime
1300 1947 1502 1979 statuentes,
1522 1940 1588 1975 hoc
1608 1955 1730 1986 agmen
1750 1956 1867 1976 veram
1886 1951 1917 1977 et
1935 1945 2110 1977 visibilem

1127 1989 1320 2024 Ecclesiam
1338 2003 1409 2024 esse
1427 1993 1463 2025 in
1482 1990 1545 2025 hac
1570 1993 1659 2033 vita,
1688 1995 1780 2037 quod
1808 2001 1906 2027 sonat
1924 1993 2110 2037 Evangelii

1130 2053 1250 2074 vocem
1276 2043 1537 2086 incorruptam,
1565 2049 1597 2075 et
1621 2043 1656 2075 in
1685 2041 1750 2075 hoc
1775 2044 1913 2086 agmine
1940 2056 2011 2077 esse
2030 2057 2110 2078 vere

1129 2093 1256 2125 electos
1273 2094 1317 2125 ad
1335 2099 1512 2126 aeternam
1530 2093 1688 2126 coelestis
1702 2092 1879 2126 Ecclesiae
1898 2095 2112 2135 societatem,

1129 2150 1161 2177 et
1178 2143 1267 2175 velle
1278 2142 1406 2184 Deum,
1433 2151 1471 2177 ut
1490 2141 1595 2176 huius
1612 2142 1788 2176 Ecclesiae
1805 2145 1896 2177 cives
1913 2145 2021 2178 simus
2037 2145 2109 2179 Nos

1129 2200 1161 2227 et
1186 2193 1324 2234 Nostri,
1353 2202 1385 2227 et
1408 2206 1486 2227 cum
1511 2206 1548 2226 ea
1571 2194 1829 2227 invocationem
1849 2202 2003 2228 nostram
2023 2208 2110 2228 con-

1129 2246 1326 2287 iungamus.
1379 2243 1473 2277 Ilaec
1500 2251 1591 2277 certa
1620 2251 1653 2278 et
1676 2245 1774 2277 firma
1800 2252 1899 2286 sunt,
1927 2252 1961 2278 et
1980 2246 2046 2290 piis
2065 2248 2110 2279 ad

1130 2296 1408 2329 consolationem
1432 2296 1523 2328 etad
1556 2307 1672 2327 veram
1705 2295 1963 2329 invocationem
1998 2298 2110 2332 utilia.

1128 2346 1328 2389 Praestigiis
1353 2358 1435 2378 vero
1459 2345 1712 2378 contrariarum
1745 2345 2023 2388 disputationum
2045 2360 2110 2392 op-

1130 2408 1304 2441 ponamus
1321 2395 1404 2430 haec
1422 2396 1624 2438 gravissima
1644 2396 1750 2428 dicta:
1779 2395 1878 2438 Quae
1897 2397 1989 2431 Deus
2008 2411 2109 2441 prae-

1130 2447 1231 2491 cepit,
1258 2454 1373 2480 sancte
1390 2446 1511 2489 cogita.
1553 2445 1655 2479 ltem:
1683 2445 1840 2479 Lucerna
1860 2449 2006 2490 pedibus
2025 2449 2110 2482 meis

1131 2498 1278 2530 verbum
1297 2505 1406 2532 tuum.
1459 2496 1560 2530 Certe
1586 2497 1680 2530 enim
1705 2497 1985 2541 disputationum
2006 2513 2111 2542 opor—

1132 2555 1178 2582 tet
1196 2559 1267 2581 esse
1285 2554 1392 2580 metas
1412 2547 1558 2591 aliquas,
1609 2545 1656 2580 Et
1676 2560 1793 2580 vocem
1811 2560 1907 2581 suam
1927 2548 2022 2582 Deus
2041 2558 2110 2582 tra-

1131 2599 1243 2640 didit,
1271 2605 1308 2631 ut
1326 2605 1433 2631 metas
1453 2597 1553 2630 uobis
1571 2597 1824 2638 circumdaret,
1852 2612 1894 2632 nc
1909 2598 2107 2645 Pyrrh-auio

1131 2661 1228 2682 more
1246 2649 1471 2692 vagabundae
1488 2654 1619 2681 mentes
1635 2649 1703 2681 fine
1728 2655 1856 2681 errent.

1550 2696 1597 2732 24
