2324 2955
118 121 214 156 1033
679 118 706 154 Ι.

116 253 196 287 nuit
212 253 397 297 imperium
414 253 487 286 Leo
504 265 615 286 annos
629 253 875 297 septendecim.
927 253 1095 297 Princeps

117 304 247 341 iustus,
273 310 306 337 et
323 315 364 336 eo
379 303 493 343 utilis,
520 303 602 347 quia
617 315 696 336 cum
712 304 785 348 ipse
811 303 947 337 alienus
971 310 1059 337 esset
1075 315 1093 337 a

115 353 212 386 salsis
230 354 471 396 dogmatibus,
498 351 674 386 Ecclesiae
689 353 806 386 minus
826 354 985 387 turbatae
1002 360 1094 394 sunt,

114 414 180 436 nec
194 401 361 447 Episcopi
378 409 468 436 recte
493 404 682 438 sentientes
706 415 746 437 ex
769 403 840 437 suis
865 404 1007 438 sedibus
1032 415 1092 437 ex-

114 453 206 497 pulsi
226 458 320 486 sunt.

214 500 298 536 Fuit
325 508 441 536 autem
474 509 559 536 tunc
593 514 717 547 magna
752 502 908 547 potentia
938 503 1090 537 duorum

111 551 333 597 principum,
359 552 421 598 qui
447 564 648 598 quanquam
670 552 771 587 Gotti
787 561 887 588 erant
905 560 938 587 et
949 553 1092 586 Ariani:

112 610 231 637 tamen
263 602 355 636 inter
383 603 547 646 patricios
571 603 668 637 asciti
698 603 855 645 fuerant,
888 601 1034 647 Asparis
1059 609 1093 636 et

113 651 328 693 Ardaburii‚
356 665 506 698 quorum
522 653 770 696 suffragatione
788 653 973 697 praecipue
990 653 1092 685 adiu-

113 709 170 738 tus
193 709 267 736 erat
287 701 371 736 Leo.
435 702 502 736 Sed
528 700 567 736 hi
594 715 672 736 cum
697 710 814 747 postea
839 703 1092 736 insidiarentur

113 752 205 786 vitae
227 752 375 790 Leonis,
403 764 442 785 ac
464 753 637 787 dicerent:
665 750 848 800 φάγωμεν
871 751 938 787 τὸν
962 751 1091 787 λέοντα

113 799 201 847 πρὶν
216 800 332 837 αὐτὸν
346 800 443 847 ἡμᾶς
467 800 679 849 ἀριστῆσαι,
709 804 805 837 iussu
830 802 960 837 Leonis
982 803 1090 836 inter-

112 852 194 886 fecti
211 858 304 886 sunt.

214 901 286 935 Iam
304 914 386 936 vero
410 903 446 936 in
465 901 658 937 Occidente
680 915 781 936 ruere
803 903 992 947 imperium
1014 901 1090 936 Ro-

112 963 256 985 manum
288 961 458 997 coeperat.
529 953 656 986 Franci
683 963 843 995 magnam
875 952 1091 984 Germaniae

111 1009 146 1035 et
162 1001 300 1036 Galliae
318 1011 450 1047 partem
468 1003 641 1036 tenebant.
686 1000 843 1043 Ostgotti
857 1000 1092 1041 Pannoniam,

111 1050 311 1094 Westgotti
334 1052 561 1095 Hispaniam,
588 1050 800 1084 Gensericus
825 1049 993 1084 Africam.
1048 1049 1089 1083 ln

110 1100 211 1134 Italia
228 1101 330 1134 multi
352 1102 579 1144 imperatores
602 1102 831 1140 creabantur,
858 1100 919 1144 qui
947 1111 1011 1133 nec
1027 1100 1089 1133 diu

111 1151 278 1184 tenebant
301 1151 506 1195 imperium,
533 1162 596 1183 nec
619 1150 788 1183 exercitus
810 1160 954 1192 magnos
979 1147 1089 1183 habe-

111 1202 208 1234 hant.
260 1199 419 1245 Cumque
435 1212 556 1233 verum
572 1200 616 1233 sit
640 1200 729 1233 illud
746 1199 991 1233 Homericum:
1020 1198 1088 1233 οὐκ

112 1248 263 1296 ἀγαθὸν
279 1247 560 1294 πολυκοιρανίη,
586 1262 667 1282 mox
692 1256 770 1293 post
788 1249 917 1282 Leonis
941 1255 1089 1282 mortem

110 1300 241 1334 invasit
261 1299 397 1334 Italiam
422 1298 585 1334 Odoacer
609 1298 812 1342 Rugianus,
845 1306 878 1333 et
900 1299 1091 1332 crudeliter

112 1350 149 1382 in
165 1362 201 1383 ea
221 1357 393 1393 grassatus
407 1357 458 1384 est
473 1361 584 1383 annos
600 1349 887 1395 quaduofflecim,
914 1355 952 1383 ut
971 1356 1088 1393 postea

110 1400 258 1435 dicetur.

213 1450 337 1484 Voluit
355 1457 470 1484 autem
489 1449 583 1484 Deus
605 1449 642 1482 in
661 1447 811 1483 Oriente
835 1448 1089 1494 aliquantisper

112 1498 229 1534 adhuc
264 1501 391 1534 durare
424 1500 581 1535 Romani
611 1499 751 1543 imperii
785 1500 954 1540 formam,
993 1500 1088 1544 quod

112 1550 408 1594 complectebatur
431 1548 640 1590 Thraciam,
673 1549 941 1589 Macedoniam,
976 1548 1089 1582 Grae-

112 1601 220 1641 ciam,
262 1599 460 1646 Illyricum,
498 1600 673 1633 minorem
706 1600 844 1639 Asiam,
885 1599 1024 1644 Syriam
1057 1606 1090 1633 et

114 1652 326 1694 Aegyptum.
379 1650 531 1694 Fuitque
563 1650 692 1683 Leonis
719 1649 926 1692 gubernatio
954 1649 1089 1681 medio-

116 1700 219 1734 criter
235 1700 437 1744 tranquilla.

214 1750 260 1782 At
285 1750 321 1782 in
346 1748 442 1782 ltalia
468 1748 648 1780 interfecto
675 1745 945 1783 Valentiniano,
973 1744 1090 1778 blaxi-

112 1810 191 1833 mus
209 1806 365 1842 utsupra
382 1798 515 1830 dictum
538 1802 611 1836 est,
638 1795 767 1828 invasit
792 1795 999 1838 imperium,
1027 1795 1087 1839 qui

110 1850 247 1893 fugiens
261 1848 491 1882 Gensericum
509 1852 648 1889 captus,
673 1845 867 1888 discerptus
884 1851 917 1878 et
931 1844 1089 1879 in'l'ibe-

114 1901 182 1934 rim
202 1900 357 1932 abiectus
376 1905 425 1931 est
441 1908 559 1930 mense
578 1896 715 1939 imperii
733 1895 897 1928 secundo.

215 1948 298 1983 Post
314 1947 407 1982 bunc
424 1948 572 1981 Senatus
589 1946 718 1979 creavit
736 1945 982 1988 imperatorem
1001 1942 1088 1977 Aci-

114 2005 212 2043 lum,
239 2012 317 2033 cum
337 2011 406 2044 quo
426 1997 622 2031 Martianus
640 1996 719 2029 fecit
736 1996 869 2028 foedus.
920 1994 1088 2027 Nondum

115 2051 215 2084 finito
239 2062 331 2083 anno
354 2048 445 2093 cepit
463 2048 607 2081 Avitum
633 2042 824 2079 Rz'clzimer
842 2044 971 2079 Gottus
996 2046 1088 2088 apud

114 2100 348 2138 Placentiam,
383 2106 416 2133 et
440 2100 615 2142 deponere
642 2109 720 2130 eum
746 2096 932 2139 imperium
962 2095 1088 2138 coegit.

118 2150 256 2185 Interea
270 2150 461 2184 Ravennae
480 2146 732 2189 Mammam,
760 2147 859 2180 cuius
884 2146 992 2180 virtus
1012 2147 1089 2179 lau-

115 2202 238 2242 datur,
265 2201 456 2245 imperator
470 2200 579 2233 sactus
595 2205 657 2239 est,
683 2209 831 2242 cumque
848 2196 979 2229 bellum
992 2195 1090 2229 Van-

115 2251 205 2285 dalis
220 2252 257 2284 in
275 2251 392 2284 Africa
411 2251 576 2288 inferret,
604 2249 707 2282 tertio
723 2247 861 2291 imperii
877 2259 970 2280 anno
993 2258 1090 2278 mor-

116 2309 198 2336 tuus
221 2308 281 2335 est.
333 2301 504 2335 Successit
528 2299 719 2333 Ravennae
741 2296 908 2335 Severus,
936 2297 997 2341 qui
1014 2295 1089 2330 llo-

117 2363 193 2385 mae
211 2352 313 2385 tertio
333 2351 469 2395 imperii
487 2362 581 2383 anno
599 2361 733 2382 veneno
758 2348 929 2381 extinctus
946 2353 1006 2380 cst.

218 2400 321 2434 Misit
360 2402 466 2444 igitur
490 2400 689 2433 Martianus
714 2395 948 2431 Anthemium
986 2408 1089 2439 gene-

118 2464 195 2486 rum
214 2452 251 2484 in
274 2451 427 2491 ltaliam,
452 2458 492 2485 ut
514 2451 699 2494 imperinm
718 2447 922 2482 Occidentis
947 2453 1090 2482 teneret.

118 2502 185 2536 Hic
202 2502 370 2544 collegam
388 2501 468 2535 fecit
485 2513 650 2544 generum
663 2497 908 2534 liicliimernm
928 2497 1090 2537 Gottum,

119 2553 178 2598 qui
202 2559 240 2586 ut
258 2550 400 2586 Arianis
423 2551 459 2583 in
486 2552 573 2584 urbe
590 2550 701 2584 Roma
724 2550 875 2583 traderet
890 2546 1092 2588 Ecclesiam,

120 2615 198 2636 cnm
215 2614 334 2636 socero
357 2602 391 2634 id
411 2599 619 2645 probibente
646 2601 681 2632 in
707 2601 778 2644 ipsa
798 2600 884 2632 nrbe
904 2598 1017 2632 Roma
1038 2598 1091 2630 ‹li-

119 2653 278 2693 micavit‚
306 2659 339 2686 et
355 2652 466 2684 victor
484 2663 641 2684 socerum
660 2649 830 2684 interfecit
846 2661 938 2682 anno
954 2648 1089 2692 imperii

170 2702 351 2736 Maian-ru.
380 2704 482 2735 Ona.
509 2703 591 2734 von.
619 2702 695 2734 ΧΠ.

759 115 1050 155 CHRONICON
1076 116 1320 155 CARIONIS.
1374 120 1499 157 PARS
1526 120 1572 158 11.

117 204 155 236 in
171 202 348 236 Anastasii
366 201 586 247 imperatoris
602 203 830 237 coronatione
846 202 994 238 dicetur.
1021 202 1092 236 Te·
1118 205 1123 229 ¹
1150 210 1291 247 quarto,
1319 211 1352 238 et
1376 206 1467 238 bona
1484 206 1612 239 civium
1635 205 1792 252 diripuit.

2030 129 2123 164 1034

1845 208 2118 254 Quadragesimo

1150 261 1264 286 autem
1283 256 1339 287 die
1357 263 1432 299 post
1449 257 1557 290 soceri
1575 264 1720 291 mortem
1740 259 1864 293 morbo
1882 261 2052 296 extinctus
2069 270 2119 296 est

1150 301 1334 337 Richimer
1352 306 1536 349 parricida.

1248 354 1351 387 Tales
1375 357 1598 390 confusiones
1620 358 1782 392 accidunt
1803 360 1985 393 ruentibus
2009 361 2117 405 impe-

1146 402 1219 439 riis.
1272 403 1511 447 Agnoscamus
1530 407 1635 450 igitur
1649 420 1721 441 non
1738 409 1863 442 durare
1888 410 2033 454 imperia
2050 412 2118 444 nisi

1146 451 1221 486 Deo
1240 463 1486 498 conservante,
1513 464 1545 490 et
1561 464 1719 501 petamus
1739 470 1756 492 a
1775 457 1849 492 Deo
1866 461 2032 494 salutares
2053 472 2116 505 gu-

1146 502 1357 537 bernatores.

1246 552 1449 589 Richimero
1468 554 1630 588 successit
1645 551 1844 601 Olybrius,
1872 558 1996 593 missus
2012 571 2031 591 a
2050 560 2115 594 Le-

1145 615 1210 636 one
1229 603 1379 638 Romam
1393 630 1401 643 ‚
1427 604 1507 648 quia
1525 605 1686 638 adfinitas
1702 607 1950 650 imperatorum
1971 610 2000 642 ei
2016 618 2116 644 auto-

1144 654 1281 687 ritatem
1299 654 1458 689 addebat.
1512 653 1647 688 Habuit
1663 656 1756 690 enim
1773 669 1914 689 uxorem
1927 657 2115 693 Placidiam

1144 704 1250 736 filiam
1278 703 1537 746 Valentiniani,
1571 705 1631 738 sed
1654 706 1802 750 septimo
1837 707 1975 751 imperii
2000 721 2117 743 mense

1144 761 1303 787 mortuus
1329 760 1389 789 est.

1243 803 1326 837 Post
1350 802 1443 837 hunc
1471 817 1488 837 a
1514 805 1686 839 militibus
1710 804 1904 840 Ravennae
1929 807 2116 851 imperator

1143 853 1252 886 sactus
1269 861 1319 888 est
1334 851 1546 899 Glycert'us,
1573 857 1646 896 cui,
1668 868 1746 889 cum
1763 868 1835 889 non
1853 864 1964 890 totum
1983 869 2115 891 annum

1143 911 1333 946 regnasset,
1360 905 1489 947 eripuit
1512 905 1696 949 imperium
1714 903 1840 939 Iulius
1856 906 1986 950 NepOS,
2014 915 2046 941 et
2066 910 2116 941 se-

1143 954 1189 985 cit
1219 965 1298 985 eum
1325 952 1538 998 Episcopum
1565 956 1601 988 in
1636 955 1821 992 Dalmatia.
1879 956 1967 990 Cum
1999 965 2114 991 autem

1143 1001 1253 1035 Iulius
1272 1014 1379 1045 nepos
1396 1001 1557 1036 Orestem
1582 1006 1716 1038 fecisset
1733 1007 1934 1048 magistrum
1953 1008 2117 1047 militum,

1143 1049 1201 1083 hic
1217 1047 1362 1084 Orestes
1380 1052 1571 1086 instructus
1594 1055 1745 1087 exercitu
1768 1056 2011 1098 imperatorem
2036 1058 2115 1090 fecit

1144 1100 1336 1134 Ravennae
1368 1102 1479 1135 filium
1510 1104 1786 1145 adolescentem,
1823 1106 1882 1149 qui
1914 1106 2116 1139 nominatur

1143 1148 1392 1195 Augustulus,
1434 1164 1473 1186 ac
1509 1153 1632 1187 foedus
1660 1154 1740 1187 fecit
1771 1166 1849 1187 cum
1878 1155 2049 1188 Yandalis
2080 1157 2117 1188 in

1144 1199 1274 1236 Africa.

1246 1250 1318 1283 Iam
1343 1258 1458 1285 autem
1478 1247 1645 1285 Odoacar
1667 1252 1850 1297 Rugianus
1870 1255 2054 1289 exercitum
2080 1256 2116 1288 in

1142 1300 1281 1334 Italiam
1300 1303 1501 1338 adduxerat.
1556 1302 1600 1336 Ut
1625 1303 1731 1345 igitur
1755 1305 1955 1338 defenderet
1981 1305 2116 1339 Italiam

1143 1349 1286 1384 Orestes
1302 1359 1421 1384 contra
1438 1364 1516 1384 eum
1529 1379 1537 1392 ‚
1563 1354 1606 1385 ad
1620 1353 1785 1387 Ticinum
1804 1367 1912 1399 usque
1929 1357 2116 1389 exercitum

1146 1401 1254 1436 ducit.
1306 1401 1359 1434 Ibi
1378 1403 1485 1435 robur
1504 1401 1623 1436 Italiae
1641 1404 1830 1437 extinctum
1855 1417 1925 1437 esse
1942 1406 2117 1440 scribitur.

1142 1449 1285 1484 Orestes
1303 1452 1415 1485 victus
1436 1452 1526 1495 fugit
1550 1453 1586 1485 in
1611 1455 1733 1486 urbem
1751 1454 1938 1495 Ticinum,
1964 1468 2032 1500 qua
2056 1468 2115 1488 ex-

1143 1508 1294 1545 pugnata
1336 1500 1498 1535 Odoacer
1530 1502 1744 1536 Placentiam
1792 1505 1920 1538 adduci
1954 1504 2115 1539 Orestem

1143 1551 1259 1591 iussit,
1295 1551 1415 1596 ibique
1443 1564 1523 1585 eum
1544 1561 1722 1597 spectante
1752 1555 1902 1588 exercitu
1935 1555 2116 1589 interfecit.

1144 1600 1255 1634 Urbes
1279 1602 1414 1635 vicinae
1443 1609 1681 1637 consternatae
1713 1605 1927 1637 deditionem
1951 1606 2118 1638 fecerunt.

1144 1649 1363 1693 Augustulus
1378 1653 1512 1694 fugiens
1531 1653 1678 1697 imperio
1696 1666 1730 1687 se
1746 1656 1902 1691 abdicat,
1931 1657 2025 1698 qnod
2048 1655 2116 1688 cir-

1142 1699 1228 1730 citer
1245 1710 1376 1731 annum
1388 1712 1496 1733 unum
1514 1708 1690 1743 tenuerat,
1717 1714 1754 1735 ac
1771 1704 1898 1736 deinde
1917 1704 1953 1736 in
1968 1703 2117 1748 Campa—

1143 1747 1201 1780 nia
1217 1748 1373 1791 privatus
1390 1750 1474 1781 vixit
1490 1756 1655 1794 tanquam
1680 1753 1831 1785 exulans.

1242 1796 1310 1831 Hic
1327 1798 1406 1831 finis
1431 1799 1497 1832 snit
1530 1800 1779 1844 imperatorum
1800 1801 2000 1836 Italicorum
2025 1814 2117 1835 anno

1141 1844 1273 1881 Christi
1310 1849 1653 1892 quadringentesimo
1694 1852 1943 1895 septuagesimo
1983 1853 2118 1897 quinto,

1141 1908 1221 1931 cum
1238 1895 1353 1930 adhuc
1375 1898 1447 1932 Leo
1464 1899 1771 1945 Constantinopoli
1796 1903 1940 1936 viveret.

1242 1945 1405 1981 Odoacer
1432 1956 1547 1982 autem
1572 1949 1722 1984 Romam
1746 1952 1919 1994 ingressus
1947 1963 2060 1995 regem
2083 1963 2117 1985 se

1142 1996 1242 2030 urbis
1259 1996 1392 2031 Romae
1407 2005 1439 2032 et
1459 1998 1579 2032 ltaliae
1598 2002 1812 2042 nominavit,
1839 2009 1871 2036 et
1896 2000 2116 2046 triumphans

1144 2047 1182 2079 in
1197 2045 1410 2091 Capitolium
1430 2050 1595 2086 ascendit.
1648 2050 1777 2094 Magne
1795 2053 1914 2086 caedes
1939 2060 1972 2086 et
1997 2053 2114 2096 direp-

1143 2097 1256 2131 tiones
1272 2098 1307 2130 in
1324 2099 1412 2131 urbe
1429 2098 1542 2134 Roma
1565 2107 1597 2134 et
1620 2101 1704 2134 alibi
1727 2102 1834 2136 factae
1858 2109 1948 2136 sunt.
2002 2101 2116 2145 Agro-

1141 2160 1219 2181 rum
1236 2149 1372 2182 tertiam
1390 2156 1524 2193 partem
1543 2151 1614 2184 suis
1629 2152 1800 2191 attribuit,
1826 2164 1863 2186 ac
1881 2153 2037 2196 regnavit
2053 2165 2117 2185 an—

1141 2209 1205 2231 nos
1234 2200 1511 2243 quatuordecim.
1571 2200 1670 2234 Misit
1700 2202 1792 2235 enim
1820 2201 1919 2236 Zeno
1950 2201 2116 2236 Theodo-

1141 2248 1252 2281 ricum
1278 2247 1460 2282 Gotticum
1493 2262 1606 2294 regem
1639 2252 1675 2283 in
1702 2250 1836 2284 ltaliam
1867 2260 2032 2297 tanquam
2064 2253 2117 2284 vi-

1141 2298 1274 2332 carium
1299 2310 1358 2331 seu
1383 2300 1536 2340 socium,
1571 2301 1630 2345 qui
1662 2302 1798 2334 duobus
1821 2303 1956 2346 magnis
1979 2302 2118 2346 praeliis

1143 2346 1339 2381 Odoacrem
1358 2357 1595 2384 occurrentem
1613 2351 1705 2390 vicit,
1728 2352 1835 2385 altero
1852 2354 1893 2386 ad
1907 2351 2117 2397 Aquileiam,

1142 2399 1251 2432 altero
1277 2400 1318 2431 ad
1344 2398 1490 2435 Padum.
1544 2400 1665 2434 Victus
1684 2400 1846 2435 Odoacer
1873 2403 1959 2445 fugit
1976 2401 2117 2436 Raven-

1143 2460 1223 2482 nam
1235 2473 1243 2487 ‚
1270 2449 1331 2482 ubi
1349 2450 1501 2483 triennio
1519 2451 1740 2484 circumsessa
1758 2454 1845 2485 urbe
1862 2453 1971 2486 multa
1987 2453 2117 2496 praelia

1142 2499 1229 2532 sacta
1249 2505 1344 2538 sunt,
1371 2501 1482 2533 donec
1504 2502 1643 2534 tandem
1662 2500 1826 2536 Odoacer
1851 2515 1869 2536 a
1893 2501 2114 2535 'l‘hcodorico

1145 2549 1286 2583 (Bottico
1306 2560 1382 2592 rege
1405 2551 1607 2585 interfectus
1631 2559 1692 2587 est.
1744 2554 1793 2585 Ac
1818 2553 1995 2596 respondit
2014 2564 2117 2584 exen-

1145 2606 1198 2632 tus
1222 2599 1317 2639 voci,
1351 2612 1456 2643 qnam
1481 2601 1515 2633 in
1541 2600 1731 2646 Apennino
1764 2605 1918 2636 andierat
1949 2609 2116 2646 tyrannus

1150 2647 1330 2683 Odoacer:
1362 2649 1459 2683 Vade
1477 2653 1594 2694 pellite
1609 2679 1617 2692 ,
1640 2664 1710 2685 non
1727 2654 1819 2686 enini
1839 2653 1977 2686 redibis.

1438 2702 1485 2736 66
