2324 2955
178 109 253 145 785

173 193 366 231 metuebat,
401 203 444 224 ne
476 188 597 222 Iudaei
629 199 664 221 se
695 184 878 232 Aegyptiis
908 186 1152 229 adiungerent.

172 245 224 278 lta
241 243 341 277 novis
365 239 520 274 consiliis
536 238 698 272 diabolus
722 236 908 281 impedivit
923 237 1074 270 reditum
1091 237 1152 271 Iu-

172 296 356 329 daeorum,
389 297 423 324 et
440 289 616 323 Ecclesiae
640 288 943 323 instaurationem.
994 286 1153 322 Fuerunt

171 345 287 387 itaque
310 341 349 373 in
374 341 471 374 luctu
497 340 565 384 pii,
596 338 800 384 praesertim
832 345 1018 384 postquam
1040 337 1153 385 Cyrus

170 392 372 427 interfectus
389 397 450 424 est.

279 441 482 475 Herodotus
515 440 654 481 scribit,
695 439 876 473 Persicum
913 438 1099 473 exercitum
1133 450 1152 472 a

169 492 374 536 Massagetis
398 491 532 535 ingenti
555 491 687 536 praelio
712 490 845 524 victum
873 501 962 531 esse,
989 496 1024 523 et
1046 489 1152 523 simul
1177 498 1179 538 1

169 544 206 576 in
227 543 299 577 acie
321 541 453 589 Cyrum
479 542 699 576 interfectum
726 552 817 581 esse,
844 552 883 573 ac
904 547 1022 585 postea
1050 540 1153 574 cada-
1177 561 1179 568 ι

169 593 243 627 veri
266 600 369 638 caput
387 593 581 637 praecisum
600 604 690 635 esse,
724 592 818 637 quod
839 590 1006 637 Tomyris
1032 591 1152 634 regina
1177 601 1179 635 ζ

169 644 207 677 in
230 651 344 678 utrem
370 644 514 688 plenum
541 643 709 686 sanguine
740 642 906 682 coniecit,
938 642 1058 675 addito
1086 639 1152 675 hoc

169 695 276 728 verbo
294 706 374 737 culm
396 693 606 727 contumelia
624 700 656 727 et
673 693 940 737 exprobratione
963 692 1154 726 crudelita-

168 745 228 779 tis:
251 744 343 787 Quia
358 744 564 787 sanguinem
579 744 730 782 sitiisset‚
748 743 797 776 ibi
813 741 968 776 humano
983 742 1152 786 sanguine
1177 740 1179 754 ³

168 801 392 829 saturaretur.
427 794 543 828 Antea
560 795 653 828 enim
669 793 782 840 Cyrus
800 800 832 827 et
851 794 1038 827 exercitum
1054 792 1152 827 Mas-

166 852 363 889 sagetarum
391 845 646 887 trucidaverat,
687 852 720 879 et
747 844 860 878 filium
897 844 1037 888 reginae
1072 856 1152 878 coe-

167 903 274 940 perat.
1176 910 1179 931 ς

266 945 345 981 Etsi
361 953 477 981 autem
495 946 610 992 inquit
626 945 829 981 Herodotus
840 973 849 986 ,
877 945 1064 979 dissimiles
1080 957 1152 979 esse

167 1009 344 1032 sermones
361 999 404 1031 de
422 997 507 1043 Cyri
524 1004 655 1038 morte,
681 1005 798 1031 tamen
822 997 989 1041 utrinque
1007 1007 1151 1039 magnos

169 1050 338 1083 exercitus
370 1049 561 1082 trucidatos
589 1060 660 1081 esse
691 1054 966 1081 consentaneum
994 1052 1054 1079 est.
1106 1044 1153 1078 Et

166 1099 243 1133 fieri
266 1104 395 1143 potest,
422 1105 462 1131 ut
477 1097 589 1142 Cyrus
606 1097 719 1129 Deum
741 1103 831 1129 recte
856 1095 1090 1135 invocaverit,
1119 1100 1152 1127 et

165 1150 272 1183 fuerit
296 1160 397 1182 verae
414 1146 590 1181 Ecclesiae
608 1147 825 1186 membrum,
859 1157 897 1178 ac
921 1143 1040 1178 haeres
1060 1145 1152 1178 vitae

166 1207 343 1240 aeternae,
370 1198 540 1231 didicerat
563 1197 656 1230 enim
679 1209 698 1230 a
714 1195 862 1230 Daniele
879 1197 997 1228 veram
1021 1195 1153 1229 doctri-

166 1263 267 1291 nam,
293 1257 408 1284 tamen
432 1255 472 1282 ut
489 1247 595 1280 [osias
619 1254 714 1281 moto
739 1259 811 1280 non
836 1246 1028 1280 necessario
1047 1246 1153 1286 bello,

167 1302 300 1334 cladem
319 1299 507 1343 acceperit,
535 1304 567 1331 et
583 1298 676 1331 inter
699 1298 854 1341 exempla
880 1296 1079 1341 propositus
1095 1297 1151 1336 sit,

167 1363 255 1397 quae
273 1356 429 1390 monent,
449 1360 521 1382 non
539 1348 653 1381 solum
670 1348 797 1392 impios
811 1355 844 1381 et
859 1347 989 1381 iniusta
1005 1359 1152 1380 moven-

168 1409 229 1442 te5‚
252 1413 269 1434 a
286 1400 361 1434 Deo
379 1400 500 1440 everti,
523 1406 560 1433 ut
577 1396 810 1439 Pharaonem,
835 1397 989 1439 Saulem,
1014 1405 1047 1432 et
1065 1398 1152 1431 alios

170 1451 464 1491 innumerabiles,
497 1450 556 1483 sed
581 1450 686 1482 etiam
715 1449 854 1489 electis,
889 1462 966 1482 cum
992 1448 1032 1483 in
1054 1449 1152 1482 fasti-

170 1503 265 1546 gium
289 1507 481 1540 venerunt,
515 1501 722 1534 metuendos
752 1511 823 1533 esse
849 1501 1013 1533 adversos
1041 1510 1152 1538 casus,
1176 1504 1179 1538 ζ

168 1552 373 1597 praesertim
394 1552 421 1584 si
445 1551 530 1585 fiant
553 1551 746 1593 segniores,
772 1557 811 1584 ut
835 1551 1028 1584 multorum
1051 1562 1152 1594 prae·
1176 1584 1178 1595 Ι

169 1603 462 1637 stantissimorum
488 1599 672 1634 hominum
693 1613 754 1635 sua
771 1602 941 1646 quaedam
958 1607 1039 1634 sunt
1057 1613 1152 1634 erra-

169 1661 220 1696 ta,
243 1665 330 1698 quae
349 1652 561 1685 comitantur
576 1664 720 1696 poenae,
746 1659 784 1686 ut
802 1651 966 1692 Aaronis‚
990 1650 1152 1685 Salomo-
1176 1648 1178 1660 ³

168 1704 241 1744 nis,
275 1701 400 1741 Osiae,
435 1701 558 1735 losiae.
616 1700 662 1734 Et
686 1702 933 1734 universaliter
958 1702 1033 1732 vult
1054 1702 1152 1732 Deus

169 1765 290 1788 omnes
311 1759 449 1787 sanctos
477 1763 662 1795 agnoscere
688 1751 924 1783 infirmitatem
949 1747 1152 1790 humanam,
1176 1748 1179 1776 i

170 1811 201 1838 et
216 1804 478 1847 obtemperare,
508 1814 586 1836 cum
605 1809 665 1836 aut
691 1801 891 1845 puniuntur
914 1807 1056 1844 propter
1079 1812 1153 1833 cer-

170 1861 222 1888 tos
251 1854 386 1898 lapsus,
419 1860 457 1886 ut
489 1851 622 1892 David,
665 1851 852 1892 Salomon,
894 1849 1000 1884 Osias
1028 1857 1060 1884 et
1091 1834 1180 1890 alii!

170 1904 288 1938 multi:
324 1902 397 1937 Ant
415 1903 582 1946 singulari
601 1903 747 1935 consilio
769 1902 839 1935 Dei
862 1908 1056 1935 onerantur
1074 1913 1154 1934 cru·
1176 1891 1180 1960 i

171 1966 207 1989 ce
226 1961 259 1988 et
277 1953 471 1993 aerumnis,
500 1954 588 1986 sicut
612 1953 779 1996 scriptum
803 1959 867 1985 est:
900 1951 1153 1986 Humiliamini

171 2006 235 2039 sub
253 2004 389 2049 potenti
408 2016 515 2036 manu
533 2002 609 2038 Dei.
665 2002 768 2037 Item:
797 2001 948 2047 Oportet
972 2014 1038 2036 nos
1055 2003 1153 2036 simi-

172 2056 220 2089 les
236 2055 311 2088 fieri
330 2054 491 2098 imaginis
508 2054 568 2087 filii
586 2054 666 2089 Dei.

272 2104 398 2139 Narrat
435 2111 549 2139 autem
585 2101 806 2148 Xenophon,
850 2102 982 2149 Cyrum
1019 2104 1154 2148 placide
1178 2124 1182 2156 ι

173 2162 352 2190 mortuum
368 2167 451 2196 esse,
479 2162 513 2189 et
527 2155 600 2188 eius
619 2155 812 2188 orationem
832 2155 962 2195 recitat,
988 2166 1057 2200 qua
1076 2162 1156 2189 ante
1179 2159 1182 2182 ί

418 104 627 143 SCRIPTA
652 102 728 138 PH.
755 99 870 136 MEL.
895 99 963 135 AD
991 99 1118 139 HIST.
1144 97 1288 136 PROF.
1315 97 1380 134 ET
1406 96 1599 138 PHILOS.
1625 98 1944 140 SPECTANTIA.

2112 103 2189 140 784

1205 184 1307 219 citate
1328 184 1366 217 in
1382 184 1487 218 rebus
1503 186 1664 229 gerendis
1678 186 1860 222 instruxit:
1887 194 2006 223 tamen
2023 186 2091 224 hoc
2105 190 2187 224 lon-

1205 247 1245 279 ge
1262 235 1374 268 maius
1395 235 1531 269 bonum
1552 237 1638 276 suit,
1665 239 1761 283 quod
1780 245 1899 283 pectus
1923 239 1996 272 eius
2019 241 2063 273 ad
2087 241 2188 284 agni-

1205 286 1337 321 tionem
1354 292 1388 319 et
1409 285 1667 321 invocationem
1684 289 1760 322 veri
1774 289 1841 324 Dei
1859 295 1893 323 et
1907 286 2057 323 Messiae
2079 290 2188 332 flexit,

1205 344 1238 371 et
1260 336 1333 370 eius
1358 336 1544 381 imperium
1576 338 1686 372 voluit
1715 351 1787 373 esse
1819 340 1970 374 salutare
1999 339 2188 375 Ecclesiae.

1204 386 1300 421 Haec
1322 393 1404 421 sunt
1427 399 1562 422 summa
1585 389 1677 422 hona
1701 390 1962 432 gubernatoris,
1989 391 2071 436 quia
2095 391 2189 435 poli-

1206 438 1274 472 tiae
1290 438 1419 471 debent
1435 449 1507 471 esse
1525 436 1678 484 hospitia
1693 438 1882 482 Ecclesiae,
1900 448 1934 475 et
1950 441 2187 476 ministerium

1204 486 1390 531 Evangelii
1405 495 1439 522 et
1453 489 1676 534 disciplinam
1692 491 1800 531 tueri,
1822 491 1917 525 iuxta
1938 492 2087 526 dictum:
2113 491 2187 526 Re-

1205 551 1262 583 ges
1297 545 1400 572 erunt
1431 540 1624 575 nutritores
1658 541 1722 575 tui.
1776 539 1823 576 Et
1861 541 2020 575 Psalmus
2055 542 2187 587 inquit:

1205 589 1349 634 Aperite
1384 596 1502 634 portas
1533 599 1566 626 et
1587 591 1770 636 Principes
1794 599 1945 634 vestras,
1980 592 2189 636 aperiamini

1205 647 1325 685 portae
1341 641 1477 677 mundi.

1306 689 1515 735 Optandum
1532 699 1649 727 autem
1663 699 1747 735 erat,
1773 694 1875 738 plura
1893 694 1936 726 de
1952 691 2045 739 Cyro
2062 693 2099 726 in
2117 691 2190 726 Da-

1204 741 1297 775 niele
1316 750 1451 784 extare,
1477 744 1537 777 sed
1562 744 1716 787 legamus
1738 751 1909 789 quantum
1928 744 2075 778 tradidit
2096 743 2191 777 anti-

1205 793 1338 837 quitas,
1364 800 1397 827 et
1420 794 1568 828 virtutes
1583 793 1668 840 Cyri
1691 795 1878 842 diligenter
1896 795 1933 828 in
1950 791 2189 838 Xenophonte
2225 821 2232 826 .

1205 845 1492 888 contemplemur.
1544 845 1726 891 Nusquam
1744 846 1907 879 irascitur
1927 846 1964 879 in
1982 852 2053 880 tota
2079 843 2191 878 histo-

1205 893 1276 935 ria,
1303 906 1375 927 non
1400 902 1507 929 certat
1538 896 1750 935 ambitione,
1777 896 1869 930 cedit
1893 895 2060 942 Cyaxari,
2085 895 2134 929 ait
2155 907 2191 928 se

1205 956 1279 977 non
1295 944 1402 978 effuse
1421 946 1585 979 laetatum
1602 958 1686 988 esse,
1715 944 2072 993 οὐδ”εὖᾳραίιέσθαι
2089 945 2192 980 ἐκπε-

1204 993 1407 1037 πταμένως.
1466 995 1659 1038 Diligentia
1689 1004 1785 1030 tanta
1809 998 1896 1038 fuit,
1931 1004 1970 1031 ut
1993 1009 2066 1030 non
2092 997 2192 1030 daret

1204 1044 1370 1076 mandata
1390 1044 1544 1085 incertis,
1571 1052 1610 1078 ut
1627 1046 1806 1088 negligens
1825 1047 2073 1090 paterfamilias
2087 1046 2189 1079 dicit:

1204 1092 1269 1126 Eat
1289 1093 1417 1137 aliquis
1432 1095 1476 1127 ad
1494 1106 1621 1138 aquam
1638 1096 1832 1128 serendam:
1859 1095 1970 1138 Ligna
1989 1096 2117 1140 aliquis
2133 1106 2189 1128 se-

1205 1149 1279 1176 cato
1292 1169 1301 1183 ,
1326 1144 1384 1176 sed
1403 1144 1614 1177 nominatim
1634 1145 1735 1179 certis
1753 1146 1915 1178 mandata
1934 1145 2048 1183 dedit,
2074 1151 2107 1178 et
2123 1157 2190 1177 no-

1205 1193 1300 1226 mina
1318 1194 1492 1229 meminit.
1544 1193 1647 1228 Iussit
1666 1195 1892 1239 praeconium
1911 1196 1985 1228 fieri
2012 1195 2049 1228 in
2075 1195 2191 1235 bellis,

1205 1250 1244 1277 ut
1271 1252 1472 1288 parceretur
1495 1245 1674 1287 agricolis,
1702 1252 1735 1279 et
1760 1258 1866 1290 quam
1888 1245 2076 1279 minimum
2103 1245 2191 1278 belli

1206 1302 1310 1335 esset,
1352 1292 1600 1341 σμικρότατον
1628 1298 1694 1343 τοῦ·
1716 1295 1878 1341 πολέμου
1909 1297 2035 1331 λιπεῖν.
2087 1295 2191 1329 Iubet

1204 1345 1252 1378 sic
1269 1346 1419 1387 vincere,
1447 1353 1485 1380 ut
1503 1357 1716 1390 possessores
1730 1354 1897 1381 maneant
1911 1347 1949 1380 in
1965 1347 2037 1381 suis
2054 1357 2190 1391 posses-

1204 1396 1376 1430 sionibus.
1428 1396 1593 1441 Reprimi
1618 1397 1694 1431 vult
1718 1405 1871 1433 armatos
1895 1395 2031 1439 hostes,
2058 1404 2092 1432 et
2116 1408 2190 1431 ser-

1205 1448 1280 1481 vari
1297 1449 1468 1493 populum
1486 1448 1580 1493 pacis
1599 1448 1775 1493 cupidam.

1533 1559 1600 1593 De
1625 1559 1861 1594 Ecclesia.

1306 1623 1407 1658 Anni
1429 1636 1532 1669 supra
1559 1636 1599 1657 ex
1616 1623 1716 1658 Mose
1738 1630 1771 1658 et
1793 1622 1950 1658 historiis
1975 1621 2191 1668 propheticis

1204 1676 1328 1708 ordine
1346 1677 1476 1717 sumpti
1494 1682 1585 1708 sunt.

1307 1724 1402 1756 Anni
1425 1725 1468 1756 ab
1496 1723 1598 1755 initio
1623 1725 1751 1756 mundi
1777 1735 1888 1768 usque
1914 1725 1957 1757 ad
1981 1724 2191 1758 destructio-

1204 1787 1284 1808 nem
1305 1773 1538 1819 Ierosolymae
1555 1769 1667 1807 3355.

1306 1831 1409 1866 Adde
1433 1832 1481 1867 70
1506 1831 1602 1865 exilii
1625 1829 1835 1876 Babylonici
1858 1824 2030 1876 usquead
2054 1840 2189 1877 captam

1205 1883 1426 1929 Babylonem
1451 1895 1471 1916 a
1486 1882 1597 1928 Cyro,
1623 1888 1658 1916 et
1673 1893 1784 1927 usque
1806 1882 1850 1914 ad
1876 1882 2028 1916 edictum
2043 1882 2127 1929 Cyri
2146 1886 2189 1918 de

1205 1934 1426 1968 restitutione
1448 1933 1588 1978 templi,
1615 1945 1710 1967 anno
1733 1932 1860 1966 mundi
1883 1930 1995 1968 3425.

1309 1992 1356 2028 L‘t
1371 2001 1484 2027 antem
1501 2004 1639 2037 semper
1654 1991 1691 2024 in
1708 1991 1796 2025 serie
1812 1998 2011 2036 temporum
2027 1993 2189 2027 conside-

1207 2045 1358 2079 randum
1374 2050 1442 2085 est,
1469 2054 1556 2089 quae
1574 2050 1605 2077 et
1624 2043 1685 2076 ubi
1702 2042 1807 2076 fuerit
1822 2040 1994 2084 Ecclesia,
2020 2056 2108 2088 quae
2126 2042 2189 2078 ha-

1207 2096 1323 2130 buerit
1348 2094 1567 2132 testimonia,
1600 2093 1773 2138 pericula,
1808 2093 2052 2134 liberationes,
2078 2102 2188 2129 certa-

1207 2147 1321 2180 mina:
1363 2146 1410 2180 ita
1444 2157 1540 2179 nunc
1575 2151 1732 2189 tempore
1767 2142 1993 2178 monarchiae
2027 2144 2188 2179 Persicae

176 2213 323 2239 mortem
346 2206 436 2239 filios
461 2204 623 2239 hortatur
640 2207 682 2238 ad
707 2206 881 2239 iusticiam
899 2212 931 2239 et
948 2206 991 2238 ad
1009 2218 1155 2239 concor-
1178 2184 1182 2242 l
1208 2199 1328 2232 0²³de
1348 2196 1601 2230 comidemndss
1619 2202 1711 2229 sum·
1762 2192 1904 2228 chm'n
1923 2202 1970 2228 ‘3⁵¹
1994 2202 2108 2228 amem
2127 2207 2186 2229 51]-

175 2255 278 2290 diam·
328 2254 373 2290 Et
389 2257 485 2290 addit
500 2256 868 2290 com1nem0rafionem
885 2257 927 2289 de
944 2256 1156 2290 immortali-
1178 2247 1182 2270 l
1208 2261 1287 2294 pra,
1314 2248 1420 2281 fuisse
1446 2245 1638 2281 Ecclesiam
1659 2245 1762 2279 annis
1788 2244 1836 2278 70
1859 2246 1894 2278 in
1919 2245 2023 2278 exilio
2040 2252 2069 2278 ei
2095 2246 2186 2280 lriSll

175 2312 244 2340 tate
268 2306 421 2346 animae,
448 2314 480 2341 et
501 2308 543 2340 de
567 2307 730 2350 praemiis
755 2314 787 2340 et
812 2307 934 2351 poenis
955 2308 1155 2352 sequuturis
1179 2288 1182 2321 ξ
1207 2300 1373 2333 servitute
1390 2298 1426 2330 in
1444 2295 1639 2336 Chaldaea,
1665 2297 1703 2329 in
1721 2308 1788 2342 qua
1807 2303 1920 2329 tamen
1939 2295 2031 2328 Deus
2049 2297 2189 2331 ornavit

176 2362 255 2400 post
279 2353 369 2388 hanc
383 2357 501 2392 vitam.
554 2357 605 2390 Ac
628 2358 750 2390 iudicii
774 2358 888 2390 divini
911 2365 944 2392 et
965 2358 1102 2400 signum
1124 2365 1156 2392 et
1208 2362 1282 2384 eam
1301 2349 1497 2384 illustribus
1514 2347 1722 2382 testimoniis
1740 2354 1773 2380 et
1795 2345 1925 2388 ingenti
1943 2346 2070 2388 gloiia,
2097 2347 2188 2381 libe—

177 2406 416 2440 testimonium
432 2418 502 2439 esse
518 2407 676 2448 affirmat,
700 2406 894 2442 horrendos
912 2420 1057 2452 pavores
1071 2420 1157 2442 con·
1207 2401 1344 2435 ratione
1366 2400 1524 2433 Virorum
1550 2399 1678 2439 trium,
1712 2397 1772 2443 (1¹¹i
1797 2397 1833 2428 5¹¹
1858 2396 2015 2430 flammas
2037 2397 2186 2432 coniecti

177 2456 352 2496 scientiae,
374 2457 432 2500 qni
452 2464 532 2490 sunt
551 2458 704 2491 vindices
722 2459 904 2500 scelerum,
927 2459 1063 2492 etiamsi
1079 2460 1157 2504 quis
1207 2453 1356 2491 fuerant,
1373 2458 1406 2484 et
1421 2450 1499 2484 aliis
1515 2449 1707 2483 miraculis.
1731 2445 1783 2480 Ac
1800 2457 1920 2479 recens
1935 2453 2014 2481 ante
2028 2448 2185 2482 edictum

179 2504 330 2540 humana
348 2506 477 2539 iudicia
495 2507 663 2550 effugerit,
1180 2505 1182 2513 '
1207 2502 1292 2548 Cyri
1311 2501 1438 2536 Daniel
1453 2503 1546 2534 inter
1569 2500 1687 2533 leones
1710 2503 1866 2531 servatus
1881 2504 1942 2532 est.

280 2555 357 2590 Etsi
384 2563 497 2590 autem
521 2568 685 2600 magnum
712 2560 816 2593 decus
842 2566 909 2600 est,
943 2561 1039 2605 quod
1058 2560 1156 2594 Deus
1179 2518 1184 2608 Ι
1308 2559 1412 2593 Nunc
1427 2558 1614 2592 laetissima
1627 2554 1784 2589 reductio
1800 2555 1837 2588 in
1855 2554 2001 2599 patriam
2017 2556 2187 2601 sequitur.

178 2606 309 2652 Cyrum
328 2607 369 2639 ad
387 2606 524 2649 imperii
543 2607 718 2650 fastigium
735 2610 882 2650 vocavit,
909 2617 941 2643 et
957 2610 1156 2655 prudentia,
1179 2611 1183 2651 l
1210 2609 1423 2655 Quanquam
1458 2615 1573 2642 autem
1608 2612 1826 2639 accesserunt
1858 2606 1987 2639 multae
2014 2606 2185 2648 miseriae,

175 2658 331 2697 iusticia,
365 2657 571 2691 fortitudine
599 2664 631 2691 et
655 2658 732 2691 aliis
760 2659 967 2701 virtutibus,
995 2668 1028 2695 et
1051 2661 1153 2694 foeli-
1177 2656 1182 2692 i
1209 2668 1323 2695 tamen
1349 2657 1551 2694 monarchia
1578 2656 1715 2690 Persica
1746 2667 1856 2702 usque
1884 2657 1928 2690 ad
1953 2654 2020 2690 hoc
2050 2664 2185 2701 tempus
