2324 2955
135 90 208 128 921
686 92 713 128 1·

767 93 1059 132 CHRONICON
1091 92 1338 131 CARIONIS.
1393 95 1518 135 PARS
1545 99 1591 137 11.

2089 118 2160 154 922

189 175 297 212 Anno
322 176 448 210 mundi
469 182 593 223 quater
616 176 822 221 millesimo,
848 180 1122 227 [quadragesimo
1175 179 1342 214 dacorum
1366 184 1538 219 tumultus
1561 187 1718 231 asperior
1735 187 1947 229 Christianis
1971 197 2081 233 factus
2098 211 2159 242 est,

370 228 484 262 uinto·

186 275 293 311 Anno
312 241 446 312 Rtgmae
462 277 772 322 octingentesimo,
799 280 975 316 tricesimo
994 281 1110 316 tertio.

185 327 293 362 Anno
311 326 442 362 Christi
460 330 693 372 octuagesimo
710 331 825 367 tertio.

462 400 785 442 Domitianus,

231 477 479 513 Domitianus
501 480 663 514 successit
684 481 797 516 fratri.
850 480 983 515 Tenuit
1006 481 1117 527 impe-

131 529 223 563 rium
249 541 361 563 annos
382 530 602 575 quindecim,
629 531 811 565 dissimilis
836 532 928 576 patri
952 539 983 566 et
1004 533 1117 573 fratri,

130 580 301 622 crudelis,
334 581 545 619 occultator,
577 581 759 623 diffidens,
792 582 969 627 suspicax,
1004 589 1038 617 et
1059 583 1115 616 in-

130 630 292 671 sidiator,
316 631 488 664 obscenus
505 636 538 663 et
556 642 674 675 rapax.

228 679 427 714 Domitiani
452 687 609 725 tempore
633 681 765 715 bellum
789 682 956 715 adversus
979 679 1114 716 Roma-

127 741 192 764 nos
209 737 344 765 motum
364 737 414 764 est
428 729 660 773 aDecebal0‚
688 732 748 777 qui
765 730 910 765 Daciam
929 739 963 765 et
979 733 1113 766 vicinas

125 781 285 824 regiones
310 781 423 815 tenuit
444 783 488 815 ad
508 781 648 818 Istrum.
700 781 772 816 Nec
795 782 943 816 dubium
963 790 1012 816 est
1029 790 1112 817 tunc

123 829 290 865 Daciam
305 831 433 866 dictam
449 844 521 865 esse
532 860 541 873 ‚
569 845 658 878 quae
674 844 769 866 nunc
785 840 835 867 est
850 833 977 877 partim
994 832 1110 867 Tran-

124 882 299 928 sylvania,
326 883 454 926 partim
474 881 680 917 NValachia.

226 932 348 968 Virtus
365 931 530 966 Decebali
552 945 570 965 a
589 932 706 965 Dione
729 930 785 966 his
803 933 918 965 verbis
937 933 1109 977 descripta

125 989 190 1016 est:
223 980 352 1021 Δεινὸς
373 980 444 1026 μὲν
468 983 633 1017 συνεῖναι
655 980 826 1026 πολέμιαι
857 980 977 1021 δεινὸς
993 996 1031 1017 τε
1047 982 1110 1018 καὶ

122 1028 256 1077 πρᾶξαι
266 1045 275 1063 .·
303 1031 472 1066 ἐπελθεῖν
492 1031 684 1076 εὖστοχοςε
713 1029 950 1078 ἀναχωρῆσαι
969 1031 1110 1079 καίριος
1134 1074 1136 1076 ,

122 1079 272 1128 ἐνέδρας
306 1079 489 1126 τεχνίτης,
529 1079 650 1126 μάχης
685 1079 859 1129 ἐργάτης,
897 1080 960 1116 καὶ
989 1083 1135 1132 καλῶςζ

120 1130 191 1176 μὲν
214 1130 298 1176 νίκη
314 1129 552 1178 χρήσασθαι,
592 1134 713 1171 κακῶς
737 1130 777 1167 δὲ
803 1131 866 1167 καὶ
888 1131 1004 1179 η’τταν
1028 1131 1108 1169 deoc-
1134 1154 1135 1159 =

1133 1192 1134 1200 ¹
1161 1184 1299 1217 cessisse
1316 1197 1411 1219 anno
1429 1194 1554 1232 quarto
1565 1189 1729 1233 Traiani,
1757 1193 1864 1229 Anno
1882 1196 2014 1233 Christi
2031 1211 2147 1238 cente-

120 1179 231 1217 ὃύναι
247 1180 363 1221 εἴδως.

224 1232 340 1266 Tanta
365 1232 477 1266 virtus
493 1244 572 1265 cum
590 1233 698 1267 suerit
713 1231 897 1275 Decebali,
923 1233 1107 1269 Romanos

120 1283 275 1317 exercuit
297 1294 409 1316 annos
433 1282 571 1316 circiter
592 1284 762 1325 sedecim,
789 1290 822 1317 et
846 1284 903 1317 vix
926 1286 1068 1318 tandem
1088 1297 1107 1319 a

120 1332 278 1367 Traiano
309 1333 520 1376 imperatore
541 1333 653 1367 victus
677 1340 745 1374 est,
780 1340 819 1367 ut
843 1334 934 1367 infra
958 1335 1105 1370 dicetur.

100 1380 195 1418 >Etsi
217 1390 334 1417 autem
350 1381 575 1417 Domitianus
599 1384 766 1417 adversus
784 1396 863 1417 eum
881 1386 1031 1430 suscepit
1048 1398 1106 1419 ex-

117 1434 352 1479 peditionem,
386 1440 503 1467 tamen
536 1445 610 1466 non
641 1434 783 1468 accessit
805 1435 848 1467 ad
874 1433 1012 1476 hostes,
1045 1437 1105 1469 sed

118 1485 257 1519 abdidit
281 1495 317 1517 se
338 1484 376 1516 in
400 1484 509 1517 lustra
530 1484 742 1525 libidinum,
769 1491 802 1518 et
824 1486 955 1520 multos
973 1486 1105 1520 amicos

116 1534 268 1568 interfici
291 1534 401 1568 iussit.
454 1532 613 1578 Cumque
630 1532 669 1569 C.
686 1533 818 1568 Fuscus
842 1536 967 1569 missus
982 1543 1103 1570 contra

116 1583 333 1619 Decebalum
356 1595 434 1617 cum
458 1584 657 1628 legionibus
682 1584 876 1619 trucidatus
902 1592 1008 1625 esset,
1043 1599 1103 1631 pe-

116 1636 220 1670 cunia
253 1646 371 1678 pacem
404 1634 504 1672 emit,
537 1646 576 1667 ac
605 1634 711 1667 rediit
738 1633 1038 1679 triumphaturus,
1071 1644 1103 1670 et

116 1685 244 1730 passim
261 1681 428 1727 trophaea
445 1683 610 1717 victoriae
626 1684 821 1719 collocavit.
859 1685 987 1720 Poetae
998 1686 1102 1720 etiam

116 1736 200 1781 quia
222 1733 336 1768 videri
359 1745 432 1766 non
457 1733 554 1766 rudis
579 1733 733 1776 poeticae
755 1735 889 1776 voluit,
915 1736 1003 1770 fictis
1025 1737 1102 1770 lau-

115 1787 221 1820 dibus
245 1791 418 1829 utranque
443 1783 721 1827 expeditionem,
756 1784 912 1828 priorem
936 1787 1102 1820 adversus

114 1835 251 1876 Cattos,
284 1841 317 1869 et
347 1833 575 1879 posteriorem
599 1839 723 1867 contra
747 1831 880 1876 Dacos,
913 1836 1101 1879 celebrant,

113 1893 152 1922 ut
167 1886 299 1922 Statius
316 1884 448 1931 inquit:

256 1947 265 1955 ·
580 1935 675 1966 Frena
690 1943 839 1967 tenentem

266 1989 406 2027 Rhenus,
434 1994 463 2018 et
477 1988 595 2017 attoniti
609 1988 683 2017 vidit
699 1989 805 2017 domus
819 1988 910 2018 ardun
924 1986 1011 2022 Daci.

115 2038 219 2074 Item:
273 2039 310 2070 Et
327 2042 481 2069 coniurato
498 2039 625 2068 deiectos
642 2040 749 2068 vertice
766 2037 874 2069 Dacos.

213 2087 283 2123 Sed
316 2089 359 2121 de
389 2086 611 2131 expeditione
643 2086 681 2118 in
711 2085 941 2119 Germaniam
975 2093 1096 2121 contra

112 2140 231 2176 Cattos
247 2137 343 2173 Dion
368 2138 500 2182 inquit:
528 2136 708 2170 Profectus
724 2137 761 2169 in
779 2135 1024 2179 Germaniam,
1051 2150 1096 2171 ne

109 2191 252 2238 quidem
279 2188 472 2231 conspectis
496 2185 653 2221 hostibus
674 2187 788 2220 rediit.
839 2186 960 2221 Cattos
978 2195 1094 2222 autem

108 2238 431 2277 tenuisseHassiam
448 2244 481 2272 et
499 2237 631 2271 vicinas
648 2237 783 2282 aliquas
801 2238 970 2281 regiones,
989 2239 1093 2272 vesti-

110 2293 165 2337 gia
194 2297 352 2325 veterum
376 2288 652 2333 appellationum
678 2288 853 2329 indicant,
885 2287 1037 2323 Cassella
1061 2296 1093 2323 et

109 2341 423 2384 Cattenelnbogen.
490 2337 536 2372 Et
565 2338 741 2371 Traianus
773 2346 892 2383 postca
925 2351 1003 2372 cum
1034 2351 1092 2373 eos

109 2397 361 2436 compesceret,
387 2390 423 2423 in
440 2389 564 2423 vicinis
582 2389 666 2422 locis
683 2389 870 2423 exercitum
889 2387 1032 2431 habuit,
1059 2397 1091 2424 et

107 2446 147 2479 in
169 2444 257 2478 urbe
274 2440 422 2475 Colonia
437 2439 633 2484 Agrippina
651 2439 805 2483 primum
825 2440 956 2484 accepit
972 2442 1091 2474 decre-

107 2503 183 2531 tum
201 2494 244 2527 de
261 2491 476 2526 successione
493 2492 529 2524 in
548 2491 705 2534 imperio.

209 2542 376 2578 Exercuit
392 2548 507 2575 autem
522 2540 747 2575 Domitianus
765 2540 994 2583 multiplicem
1011 2553 1091 2574 cru-

109 2596 297 2631 delitatem.
357 2591 559 2626 Trucidavit
592 2592 721 2624 multos
752 2588 988 2629 Christianos,
1030 2592 1089 2625 Iu-

111 2648 216 2682 daeos
233 2651 264 2678 et
276 2641 457 2678 Ethnicos.

162 2699 338 2731 Mummi.
364 2696 466 2728 Orru.
494 2694 574 2726 Vei..
591 2693 666 2726 XII.

510 2641 679 2675 Fortassis
696 2648 809 2676 autem
826 2648 857 2675 ct
874 2648 1015 2686 propter
1032 2642 1088 2677 Iu-
1112 2659 1116 2687 χ
1142 2649 1212 2676 stac
1224 2669 1232 2684 ,
1266 2643 1563 2679 Stenclxcscldiani
1575 2674 1583 2685 ‚
1617 2655 1679 2684 etc,

1174 242 1261 275 quos
1286 232 1412 275 passim
1437 234 1585 270 interfici
1610 237 1719 274 iussit.
1773 240 1869 277 Haec
1885 254 1963 289 post
1981 248 2157 286 Neronem

1173 281 1330 323 proxima
1354 287 1577 330 persequutio
1603 288 1640 320 in
1657 287 1874 327 Christianos
1896 308 2076 334 numerata
2095 311 2142 337 est

1171 330 1208 362 in
1240 344 1307 376 qua
1339 340 1371 367 et
1399 332 1589 370 Iohannes
1620 336 1888 385 Evangelisla,
1931 359 2008 381 curn
2034 329 2156 386 Eccle:

1170 381 1256 413 siam
1275 380 1489 426 Ephesinam
1508 388 1663 428 doceret,
1689 391 1860 436 relegatus
1878 404 1927 430 est
1944 398 1979 431 in
2001 400 2152 437 insulam

1170 429 1358 469 Pathmon.

1270 481 1362 516 Cum
1389 491 1504 518 autem
1527 485 1682 523 Domitia
1706 492 1858 527 coniunx
1885 499 2067 540 reperisset
2097 516 2153 537 ca-

1168 531 1321 588 talogum
1354 534 1698 579 interficiendorum,
1738 542 1905 587 scriptum
1939 547 1975 580 in
2008 554 2152 595 pagella,

1167 594 1204 614 1n
1229 595 1300 627 quo
1324 591 1357 618 et
1381 585 1491 628 ipsius
1513 594 1546 621 et
1569 590 1762 624 multorum
1786 595 1979 630 amicorum
1997 607 2027 632 et
2045 602 2152 637 liber-

1166 638 1282 666 torum
1308 635 1452 668 nomina
1470 645 1585 671 erant:
1614 651 1651 672 re
1668 641 1859 677 deliberata
1877 658 1955 679 cum
1975 649 2063 691 illis,
2090 652 2152 686 Li-

1166 683 1255 718 berti
1273 682 1515 719 Domitianum
1536 688 1796 726 interfecerunt.
1849 694 1918 728 Sed
1936 699 2037 732 amici
2055 703 2151 744 prius

1165 744 1243 766 cum
1261 731 1387 768 Aversa
1408 745 1573 779 egerunt,
1608 747 1646 773 ut
1669 741 1855 785 imperium
1884 746 1945 780 illo
1971 748 2149 788 interfecto

1164 785 1351 829 reciperet,
1378 798 1421 819 ne
1439 787 1568 822 milites
1584 791 1794 826 seditionem
1812 806 2004 835 moverent.

1289 866 1360 903 De
1396 871 1617 908 Ecclesia
1651 877 1754 910 eius
1787 881 2026 924 temporis.

1264 932 1463 969 Domitiani
1488 944 1644 983 tempore
1666 946 1866 986 superstites
1890 948 2032 986 suerunt
2057 954 2093 986 in
2111 967 2149 988 ea

1135 989 1137 997 ⁴
1162 989 1259 1027 parte
1283 985 1379 1017 orbis
1405 992 1597 1030 terrarum,
1624 1003 1712 1035 quae
1736 996 1837 1028 nobis
1857 1007 1998 1042 propter
2015 1001 2149 1038 Roma-

1162 1045 1246 1066 num
1265 1034 1451 1078 imperium
1467 1045 1548 1071 nota
1565 1047 1632 1080 est,
1660 1039 1852 1077 Iohannes
1869 1049 2017 1092 scriptor
2028 1051 2148 1086 Evan-

1160 1084 1259 1126 gelii,
1288 1085 1349 1128 qui
1374 1093 1452 1129 post
1475 1091 1766 1125 resurrectionem
1782 1093 1913 1130 Christi
1933 1100 2017 1133 vixit
2037 1114 2148 1138 annos

1161 1135 1378 1178 septuaginta
1397 1137 1497 1173 duos.
1549 1138 1690 1174 Dicitur
1707 1144 1820 1185 enim,
1853 1159 1892 1180 ex
1912 1145 1975 1182 hac
1994 1152 2061 1185 vita
2087 1156 2147 1187 de-

1159 1233 1247 1268 simo
1263 1237 1432 1277 secundo,
1460 1250 1554 1273 anno
1571 1243 1691 1275 aetatis
1707 1255 1790 1277 suae
1807 1250 2017 1290 octogesimo
2037 1265 2143 1289 nono.

1260 1282 1408 1319 Simeon
1431 1288 1524 1322 filius
1550 1289 1721 1335 Cleopae,
1748 1293 1944 1342 Episcopus
1970 1299 2145 1343 lerosoly-

1158 1346 1255 1376 mae,
1283 1335 1487 1372 interfectus
1510 1346 1665 1383 tempore
1682 1342 1846 1386 Traiani,
1873 1361 1952 1382 cum
1976 1345 2145 1396 attigisset

1157 1396 1291 1418 annum
1308 1388 1537 1422 centesimum
1554 1390 1769 1427 vicesimum.

1258 1433 1436 1480 Ignalius
1449 1437 1643 1484 Episcopus
1652 1441 1881 1488 Antiochiae,
1908 1451 1968 1494 qui
1985 1454 2144 1490 adfirmat

1157 1496 1192 1518 se
1207 1483 1388 1520 Christum
1407 1496 1486 1532 post
1504 1493 1793 1527 resurrectionem
1814 1497 1952 1535 vidisse.

1258 1532 1425 1571 Clemens
1435 1537 1631 1584 Episcopus
1645 1544 1742 1577 urbis
1753 1544 1900 1587 Rornae,
1929 1551 2026 1585 cuius
2044 1566 2143 1588 men-

1157 1586 1288 1619 tionem
1313 1588 1394 1622 fecit
1419 1588 1550 1624 Paulus
1574 1592 1610 1624 in
1634 1591 1793 1636 Epistola
1818 1599 1859 1630 ad
1884 1597 2143 1646 Philippenses,

1155 1633 1201 1669 Et
1227 1634 1285 1669 hic
1309 1637 1457 1671 Traiani
1481 1647 1636 1685 tempore
1655 1642 1851 1687 Epistolam
1875 1650 1917 1681 ad
1938 1650 2140 1690 Corinthios

1155 1686 1311 1729 scripsit,
1347 1700 1452 1732 quam
1479 1691 1542 1723 diu
1573 1690 1729 1727 Ecclesia
1751 1695 2018 1736 Corinthiorum
2052 1719 2142 1749 quo-

1154 1736 1271 1769 tannis
1288 1737 1442 1781 relegere
1460 1741 1560 1774 solita
1579 1749 1638 1778 est.

1255 1784 1366 1821 Titus
1395 1789 1433 1821 in
1462 1789 1587 1832 Creta,
1618 1794 1679 1838 qui
1710 1795 1826 1839 attigit
1856 1810 1988 1834 annum
2021 1808 2141 1840 aetatis

1153 1847 1235 1869 suae
1251 1839 1516 1879 nonagesimum
1533 1850 1708 1886 quartum.
1756 1844 1802 1880 Et
1820 1845 1874 1882 his
1890 1852 2046 1887 adiuncti
2065 1856 2140 1890 sue-

1152 1893 1236 1920 runt
1258 1888 1360 1920 multi
1385 1900 1506 1923 eorum
1530 1893 1724 1933 auditores,
1759 1897 1820 1940 qui
1846 1911 1924 1933 cum
1948 1903 1997 1936 eis
2023 1905 2139 1940 incor-

1152 1943 1291 1980 ruptam
1312 1937 1496 1981 Evangelii
1515 1942 1711 1977 doctrinam
1731 1946 1963 1984 retinuerunt.

1251 1982 1481 2035 Polycarpus
1510 1993 1652 2026 auditor
1683 1993 1870 2039 Iohannis,
1917 2013 2037 2045 passus
2071 2009 2136 2040 sub

1150 2035 1274 2070 Marco
1299 2038 1483 2074 Antonino
1508 2040 1744 2088 philosopho,
1771 2054 1804 2080 et
1831 2048 1922 2083 vero
1943 2051 2032 2097 lmp.
2086 2057 2134 2091 lli

1149 2093 1181 2119 et
1204 2087 1336 2121 similes
1356 2091 1458 2124 inulti
1470 2116 1480 2130 ‚
1507 2099 1541 2125 et
1558 2095 1735 2130 auditores
1749 2109 1828 2131 cum
1845 2101 1893 2133 eis
1909 2107 2133 2141 consentien-

1147 2143 1217 2178 tes,
1252 2138 1395 2174 fuerunt
1421 2153 1501 2175 vera
1523 2142 1589 2176 Dei
1612 2142 1779 2183 Ecclesia.
1837 2149 1884 2184 Et
1910 2149 1946 2184 hi
1973 2156 2132 2192 doctores

1148 2200 1235 2232 qnos
1260 2190 1460 2232 nominavi,
1489 2200 1590 2226 testes
1609 2202 1643 2229 et
1658 2198 1852 2234 adsertores
1869 2202 2011 2239 suerunt
2030 2220 2130 2243 verae

1146 2245 1179 2272 et
1195 2238 1417 2283 incorruptae
1435 2243 1626 2281 doctrinae.

1247 2290 1360 2323 Simul
1384 2299 1499 2326 autem
1526 2295 1586 2326 illo
1610 2302 1766 2341 tempore
1790 2297 1978 2337 horribiles
2003 2310 2128 2343 consu-

1145 2339 1261 2372 siones
1290 2341 1443 2375 fuerunt.
1510 2342 1654 2379 Ethnici
1684 2355 1717 2381 et
1742 2348 1862 2384 Iudaei
1887 2355 2000 2396 palam
2027 2369 2124 2394 erant

1144 2388 1260 2423 hostes
1278 2391 1340 2423 filii
1361 2390 1437 2428 Dei.
1489 2392 1626 2428 Deinde
1649 2398 1715 2431 alia
1741 2412 1869 2443 organa
1889 2403 2123 2443 Diabolornm

1145 2447 1250 2475 tetros
1284 2442 1418 2475 furores
1451 2454 1664 2487 sparserunt.
1731 2448 1781 2484 lta
1814 2454 1943 2488 multos
1968 2459 2124 2494 diversos

1143 2489 1259 2524 hostes
1275 2491 1429 2526 Ecclesia
1452 2492 1585 2528 habuit.
1626 2497 1723 2532 Sicut
1741 2512 1835 2535 nunc
1852 2516 1922 2538 non
1939 2509 2003 2541 soli
2016 2509 2122 2543 Τιιιϊί

1142 2549 1173 2575 et
1190 2540 1349 2585 Papistae
1371 2551 1451 2577 sunt
1470 2543 1585 2578 hostes
1603 2559 1703 2582 verae
1721 2548 1913 2593 Ecclesiae,
1942 2560 1999 2590 scd
2019 2561 2118 2593 etiam

1143 2592 1244 2625 inulti
1277 2592 1416 2626 fanatici
1450 2592 1626 2637 homines,
1666 2598 1934 2646 Anahaptistae,
1969 2608 2121 2644 Seru-ti-

1742 2651 1890 2687 l‘lurivni
1917 2665 2029 2690 auton}
2059 2661 2121 2692 iin-

1565 2696 1613 2732 59
