2324 2955
127 110 202 145 745
730 157 736 162 ,
838 108 863 143 1·

122 205 274 239 quorum
293 193 328 226 sit
349 193 481 227 mentio
498 193 532 225 in
550 189 753 236 prophetica
771 189 934 235 historia,
964 205 1117 239 quorum
1144 197 1148 212 ¹
1173 205 1239 237 que
1257 197 1429 228 mundum
1442 225 1450 238 ,
1478 206 1510 232 et
1531 203 1734 237 nominatur
1749 203 1905 240 ,Ueli-la
1918 207 1981 242 ize
1995 208 2071 242 drlc

122 245 245 278 seriem
265 245 302 276 in
319 250 508 288 conspectu
525 241 652 277 habere
671 243 757 276 utile
775 251 835 279 est.

218 333 277 365 De
300 333 529 373 Abraham,
559 334 665 365 etde
688 332 1019 365 circumcisione.

221 395 268 430 Ut
292 395 564 438 patefactionum
592 395 795 428 divinarum
821 396 941 435 series,
984 402 1017 428 et
1041 401 1113 429 tota

120 445 266 480 historia
292 443 469 478 Ecclesiae
495 447 714 489 conspectior
737 453 841 485 esset,
875 445 970 478 Deus
992 446 1113 488 singu-

117 497 180 529 lari
200 495 346 529 consilio
366 493 587 529 monarchias
606 502 638 528 et
657 495 830 537 instituit,
864 503 897 530 et
913 503 1014 530 notas
1039 507 1110 529 esse

115 547 238 580 voluit.
291 546 411 588 Quare
428 554 612 590 postquam
640 546 835 589 catalogum
864 558 985 589 regum
1002 544 1110 580 Chal-

114 598 284 630 daeorum
301 603 334 630 et
353 595 578 641 Assyriorum
604 597 758 630 breviter
781 597 957 639 recensui,
986 608 1107 630 rursus

114 648 290 686 dicamus,
318 658 406 692 quae
423 654 455 680 et
469 646 531 680 ubi
549 647 655 680 suerit
671 645 841 683 Ecclesia.
894 646 1034 680 Dictum
1057 654 1107 680 est

114 705 248 738 autem,
289 695 454 730 Abrahae
485 696 732 739 migrationem
756 698 793 730 in
816 705 943 731 terram
961 696 1105 730 Canaan

113 749 270 781 incidere
295 747 333 780 in
356 754 513 790 tempora
534 747 598 780 filii
616 748 884 788 Semiramfflos,
919 747 1000 792 quia
1022 754 1105 780 tunc

112 799 177 831 sub
193 809 272 841 rege
289 797 416 841 ignavo
433 804 466 831 et
490 798 599 842 impio
625 805 809 832 creverunt
830 805 862 831 et
883 799 1047 832 tenebrae
1072 804 1104 831 et

111 849 270 894 tyrannis
287 855 408 881 contra
429 848 515 892 pios.
569 847 622 882 Ac
643 846 787 882 historia
812 848 1104 893 peregrinationis

111 899 246 942 legatur
277 899 315 931 in
341 898 453 934 Mose.
521 898 593 932 Nos
624 899 777 932 breviter
807 906 965 943 tempora
989 911 1104 932 anno-

111 956 240 983 tamus.

212 1000 320 1034 Anno
345 998 471 1032 mundi
492 998 546 1032 bis
575 998 764 1030 millesimo
798 998 964 1031 vicesimo
999 998 1102 1032 tertio

110 1047 292 1082 Abraham
320 1061 359 1081 ex
383 1048 525 1088 Haran,
565 1048 747 1081 notissima
771 1049 859 1081 urbe
883 1050 920 1081 in
945 1047 1102 1082 historiis

110 1099 167 1144 (in
193 1099 321 1144 quibus
347 1099 552 1132 nominatur
576 1094 761 1131 Charra
773 1110 804 1138 e,
840 1106 874 1132 et
899 1099 1028 1132 factum
1054 1106 1101 1132 est

109 1161 242 1182 nomen
258 1149 302 1181 ab
321 1146 434 1192 aestu)
453 1147 603 1180 venitin
619 1155 747 1182 terram
760 1148 921 1189 Canaan,
949 1149 1010 1181 ubi
1030 1150 1102 1192 pri-

110 1211 208 1233 mum
225 1199 299 1232 eius
314 1198 534 1231 domicilium
553 1198 619 1232 suit
636 1198 673 1230 in
688 1196 846 1239 Sichem,
880 1211 968 1244 quae
986 1199 1100 1231 vicina

109 1250 177 1283 suit
199 1249 253 1282 illi
276 1249 372 1287 loco,
407 1249 470 1282 ubi
494 1254 612 1292 postea
636 1248 794 1281 Samaria
820 1249 906 1287 snit,
941 1256 973 1282 et
997 1250 1102 1282 uber-

112 1300 201 1333 rima
221 1299 316 1342 regio
334 1305 383 1332 est
400 1305 511 1332 terrae
526 1298 732 1332 Palestinae.
787 1298 839 1332 Ac
865 1306 949 1332 tunc
966 1298 1100 1333 Abram

111 1357 185 1384 erat
225 1361 400 1383 annorum
443 1349 661 1392 septuaginta
696 1350 866 1394 quinque.
943 1350 1029 1383 lnde
1064 1351 1099 1382 in

110 1401 308 1446 Aegyptum
332 1406 476 1444 propter
499 1400 625 1432 samem
650 1401 825 1443 profectus
850 1408 919 1441 cst,
960 1413 998 1433 ac
1024 1407 1103 1445 post

110 1451 247 1495 aliquot
262 1461 373 1483 annos
392 1450 507 1482 rediit.

212 1498 319 1533 Anno
338 1497 501 1533 Abrahae
518 1499 745 1541 nonagesimo
762 1512 857 1533 nono
878 1500 1035 1533 instituta
1053 1506 1102 1533 est

110 1551 339 1588 circumcisio,
367 1562 446 1583 cum
462 1550 531 1582 iarn
548 1550 733 1594 aliquoties
752 1551 897 1594 repetita
916 1557 1002 1583 esset
1021 1562 1102 1593 pro-

111 1601 230 1633 missio
247 1601 288 1633 de
304 1606 453 1633 venturo
472 1600 622 1640 semine,
649 1607 793 1644 propter
808 1602 903 1644 quod
921 1600 1016 1633 Deus
1034 1601 1102 1633 tol-

111 1652 151 1684 lit
178 1657 356 1694 peccatum
381 1657 415 1684 et
435 1657 601 1691 mortem,
641 1656 674 1683 et
695 1651 849 1684 restituit
870 1651 1043 1684 iusticiam
1069 1657 1103 1683 et

111 1702 218 1734 witam
254 1707 441 1734 aeternam.
503 1699 555 1733 Ac
588 1707 672 1733 tunc
706 1713 798 1733 novo
833 1707 866 1733 et
899 1700 1102 1732 admirabili

110 1753 232 1791 siguo,
266 1751 429 1783 videlicet
454 1748 829 1788 ct'rcumcisionc‚
863 1751 1026 1783 distincta
1051 1756 1102 1783 est

111 1799 275 1835 Abrahae
291 1800 474 1844 posteritas
489 1812 507 1832 a
524 1799 667 1832 caeteris
684 1800 856 1842 gentibus,
881 1807 913 1833 et
931 1800 1102 1844 promissa

111 1858 162 1886 est
179 1852 210 1884 ei
226 1858 319 1884 certa
335 1851 450 1891 sedes,
478 1857 510 1883 et
529 1850 706 1882 decretum
725 1857 794 1890 est,
827 1850 865 1882 in
889 1861 929 1883 ea
952 1850 1101 1894 posteri-

110 1909 180 1937 tate
196 1913 332 1946 semper
349 1901 424 1934 sore
441 1899 633 1934 Ecclesiam
650 1898 734 1941 Dei,
764 1901 875 1933 donec
900 1907 1102 1933 nasceretur

112 1952 270 1986 Messias.
335 1950 427 1984 Fore
460 1951 564 1984 etiam
587 1951 744 1983 membra
768 1950 944 1984 Ecclesiae
969 1961 1101 1990 omnes,

113 2003 175 2048 qui
191 2002 387 2036 doctrinam
406 2002 479 2035 eius
497 2001 617 2045 populi
635 2001 939 2045 amplecterentur,
968 2001 1101 2034 etiamsi

114 2054 221 2086 ritum
240 2052 518 2086 circumcisionis
537 2063 607 2083 non
625 2058 842 2085 assumerent
860 2052 924 2092 illi,
952 2052 1101 2096 quinon

114 2110 215 2137 erant
240 2103 314 2137 nati
338 2115 377 2135 ex
400 2103 532 2136 semine
553 2099 727 2136 Abrahae.
791 2102 849 2136 Sic
873 2103 986 2135 voluit
1007 2101 1102 2134 Deus

112 2162 206 2188 certo
223 2154 303 2187 sciri
315 2180 324 2194 ,
350 2165 438 2198 quae
456 2160 486 2187 et
506 2152 566 2185 ubi
583 2159 670 2185 esset
685 2150 839 2186 Ecclesia
850 2151 915 2186 Dei
928 2180 936 2192 ,
964 2159 997 2186 et
1015 2165 1100 2185 con-

113 2205 201 2249 spici
223 2205 410 2238 discrimen
436 2202 613 2237 Ecclesiae
636 2214 654 2235 a
679 2204 820 2236 caeteris
842 2204 1027 2246 gentibus,
1063 2215 1101 2236 ac

114 2255 282 2298 intelligi,
308 2266 428 2288 vocem
450 2252 694 2298 promissionis
712 2256 753 2286 de
768 2254 896 2287 vMessia
916 2256 1098 2296 seiungere

113 2304 306 2339 Ecclesiam
330 2306 374 2339 ab
397 2305 563 2338 omnibus
585 2304 760 2347 gentibus,
820 2304 920 2338 Hanc
943 2304 1004 2350 qui
1027 2315 1099 2336 non

115 2361 263 2396 norant,
289 2367 361 2388 non
385 2362 484 2389 erant
505 2356 662 2388 membra
679 2353 873 2396 Ecclesiae,
899 2355 988 2389 sicut
1015 2355 1102 2388 scri-

115 2414 215 2452 ptum
233 2412 296 2438 est:
324 2404 504 2439 Abraham
521 2406 611 2439 vidit
625 2405 719 2438 diem
736 2417 872 2444 meum,
899 2412 932 2439 et
955 2406 1100 2439 laetatus

117 2463 180 2492 est.
231 2454 277 2489 Et
297 2455 474 2497 existimo,
500 2456 615 2500 ipsum
630 2456 741 2488 filium
758 2454 825 2488 Dei
839 2456 969 2489 visibili
987 2455 1101 2500 specie

118 2505 291 2551 hospitem
308 2506 414 2539 fuisse
431 2504 617 2547 Abrahae,
644 2507 681 2540 in
705 2518 830 2547 coena,
857 2518 946 2551 quae
970 2507 1100 2540 descri-

117 2557 213 2590 bitur
228 2557 264 2589 in
275 2555 396 2600 Capite
415 2556 470 2592 18.
485 2555 644 2591 Genesis.
695 2557 818 2599 Cogita
834 2563 969 2596 autem,
995 2568 1100 2601 quam

117 2607 336 2640 venerandus
358 2612 476 2640 coetus
491 2604 643 2641 Ecclesia
668 2608 795 2649 suerit,
821 2619 900 2641 cum
925 2607 974 2641 ibi
1001 2618 1101 2651 saepe

120 2657 360 2699 convenirent,
386 2657 467 2691 Sem
482 2657 573 2691 filius
581 2656 722 2700 Nubae,
747 2658 809 2704 qui
824 2657 959 2693 viderat
973 2664 1100 2692 utrun-

170 2709 348 2741 ΜειΛΝτκ.
373 2709 476 2742 Orien.
496 2709 577 2741 Vox..
592 2710 671 2743 XII.

905 106 1196 145 CHRONJCON
1229 108 1474 148 CARtONtS.

1136 507 1138 523 s
1164 495 1263 529 liaria
1284 495 1507 536 Germanica.

2094 130 2165 163 746

1235 244 1241 250 ι
1351 246 1357 252 ι
2082 239 2089 251 ‚
2123 224 2162 245 fic

1143 282 1144 285 Ἴ
1170 252 1257 298 nexit
1276 250 1445 289 oppidum
1459 275 1466 287 ,
1496 253 1587 293 quod
1606 261 1721 295 postea
1740 257 1872 290 dictum
1891 266 1941 292 est
1960 259 2159 297 Ierusalem.

1141 290 1144 348 i
1168 291 1433 338 EtAliraliam,
1462 301 1521 343 qui
1548 310 1619 335 crat
1644 304 1681 336 in
1704 306 1820 339 vicina
1843 310 1931 342 urbe
1953 309 2155 351 Hebron,

1140 352 1143 383 j
1168 356 1256 388 quae
1279 359 1296 378 a
1315 345 1527 385 lerosolwna
1552 353 1701 388 distabat
1726 356 1863 390 circiter
1891 360 2046 404 quinque
2065 362 2155 395 (jer-

1166 396 1301 429 manica
1321 398 1484 434 miliaria.
1539 400 1624 434 Item
1644 403 1736 437 Loth
1755 413 1786 439 et
1802 406 2008 443 Abimelecli
2033 424 2090 444 rex
2116 414 2153 445 in

1167 443 1318 487 Gerare‚
1345 460 1433 492 quae
1452 451 1603 485 distabat
1620 454 1662 485 ab
1681 454 1826 489 llebron
1845 459 1981 493 circiter
1999 463 2068 494 duo
2088 464 2154 496 mi-

1560 500 1606 536 Εἰ
1622 505 1724 539 multi
1742 507 1801 538 alii
1820 517 2032 551 praestantes
2051 526 2062 544 x
2075 513 2128 548 iri.

1436 587 1494 618 Dc
1521 598 1648 629 poena
1671 592 1878 627 Sodomae.

1248 646 1362 679 Simul
1379 654 1493 680 autem
1513 649 1712 683 consideres
1730 654 1927 689 testimonia
1946 662 2148 700 patefactio-

1158 708 1243 729 num
1267 697 1481 731 divinarum.
1534 697 1667 732 Eodem
1689 713 1803 744 anno,
1832 718 1900 749 quo
1920 708 2076 743 instituta
2100 722 2147 745 est

1156 748 1393 788 circumcisio,
1443 755 1476 782 et
1505 750 1688 784 manifesta
1718 754 1885 789 miracula
1911 760 2028 793 addita
2054 770 2147 797 sunt.

1156 797 1256 829 Anus
1274 798 1413 838 effoeta,
1440 805 1471 832 et
1490 812 1576 844 quae
1594 808 1693 835 antea
1714 804 1824 838 suerat
1843 808 1987 849 sterilis,
2014 811 2049 844 fit
2067 823 2146 854 gra-

1156 847 1257 885 vida,
1286 855 1317 880 et
1335 849 1537 883 confirmata
1554 858 1603 884 est
1621 849 1774 887 Ecclesia
1793 857 2002 892 dulcissimis
2021 873 2145 894 conso-

1155 897 1359 931 lationibus
1429 898 1515 932 Mox
1546 902 1663 934 addita
1695 912 1776 938 sunt
1807 914 1839 939 et
1869 909 1935 941 alia
1963 912 2146 952 miracula,

1155 959 1244 992 quae
1261 955 1341 980 sunt
1358 950 1514 992 exempla
1538 951 1608 983 irae
1624 951 1708 991 Dei,
1743 957 1869 999 quibus
1888 957 1980 992 Dens
2003 968 2143 995 testatus

1155 1005 1225 1038 est,
1252 1010 1287 1030 se
1305 1010 1443 1030 servare
1460 998 1673 1042 Ecclesiam,
1702 1011 1733 1036 et
1751 1008 1958 1048 puniturum
1982 1022 2052 1044 esse
2077 1013 2144 1044 im-

1155 1048 1242 1090 pios,
1296 1047 1400 1081 Tunc
1417 1049 1510 1081 enim
1530 1047 1748 1086 horribiliter
1764 1054 1858 1088 Deus
1879 1067 2019 1102 propter
2041 1068 2143 1095 tetras

1155 1098 1345 1130 libidinum
1363 1099 1586 1132 confusiones
1601 1101 1750 1136 ssammis
1767 1106 1808 1137 de
1825 1109 1922 1140 coelo
1940 1111 2065 1153 sparsis
2085 1114 2144 1145 (le-

1155 1149 1238 1181 levit
1261 1149 1365 1181 urbes
1390 1146 1656 1192 Sodomam,
1692 1150 1982 1201 Gomorram,
2018 1160 2143 1195 Ada-

1154 1210 1284 1239 mam,
1311 1197 1491 1232 Seboim
1520 1208 1552 1235 et
1578 1199 1740 1247 Segor,
1772 1219 1920 1250 quarum
1947 1212 2059 1245 ruinis
2084 1214 2144 1246 de-

1154 1250 1276 1282 mersis
1292 1249 1328 1282 in
1343 1257 1490 1291 terram,
1517 1252 1554 1284 in
1572 1264 1690 1286 earum
1707 1256 1849 1290 urbium
1867 1261 1947 1293 sede
1963 1262 2073 1296 factus
2096 1271 2146 1297 est

1155 1300 1250 1333 lacus
1290 1298 1456 1332 exhalans
1493 1303 1708 1343 perniciosos
1746 1307 1861 1341 fumos
1887 1308 2141 1357 Ἀσᾳαὶηίῑνς,

1155 1351 1213 1393 qui
1242 1350 1442 1383 extenditur
1464 1350 1685 1386 Germanicis
1718 1357 1914 1392 miliaribus
1947 1370 2035 1395 octo.
2096 1347 2143 1396 Et

1154 1400 1281 1433 Strabo
1306 1401 1435 1444 inquit:
1461 1400 1570 1436 πλέον
1597 1403 1625 1437 1.)
1651 1403 1852 1442 δίακοσίων
1869 1409 2043 1446 σταδίων.
2096 1412 2141 1448 Et

1155 1457 1271 1483 manet
1290 1448 1395 1482 bodie
1410 1448 1476 1483 hoc
1494 1452 1629 1486 illustre
1647 1457 1886 1492 testimonium
1907 1462 1977 1494 irae
1995 1462 2072 1499 Dei.

1256 1500 1404 1533 Prodest
1428 1508 1461 1534 et
1487 1503 1609 1535 seriem
1631 1517 1806 1540 annorum
1832 1512 2072 1552 considerare,
2104 1523 2142 1548 ut

1154 1550 1333 1583 videamus
1351 1557 1550 1596 utrunque,
1578 1561 1610 1586 et
1633 1556 1754 1598 exiguo
1781 1565 1934 1602 tempore
1960 1560 2145 1598 hominurn

1153 1601 1280 1632 scelera
1299 1612 1423 1644 magna
1441 1602 1656 1638 incrementa
1673 1610 1862 1651 accepisse,
1889 1619 1919 1644 et
1932 1611 2043 1646 Deum
2061 1616 2144 1648 sub-

1155 1651 1236 1682 inde
1270 1663 1362 1683 nova
1392 1653 1592 1686 testimonia
1616 1655 1652 1687 in
1674 1659 1796 1699 poenis
1819 1668 1851 1693 et
1876 1662 2144 1699 liberationibus

1156 1701 1360 1734 ostendisse.
1435 1701 1578 1735 Deletae
1609 1713 1689 1738 sunt
1720 1705 1784 1741 hae
1813 1711 1934 1752 urbes,
1979 1714 2145 1755 Sodoma,

1155 1748 1348 1789 Gomorra,
1384 1758 1417 1784 et
1442 1759 1616 1792 caeterae,
1657 1768 1750 1790 anno
1776 1762 2042 1805 quadragesimo
2067 1774 2143 1809 post

1154 1808 1303 1833 mortem
1319 1799 1456 1834 Notxae.
1515 1801 1562 1836 Et
1585 1812 1662 1847 post
1687 1808 1862 1842 ‹titminm
1889 1799 1982 1846 anno
2009 1822 2143 1849 trecen-

1153 1850 1276 1883 tesimo
1300 1852 1547 1894 nonagesimo,
1574 1855 1714 1890 vivente
1734 1858 1849 1894 adhuc
1874 1860 1990 1902 Sem,
2022 1867 2082 1909 qui
2110 1875 2143 1901 et

1153 1901 1281 1933 diluvii
1303 1907 1337 1933 et
1355 1899 1458 1934 liuius
1478 1902 1633 1936 incendii
1657 1915 1829 1949 spectator
1854 1912 1935 1950 suit,
1979 1916 2039 1959 qui
2063 1919 2142 1960 qui-

1153 1951 1231 1982 dem
1250 1957 1288 1983 nt
1304 1951 1399 1983 testis
1415 1958 1447 1985 et
1463 1959 1577 1986 custos
1594 1963 1680 1989 esset
1697 1970 1796 1991 verae
1822 1962 2000 1995 doctrinae
2015 1992 2023 2003 ,
2058 1967 2141 2000 vixit

1155 2007 1233 2043 post
1256 1999 1421 2034 Abrahae
1447 2010 1596 2036 mortem
1622 2018 1732 2039 annos
1751 2008 1809 2044 35.
1881 2011 1925 2045 Hi
1956 2015 2037 2047 tales
2061 2017 2141 2053 viri.

1153 2049 1271 2091 Sem,
1307 2048 1562 2091 Abraham,
1604 2051 1745 2096 Loth,
1788 2073 1866 2094 cum
1894 2065 1936 2095 de
1961 2065 2142 2099 voluntate

1153 2100 1217 2133 Dei
1235 2101 1330 2134 illam
1347 2102 1512 2135 viciniam
1530 2106 1713 2147 docerent,
1741 2117 1866 2143 etcum
1889 2112 2067 2148 Abraham
2087 2129 2142 2150 re-

1152 2164 1233 2185 cens
1250 2152 1340 2185 cives
1351 2151 1586 2187 Sodomorum
1604 2157 1771 2193 abductos
1788 2163 1996 2205 reduxisset,
2024 2172 2139 2200 tamen

1153 2203 1196 2235 ab
1215 2202 1331 2246 impiis
1347 2204 1433 2235 adeo
1450 2205 1556 2248 spreti
1575 2213 1673 2244 sunt,
1702 2217 1738 2243 ut
1765 2218 1858 2245 tanta
1884 2215 2010 2248 scelera
2037 2218 2139 2251 multi

1152 2254 1267 2297 palam
1285 2254 1455 2293 facerent,
1483 2267 1546 2287 nec
1570 2267 1773 2293 vererentur
1791 2264 1910 2296 oculos
1938 2266 2060 2299 talitun
2087 2269 2140 2300 vi-

1152 2316 1294 2343 rorum,
1329 2304 1458 2348 quibus
1482 2317 1561 2337 vere
1587 2308 1703 2341 adesse
1719 2309 1832 2345 Deum
1858 2327 1897 2347 ex
1923 2317 2042 2350 multis
2064 2331 2138 2352 nou

1151 2354 1269 2388 dubiis
1287 2355 1496 2387 testimoniis
1511 2356 1676 2393 sciebant.

1253 2404 1414 2437 Profecto
1455 2403 1625 2439 horribile
1663 2412 1898 2452 spectaculum
1936 2423 1984 2450 est
2020 2425 2138 2452 tantus

1151 2455 1250 2488 suror
1269 2455 1478 2498 impiorum,
1505 2468 1582 2488 cum
1607 2459 1756 2500 optimos
1776 2459 1943 2500 habereut
1966 2468 2137 2510 doctores,

1152 2506 1367 2538 voluntatem
1386 2512 1417 2538 ct
1439 2505 1606 2540 iudicium
1626 2507 1690 2542 Dei
1708 2514 1940 2549 ostendentes.
1981 2518 2048 2551 Sed
2070 2517 2135 2552 boc

1154 2556 1288 2597 insigne
1304 2556 1500 2599 exemplum
1516 2565 1707 2600 monstrat,
1734 2567 1910 2606 quomodo
1926 2566 2079 2601 Ecclesia
2096 2570 2133 2601 in

1151 2604 1217 2639 boc
1235 2606 1368 2637 mundo
1387 2605 1477 2640 inter
1496 2607 1621 2652 impios
1647 2618 1759 2654 spreta
1784 2624 1979 2657 prematur,
2006 2625 2037 2651 et
2060 2630 2133 2651 ser-

1153 2662 1254 2689 vetur
1275 2661 1402 2690 tamen.

1545 2707 1594 2743 48
