2324 2955
195 133 265 168 271

198 224 299 255 cunt,
326 222 358 248 et
387 215 420 246 in
447 208 698 253 compositione
722 205 969 248 negligentiam
993 201 1183 247 reprehen-

199 271 300 307 dunt,
327 274 442 299 tamen
465 263 553 293 bona
569 258 722 297 minent,
750 257 848 299 copia
864 257 1039 288 bonorum
1059 255 1183 287 verbo-

198 330 287 353 rum.
338 313 383 347 Et
399 311 483 344 haec
499 311 572 352 ipsa
590 307 819 347 foecunditas,
848 318 935 350 quae
954 303 1183 348 reprebendi-

200 466 311 512 patria
332 464 482 496 multum
502 460 605 493 babet
625 459 842 491 deliciarum.

304 514 413 548 Grata
444 512 511 545 fuit
537 510 704 544 Demetrii
737 506 954 541 Plialerensis
983 507 1114 547 oratio,
1155 514 1188 539 et

202 580 274 602 non
292 562 554 599 aniisitAtticae
565 560 735 593 orationis
753 560 912 597 sormam,
938 558 1072 590 etiamsi
1091 558 1187 600 plus-

203 620 320 653 culum
346 614 508 648 babuisse
530 612 734 645 deliciarum
758 610 896 642 dicitnr.
951 609 1008 642 Sic.
1032 616 1065 641 et
1084 607 1189 640 Eras-

203 670 291 703 mica
318 673 411 709 grata
437 665 496 703 sit,
525 670 558 695 et
581 662 705 695 Latina
727 672 798 692 esse
822 667 1021 698 censeatur,
1055 658 1189 691 etiamsi

204 719 339 753 flosculi
356 716 534 749 densiores
551 719 651 751 sunt,
681 719 715 743 ut
735 711 768 742 in
788 717 897 753 prato.

306 769 401 801 llaec
427 769 468 798 de
496 766 606 796 forma
636 761 807 794 orationis
831 761 909 793 ideo
935 760 1075 792 brevius
1102 759 1193 798 dico,

205 821 286 866 quia
313 830 372 850 vos
398 818 489 860 ipsos
512 815 631 846 crebra
656 813 804 845 lectione
830 824 975 855 opernm
1001 811 1109 854 ipsius
1134 822 1192 842 ex-

205 871 312 915 periri
337 867 558 901 dulcedinem
584 864 656 897 eius
673 863 763 896 volo.
819 861 964 906 Aliquid
985 874 1066 894 vero
1091 860 1194 899 succi,

206 928 238 954 et
257 922 292 953 in
310 926 462 952 vestrum
484 927 679 948 sermonem
706 913 942 953 derivabitur,
978 913 1003 944 si
1033 924 1133 955 saepe
1157 923 1193 943 ea

207 972 339 1015 legetis.

307 1020 396 1054 Cum
416 1018 522 1060 igitur
545 1016 580 1047 in
598 1014 766 1053 Erasmo,
795 1021 826 1046 et
853 1014 905 1045 vis
923 1013 1054 1055 ingenii
1070 1022 1193 1052 magna

208 1073 331 1110 suerit,
359 1077 391 1103 et
410 1068 542 1100 fuerint
566 1066 601 1097 in
627 1078 666 1098 eo
694 1066 823 1097 multae
855 1064 1010 1105 egregiae
1037 1064 1196 1100 virtuteS,

208 1131 241 1156 et
270 1134 348 1156 cnm
378 1119 491 1152 studia
519 1117 717 1157 linguarum
744 1114 934 1146 necessaria
964 1111 1139 1145 Ecclesiae
1164 1118 1197 1144 et

208 1175 298 1207 vitae
315 1170 428 1208 civili,
454 1167 645 1211 plurimum
669 1165 862 1203 adiuverit,
890 1164 996 1206 gratis
1019 1162 1197 1195 mentibus

209 1225 283 1257 eius
306 1220 510 1255 memoriam
540 1228 803 1254 conservemus,
838 1215 945 1258 ipsius
969 1220 1197 1247 monumenta

208 1276 379 1316 legamus,
407 1276 439 1302 et
458 1268 543 1311 grati
565 1279 642 1299 eum
663 1267 888 1299 celebremus.

311 1320 425 1355 Simul
445 1320 548 1351 etiam
572 1316 646 1348 Deo
669 1317 796 1357 gratias
822 1326 980 1356 agamus,
1007 1314 1104 1356 quod
1130 1313 1199 1343 lin-

210 1385 356 1418 guarum
381 1369 580 1412 cognitione
604 1365 797 1398 Ecclesiam
820 1364 1005 1402 instruxit,
1038 1369 1069 1394 et
1087 1363 1198 1394 lucem

210 1436 292 1458 suae
307 1422 486 1455 doctrinae
507 1417 609 1450 nobis
629 1417 787 1460 praebet,
818 1421 850 1447 et
869 1413 923 1447 his
942 1414 1007 1447 Dei
1023 1412 1200 1445 beneficiis

211 1476 266 1519 pie
283 1481 434 1507 utamur.
487 1468 581 1501 Dixi.

224 1664 291 1696 No.
314 1658 396 1693 165.

318 1759 392 1800 De
421 1755 679 1810 aphorismo
712 1752 813 1792 ΓΡο
849 1751 1004 1791 Partis
1034 1749 1098 1789 ΙΙ.

287 1839 314 1863 ln
332 1837 421 1862 select.
437 1833 556 1859 boclam.
570 1831 602 1855 Τ.
614 1831 659 1856 lll.
678 1831 761 1863 μξῸὸ
775 1840 843 1864 sqq„
863 1829 979 1854 Servs-st.
996 1828 1025 1854 Τ,
1044 1828 1090 1853 lll.
1107 1837 1131 1861 p.
1148 1828 1205 1853 761.

319 1867 529 1896 lticha1·rt.'l'.tt.
549 1877 572 1899 p.
583 1867 642 1892 217,

1032 1666 1079 1685 an.
1098 1655 1189 1684 1557.

1025 1699 1194 1711 x-WN

244 1952 417 1994 Quaestio
445 1947 636 1991 emplicala
667 1956 688 1977 α
720 1945 827 1977 Doct.
857 1944 973 1976 Paulo
1003 1941 1180 1976 Luthero.

549 1999 593 2035 (d.
616 1999 668 2027 29.
687 1997 743 2026 1111.
767 1997 874 2034 1557.)

220 2067 329 2106 Initio
355 2066 482 2111 gratias
507 2076 569 2107 ago
594 2062 670 2095 Deo
693 2070 852 2099 aeterno,
888 2061 984 2094 Patri
1008 2060 1153 2094 Domini
1175 2068 1207 2094 et

220 2119 410 2157 Salvatoris
436 2115 547 2149 nostri
577 2113 654 2146 Iesu
677 2112 830 2150 Christi,
867 2113 1041 2145 conditori
1070 2112 1207 2155 generis

220 2171 378 2210 hnmani,
405 2175 437 2201 et
454 2165 629 2200 Ecclesiae
648 2176 739 2203 snae,
767 2164 856 2195 sonti
874 2164 990 2195 omnis
1006 2163 1207 2206 sapientiae,

223 2223 315 2268 quod
336 2222 505 2252 immensa
532 2216 686 2249 bonitate
712 2227 766 2246 me
789 2214 826 2245 in
846 2211 910 2246 hac
927 2212 1083 2246 Ecclesia
1102 2215 1208 2254 nasci,

224 2271 363 2306 educari
387 2277 418 2302 et
442 2267 575 2301 erudiri
594 2265 762 2301 voluerit,
791 2265 828 2296 in
851 2277 918 2308 qua
935 2262 1130 2296 charissimi
1148 2276 1209 2308 pa·

181 2314 191 2323 „
224 2324 286 2358 tris
307 2321 372 2354 mei
386 2347 394 2358 ,
428 2320 504 2362 piae
522 2325 554 2350 et
579 2323 716 2349 sanctae
732 2316 921 2347 memoriae
935 2342 943 2354 ,
972 2327 1055 2347 voce
1075 2322 1107 2347 et
1124 2316 1209 2348 scri-

224 2375 291 2418 ptis
317 2370 475 2403 doctrina
508 2367 663 2400 coelestis
694 2379 732 2398 ex
758 2366 978 2409 superiorum
1010 2372 1208 2409 temporum

224 2425 303 2469 plus
331 2433 434 2466 quam
458 2418 655 2451 Cimmeriis
674 2417 826 2449 tenebris
850 2417 988 2449 evoluta
1007 2424 1110 2461 atque
1128 2417 1210 2449 illu-

225 2482 348 2513 strata,
382 2482 475 2503 nnnc
502 2480 587 2511 pure
612 2469 702 2500 lucet
727 2475 759 2501 et
786 2475 885 2501 sonat
908 2468 943 2499 in
969 2479 1093 2509 magna
1115 2476 1210 2510 parte

226 2522 449 2559 Germaniae.
519 2517 654 2550 Deinde
679 2519 772 2561 quod
804 2516 858 2551 his
892 2518 1060 2562 proximis
1096 2520 1211 2559 annis,

227 2588 305 2610 cnm
332 2572 447 2606 eiectis
472 2569 575 2601 nobis
592 2581 631 2600 ex
656 2569 729 2600 solo
747 2569 878 2611 patrio,
906 2582 943 2602 ac
962 2569 1085 2601 misere
1108 2569 1211 2602 dissi-

226 2627 332 2672 patis,
365 2631 478 2657 terror
510 2631 687 2651 armornm
720 2617 901 2653 hostilium
937 2620 1209 2652 internecionem

226 2674 385 2711 minitari
414 2672 592 2705 videretur
615 2676 717 2713 atque
740 2669 930 2709 intentare,
966 2671 1141 2704 restinctis
1157 2684 1212 2704 ar-

583 122 739 157 DECL.
782 118 857 153 DE
898 116 1249 153 APHORISMO
1287 113 1482 151 SEXTO
1521 115 1735 150 PARTIS
1774 115 1818 151 11.

2144 116 2217 152 272

1209 212 1211 217 ·
1235 201 1380 235 doribus
1404 199 1510 239 belli,
1543 198 1697 233 scholam
1723 198 1813 233 hanc
1840 201 1934 233 velut
1951 202 1993 233 de
2010 201 2163 234 collectis
2181 213 2220 234 ex

1235 250 1418 292 naufragio
1437 250 1565 283 tabulis
1581 252 1770 284 restituerit
1786 258 1888 295 atquc
1908 252 2070 292 erexerit,
2096 264 2221 296 meque

1210 329 1211 348 ζ
1236 315 1314 335 cnm
1332 300 1560 333 moestissima
1578 308 1686 333 matre
1711 302 1853 336 incertis
1871 301 1932 334 diu
1948 301 2110 334 iactatum
2129 303 2221 335 sedi-

199 377 273 406 tur,
309 366 383 396 lans
410 369 459 394 est
485 359 637 401 ingenii,
673 359 885 390 concedatur
920 356 1023 389 etiam
1050 356 1182 400 aliquid
1210 350 1212 378 ἶ

200 416 313 461 genti,
341 420 372 446 et
391 412 522 455 primae
540 409 750 441 institutioni
774 408 808 440 in
828 407 963 445 Gallia,
986 406 1048 438 ubi
1068 406 1184 448 lingua
1211 417 1213 447 ς

1238 354 1320 390 bus,
1348 358 1380 384 et
1405 352 1508 394 longo
1535 363 1573 383 ac
1590 351 1786 394 periculoso
1811 353 1917 385 exilio
1934 351 2133 394 fatigatum,
2161 365 2222 385 ceu

1238 402 1455 447 postliminio
1475 401 1651 434 reduxerit
1671 402 1706 433 in
1723 400 1811 435 hanc
1825 401 1991 439 scholam,
2015 403 2057 435 ad
2077 403 2223 436 audien-

1212 461 1214 488 ὲ
1240 456 1318 485 dam
1338 463 1458 484 rursus
1476 464 1594 484 vocem
1622 453 1801 485 doctrinae
1814 480 1823 492 ,
1851 454 1948 486 cuius
1966 453 2096 486 semina
2116 460 2147 485 et
2164 465 2224 486 ru-

1240 504 1394 535 dimenta
1417 509 1514 546 patre
1537 509 1658 535 autore
1686 510 1717 536 et
1738 503 1902 545 magistro
1927 504 2020 536 velut
2039 516 2117 536 cnm
2138 504 2225 536 lacte

1240 554 1359 586 matris
1383 564 1541 585 suxeram
1564 560 1683 592 antea,
1715 560 1818 597 atque
1841 554 2076 586 combiberam
2093 566 2110 586 a
2130 561 2225 587 tene-

1244 605 1300 637 ris.
1351 604 1407 636 Ad
1437 616 1540 647 quam
1574 605 1716 648 quidem
1748 604 1837 636 redii
1862 604 2046 643 libentius,
2089 616 2160 636 non
2186 617 2225 637 eo

1243 661 1398 694 tantum,
1428 655 1522 698 quod
1551 655 1659 696 patria
1686 661 1773 687 esset
1789 662 1820 687 et
1838 661 1951 687 custos
1972 652 2146 697 sepulchri
2169 667 2227 697 pa-

1244 705 1357 744 terni,
1387 712 1418 738 et
1435 717 1581 748 puerum
1599 718 1653 737 me
1668 706 1894 737 sanctissimis
1912 706 2140 748 opinionibus
2164 706 2229 737 im-

1244 756 1395 794 buisset,
1444 767 1591 799 quarum
1631 756 1829 788 uberiorem
1868 763 1900 788 et
1935 755 2229 789 confirmatiorem

1245 806 1479 849 cognitionem
1504 807 1762 845 desiderabant,
1791 807 1848 837 sed
1874 807 1982 838 multo
2004 807 2111 847 magis
2136 809 2227 850 qnod

1246 857 1441 889 doctrinam
1459 869 1474 887 a
1493 863 1589 899 patre
1606 864 1637 889 et
1658 856 1752 894 aliis,
1777 855 1841 889 Dei
1856 858 2021 889 beneflcio
2038 865 2071 890 et
2090 857 2232 895 anxilio,

1248 914 1337 940 recte
1354 907 1570 950 explicatam,
1599 914 1764 950 tanquam
1783 918 1918 939 sacrum
1938 908 2147 950 depositum,
2176 908 2232 950 pio

1248 958 1362 992 studio
1389 964 1421 990 et
1446 957 1604 1000 religiosa
1637 958 1703 989 lide
1729 965 1969 995 conservaret,
2010 970 2047 990 ac
2077 965 2234 990 tueretur

1248 1010 1499 1051 incorruptam.
1553 1008 1724 1041 Profiteor
1748 1015 1862 1041 autem
1887 1015 1981 1041 stans
1998 1009 2039 1041 ad
2059 1009 2232 1041 tumulum

1249 1059 1373 1101 patris,
1403 1070 1456 1089 me
1478 1056 1582 1090 huius
1596 1057 1770 1090 Ecclesiae
1787 1059 1898 1091 civem
1913 1070 1995 1099 esse,
2025 1066 2052 1091 et
2073 1059 2234 1102 amplecti

1252 1116 1322 1141 toto
1360 1115 1497 1150 pectore
1540 1120 1746 1140 consensum
1783 1109 1981 1148 doctrinae,
2023 1122 2126 1153 quam
2157 1122 2234 1141 cum

1250 1157 1389 1192 scholae
1413 1156 1476 1190 hac
1501 1157 1656 1190 Ecclesia
1679 1159 1799 1202 oppidi
1826 1166 2024 1191 constanter
2044 1160 2122 1191 vivo
2142 1166 2236 1203 patre

1251 1210 1406 1242 confessa
1433 1215 1498 1248 est,
1533 1217 1563 1242 et
1589 1221 1682 1241 tinne
1705 1211 1850 1241 eandem
1877 1217 1951 1251 post
1977 1211 2084 1252 ipsius
2101 1211 2237 1242 obitum

1252 1266 1371 1298 sonat,
1404 1260 1633 1303 docendoque
1658 1266 1841 1302 propagat,
1878 1273 1939 1292 nec
1965 1261 2139 1292 discedam
2164 1259 2237 1292 Deo

1252 1310 1395 1340 iuvante
1414 1308 1458 1338 ab
1476 1305 1541 1338 hoc
1561 1319 1731 1339 consensu
1749 1319 1924 1351 unquam,
1953 1310 2064 1341 donec
2082 1310 2213 1342 vixero.

1355 1356 1393 1390 Si
1411 1369 1492 1389 vero
1510 1364 1653 1401 quaerat
1680 1358 1824 1401 aliquis,
1853 1370 1915 1390 cur
1933 1366 2042 1392 artem
2063 1358 2238 1391 Medicam

1254 1409 1387 1451 potius,
1428 1420 1532 1451 quam
1566 1408 1672 1450 patris
1701 1409 1858 1451 exemplo
1883 1410 2080 1441 doctrinam
2107 1422 2238 1442 sacram

1255 1460 1317 1491 sim
1337 1464 1483 1490 sectatus
1506 1458 1737 1501 professione,
1766 1456 1898 1502 (studio
1916 1459 2009 1491 enim
2030 1466 2061 1491 et
2082 1472 2162 1492 cura
2184 1461 2239 1492 di-

1254 1509 1371 1541 scendi
1389 1509 1424 1539 in
1444 1515 1567 1540 neutro
1586 1506 1670 1539 milti
1688 1509 1782 1540 desui
1800 1508 1985 1554 unquam),
2018 1510 2070 1541 illi
2095 1522 2241 1553 respon-

1255 1561 1332 1593 deo.
1385 1558 1455 1590 Nec
1474 1565 1602 1590 temere
1628 1570 1682 1590 me
1706 1565 1737 1591 et
1760 1559 1978 1599 inconsulto,
2007 1572 2069 1592 nec
2089 1572 2165 1593 meo
2184 1573 2241 1593 so-

1256 1610 1324 1642 lius
1359 1609 1523 1647 consilio,
1563 1609 1636 1640 sine
1673 1610 1942 1652 prudentiorum
1985 1611 2171 1644 autoritate
2211 1619 2243 1644 et

1256 1671 1446 1699 consensu,
1475 1666 1534 1691 ant
1558 1659 1593 1691 in
1613 1657 1677 1691 hoc
1696 1660 1802 1692 studii
1819 1672 1928 1702 genus
1948 1661 2140 1703 ingressum
2160 1674 2243 1701 esse,

1257 1718 1313 1743 aut
1336 1716 1519 1753 postquam
1538 1710 1571 1741 id
1593 1710 1834 1752 suscepissem,
1869 1719 2028 1754 vagatum
2058 1712 2093 1743 in
2112 1725 2150 1745 eo
2168 1713 2242 1746 sine

1257 1761 1392 1794 ratione
1414 1767 1441 1793 et
1461 1761 1584 1792 ordine
1603 1767 1741 1794 temere.

1360 1810 1429 1843 Sed
1456 1823 1534 1843 cum
1558 1818 1683 1843 natur-‘1
1708 1824 1761 1843 me
1789 1820 1884 1854 pater
1909 1814 1988 1846 duci
2007 1815 2048 1846 ad
2071 1815 2244 1857 cognitio-

1260 1874 1339 1894 nem
1365 1861 1545 1893 mirandae
1571 1862 1748 1894 varietatis
1770 1875 1903 1902 rerum,
1931 1877 2016 1908 quas
2040 1862 2106 1897 hoc
2122 1867 2244 1898 mundi

1259 1912 1490 1951 domicilium,
1509 1912 1602 1945 velut
1621 1910 1795 1945 theatrum
1807 1915 1983 1957 quoddam
2002 1917 2246 1959 contemplan—

1260 1965 1321 1996 das
1346 1962 1449 1994 nobis
1473 1960 1631 2002 exhibet,
1667 1971 1698 1997 et
1725 1975 1802 1996 cum
1830 1966 1979 2008 quadam
2004 1967 2182 2000 alacritate
2208 1979 2245 1999 ac

1261 2014 1460 2057 voluptate,
1514 2011 1680 2046 inchoare
1719 2015 2035 2049 considerationem

1262 2076 1407 2108 puerum
1448 2061 1561 2097 adhuc
1596 2065 1907 2106 animadverteret,
1956 2067 2146 2101 delectatus
2181 2066 2246 2101 hoc

1261 2128 1338 2148 meo
1376 2115 1510 2155 studio,
1551 2128 1623 2147 non
1658 2122 1759 2148 autor
1794 2123 1950 2155 tantum,
1993 2120 2050 2150 sed
2088 2116 2247 2151 hortator

1262 2167 1364 2200 etiam
1384 2172 1416 2199 et
1440 2166 1610 2209 impulsor
1634 2167 1719 2206 fuit,
1746 2167 1782 2199 in
1806 2180 1845 2199 eo
1863 2175 1900 2201 ut
1925 2180 2100 2212 pergerem
2127 2180 2247 2212 acper-

1264 2229 1468 2251 severarem.

2084 2024 2227 2050 naturae
2238 2045 2247 2058 ‚

1366 2267 1476 2311 Saepe
1495 2280 1571 2299 cum
1595 2268 1637 2300 de
1654 2266 1708 2300 bis
1724 2269 1848 2301 studiis
1875 2266 2126 2312 philosophicis
2147 2269 2248 2303 fami-

1264 2319 1397 2351 liariter
1426 2331 1503 2351 cum
1538 2319 1659 2351 amicis
1691 2320 1966 2363 colloqueretur,
2002 2332 2083 2363 prat-
2107 2321 2249 2353 caeteris

1264 2376 1371 2401 artem
1390 2369 1559 2401 medicam
1587 2370 1806 2413 praedicabat
1830 2370 1987 2404 maxime.
2042 2370 2118 2403 lloc
2142 2372 2248 2414 patris

1263 2420 1394 2452 iudicio
1432 2421 1542 2463 magis
1579 2421 1810 2457 accendebar,
1862 2422 2064 2463 praesertim
2101 2434 2179 2455 cnm
2216 2430 2250 2454 et

1264 2482 1402 2510 causas,
1430 2483 1515 2515 quas
1531 2472 1705 2507 addebat.
1733 2470 1975 2513 intelligerem.

1366 2521 1445 2554 Non
1464 2522 1555 2553 enim
1575 2521 1743 2554 suavitate
1761 2522 1962 2562 doctrinae,
1987 2530 2019 2556 et
2035 2522 2250 2564 magnitudi-

1266 2584 1309 2603 ne
1341 2573 1551 2611 utilitatum,
1589 2572 1717 2615 quibus
1740 2573 1783 2604 dc
1810 2580 1882 2605 toto
1912 2584 2036 2616 genere
2065 2571 2250 2606 bominum

1266 2620 1351 2655 haec
1373 2629 1527 2655 meretur
1551 2622 1698 2665 optime,
1726 2628 1795 2655 tam
1821 2635 1855 2655 se
1872 2624 1949 2667 capi
1974 2635 2011 2657 ac
2028 2624 2162 2657 moveri
2181 2623 2251 2655 aie-

1267 2673 1343 2713 bat,
1376 2685 1480 2717 quam
1505 2672 1711 2715 cognatione
1740 2685 1818 2706 cum
1843 2674 2002 2708 doctrina
2028 2687 2135 2709 sacra.
2186 2672 2253 2707 So-
