2324 2955
183 119 257 154 771

184 214 285 238 veros
300 202 429 236 cultus:
455 198 511 231 Ita
524 195 593 229 fuit
607 191 763 227 Ecclesia
781 201 900 234 sparsa
925 188 1029 222 etiam
1051 189 1090 222 in
1113 199 1169 221 re-
1191 188 1197 240 1

184 265 291 299 gnum
310 245 506 287 Samariae,
534 255 734 291 quanquam
759 239 938 275 ordinaria
962 239 1168 282 gubernatio

185 311 260 339 erat
283 300 405 343 impia,
427 305 466 331 ut
490 296 556 330 sub
570 293 767 328 Pharisaeis
792 298 826 325 et
844 290 1038 324 Zadduceis
1061 289 1170 333 sparsi

186 359 284 388 erant
298 349 406 394 aliqui
426 348 491 392 pii,
510 343 715 384 Zacharias,
743 340 888 386 loseph,
914 348 948 375 et
972 340 1074 374 multi
1098 340 1170 378 alii,

185 403 246 449 qui
265 407 355 435 recte
370 403 573 437 senserunt,
606 402 646 429 ut
662 406 756 428 nunc
775 394 841 426 sub
858 403 965 436 regno
991 391 1170 435 pontificio

186 452 297 497 aliqui
329 457 410 484 sunt
441 455 541 492 recte)
567 446 774 485 sentientes,
821 443 882 488 qui
919 442 1171 476 consessionem

186 502 395 540 ostendunt,
422 510 571 544 quorum
589 497 650 530 alii
673 497 751 540 plus
774 494 835 527 alii
859 493 976 526 minus
1001 492 1087 525 lucis
1109 489 1173 524 ha-

185 555 281 588 bent.
334 549 380 585 Et
395 550 536 595 quidem
551 546 648 581 Elias
665 553 697 580 et
713 544 872 579 Elisaeus
889 554 1034 586 magnos
1056 548 1174 575 coetus

187 606 403 641 docuerunt,
428 611 539 634 annos
553 598 703 642 amplius
720 602 871 630 centum.
912 593 1076 636 Regnum
1093 604 1174 624 vero

188 653 330 688 duravit
349 663 459 684 annos
478 652 644 683 ducentos
661 647 889 692 quadraginta
913 651 1077 688 quatuor.
1129 641 1176 675 At

189 704 429 739 Salmanassar
446 700 610 745 Assyrius
625 697 809 730 maximam
826 702 956 739 partem
975 693 1096 737 populi
1114 693 1175 724 ab-

189 754 309 795 duxit,
348 759 381 785 et
412 750 595 784 collocavit
626 748 776 781 familias
799 746 835 778 in
859 746 937 777 aliis
964 743 1177 786 regionibus,

189 806 250 839 ubi
268 803 406 847 aliquae
428 801 649 834 retinuerunt
668 810 784 830 veram
807 796 1021 832 doctrinam,
1055 801 1089 826 et
1113 795 1177 826 do—

190 859 339 888 cuerunt
368 852 497 885 multos
527 851 619 882 inter
648 846 831 881 Ethnicos.
901 845 1006 877 Tales
1035 844 1178 876 fuerunt

189 904 343 938 familiae
358 902 494 935 Tobiae
519 901 556 933 in
574 899 724 937 Ninive,
751 905 783 931 et
806 896 974 939 Raguetis
998 901 1029 928 et
1052 893 1177 926 Gabeli

190 956 228 988 in
260 953 410 988 urbibus
434 952 634 985 Medorum.
703 946 749 981 Et
770 947 895 991 passim
923 945 1050 978 multas
1075 944 1179 976 fuisse

191 1010 464 1039 consentaneum
481 1008 540 1035 est.
594 1000 643 1032 lta
659 997 754 1031 Deus
770 996 980 1029 mirabiliter
1003 1007 1041 1026 ex
1061 996 1178 1026 decem

190 1055 355 1090 tribubus
386 1053 521 1097 aliquas
551 1048 728 1083 Ecclesiae
765 1048 919 1090 reliquas
950 1045 1054 1076 etiam
1088 1043 1180 1075 inter

190 1111 310 1149 gentes
341 1102 511 1141 servavit,
555 1107 587 1132 et
625 1098 736 1131 voluit
765 1107 885 1128 earum
918 1092 1180 1126 distractionem

191 1155 354 1199 gentibus
379 1153 554 1197 prodesse.

279 1212 505 1246 -Manserunt
532 1215 566 1242 et
598 1208 740 1249 exiguae
769 1203 941 1248 reliquiae
968 1203 1085 1234 decem
1119 1199 1180 1232 tri—

192 1266 304 1299 buum
322 1263 359 1295 in
376 1261 485 1306 patria
504 1260 595 1297 sede,
621 1259 679 1291 sed
697 1256 897 1299 dissipatae,
924 1259 955 1285 et
973 1253 1047 1285 sine
1065 1262 1182 1293 regno,

193 1322 234 1349 ut
260 1315 298 1346 in
314 1311 407 1346 Osea
432 1309 648 1355 praedictum
671 1314 737 1340 est:
773 1305 853 1339 Non
880 1303 1003 1336 faciam
1028 1302 1182 1358 furorem

194 1366 268 1399 irae
293 1374 408 1403 meae,
436 1361 518 1406 quia
532 1358 627 1393 Deus
643 1369 705 1399 ego
727 1367 803 1389 sum
826 1355 864 1387 in
886 1353 1002 1386 medio
1027 1359 1076 1385 tui
1105 1363 1185 1384 san-

196 1423 284 1450 ctus,
347 1412 417 1447 Sed
448 1423 521 1444 non
555 1408 733 1452 ingrediar
766 1406 805 1438 in
830 1405 1025 1441 civitatem,
1065 1402 1097 1434 id
1123 1407 1184 1439 est,

197 1477 277 1500 cum
308 1462 576 1508 promissionem
608 1457 814 1493 tradiderim
846 1453 1042 1499 posteritati
1072 1451 1186 1491 Iacob,

197 1515 344 1550 servabo
370 1514 505 1557 aliquas
530 1509 697 1554 reliquias
716 1506 890 1540 Ecclesiae
916 1505 952 1537 in
976 1505 1095 1536 decem
1121 1501 1186 1534 tri-

197 1566 330 1604 bubus,
358 1575 421 1596 nec
447 1561 586 1607 penitus
611 1571 667 1592 eas
688 1558 834 1597 delebo,
867 1556 924 1588 sed
952 1566 1025 1587 non
1045 1553 1185 1586 intrabo

197 1617 236 1649 in
255 1615 450 1654 civitatem,
476 1612 513 1645 id
536 1617 603 1651 est,
629 1620 775 1651 regnum
803 1607 998 1643 destruam,
1026 1615 1089 1636 nec
1113 1613 1187 1635 am-

198 1666 292 1711 plius
315 1664 490 1697 civitatem
514 1661 595 1694 volo
621 1671 693 1692 esse
716 1658 846 1700 regiam
870 1657 1007 1694 sedem,
1040 1665 1104 1686 nec
1126 1653 1188 1685 de-

199 1717 342 1750 {endam
359 1725 453 1754 eam,
480 1712 569 1746 sicut
585 1716 687 1743 antea
704 1706 857 1740 defendi.

201 1830 388 1862 Graecae
412 1823 640 1860 historiae,
662 1830 762 1863 quae
784 1817 833 1850 ad
855 1819 1012 1857 tempus
1032 1814 1190 1855 primae

430 1871 698 1906 monarchiae
735 1867 961 1910 pertinent.

303 1949 443 1984 Nomen
459 1944 592 1990 Iapet
605 1941 772 1976 iGraecis
789 1946 912 1973 notum
931 1945 991 1979 est,
1018 1939 1076 1971 sed
1095 1939 1190 1972 unde

202 2003 267 2043 sit,
285 2001 460 2044 ignorant,
496 1995 605 2029 Liber
614 1992 708 2027 Mosi
727 1997 863 2030 narrat,
895 2001 974 2022 eum
991 2001 1061 2021 esse
1081 1989 1191 2022 filium

203 2053 291 2087 Noe.
343 2047 396 2084 Ex
413 2045 533 2092 [aphet
555 2051 657 2078 natus
682 2050 731 2076 est
748 2040 876 2081 lavan,
909 2051 928 2072 a
950 2052 1019 2084 quo
1039 2038 1193 2073 Graecos
1217 2049 1219 2073 ς

206 2110 302 2137 ortos
320 2112 391 2134 esse
410 2109 539 2132 nomen
556 2094 666 2138 gentis
684 2092 822 2126 Ionicae
841 2096 997 2124 testatur.
1049 2088 1095 2123 Et
1119 2102 1192 2123 non

206 2153 354 2187 dubium
371 2156 438 2190 est,
458 2144 653 2191 Prophetas
677 2155 755 2177 cum
775 2142 961 2175 nominant
978 2139 1103 2181 lavan,
1138 2141 1193 2173 in-
1218 2161 1219 2171 1

206 2203 361 2245 telligere
377 2199 529 2233 Graecas
547 2202 678 2240 gentes.
731 2192 869 2227 Deinde
888 2198 926 2225 ut
942 2191 979 2224 fit
995 2191 1030 2222 in
1048 2192 1194 2235 posteris

208 2260 243 2287 et
275 2253 312 2285 in
345 2249 493 2284 diversis
522 2247 609 2281 locis
632 2256 745 2279 novae
767 2241 1021 2288 appellationes
1043 2253 1195 2275 accesse-
1218 2229 1222 2264 l

206 2309 304 2337 tunt·

309 2357 478 2393 Hellas
512 2365 563 2391 est
596 2357 639 2389 ab
663 2353 789 2393 Hello,
827 2351 888 2398 qui
918 2350 1077 2393 regnavit
1105 2349 1197 2383 inter

208 2410 441 2449 Dodonaeos,
482 2408 543 2451 qui
571 2413 651 2440 sunt
683 2417 700 2438 a
726 2403 921 2442 Dodanim,
962 2401 1034 2433 filio
1062 2398 1195 2444 lapbet.

210 2461 348 2495 Numen
376 2458 544 2492 Graeciae
573 2456 746 2490 recentius
776 2461 843 2493 est,
884 2465 903 2486 a
939 2450 1095 2490 Graeco,
1136 2451 1196 2495 qui
1221 2473 1223 2478 ·

209 2511 304 2545 filius
324 2509 392 2543 fuit
406 2506 577 2542 Thessali.
630 2506 699 2541 Sed
717 2511 867 2537 veterem
887 2502 1041 2536 lonicam
1060 2509 1196 2544 gentem

212 2560 413 2596 excelluisse
428 2557 597 2602 sapientia
617 2563 648 2589 et
665 2556 804 2595 virtute,
830 2554 1035 2597 magnitudo
1054 2552 1197 2585 urbium

211 2619 246 2646 et
267 2611 485 2646 coloniarum
505 2606 712 2645 multitudo,
739 2612 772 2638 et
796 2611 928 2638 vetusta
944 2603 1091 2637 Homeri
1114 2602 1199 2636 scri-

211 2670 269 2707 pta
287 2661 489 2697 ostendunt.

432 111 637 150 SCRIPTA
665 109 741 143 1³11.
770 105 884 140 MEL.
914 103 981 138 AD
1008 103 1134 138 HIST.
1161 100 1305 138 PROF.
1330 98 1395 134 ET
1422 96 1611 134 PHILOS.
1639 96 1956 134 SPECTANTIA.

2128 100 2200 135 772

1324 183 1416 217 Sunt
1435 188 1551 215 autem
1568 183 1653 216 anni
1671 195 1688 216 a
1705 183 1842 217 diluvio
1858 183 1932 217 Noe
1947 197 2056 230 usque
2071 186 2113 218 ad
2132 182 2206 218 bel-

1194 275 1197 283 ·
1222 236 1296 268 lum
1319 232 1516 266 Troianum
1542 233 1680 266 circiter
1703 234 1817 275 mille,
1855 235 1950 278 quod
1978 236 2020 267 ad
2050 242 2207 278 tempora

1195 291 1196 294 ’
1225 284 1309 319 Saul
1328 284 1450 316 refero.
1493 281 1580 316 Inde
1595 283 1740 327 intelligi
1762 291 1884 329 potest,
1912 282 2081 327 Graecam
2099 282 2209 318 histo-

1196 334 1197 337 ’
1223 336 1312 368 riam
1334 334 1446 367 multo
1470 333 1698 367 recentiorem
1723 346 1795 367 esse
1821 334 1987 368 Mosaica.
2043 333 2120 367 Etsi
2148 347 2211 368 au-

1224 393 1293 420 tem
1318 384 1507 418 vetustiora
1533 385 1702 429 quaedam
1727 392 1951 419 recensentur
1977 392 2056 419 ante
2078 385 2209 418 bellum

1197 429 1200 483 ἷ
1227 435 1448 475 Troianum,
1483 441 1600 467 tamen
1628 435 1688 468 illa
1712 446 1784 468 non
1808 436 1928 468 multis
1951 437 2052 469 annis
2075 442 2212 468 antece-

1198 486 1200 498 “
1227 488 1327 520 dunt.
1380 483 1482 517 ..Nihil
1506 492 1557 518 est
1581 485 1708 518 clarius
1724 485 1960 528 Argonautica
1984 486 2212 529 expeditione.

1229 537 1298 571 Sed
1329 533 1419 568 hanc
1449 542 1709 570 antecesserunt
1730 532 1948 568 Erechtheus
1976 533 2214 576 Atheniensis,

1200 611 1203 643 ἦ
1228 587 1289 632 qui
1310 587 1424 619 clarus
1448 585 1559 619 factus
1594 593 1644 620 est
1672 586 1891 630 repressione
1914 583 2111 626 Thracum,
2152 587 2213 630 qui

1201 651 1203 682 ῃ
1230 637 1383 671 Atticam
1401 637 1614 672 invaserant,
1657 636 1743 669 Item
1763 633 1869 668 Pers
1884 647 1977 675 eas,
2005 637 2064 680 qni
2081 636 2212 669 bellum

1201 686 1204 708 l
1230 687 1332 731 gessit
1359 700 1436 719 cum
1455 686 1589 726 Persis,
1631 694 1663 720 et
1681 686 1864 729 Gorgonas
1888 687 2012 719 occidit
2042 687 2075 719 in
2094 686 2215 731 Libya.

1202 742 1204 746 “
1230 738 1353 771 Postea
1371 745 1403 769 et
1419 736 1573 770 Cadmus
1589 749 1627 769 ex
1644 735 1833 770 Phoenicia
1852 738 1886 768 in
1908 736 2087 770 Boeotiam
2116 737 2216 769 navi-

1231 789 1341 831 gaxit,
1384 795 1417 820 et
1448 788 1591 820 numina
1626 788 1784 820 indicant
1817 788 1999 830 originem.
2064 787 2216 821 Cadmus

1203 828 1205 862 l
1231 839 1323 871 enini
1340 839 1457 880 lingna
1469 836 1686 871 Phoenicum
1703 839 1873 880 significat
1891 838 2106 870 orientalem.
2145 837 2216 870 [No-

1204 880 1206 929 ξ
1231 890 1325 921 mina
1345 889 1479 922 Semele
1498 896 1530 921 et
1549 889 1612 921 lno
1630 889 1773 921 suerunt
1798 889 2049 931 appellationes
2074 889 2217 921 simula-

1204 946 1207 998 ἰ
1232 951 1381 972 crorum.
1450 938 1586 971 Semele
1619 951 1760 981 prorsus
1790 939 1960 981 significat
1985 939 2131 980 effigiem
2158 949 2217 970 sen

1204 989 1471 1022 zsixnulacrutn.
1518 989 1580 1020 lno
1598 990 1786 1022 fortunam.
1836 987 1957 1021 Theba
1972 989 2101 1022 navim.
2142 986 2219 1022 Etsi

1203 1030 1207 1080 i
1232 1044 1347 1069 autem
1366 1038 1445 1068 illae
1463 1044 1616 1070 vetustae
1638 1038 1855 1070 narrationes
1876 1039 1996 1080 plenae
2020 1046 2099 1070 sunt
2118 1039 2217 1070 fabu-

1205 1087 1207 1112 ἒ·
1232 1087 1364 1124 larum,
1392 1093 1508 1118 tamen
1522 1085 1614 1118 nihil
1632 1087 1779 1120 dubium
1798 1094 1868 1127 est,
1895 1089 2022 1120 multas
2044 1099 2097 1120 res
2121 1099 2219 1120 veras

1233 1137 1303 1168 illis
1321 1136 1513 1168 involucris
1534 1136 1741 1178 significatas
1767 1147 1848 1168 esse.
1904 1135 2139 1178 Argonautica
2162 1148 2220 1169 ex-

1234 1186 1366 1230 peditio
1383 1192 1497 1229 postea
1515 1186 1724 1218 celebratior
1741 1194 1807 1225 est,
1841 1186 1883 1218 ad
1911 1198 2013 1230 qnam
2042 1187 2219 1232 praecipui

1234 1236 1416 1279 Principes
1441 1248 1480 1268 ex
1506 1238 1668 1269 universa
1694 1235 1840 1269 Graecia
1865 1244 2124 1276 convenerunt,
2159 1238 2219 1281 qui

1236 1288 1271 1319 in
1289 1284 1489 1320 Colchicam
1507 1288 1550 1319 ad
1570 1285 1689 1319 Velius
1712 1299 1857 1319 aureum
1882 1287 2048 1319 dicuntur
2073 1287 2220 1330 profecti

1236 1350 1326 1377 esse,
1361 1337 1398 1369 id
1423 1343 1491 1374 est,
1524 1338 1567 1369 ad
1591 1348 1694 1369 venas
1724 1337 1926 1369 metallicas.
1992 1336 2080 1369 Nam
2114 1335 2220 1370 hodie

1236 1399 1375 1433 quoque
1392 1394 1474 1420 sunt
1491 1388 1527 1419 in
1545 1388 1604 1420 illa
1623 1388 1752 1420 vicinia
1777 1387 1966 1430 locupletes
1991 1399 2108 1420 venae.
2170 1386 2221 1421 Ac

1235 1439 1310 1471 fieri
1330 1444 1463 1481 potest,
1491 1445 1530 1471 ut
1547 1438 1775 1482 profectionis
1791 1438 1924 1471 occasio
1940 1438 2045 1471 fuerit
2070 1438 2222 1470 crudeli-

1236 1496 1288 1522 tas
1311 1490 1439 1521 Aeetae
1464 1489 1554 1531 regis
1579 1486 1826 1521 Colchicornm
1850 1489 2016 1520 adversus
2041 1485 2220 1532 Phryxum

1211 1558 1213 1566 =
1236 1546 1270 1573 et
1294 1538 1368 1571 eius
1389 1538 1491 1572 filios.
1559 1538 1710 1581 Fuitque
1740 1539 1994 1581 propemodum
2018 1538 2096 1571 talis
2122 1550 2222 1581 prae-

1211 1610 1214 1620 .
1236 1589 1528 1623 stantissimorum
1546 1588 1769 1632 Principum,
1802 1588 1897 1621 ultro
1914 1595 2069 1631 suscepta
2088 1589 2225 1628 militia,

1237 1640 1350 1684 qualis
1366 1639 1432 1672 suit
1449 1638 1654 1682 Principum
1666 1637 1958 1671 Germanicorum
1970 1663 1980 1677 ,
2006 1637 2225 1671 Gallicorum

1240 1694 1273 1721 et
1300 1687 1522 1727 Italicorum,
1555 1689 1616 1731 qui
1640 1689 1727 1721 duce
1746 1686 1942 1720 Godesrido
1966 1686 2150 1720 Bilionaeo
2171 1700 2226 1720 re—

1239 1744 1451 1781 cuperarunt
1469 1736 1736 1781 lerosolymam,
1763 1748 1914 1780 quorum
1932 1738 2060 1770 virtute
2086 1739 2147 1770 din
2170 1751 2224 1771 re-

1240 1787 1350 1832 pressi
1373 1794 1456 1820 sunt
1481 1786 1609 1825 Turci,
1652 1793 1692 1819 ut
1713 1787 1848 1819 tardius
1871 1787 1973 1830 potiti
1997 1788 2066 1821 sint
2086 1786 2169 1821 Asia
2193 1796 2225 1821 et

1241 1838 1377 1871 Graeco
1409 1838 1571 1881 imperio.
1644 1835 1727 1870 Fuit
1759 1843 1874 1870 autem
1905 1836 2122 1871 Godefridus
2154 1840 2225 1871 dux

1239 1885 1506 1931 Lotharingiae,
1531 1894 1570 1921 ut
1589 1898 1651 1921 suo
1671 1887 1747 1920 loco
1764 1887 1938 1925 dicemus,
1965 1888 2002 1920 in
2020 1890 2139 1921 eadem
2163 1901 2227 1923 na-

1242 1948 1297 1973 tus
1320 1939 1474 1979 familia,
1509 1938 1545 1971 in
1567 1950 1634 1983 qua
1657 1938 1729 1971 nati
1757 1945 1838 1971 sunt
1861 1939 1965 1971 duces
1980 1937 2170 1981 Bergenses
2195 1946 2227 1973 et

1244 1989 1465 2023 luliacenses.
1506 1988 1641 2022 Nomen
1659 1995 1774 2022 autem
1792 1987 1915 2033 Argo
1939 1996 2066 2022 certam
2082 1990 2227 2033 figuram

1242 2041 1340 2073 navis
1364 2040 1552 2083 significat,
1577 2046 1609 2072 et
1628 2039 1910 2082 Argonautarum
1926 2040 2099 2083 expeditio
2118 2041 2227 2074 collo-

1243 2092 1351 2124 canda
1367 2098 1417 2124 est
1433 2091 1469 2123 in
1486 2097 1622 2134 tempus
1641 2090 1796 2123 vicinum
1813 2090 1916 2124 aetati
1934 2090 2133 2130 Samsonis,
2168 2103 2227 2123 cu-

1243 2143 1297 2175 ius
1322 2148 1527 2175 coaetaneus
1550 2141 1616 2174 fuit
1640 2141 1820 2175 Hercules.
1883 2139 2024 2175 Caetera
2047 2142 2090 2173 de
2113 2140 2226 2183 Argo-

1218 2184 1221 2224 l
1244 2193 1360 2226 nautis
1377 2192 1522 2235 legenda
1536 2198 1617 2225 sunt
1633 2191 1672 2225 in
1690 2191 1844 2224 carmine
1863 2190 2054 2236 Apollonii.

1346 2243 1514 2288 Sequitur
1545 2242 1819 2284 Argonauticam
1851 2241 2104 2286 expeditionem
2130 2239 2228 2274 The-

1219 2270 1336 2338 lbana
1367 2291 1531 2334 historia,
1576 2294 1679 2337 plena
1717 2290 1942 2326 horribilium
1975 2292 2227 2335 exemplorum.

1220 2348 1221 2382 ζ
1244 2344 1400 2379 Duxerat
1415 2345 1556 2387 ignarus
1572 2350 1718 2377 matrem
1728 2341 1899 2386 Oedipus,
1920 2342 1980 2386 qui
1998 2349 2114 2386 postea
2130 2340 2228 2377 hiatu

1245 2403 1358 2429 terrae
1375 2397 1559 2439 absorptus
1577 2401 1646 2432 est,
1674 2402 1706 2428 et
1731 2394 1792 2426 filii
1814 2395 1857 2426 de
1879 2404 1985 2435 regno
2011 2393 2229 2432 dimicantes,

1249 2447 1382 2480 mutuis
1405 2446 1613 2479 vulneribus
1635 2443 1806 2477 interfecti
1831 2450 1923 2476 sunt.
1979 2442 2094 2476 Mater
2113 2445 2228 2476 iacens

1248 2498 1340 2531 inter
1354 2498 1445 2531 filios
1462 2497 1680 2534 vulneratos,
1706 2494 1772 2526 sibi
1792 2494 1856 2537 ipsi
1874 2501 2018 2526 mortem
2036 2494 2228 2527 consciscit.

1248 2548 1361 2583 Filius
1385 2548 1562 2593 Polynicis
1588 2543 1831 2584 Thersander,
1859 2545 1918 2589 qui
1942 2542 2076 2577 Thebis
2099 2545 2228 2588 potitus

1251 2607 1343 2641 erat,
1377 2607 1495 2644 postea
1521 2598 1558 2630 in
1585 2595 1805 2639 expeditione
1836 2594 1991 2628 Troiana
2021 2595 2229 2628 interficitur

1223 2679 1226 2692 ,
1250 2662 1268 2683 a
1287 2648 1457 2694 Telepho.
1514 2647 1562 2681 lta
1588 2658 1706 2680 rerum
1734 2646 1837 2680 series
1864 2646 2035 2685 ostendit,
2061 2657 2132 2678 non
2151 2645 2228 2677 lon-

1205 1142 1208 1184 Ξ

1206 1185 1209 1201 l

1207 1246 1209 1263 Ι

1207 1329 1210 1352 l
