2324 2955
184 137 254 174 712

950 517 1455 557 CHRONICON.

186 663 373 712 Legerunt
389 664 550 698 historias
578 664 743 696 omnibus
766 663 938 696 aetatibus
962 663 1065 696 etiam
1081 660 1172 695 Eth-

188 721 278 761 nici,
303 728 334 753 et
354 718 434 762 qnia
454 715 606 757 cognitio
634 727 693 758 per
716 726 786 746 sese
813 714 1002 757 expetitur,
1036 719 1068 746 et
1092 713 1172 757 quia

188 772 224 803 in
249 769 413 813 exemplis
433 765 642 809 multiplices
665 765 1018 796 comxnonefactiones
1043 775 1172 806 propo-

188 828 340 860 nuntur,
366 826 439 852 tum
464 817 505 849 de
520 815 674 860 privatae
692 814 783 848 xitae
801 814 943 854 officiis,
971 820 1003 847 et
1027 815 1069 846 de
1093 825 1174 845 cau-

189 875 235 906 sis
269 870 524 907 calamitatum,
559 871 633 898 tum
658 877 739 897 vero
767 866 810 897 de
835 865 990 897 consiliis
1015 864 1174 907 publicae

188 918 471 967 gubernationis,
498 924 529 950 et
547 917 588 948 de
606 917 716 949 causis
738 915 927 947 multarum
947 913 1173 946 horribilium

188 973 421 1008 mutationum
444 969 481 1000 in
506 967 680 1010 imperiis,
720 966 807 998 sicut
838 965 1041 1007 gravissime
1068 964 1174 1007 Poly-

188 1026 269 1059 bius
299 1020 434 1065 inquit:
476 1017 653 1051 Historiae
683 1016 919 1058 cognitionem
942 1026 1013 1047 esse
1036 1014 1175 1046 verissi-

189 1086 283 1109 mam
300 1070 557 1105 institutionem
579 1074 611 1100 et
628 1066 928 1110 praeparationem
954 1066 996 1095 ad
1022 1063 1177 1095 actiones

191 1124 368 1170 politicas,
394 1127 427 1152 et
449 1119 617 1152 illustrem
643 1116 840 1157 magistram
869 1115 909 1145 ad
935 1113 1177 1155 perferrendas

191 1178 352 1209 fortunae
368 1171 470 1203 sices.
524 1166 600 1200 Etsi
617 1174 731 1198 autem
749 1166 790 1197 de
810 1164 947 1208 Potybii
973 1163 1064 1195 dieto
1082 1173 1176 1194 nunc

191 1238 264 1259 non
282 1224 437 1266 disputo:
465 1227 580 1252 tamen
599 1217 820 1248 manil‘estin‘n
839 1221 899 1252 est,
922 1214 1076 1256 exempla
1094 1224 1177 1244 con-

191 1277 350 1310 siliorum
379 1272 415 1303 in
447 1267 700 1313 gubernatione
728 1265 877 1297 multum
899 1265 1071 1307 prodesse.
1133 1261 1180 1295 Ut

190 1327 275 1361 urbs
291 1323 406 1357 Roma
429 1318 632 1364 praecipuas
656 1317 764 1357 leges,
793 1323 825 1348 et
849 1314 1061 1346 iudiciorum
1083 1312 1180 1344 ordi-

191 1389 272 1410 nem
289 1371 420 1415 accepit
439 1383 456 1403 a
476 1369 613 1402 civitate
632 1365 756 1400 Attica.
811 1365 921 1408 Saepe
938 1365 1038 1398 etiam
1060 1363 1180 1407 singu-

192 1427 279 1461 laria
305 1422 461 1465 exempla
486 1419 582 1452 illius
607 1416 838 1461 Reipublicae
871 1415 1005 1448 imitata
1032 1421 1098 1453 est,
1141 1419 1180 1445 ut

194 1489 272 1512 cum
307 1483 494 1508 usurarum
531 1469 736 1510 magnitudo
772 1467 933 1510 praebuit
962 1464 1179 1498 occasionem

194 1524 445 1562 seditionibus,
472 1520 658 1553 consilium
677 1518 818 1551 Solonis
839 1522 953 1553 secuta
974 1522 1023 1548 est
1043 1516 1085 1547 de
1111 1523 1181 1547 oet-

196 1573 374 1623 σαχθεία,
401 1580 433 1606 et
449 1571 581 1612 redegit
604 1580 726 1602 usuras
751 1568 794 1600 ad
818 1566 1033 1599 centesimas.
1094 1563 1181 1596 Item

197 1614 274 1664 cum
301 1625 482 1658 interfecto
506 1620 597 1653 lulio
612 1646 620 1659 ‚
651 1619 763 1652 sanxit
786 1617 935 1651 Senatus
961 1611 1181 1659 ἀμνηστίαν,

196 1687 236 1714 ut
258 1679 385 1711 fecerat
402 1671 553 1708 Athenis
567 1668 825 1714 Thrasybulus.
877 1665 924 1699 Et
944 1673 982 1698 ut
1000 1665 1183 1709 Lysander

198 1730 235 1763 in
246 1726 393 1761 Graecia
408 1721 589 1757 constituit
603 1716 830 1767 ὀλιγαρχίαν,
854 1729 891 1749 ac
909 1715 1038 1760 populo
1054 1713 1184 1769 ademit

199 1788 370 1814 summam
396 1773 635 1811 autoritatem,
669 1777 702 1803 et
726 1767 875 1802 removit
899 1765 1089 1804 Oratores,
1123 1776 1184 1808 qni

200 1828 371 1875 populum
390 1823 626 1858 concitabant:
656 1820 702 1853 sic
720 1819 855 1867 Romae
871 1816 967 1862 Sylla
988 1814 1185 1848 debilitavit

200 1874 421 1914 tribunitiam
443 1879 658 1918 potestatem.
717 1869 839 1902 Postea
865 1867 1044 1909 Angustus
1071 1871 1183 1920 totum

202 1933 256 1965 ius
289 1925 496 1962 tribunitiae
528 1920 707 1966 potestatis
732 1920 775 1952 ad
802 1929 836 1951 se
860 1929 970 1950 unum
994 1914 1185 1951 transtulit,

201 1981 283 2027 quia
298 1975 496 2021 saepissime
512 1973 655 2006 fuerunt
667 1969 822 2003 Tribuni
840 1968 942 2001 tubae
962 1966 1185 1999 seditionum.

202 2032 285 2066 Ideo
308 2035 422 2061 antem
441 2023 619 2066 Angustus
637 2022 679 2054 ad
702 2031 773 2053 sese
797 2017 994 2057 transtulit,
1020 2022 1058 2049 ut
1082 2015 1186 2048 etiam

203 2093 282 2116 cum
298 2090 370 2112 non
389 2083 461 2110 erat
477 2073 628 2112 Consul,
649 2072 703 2104 ius
718 2071 884 2103 retineret
900 2066 1116 2101 convocandi
1134 2076 1187 2097 se-

205 2140 325 2170 natus,
352 2127 444 2173 quod
464 2124 634 2158 habuerat
652 2128 802 2165 potestas
818 2118 1014 2153 tribunitia.
1062 2115 1110 2149 Et
1130 2127 1186 2148 re-

205 2183 304 2226 gulae
327 2179 405 2211 illae
428 2176 574 2210 tutiores
591 2179 687 2206 sunt:
715 2169 782 2205 οὐκ
802 2169 952 2217 ἄγαθον
969 2168 1188 2211 πολυκοιρα-

206 2231 277 2277 νίη.
329 2228 436 2267 Item,
467 2222 721 2269 sapientissime
746 2220 955 2254 constitutus
979 2224 1029 2251 est
1051 2223 1189 2272 senatus

206 2281 406 2317 Electorum
422 2278 459 2309 in
470 2273 680 2313 Germania,
708 2272 768 2317 qui
786 2272 854 2303 iam
872 2269 974 2302 annis
990 2268 1189 2313 quingentis

208 2342 336 2366 nervus
351 2328 417 2362 fuit
433 2324 636 2360 Germanici
653 2322 801 2366 imperii.
860 2319 939 2361 Etsi
957 2326 1073 2352 autem
1091 2323 1189 2350 auto-

208 2395 262 2418 res
277 2379 383 2414 huius
396 2376 636 2411 consiliiDeus
653 2371 821 2416 singulari
832 2371 937 2404 modo
953 2369 1054 2403 rexit:
1073 2374 1191 2400 tamen

209 2430 366 2475 exempla
381 2428 496 2471 aliqua
513 2426 748 2459 considerasse
765 2435 822 2456 eos
840 2427 1110 2454 consentaneum
1131 2423 1191 2474 est.

209 2483 256 2519 Et
271 2492 359 2526 pene
372 2478 520 2511 similem
536 2481 741 2517 potestatem
757 2474 793 2506 in
810 2472 1070 2525 Lacedaemone
1087 2480 1192 2525 quui-

209 2546 277 2580 que
286 2528 422 2575 Ephori
441 2525 651 2565 habuerunt,
677 2531 736 2558 aut
752 2524 853 2557 initio
872 2528 1000 2566 septem
1011 2519 1192 2562 Prmmpes

212 2587 249 2618 in
264 2580 418 2617 Perside.
1163 2619 1171 2626 ι

311 2631 382 2665 Nec
398 2634 532 2662 tantum
558 2625 598 2657 ad
620 2625 848 2657 imitationem
876 2624 1053 2657 bonorum
1077 2630 1192 2654 consi-

217 2687 347 2718 liorum
374 2679 514 2724 prodest
539 2673 701 2714 historia,
735 2682 769 2707 ut
797 2675 945 2708 imitatio
967 2679 1189 2714 strategema-

1226 667 1319 698 tum,
1346 660 1403 692 sed
1424 660 1535 693 multo
1553 660 1727 702 magis'ad
1753 659 2066 702 praemonitionem
2093 659 2130 691 in
2154 671 2210 692 ca-

1226 710 1347 742 vendis
1367 711 1479 744 causis
1503 708 1729 743 horribilium
1757 710 1989 743 mutationum
2016 717 2049 743 et
2070 710 2212 742 calami-

1225 766 1355 800 tatum,
1382 773 1460 794 cum
1478 761 1595 803 regula
1612 760 1821 793 universalis
1837 761 1896 793 sit:
1926 758 2069 793 Ati-ocia
2089 760 2213 793 delicta

1227 811 1424 854 puniuntur
1442 811 1618 844 atrocibus
1634 811 1755 854 poenis
1773 811 1809 842 in
1827 808 1891 843 hac
1909 810 1988 845 vita.
2063 809 2214 843 {ecitant

1227 859 1391 894 historiae
1411 863 1570 894 omnium
1595 868 1793 905 temporum
1818 861 1993 904 exempla,
2026 862 2068 894 de
2093 862 2214 905 poenis

1227 909 1542 954 blasphemiarum,
1577 912 1834 956 periuriorum,
1868 911 2072 955 tyrannicae
2091 913 2214 944 crude-

1228 961 1356 1001 litatis,
1394 963 1626 1002 seditionum,
1662 962 1914 1004 flagitiosarum
1940 962 2148 1002 libidinum,
2183 968 2217 995 et

1227 1011 1452 1053 rapinarum,
1490 1023 1576 1055 quae
1607 1023 1739 1055 poenae
1766 1012 1964 1044 testimonia
1989 1020 2069 1046 sunt
2097 1012 2218 1055 provi·

1229 1061 1368 1092 dentiae
1402 1068 1435 1093 et
1467 1061 1588 1093 indicii
1618 1061 1749 1101 divini,
1791 1068 1824 1093 et
1848 1058 1974 1093 harum
1998 1062 2216 1103 regularum:

1229 1109 1308 1142 Non
1326 1108 1576 1142 habebitDeus
1594 1111 1779 1145 insontem,
1796 1111 1997 1154 quicunque
2012 1110 2097 1143 vane
2115 1123 2218 1144 usur-

1232 1166 1289 1202 pat
1312 1171 1440 1191 nomen
1464 1160 1548 1193 eius.
1611 1158 1713 1191 Item:
1757 1158 1828 1200 Qui
1855 1159 2010 1199 gladium
2039 1161 2219 1204 acceperit.

1230 1210 1345 1251 gladio
1365 1210 1504 1252 peribit.
1560 1207 1644 1241 Item
1665 1210 1706 1241 de
1726 1209 1953 1241 libidinibus:
1988 1208 2118 1243 Omnis
2142 1211 2220 1243 ani-

1231 1272 1307 1299 ma,
1349 1272 1435 1303 quae
1458 1259 1579 1292 fecerit
1601 1259 1881 1291 abominationes
1914 1257 1992 1300 has,
2034 1261 2219 1294 delebitur.

1234 1309 1335 1342 Item:
1366 1308 1443 1342 veh
1461 1311 1520 1354 qui
1537 1309 1676 1352 spolias,
1695 1309 1775 1353 quia
1793 1309 2011 1352 spoliaberis.
2044 1308 2090 1344 Et
2109 1317 2221 1354 potest

1234 1372 1297 1392 ceu
1321 1372 1507 1393 commune
1532 1366 1775 1402 argumentum
1801 1359 1947 1393 inscribi
1974 1361 2140 1394 omnibus
2165 1359 2222 1394 hi-

1234 1410 1365 1444 storiis:
1394 1409 1525 1444 Discite
1544 1410 1719 1444 iusticiam
1740 1410 1885 1450 moniti,
1915 1417 1947 1443 et
1972 1423 2045 1445 non
2067 1419 2222 1448 temnere

1234 1460 1356 1496 Divos.

1337 1534 1475 1568 Deinde
1493 1535 1535 1567 de
1553 1536 1673 1568 multis
1690 1535 1924 1578 peculiaribus
1941 1537 2094 1579 negociis
2111 1535 2220 1572 histo-

1234 1587 1286 1619 ria
1304 1591 1435 1619 monet.
1476 1584 1586 1629 Saepe
1602 1586 1746 1618 fuerunt
1762 1586 1914 1619 infelicia
1932 1587 2072 1620 foedera
2085 1612 2094 1625 ‚
2122 1600 2223 1631 prae-

1235 1636 1355 1669 sertim
1374 1635 1575 1676 dissimilia,
1609 1642 1643 1669 et
1668 1636 1748 1680 quia
1774 1636 1899 1668 fidncia
1923 1637 2146 1680 propriarum
2171 1639 2225 1670 vi-

1236 1687 1327 1719 rium
1344 1692 1394 1717 est
1409 1686 1564 1718 insolens
1579 1692 1611 1718 et
1627 1686 1760 1717 infelix.
1805 1685 1907 1718 Unde
1925 1687 2100 1730 sequitur,
2129 1689 2224 1732 quod

1237 1736 1370 1768 dictum
1397 1741 1445 1767 est
1477 1747 1496 1767 a
1520 1733 1748 1777 Theognide:
1789 1733 1898 1781 ὕβρις
1925 1734 1988 1770 καὶ
2015 1735 2226 1785 ῘἉάγνητας

1237 1782 1417 1826 ἀπώλεσε,
1441 1782 1502 1817 καὶ
1519 1786 1739 1830 Κολοφῶνα.
1792 1784 1839 1818 Et
1861 1787 1994 1819 accedit
2019 1785 2103 1829 hoc,
2130 1790 2226 1833 quod

1238 1848 1358 1869 causae
1376 1834 1563 1868 dissimiles
1586 1842 1689 1875 sunt,
1716 1836 1778 1869 uhi
1802 1837 1904 1870 multi
1930 1837 2116 1871 dissimiles
2140 1851 2226 1872 con-

1238 1886 1349 1920 iuncti
1373 1892 1465 1918 sunt.
1518 1884 1584 1926 Ut,
1615 1883 1888 1920 Atheniensium
1913 1894 1946 1920 et
1971 1886 2227 1933 Corcyreorum

1238 1938 1361 1970 foedus
1387 1936 1545 1980 utrisque
1568 1936 1705 1968 exitiale
1730 1937 1813 1977 fuit,
1847 1949 1926 1970 cum
1950 1935 2058 1971 Attici
2085 1946 2228 1983 propter

1239 1987 1525 2021 coniunctionem
1550 1998 1628 2018 curn
1651 1985 1851 2032 Corcyreis,
1888 2000 1992 2032 quam
2013 1989 2167 2023 fecerant
2190 1991 2228 2023 in

1240 2049 1342 2072 causa
1362 2037 1487 2076 dubia,
1514 2036 1705 2070 movissent
1728 2038 1861 2070 bellum
1877 2036 2228 2082 Peloponnesiacum.

1241 2088 1328 2122 Item
1343 2094 1461 2131 postea
1478 2093 1620 2130 propter
1641 2087 1765 2120 foedus
1783 2100 1860 2121 cum
1878 2085 2119 2123 Phocensibus
2136 2091 2228 2123 sedi-

1241 2139 1338 2173 tiosis
1354 2143 1572 2171 attraxerunt
1588 2149 1701 2180 regem
1719 2137 2000 2172 Macedonicum.
2046 2138 2093 2173 Et
2109 2140 2227 2183 regula

1242 2196 1293 2223 est
1324 2190 1366 2222 de
1395 2187 1626 2221 dissimilibus
1647 2188 1846 2222 foederibus
1869 2190 1959 2233 apud
1983 2187 2228 2235 Thucydidem

1243 2240 1335 2273 libro
1351 2238 1471 2272 tertio:
1494 2236 1555 2272 Ἕν
1571 2240 1625 2284 τῷ
1648 2235 1901 2274 ὃιαλλάτῖοντι
1922 2241 2072 2286 γνωμῆς
2094 2238 2228 2286 διαφο-

1243 2288 1304 2337 ραὶ
1333 2289 1452 2336 ἔργων
1480 2286 1749 2329 καθίστανται,
1788 2290 1823 2322 id
1856 2296 1922 2322 est:
1965 2288 2229 2326 Dissidentibus

1243 2340 1473 2386 opinionibus
1490 2347 1524 2374 et
1540 2340 1783 2374 voluntatibus
1798 2341 1885 2372 fiunt
1900 2339 2037 2374 diversa
2055 2353 2171 2385 opera.

1343 2413 1455 2448 Docet
1472 2413 1573 2455 item,
1600 2421 1736 2448 tantum
1752 2414 1944 2447 necessaria
1967 2416 2124 2451 facienda
2145 2429 2229 2459 esse,

1244 2478 1307 2499 nec
1321 2465 1514 2498 movendas
1539 2475 1610 2498 esse
1630 2475 1684 2497 res
1706 2475 1779 2496 non
1803 2466 2011 2500 necessarias
2027 2464 2140 2501 ‘stulta
2163 2481 2229 2503 πο-

1244 2511 1555 2564 λυπραγμοσύνῃ,
1581 2525 1669 2559 quae
1686 2514 1799 2547 varias
1816 2512 1920 2549 habet
1935 2528 2062 2553 causas,
2115 2517 2229 2553 Inter-

1245 2569 1329 2600 dum
1359 2566 1547 2600 aemulatio
1576 2564 1731 2597 incendit
1759 2565 1914 2606 animos,
1946 2574 2002 2608 ut,
2037 2567 2173 2603 Marius
2196 2577 2230 2603 et

1245 2617 1433 2661 Pompeius
1467 2615 1558 2649 bella
1593 2614 1709 2648 civilia
1743 2622 1931 2650 moverunt
1961 2619 2146 2663 praecipue
2189 2632 2228 2653 ex

1245 2667 1490 2702 aemulatione.
1544 2663 1725 2698 Interdum
1749 2666 1879 2709 ingenii
1907 2669 2099 2711 pertinacia
2121 2676 2229 2704 attra-
