2324 2955
88 125 137 161 29

88 207 257 243 mediocri
275 208 459 247 exercitio,
486 213 545 240 aut
561 206 713 239 tersione
732 206 840 238 laxari
855 211 1017 250 possunt,
1042 205 1071 237 si

88 260 165 305 quis
189 266 321 292 meatus
346 270 416 290 non
440 258 587 300 ignoret.
641 255 802 301 Denique
825 256 927 288 multi
952 255 1070 297 magni

87 310 203 343 morbi
235 309 337 342 initio
367 307 536 341 mediocri
566 307 810 340 observatione
840 306 967 349 depelli
993 317 1071 348 pos-

88 367 180 400 sunt,
209 360 269 404 qui
288 358 504 398 confirmati,
531 364 648 402 postea
665 369 737 390 non
754 363 900 401 possunt
914 368 979 400 ope
997 367 1071 388 me-

88 411 165 444 dica
181 410 269 444 tolli.

190 458 319 493 Gravis
342 458 449 502 igitur
471 470 571 491 causa
596 464 646 491 est
669 458 818 490 tuendae
835 469 916 490 cura
934 457 1070 489 valetu-

90 509 202 544 diuis:
245 521 308 542 cur
340 507 424 542 haec
455 509 555 542 initia
582 507 776 541 anatomica
800 507 964 539 discenda
989 506 1070 540 sint.

85 559 133 595 Et
149 560 317 604 praecipit
334 559 445 597 Deus,
471 571 543 591 non
560 559 673 591 solum
691 557 779 590 tueri
798 558 954 601 corporis
972 557 1070 588 iuco-

86 611 300 650 lumitatemâ€š
342 611 399 642 sed
430 609 533 641 etiam
566 607 736 641 honorem
766 605 895 640 habere
919 607 1069 650 corpori,

87 662 169 707 quia
186 667 219 694 et
237 672 291 693 ars
309 661 345 692 in
361 658 589 692 fabricatione
607 658 847 692 testimonium
864 665 912 691 est
936 659 979 689 de
993 655 1067 689 Deo

87 711 229 756 opifice,
256 716 289 743 et
306 716 423 743 nostra
446 710 602 743 membra
624 715 706 743 sunt
724 721 854 751 organa
877 708 1067 741 multarum

86 762 286 795 divinarum
303 760 495 793 actionum.

187 810 257 845 Sed
280 811 496 844 considerate
519 816 551 843 et
574 808 660 842 alias
682 820 818 842 causas:
854 807 998 842 Necesse
1019 813 1069 840 est

86 863 122 895 in
140 861 395 905 gubernatione
415 871 574 899 morum,
601 860 688 893 scire
707 860 896 893 discrimen
921 858 1069 893 noticia-

85 925 164 947 rum
181 918 214 945 et
231 918 388 945 motuum
407 909 599 944 voluntatis
616 917 649 944 et
664 911 790 943 cordis.
830 909 918 943 Item
937 911 1068 943 instru-

86 969 203 996 menta
220 969 335 996 motus
353 961 483 994 localis.
522 959 657 993 Harum
675 972 792 994 rerum
809 958 901 993 nihil
920 959 1069 1001 intelligi

86 1020 218 1057 potest,
245 1012 274 1045 si
290 1024 363 1045 non
379 1011 449 1045 sint
466 1017 546 1044 nota
565 1011 722 1044 membra
739 1009 884 1043 humani
903 1010 1069 1053 corporis.

86 1063 243 1097 Noticiae
259 1074 344 1107 quas
361 1062 437 1095 vult
454 1060 550 1094 Deus
568 1072 640 1094 esse
663 1061 823 1094 rectrices
843 1061 952 1100 vitae,
988 1067 1069 1092 suut

85 1115 122 1147 in
141 1114 301 1154 cerebro,
329 1113 423 1158 quod
438 1112 613 1145 vibratum
641 1119 672 1145 et
694 1111 908 1144 illustratum
927 1122 946 1143 a
966 1109 1070 1153 spiri-

85 1164 181 1198 tibus
204 1164 331 1197 sormat
352 1162 532 1204 imagines.
593 1160 648 1195 Ex
680 1159 745 1195 hac
768 1163 848 1195 sede
878 1160 1069 1205 sapientiae

86 1221 278 1248 nascuntur
294 1213 418 1254 Nervi,
446 1213 507 1257 qui
523 1219 557 1246 et
572 1224 738 1245 sensuum
757 1224 886 1256 organa
902 1218 1002 1251 suut,
1034 1217 1070 1244 et

85 1272 202 1298 motus
226 1264 364 1302 localis,
390 1275 428 1296 ac
451 1263 598 1307 imperio
619 1263 804 1305 cogitantis
830 1262 937 1306 partis
961 1262 1070 1294 libere

86 1322 254 1357 reguntur
271 1325 401 1356 organa
424 1320 539 1345 motus
562 1313 692 1346 localis.
744 1312 846 1345 Ilanc
871 1313 1068 1345 libertatem

88 1365 163 1396 vult
178 1363 271 1396 Deus
290 1363 323 1394 in
343 1361 445 1394 nobis
461 1361 632 1406 reliquam
650 1372 738 1401 esse,
765 1369 803 1395 ut
821 1363 864 1395 sit
886 1362 921 1393 in
945 1368 1069 1394 natura

87 1412 270 1446 hominum
291 1412 464 1444 delectus,
492 1414 525 1440 et
543 1414 703 1440 externae
720 1414 873 1440 actiones
892 1413 935 1440 ad
959 1412 1068 1449 legem

85 1462 242 1494 divinam
260 1469 471 1500 congruere,
497 1463 529 1490 et
551 1457 594 1489 ad
620 1456 807 1490 utilitatem
830 1463 989 1489 mutuam
1012 1468 1070 1488 ac-

86 1509 302 1545 commodari
320 1507 464 1552 possint.
515 1505 679 1550 Denique
696 1513 734 1540 ut
757 1506 801 1540 sit
827 1507 863 1539 in
887 1506 989 1539 nobis
1013 1506 1068 1538 in-

85 1562 241 1596 tellectus
263 1558 455 1599 libertatis,
498 1564 531 1592 et
552 1557 701 1590 sciamus
723 1555 837 1592 Deum
864 1569 936 1590 esse
964 1568 1068 1599 agens

85 1612 317 1645 liberrimum.

189 1660 229 1694 lu
256 1661 377 1700 corde,
410 1659 504 1704 quod
534 1658 613 1691 fons
636 1665 684 1692 est
707 1658 815 1699 vitae,
847 1664 929 1691 sunt
953 1664 1068 1691 motus

85 1712 244 1752 mirifici,
276 1710 337 1756 qui
359 1710 592 1743 nominantur
613 1710 787 1750 adfectus,
813 1709 874 1754 qui
901 1716 961 1743 aut
985 1715 1068 1741 sunt

86 1764 176 1798 vitae
190 1762 378 1800 salutares,
404 1766 443 1794 ut
461 1759 613 1798 laeticia,
640 1767 700 1794 aut
715 1766 798 1794 sunt
812 1760 1002 1803 supplicia,
1029 1765 1067 1792 ut

84 1824 271 1847 moerores.
311 1810 364 1845 Ac
381 1811 529 1844 debebat
546 1810 624 1843 talis
639 1822 712 1844 esse
728 1811 916 1844 concordia
934 1809 1066 1843 cerebri

87 1872 119 1898 et
141 1863 275 1903 cordis,
310 1869 348 1896 ut
371 1873 506 1905 semper
528 1872 606 1894 cum
630 1861 770 1895 noticiis
800 1859 956 1895 honestis
980 1872 1066 1893 con-

86 1921 249 1958 gruerent
270 1920 386 1947 motus
408 1912 532 1945 cordis.
598 1910 668 1946 Sed
693 1910 749 1945 bic
771 1911 946 1945 cernimus
969 1911 1067 1943 triste

85 1965 280 1999 dissidium.
314 1963 403 1996 Nam
424 1963 514 1995 mala
529 1961 692 1996 incendia
712 1962 827 1995 cordis
843 1974 916 1995 non
932 1973 1068 2005 semper

87 2016 288 2058 extinguere
305 2013 455 2048 noticiae
471 2020 628 2056 possunt.
679 2012 761 2046 Non
779 2013 872 2046 enim
891 2013 938 2046 sic
951 2011 1067 2045 domi-

86 2072 217 2099 nantur
236 2065 384 2097 noticiae
407 2063 523 2103 cordi,
547 2063 634 2096 sicut
656 2064 774 2097 nervis
797 2063 969 2097 cientibus
990 2074 1066 2095 mo-

85 2123 159 2150 tum
175 2115 334 2148 localem.
385 2113 480 2147 Ilaec
496 2114 698 2147 discrimina
717 2126 788 2148 non
815 2113 963 2156 intelligi
986 2124 1067 2157 pos-

86 2173 186 2206 sunt,
221 2165 296 2198 sine
318 2165 477 2198 doctrina
505 2165 712 2198 anatomica.
778 2164 925 2199 Prodest
948 2170 1064 2197 autem

85 2217 245 2251 moribus
275 2215 364 2248 scire
395 2227 484 2259 quae
515 2226 594 2258 pars
624 2218 800 2260 quomodo
823 2214 1011 2257 gubernari
1033 2221 1067 2248 et

85 2266 215 2301 frenari
234 2266 351 2310 possit.
401 2264 541 2298 Deinde
556 2265 727 2299 illustrior
744 2266 780 2300 fit
797 2266 898 2299 lectio
925 2266 961 2298 in
981 2265 1066 2298 scri-

84 2318 153 2363 ptis
169 2317 302 2352 divinis
318 2323 351 2350 et
367 2315 460 2356 aliis,
487 2328 566 2350 cum
587 2316 661 2350 loca
677 2323 711 2350 et
731 2317 889 2350 membra
912 2316 1067 2360 singula-

87 2380 165 2403 rum
184 2368 363 2402 actionum
383 2366 599 2410 distinguere
616 2378 812 2411 possumus.

188 2418 315 2452 Tristis
338 2418 499 2463 quaerela
524 2424 575 2451 est
597 2419 690 2461 apud
708 2416 876 2459 Paulum,
900 2429 980 2451 cum
1002 2417 1066 2450 ait:

86 2469 210 2504 Talem
227 2479 298 2502 esse
315 2475 460 2502 naturae
477 2466 652 2502 humanae
672 2468 897 2512 pravitatem,
919 2475 958 2502 ut
975 2467 1068 2501 veri-

86 2518 280 2560 tatemDei,
307 2518 341 2551 id
359 2525 421 2560 est,
448 2518 613 2552 noticiam
632 2517 700 2552 Dei
716 2525 748 2552 et.
766 2518 899 2562 legum,
926 2525 1069 2552 teneant

86 2569 248 2605 homines
264 2569 437 2613 captivam
454 2569 492 2602 in
508 2569 696 2603 iniusticia.
730 2568 797 2602 llic
815 2569 899 2614 quid
919 2569 1068 2611 intelligi

86 2627 216 2666 potest,
240 2620 308 2653 nisi
332 2619 526 2663 distinguas
549 2620 696 2654 noticias
718 2627 751 2654 et
773 2620 944 2661 adfectus,
977 2626 1011 2653 et
1032 2620 1070 2654 fit

88 2671 234 2705 illustris
250 2670 431 2705 distinctio
452 2682 529 2705 cum
546 2671 622 2706 loca
638 2677 891 2708 monstrantur.
930 2669 1069 2707 Noticia

782 119 939 157 DECL.
975 118 1046 155 DE
1081 118 1414 158 ANATOMIA.

2060 118 2107 152 50

1123 204 1207 246 legis
1232 212 1280 238 est
1307 205 1342 236 in
1366 206 1528 246 cerebro,
1563 207 1620 239 sed
1649 205 1685 238 in
1710 206 1813 239 corde
1836 211 1917 238 sunt
1941 203 2105 236 incendia

1122 255 1297 288 contraria
1317 261 1395 287 ante
1415 257 1599 296 delictum,
1626 264 1664 290 ut
1682 256 1881 289 Alexander
1898 255 2006 287 iratus
2022 253 2104 297 Cly-

1122 312 1195 338 tum
1214 305 1389 344 interficit,
1417 306 1479 338 etsi
1496 307 1558 339 scit
1573 308 1684 339 scelus
1701 318 1773 339 esse
1788 306 1982 338 interficere
2000 303 2104 336 inno-

1122 364 1280 396 centum,
1303 362 1336 389 et
1355 356 1496 399 quidem
1515 357 1683 397 amicum,
1710 364 1742 390 et
1759 357 1848 389 bene
1864 355 2041 388 meritum.

1222 420 1360 455 Rursus
1378 429 1491 455 autem
1517 429 1716 464 congruunt
1738 422 1866 454 noticia
1892 426 1923 454 et
1948 432 2007 454 cor
2026 426 2104 462 post

1121 479 1359 516 perpetratum
1385 473 1505 507 scelus,
1571 472 1659 504 Nam
1686 470 1885 504 Alexander
1906 471 1943 503 in
1966 481 2102 503 summo

1121 534 1279 555 moerore
1297 529 1366 562 est,
1392 530 1574 567 postquam
1591 522 1672 554 fecit
1689 522 1839 554 caedem.
1889 520 1957 554 Hic
1972 526 2102 553 attente

1121 573 1415 605 considerandum
1436 580 1485 606 est
1502 572 1687 605 consilium
1704 570 1787 612 Dei,
1812 582 1919 615 quare
1934 568 2028 604 hunc
2044 581 2103 603 or-

1121 623 1240 657 dinem
1258 623 1304 656 ita
1320 624 1472 656 sanxerit
1489 622 1593 656 Deus.

1222 689 1334 724 Causa
1358 687 1442 724 haec
1466 697 1530 724 est:
1563 689 1672 732 Leges
1697 701 1818 723 omnes
1842 688 2017 731 obligant,
2048 688 2103 720 vel

1121 741 1164 774 ad
1182 741 1418 774 obedientiam
1438 741 1491 774 vel
1514 741 1556 773 ad
1582 752 1741 784 poenam.
1791 739 1979 784 Postquam
1997 738 2104 781 igitur

1121 793 1226 824 corda
1244 789 1399 824 humana
1417 803 1487 824 non
1505 797 1682 834 praestant
1703 790 1941 823 obedientiam
1963 786 2105 821 noticiis

1121 842 1252 875 divinis
1268 842 1305 874 in
1321 843 1429 883 sacto,
1456 848 1533 886 post
1548 842 1658 874 scelus
1683 852 1830 884 poenam
1854 839 2046 879 sustinent,
2073 845 2106 871 et

1121 900 1160 926 ut
1184 893 1237 926 lex
1262 899 1335 926 rata
1353 892 1414 931 sit,
1439 899 1473 926 et
1488 899 1526 926 ut
1544 904 1608 925 nos
1626 891 1862 935 intelligamus
1878 889 1940 924 has
1956 888 2103 923 noticias

1122 955 1192 977 esse
1209 943 1358 978 divinas.

1225 1010 1341 1053 Quam
1356 1010 1467 1044 multa
1484 1010 1611 1054 passim
1628 1011 1805 1052 leguntur,
1833 1020 1984 1054 quorum
2002 1005 2104 1041 enar-

1122 1060 1252 1093 rationi
1273 1073 1433 1104 magnam
1450 1061 1563 1094 lucem
1582 1062 1678 1093 addit
1697 1061 1854 1093 doctrina
1876 1059 2083 1093 anatomica.

1223 1126 1354 1160 Discite
1381 1139 1399 1160 a
1421 1139 1494 1167 me,
1529 1127 1644 1172 inquit
1668 1126 1862 1166 Dominus,
1905 1126 1985 1170 quia
2010 1125 2105 1157 mitis

1122 1188 1196 1210 sum
1216 1184 1246 1210 et
1262 1176 1406 1210 humilis
1421 1178 1537 1211 corde.
1591 1176 1633 1210 In
1656 1190 1693 1210 ea
1717 1185 1813 1221 parte
1837 1174 1992 1209 hominis
2017 1187 2105 1219 quae

1124 1229 1330 1261 nominatur
1345 1226 1512 1273 Î¸á½Î¼Î¹Îºá½´,
1538 1228 1701 1261 videlicet
1725 1229 1760 1260 in
1785 1228 1906 1265 corde,
1934 1227 2004 1258 duo
2023 1232 2105 1259 suut

1122 1279 1415 1312 turbulentissimi
1456 1286 1489 1312 et
1517 1279 1709 1312 saevissimi
1740 1279 1911 1316 adfectus,
1956 1279 2034 1310 Ira
2072 1283 2105 1309 et

1121 1329 1339 1363 Ambitio.
1401 1331 1450 1363 Hi
1468 1336 1500 1362 et
1525 1329 1626 1362 facile
1648 1330 1887 1362 accenduntur
1911 1329 1946 1360 in
1971 1327 2104 1369 maguis

1123 1380 1226 1415 viris.
1269 1387 1301 1413 et
1333 1380 1466 1413 accensi
1496 1379 1566 1412 late
1596 1379 1739 1412 turbant
1771 1378 1915 1422 imperia
1940 1383 1971 1410 et
1995 1377 2103 1410 vitam

1122 1438 1355 1463 communem.

1223 1492 1308 1526 Saul
1329 1493 1444 1526 uritur
1465 1492 1676 1532 ambitione,
1708 1498 1740 1524 et
1763 1492 1857 1525 dolet
1883 1493 1951 1525 sibi
1975 1500 2008 1526 et
2032 1493 2104 1526 filio

1120 1555 1183 1576 suo
1209 1543 1285 1576 viro
1311 1543 1503 1576 fortissimo
1528 1542 1694 1576 anteferri
1725 1550 1884 1586 tyronem
1909 1554 2030 1583 suum,
2073 1552 2103 1577 et

1121 1594 1247 1627 ardens
1264 1594 1455 1637 cupiditate
1478 1593 1673 1631 vindictae,
1700 1592 1805 1625 simul
1833 1592 1993 1626 irascitur
2013 1594 2105 1626 mul-

1120 1645 1163 1678 tis
1186 1645 1281 1686 aliis,
1321 1643 1485 1677 interficit
1508 1642 1713 1677 Sacerdotes
1737 1649 1769 1676 et
1793 1649 1883 1677 totas
1907 1655 2028 1677 eorum
2053 1644 2105 1677 fa-

1120 1696 1247 1730 milias,

1220 1753 1319 1787 Bella
1338 1753 1455 1787 civilia
1473 1760 1567 1786 mota
1585 1765 1602 1785 a
1623 1751 1737 1797 Sylla,
1765 1751 1894 1789 Mario,
1922 1750 2104 1795 Pompeio,

1120 1803 1225 1845 Iulio,
1244 1811 1320 1838 orta
1337 1811 1418 1838 sunt
1431 1805 1474 1837 ab
1490 1803 1682 1838 ambitione
1701 1810 1732 1836 et
1752 1814 1769 1835 a
1788 1802 1986 1835 domesticis
2002 1803 2105 1836 odiis.

1118 1855 1281 1900 Denique
1308 1855 1405 1888 nulla
1432 1862 1525 1888 aetas
1549 1861 1639 1887 caret
1663 1853 1841 1897 exemplis.
1902 1851 1954 1886 Ac
1975 1853 2104 1886 similia

1119 1906 1208 1939 fiunt
1224 1906 1260 1939 in
1281 1904 1439 1939 Ecclesia
1458 1905 1624 1938 omnibus
1643 1904 1873 1948 temporibus-

1219 1972 1346 2006 Arium
1368 1972 1468 2005 aiunt
1486 1971 1607 2003 dolore
1624 1970 1782 2013 repulsae
1794 1997 1803 2011 â€š
1829 1982 1906 2004 cum
1927 1982 1998 2003 non
2016 1978 2103 2004 esset

1118 2024 1226 2057 factus
1244 2022 1458 2066 Episcopus,
1484 2027 1619 2053 motum
1645 2031 1734 2059 esse,
1763 2027 1801 2054 ut
1825 2032 1918 2053 novo
1941 2022 2102 2064 dogmate

1117 2086 1236 2119 sparso
1248 2098 1257 2112 â€š
1285 2071 1451 2117 Episcopi
1467 2071 1690 2106 autoritatem
1707 2071 1941 2105 labefactaret.

1220 2140 1462 2175 Monetarium
1487 2136 1552 2172 hae
1576 2138 1687 2172 suriae
1714 2137 1906 2172 incitabant
1937 2139 2103 2173 adversus

1117 2191 1332 2233 Luffierum,
1359 2191 1440 2236 quia
1465 2190 1539 2223 eius
1561 2189 1672 2232 gloria
1690 2189 1875 2230 urebatur,
1902 2195 1934 2222 et
1951 2189 2100 2222 similem

1117 2244 1355 2277 celebritatem
1372 2242 1410 2275 in
1427 2241 1556 2285 populo
1572 2239 1769 2283 adpetebat.

1219 2300 1315 2336 Haec
1333 2302 1381 2335 ita
1398 2300 1471 2335 fieri
1488 2298 1713 2331 manifestum
1732 2303 1800 2337 est,
1831 2303 1864 2331 et
1883 2305 1998 2332 vetera
2017 2301 2102 2343 poe-

1117 2360 1208 2388 mata
1226 2359 1387 2392 narrantâ€š
1413 2358 1453 2384 ut
1470 2349 1585 2394 inquit
1602 2351 1720 2392 poeta:

1322 2405 1452 2436 Patriam
1469 2410 1564 2433 tamen
1580 2403 1677 2431 obruit
1694 2403 1781 2431 olim.

1118 2454 1243 2489 Gloria
1260 2464 1471 2499 paucorum,
1498 2450 1612 2484 laudis
1628 2449 1792 2493 titulique
1807 2448 1946 2491 cupido.

1220 2512 1294 2547 Has
1307 2513 1413 2556 igitur
1431 2517 1554 2554 pestes,
1581 2508 1751 2541 iniustam
1770 2506 2000 2543 iracundiam,
2028 2519 2103 2540 am-

1118 2564 1303 2605 bitionem,
1330 2562 1555 2606 cupiditatem
1571 2559 1758 2598 vindictae,
1786 2557 1860 2590 vult
1876 2557 1993 2590 abesse
2013 2558 2103 2590 tilius

1118 2615 1204 2657 Dei,
1231 2626 1309 2648 cum
1328 2625 1346 2647 a
1363 2612 1506 2646 caeteris
1523 2610 1701 2650 omnibus,
1726 2615 1800 2642 tum
1820 2619 1901 2640 vero
1919 2609 2104 2651 praecipue

1119 2681 1140 2703 a
1154 2664 1456 2712 gubernatoribus
1468 2660 1656 2703 Ecclesiae,
1683 2666 1717 2694 et
1733 2670 1806 2694 sese
1821 2658 1986 2703 proponit
2003 2658 2106 2692 nobis
