2324 2955
203 124 276 157 283

205 215 237 241 et
255 194 671 251 persuadeasImperatori
692 194 748 236 pio
761 217 768 227 ,
797 203 840 223 ne
856 202 909 222 me
927 195 1068 233 propter
1085 187 1183 230 igna—

204 258 296 290 viam
312 267 381 286 11011
404 250 562 284 accedere
586 246 628 277 ad
647 250 798 277 caeteros
822 241 1009 276 existimet,
1042 239 1100 270 sed
1124 250 1183 270 ve-

204 308 297 340 niam
317 306 373 335 det
393 296 640 333 imbecillitati,
667 300 809 337 propter
833 303 935 336 quam
960 289 1021 322 scit
1040 300 1073 320 se
1091 286 1179 320 mihi

205 354 355 400 petenti,
387 360 554 383 secessum
580 346 695 389 potius
721 355 824 388 quam
849 342 943 374 aliud
975 339 1180 371 beneficium

205 403 422 438 concessisse.
475 398 569 431 llaec
592 398 632 428 de
652 394 803 439 Synodis
825 393 861 424 in
885 390 1026 435 epistola
1052 389 1181 421 scribit.

204 453 391 497 Asperiora
419 450 502 483 dicit
527 448 562 479 in
588 444 801 478 carminibus
825 455 894 474 11011
914 440 1033 485 quaeri
1054 439 1182 472 verita-

204 512 292 543 tem,
318 503 375 535 sed
403 498 697 533 dominationem,
722 501 752 526 ct
770 492 952 526 dilacerari
971 491 1089 522 orbem
1112 496 1182 521 ter-

204 566 321 587 rarum
339 551 532 585 ambitione
550 547 767 584 docentium,
794 550 825 575 et
847 543 894 575 1111
913 553 969 574 005
990 540 1182 583 Cercopum

208 604 337 637 similes
361 613 451 640 esse,
484 601 518 632 id
547 605 613 636 est,
648 597 870 638 impostores,
903 592 963 637 qui
989 587 1183 634 sophisma-

206 663 279 688 tum
297 651 491 697 praestigiis
506 647 666 681 homines
685 644 876 688 decipiunt.

247 727 341 756 ταίτυ.
365 724 419 761 μὲν
443 721 501 752 οἶσι
526 720 630 760 φίλων,
669 718 715 747 καὶ
741 713 901 754 κερκώπων
925 711 1037 751 κράτος
1060 711 1123 753 ‘iil’

311 765 409 805 αι’τὰρ
434 763 490 804 ἐγὼ
512 763 648 801 χρηστοῦ
672 757 826 797 :ildariam
851 756 1016 795 (ispatze‘wv.

257 828 423 866 Cercopum
440 832 555 855 teneant
573 831 602 853 ut
622 829 759 863 quaerant
778 831 863 858 regua
882 820 1018 857 superbi,

330 877 389 908 Sed
407 877 517 907 Christi
533 878 569 905 sit
586 886 667 903 mens
683 879 781 901 nostra
798 874 896 911 quieta
908 893 915 907 ,
942 870 1058 898 domus.

304 958 398 992 Haec
423 958 465 990 de
490 957 558 989 vita
584 955 655 987 eius
682 953 846 995 legimus,
879 962 965 995 quae
989 949 1183 992 exemplum

205 1018 256 1044 est
273 1010 340 1042 viri
355 1007 513 1046 modesti,
541 1018 611 1038 non
627 1003 836 1037 discedentis
853 1002 899 1033 oh
916 1001 1028 1033 officio
1045 1005 1184 1042 propter

205 1060 363 1098 iniurias,
391 1057 540 1090 amantis
555 1055 733 1087 veritatem
752 1060 783 1084 et
802 1064 930 1094 pacem.
983 1049 1035 1082 Ex
1054 1049 1185 1081 doctri—

205 1124 249 1143 na
275 1121 356 1142 vero
381 1108 488 1151 ipsius
512 1104 710 1138 testimonia
742 1109 898 1145 petamus
923 1112 1022 1132 verae
1045 1106 1184 1132 senten-

205 1161 272 1194 tiae
294 1166 327 1193 et
345 1157 583 1192 enarrationes
601 1155 735 1198 aliquas
752 1152 917 1184 eruditas.

304 1233 514 1268 Constanter
528 1230 704 1273 amplexus
722 1234 771 1259 est
782 1225 986 1270 Symbolum
1002 1223 1184 1262 Nicetium,

206 1293 237 1319 et
253 1283 448 1319 adfirmavit
465 1293 539 1314 eam
557 1291 627 1311 esse
644 1277 768 1310 veteris
785 1274 960 1307 Ecclesiae
977 1273 1183 1305 doctrinam.

204 1336 275 1369 Nec
292 1335 334 1367 ab
354 1344 390 1364 ea
407 1329 622 1363 consessione
639 1325 793 1358 discessit
811 1325 938 1355 fractus
953 1323 1034 1354 ullis
1052 1321 1185 1352 crucia-

204 1386 299 1419 tibus
329 1389 388 1415 aut
419 1380 538 1412 minis.
598 1376 741 1410 Resutat
772 1370 979 1406 Manicheos
1008 1376 1040 1402 et
1070 1368 1185 1402 hostes

206 1434 352 1479 gratiae,
393 1432 467 1464 πᾶν
499 1425 804 1471 κατορθοιῇυειόν
839 1420 939 1466 παρὰ
972 1420 1185 1478 θεοῦῖἐσῑι,

207 1482 296 1520 ἀλλὰ
313 1479 456 1517 11ίὸ01111
475 1480 549 1516 τοῖς
564 1474 800 1518 καλουμένοις
825 1471 885 1506 καὶ
910 1470 1008 1505 οὕτω
1025 1480 1183 1504 ιἐυουσι.

205 1535 253 1569 Et
276 1532 459 1576 aliquoties
483 1527 546 1561 has
573 1525 758 1558 sententias
789 1523 925 1566 repetit.
986 1520 1129 1554 Resutat
1153 1526 1185 1551 ct

206 1583 420 1618 Novatianos
445 1586 479 1612 et
497 1574 684 1614 Catharos,
711 1579 803 1606 taxat
828 1584 904 1611 005,
930 1571 990 1615 qui
1014 1570 1185 1612 negabant

206 1634 319 1668 Deum
338 1631 507 1663 efficacem
528 1638 598 1659 esse
615 1637 697 1657 voce
714 1622 897 1664 Evangelii
922 1628 981 1654 aut
998 1620 1185 1663 Baptismo,

207 1685 235 1718 si
253 1682 411 1716 minister
434 1680 477 1712 sit
493 1677 676 1718 indignus,
703 1680 740 1706 ut
758 1673 793 1705 in
809 1669 963 1715 Aphrica
981 1670 1186 1703 Donatistae

207 1732 499 1767 vociferabantur.
553 1726 684 1760 Contra
707 1721 770 1756 hos
788 1722 939 1765 graviter
955 1728 987 1754 et
1005 1720 1186 1764 splendide

209 1784 340 1828 inquit:
376 1780 423 1814 Ut
449 1780 567 1811 eadem
594 1783 642 1809 est
670 1771 846 1820 σᾳραγῑς,
881 1772 952 1804 sive
983 1783 1087 1803 aureo
1115 1770 1185 1802 sive

209 1835 321 1867 ferreo
345 1830 478 1864 annulo
504 1829 667 1870 impressa
692 1825 753 1863 sit,
788 1824 834 1855 ita
858 1823 1003 1854 eandem
1027 1832 1097 1853 esse
1115 1820 1184 1852 vim

207 1881 393 1916 ministerii
416 1881 452 1912 in
469 1877 636 1912 Ecclesia.
688 1872 734 1908 Et
751 1873 892 1917 quidem
913 1871 1112 1905 dulcissime
1129 1869 1186 1909 ait,

207 1933 302 1967 Deus
319 1938 367 1964 est
384 1930 444 1974 qui
463 1928 630 1971 baptizat,
657 1925 815 1957 minister
832 1929 967 1955 tantum
986 1921 1187 1953 commoda-

208 1991 242 2017 to
277 1984 335 2015 dat
355 1992 509 2013 manum.
569 1975 711 2017 Colligit
739 1973 991 2016 adpellationes
1023 1971 1087 2003 filii
1121 1970 1187 2003 Dei

209 2041 240 2066 et
266 2037 422 2069 enarrat,
457 2025 568 2075 λόγον
593 2026 641 2060 311
658 2024 747 2063 11101,
775 2024 856 2067 quia
875 2023 918 2055 sit
942 2017 1189 2068 ἕξαγγελτικὸς

209 2084 390 2127 proferens
414 2091 532 2113 vocem
551 2074 735 2119 Evangelii
758 2085 797 2106 ex
819 2085 944 2106 arcano
960 2073 1040 2105 sinu
1056 2071 1187 2104 aeterni

209 2133 325 2177 patris.

309 2196 386 2231 Etsi
411 2202 524 2229 autem
550 2192 794 2226 desiderantur
817 2189 853 2221 in
879 2201 918 2221 eo
936 2188 1112 2221 interdum
1129 2199 1187 2220 ex-

210 2248 411 2293 plicationes
436 2244 629 2288 longiores,
663 2248 780 2274 tamen
806 2239 889 2284 quid
915 2240 957 2271 de
976 2249 1108 2271 summa
1124 2238 1188 2269 do-

210 2299 341 2332 ctrinae
356 2294 574 2329 Christianae
591 2292 754 2330 senserit,
781 2290 809 2322 si
833 2290 963 2322 candor
979 2288 1072 2321 sitin
1095 2287 1188 2320 iudi-

210 2349 341 2386 0311110,
367 2345 513 2387 intelligi
529 2349 651 2387 potest.
705 2340 751 2374 Et
776 2338 865 2373 hanc
885 2338 1188 2372 commemoratio-

211 2411 288 2431 nem
313 2399 354 2428 de
377 2396 444 2427 vita
472 2395 544 2426 eius
570 2392 722 2431 institui,
755 2402 827 2422 11011
849 2391 954 2422 1110110
980 2395 1017 2421 111
1033 2388 1186 2430 exempla

210 2459 346 2480 morum
372 2447 414 2477 ah
439 2458 476 2476 00
503 2450 681 2486 petantur,
717 2442 773 2473 sed
801 2441 902 2473 etiarn
933 2445 971 2472 ut
1002 2438 1188 2470 invitemus

211 2498 366 2531 iuniores
385 2495 426 2526 ad
447 2493 662 2537 antiquitatis
679 2490 1007 2523 considerationem.
1042 2487 1189 2520 Prodest

211 2549 313 2586 50110,
342 2557 429 2589 quae
447 2544 489 2575 sit
508 2549 669 2587 perpetua
689 2554 755 2573 vox
772 2539 957 2573 Ecclesiae.
997 2537 1072 2571 Etsi
1094 2538 1187 2570 0111111

211 2600 294 2630 fides
327 2607 397 2628 11011
428 2592 579 2626 1101113113
613 2592 797 2624 autoritate
827 2591 970 2630 nititur,
1006 2589 1063 2621 sed
1087 2587 1188 2620 dictis

211 2647 295 2687 Dei,
322 2653 435 2679 tamen
465 2643 561 2677 iussit
584 2642 681 2675 Deus
699 2652 762 2673 nos
783 2641 904 2674 audire
922 2641 1104 2673 docentem
1119 2635 1187 2671 Ec-

742 110 898 144 DECL.
937 106 1011 141 DE
1045 102 1361 141 GREC-ORIO
1400 102 1665 139 NAZIANZ.

2137 104 2210 139 284

1233 186 1385 225 clesiam,
1413 196 1545 229 nosque
1561 186 1635 219 vult
1651 186 1695 218 ab
1711 197 1747 218 ea
1766 191 1797 218 et
1812 186 2069 218 commoncfieri
2085 192 2213 219 010011-

1233 235 1375 269 firmari.
1432 234 1548 279 Atque
1574 237 1708 269 utinam
1735 236 1804 275 illi,
1838 235 1898 279 qui
1922 235 2079 269 iactitant
2101 249 2135 269 se
2153 248 2213 269 ve-

1234 294 1393 320 tustatem
1410 283 1585 318 Ecclesiae
1600 287 1688 318 tueri
1700 313 1708 326 ,
1734 298 1805 318 non
1824 285 1984 318 umbram
2008 286 2081 318 eius
2098 294 2213 320 osten-

1235 338 1376 376 derent,
1417 337 1474 368 sed
1504 336 1611 379 ipsam
1638 337 1833 379 proferrent
1868 336 2051 378 integram.
2112 336 2213 370 Nunc

1236 392 1423 429 excerpunt
1448 386 1569 418 mutila
1593 386 1704 425 dicta,
1739 384 1864 426 notha,
1898 386 2060 419 recentia.
2118 385 2213 419 Ilaec

1235 438 1430 470 obtrudunt
1455 435 1610 479 Regibus
1634 442 1665 468 et
1683 435 1905 479 Principibus
1919 437 2030 470 titulis
2047 443 2216 476 veterum,

1236 488 1294 531 qui
1313 488 1341 518 si
1357 488 1535 527 adessent,
1565 484 1626 519 hos
1650 487 1856 530 impostores
1877 487 2037 520 iuberent
2051 494 2089 520 ut
2107 487 2214 519 sacri-

1236 539 1328 579 legos
1346 538 1475 580 puniri.
1528 536 1704 580 Scriptum
1723 544 1788 570 est:
1817 535 1896 568 Non
1913 537 2006 570 dicas
2022 538 2146 570 salsum
2163 545 2215 571 te-

1236 588 1459 628 stimonium,
1486 594 1613 631 quanta
1631 587 1738 629 igitur
1753 586 1963 619 contumelia
1981 594 2031 620 est
2048 595 2215 627 veterum,

1237 640 1426 682 producere
1444 649 1519 677 005,
1546 639 1588 669 311
1607 638 1730 670 salsum
1757 636 1995 670 testimonium
2017 637 2216 671 dicendum.

1238 689 1275 721 ld
1302 701 1344 721 110
1367 689 1443 728 fiat,
1478 688 1615 729 legendi
1641 694 1721 720 sunt
1751 688 1883 728 sontes,
1920 688 2215 720 considerandum

1237 740 1318 783 quid
1345 739 1490 784 quisque
1516 738 1694 777 adfirmet,
1721 738 1780 782 qui
1807 738 1890 770 libri
1909 738 2005 781 quasi
2029 738 2064 769 in
2085 738 2216 770 alienas

1237 792 1358 822 domos
1382 796 1419 822 ut
1443 790 1536 821 sures
1561 794 1593 820 et
1617 784 1834 833 τοιχώριχοι
1863 789 2140 831 penetraverint,
2183 795 2217 821 et

1237 840 1344 873 simus
1363 852 1427 872 nos
1442 851 1580 884 quoque
1598 850 1768 871 memores
1783 838 1867 871 dicti
1884 836 2094 881 prophetici,
2121 839 2216 883 quod

1237 891 1356 924 citavit
1382 890 1636 924 Nazianzenus:
1671 889 1813 931 Diligite
1832 888 2011 921 veritatem
2037 896 2068 922 et
2085 900 2215 932 pacem.

1237 939 1327 974 Dixi.

1459 1074 1637 1105 Potitio
1667 1069 1725 1104 acl
1752 1071 1991 1104 Decanum.

1338 1135 1547 1170 Doctissime
1565 1136 1716 1169 Domine
1733 1136 1868 1170 Decane
1892 1143 1925 1170 et
1941 1135 2218 1168 Procancellarie

1238 1187 1452 1229 dignissime.
1505 1186 1569 1220 Est
1587 1185 1732 1219 historia
1750 1186 1959 1219 Nazianzeni
1981 1197 2136 1229 expressa
2154 1184 2220 1219 ho-

1237 1249 1314 1268 rum
1340 1243 1535 1280 temporum
1561 1244 1592 1269 et
1616 1249 1753 1269 morum
1779 1243 1881 1281 atque
1903 1234 2089 1268 hominum
2113 1234 2218 1269 huius

1238 1286 1343 1316 seculi
1363 1287 1508 1326 pictura.
1561 1287 1852 1316 Antecelluerunt
1869 1286 1927 1316 illa
1951 1292 2061 1317 aetate
2077 1287 2219 1319 caeteris

1239 1334 1273 1365 in
1307 1331 1480 1370 Ecclesia,
1520 1333 1725 1372 autoritate,
1770 1333 1919 1372 meritis,
1963 1340 1995 1366 01
2020 1335 2219 1378 doctrinae,

1238 1383 1456 1428 eloquentiae
1486 1394 1523 1415 ac
1556 1383 1694 1426 pietatis
1726 1383 1850 1423 laude,
1883 1382 2035 1416 Basilius
2059 1384 2220 1428 Magnus,

1238 1440 1269 1466 et
1286 1431 1389 1465 huius
1406 1433 1512 1466 frater
1526 1431 1717 1474 Gregorius
1730 1432 1912 1472 Nissenus‚
1939 1432 2131 1475 Gregorius
2146 1435 2218 1469 Na-

1238 1483 1437 1521 zianzenus,
1480 1480 1753 1525 Amphilochius
1793 1481 1903 1514 Iconii
1932 1480 2145 1526 Episcopus,
2187 1494 2220 1520 et

1237 1533 1297 1564 alii
1315 1545 1386 1565 non
1404 1532 1523 1571 multi,
1551 1530 1587 1564 hi
1607 1544 1684 1564 cum
1702 1538 1815 1564 essent
1831 1544 1849 1564 a
1866 1532 1977 1575 prima
1993 1539 2102 1568 aetate
2125 1542 2218 1569 recte

1239 1582 1388 1615 instituti
1419 1582 1456 1614 in
1487 1582 1644 1615 doctrina
1673 1581 1865 1620 Ecclesiae,
1904 1588 1936 1615 et
1965 1581 2219 1628 philosophicis

1238 1633 1370 1666 artibus
1393 1633 1566 1676 praeclare
1591 1632 1736 1671 exculti,
1764 1638 1796 1665 et
1813 1633 1999 1666 adsuefacti
2016 1635 2058 1666 ad
2079 1636 2217 1678 sapien-

1238 1690 1305 1715 tem
1325 1690 1357 1716 et
1375 1683 1591 1726 perspicuam
1607 1683 1854 1726 eloquentiam,
1881 1684 2083 1718 etarderent
2101 1687 2217 1720 studio

1239 1733 1469 1777 inquirendae
1485 1733 1776 1776 explicandaeque
1797 1732 1971 1772 veritatis,
1997 1746 2121 1777 magno
2145 1744 2219 1770 stu-

1239 1784 1296 1816 dio
1315 1795 1353 1816 ac
1369 1783 1591 1816 contentione
1608 1782 1800 1816 doctrinam
1819 1784 2044 1826 apostolicam
2064 1785 2218 1820 illustra-

1240 1840 1321 1867 runt
1354 1845 1392 1866 ac
1414 1834 1664 1872 defenderunt,
1697 1834 1936 1876 pervestigatis
1971 1835 2156 1878 diligenter
2179 1849 2219 1871 30

1239 1883 1418 1928 pensitatis
1432 1883 1639 1916 testimoniis
1655 1883 1787 1926 primae
1802 1881 1988 1925 Ecclesiae,
2015 1898 2102 1930 quae
2120 1895 2219 1921 erant

1239 1934 1423 1967 autoritate
1446 1934 1633 1977 apostolica
1656 1934 1799 1973 tradita,
1838 1941 1869 1967 et
1898 1935 1940 1967 de
1964 1933 2218 1980 philosophicis

1240 1984 1363 2018 studiis
1380 1984 1417 2016 in
1431 1981 1585 2017 Ecclesia
1602 1984 1814 2024 retinendis,
1841 1996 1929 2029 quae
1952 1986 2057 2019 eiecta
2075 1999 2218 2030 prorsus

1240 2042 1272 2069 et
1289 2035 1421 2068 sublata
1437 2034 1575 2067 volebat
1599 2046 1679 2077 grex
1702 2034 1925 2068 indoctorum
1944 2033 2217 2081 hypocritarum,

1240 2091 1439 2130 pugnarunt
1457 2085 1653 2117 accerrime.

1340 2134 1443 2168 Extat
1460 2146 1563 2176 grave
1582 2135 1822 2168 testimonium
1843 2134 2003 2178 Gregorii
2028 2135 2216 2171 Nazianze-

1240 2186 1277 2219 ni
1301 2192 1419 2218 contra
1440 2182 1704 2228 philosophicae
1729 2185 1909 2219 doctrinae
1932 2184 2046 2218 hostes
2062 2186 2098 2218 in
2116 2187 2216 2219 sune-

1240 2236 1295 2269 hri
1310 2236 1467 2269 oratione
1484 2237 1526 2267 de
1541 2234 1673 2268 Basilio
1690 2234 1838 2277 Magno,
1865 2247 1942 2268 cum
1958 2235 2089 2279 inquit:
2121 2236 2217 2270 Con-

1240 2286 1327 2319 111011
1347 2292 1482 2329 oportet
1500 2297 1620 2318 omnes
1636 2297 1718 2319 sana
1735 2291 1850 2317 mente
1866 2285 2039 2328 praeditos
2051 2313 2059 2325 ‚
2085 2287 2217 2320 doctri-

1239 2349 1320 2369 nam
1345 2336 1436 2369 inter
1458 2333 1611 2369 humana
1635 2335 1751 2369 omnia
1773 2335 1920 2378 primam
1942 2347 1980 2368 ac
1996 2337 2216 2380 praecipuam

1240 2399 1329 2424 esse,
1356 2398 1427 2419 non
1453 2387 1565 2419 solum
1590 2384 1680 2418 hanc
1702 2391 1874 2422 nostram,
1906 2397 1993 2429 quae
2009 2387 2050 2418 ad
2071 2385 2136 2419 Dei
2152 2400 2216 2421 nos

1239 2437 1453 2479 agnitionem
1471 2437 1630 2476 deducit,
1657 2442 1688 2468 et
1704 2435 1823 2467 salutis
1841 2442 1977 2468 nostrae
1996 2437 2149 2469 continet
2165 2445 2216 2471 at-

1212 2500 1307 2545 ¹que
1339 2487 1486 2530 explicat
1513 2487 1757 2524 fundamenta,
1793 2486 1849 2517 sed
1882 2492 1912 2518 et
1935 2486 2075 2518 alteram
2109 2488 2216 2527 illam,

1239 2535 1306 2581 τὴν
1328 2536 1466 2576 ἔξωθεν
1490 2538 1552 2581 τῆς
1578 2532 1781 2578 ἐκκλησίας,
1816 2547 1919 2578 quam
1946 2536 2046 2569 multi
2070 2534 2118 2575 ιῦς
2141 2536 2216 2571 ἐπί-

1240 2587 1378 2631 βουλον
1403 2584 1465 2620 καὶ
1492 2582 1697 2632 σφαλερὰν,
1725 2583 1786 2618 καὶ
1805 2585 1898 2619 θεοῦ
1921 2582 2041 2629 πόρῥω
2057 2584 2216 2630 βάλλου-

1241 2637 1552 2671 σανο111111113111111
1568 2646 1606 2668 ac
1624 2635 1823 2676 traducunt,
1849 2638 1969 2674 κακῶς
1986 2634 2128 2676 εἰδότες.
2168 2636 2216 2671 Et
