2324 2955
770 104 1119 144 CHRONICON
1163 105 1459 144 CARIONIS.
2049 107 2121 142 709

109 200 240 232 Librum
263 197 383 229 dicavit
405 195 510 227 eidem
525 192 747 235 sigismundo,
767 193 989 234 Archiepise.,
1011 197 1045 222 et
1068 191 1204 231 epistola
1227 190 1303 223 data
1319 199 1372 224 est
1387 193 1478 224 (1.25.
1495 193 1590 224 Mart.
1609 193 1700 225 1560.
1731 192 1804 224 Vid.
1820 192 1893 224 Vol.
1906 191 1960 222 ΙΧ.
1983 191 2120 231 p.10‘73.

109 258 260 288 Continet
282 257 342 288 hoc
365 257 515 286 volumen
538 258 663 284 tantum
688 259 812 293 partem
835 253 905 283 libri
928 251 1016 282 tertii
1037 250 1201 289 Carionis,
1237 251 1389 281 videlicet
1419 252 1586 281 historiam
1615 252 1653 281 ab
1677 252 1830 293 Augusto
1854 253 1930 292 Imp.
1955 259 2059 291 usque
2083 250 2122 280 ad

109 316 259 347 Carolum
275 316 438 355 Magnum.
484 313 595 352 Usque
618 312 657 342 ad
682 312 832 342 Car-olum
856 311 899 341 M.
922 309 1111 340 Melanthon
1133 310 1231 339 ctiam
1254 311 1490 340 enarrationem
1513 311 1581 340 libri
1603 311 1742 341 chronici
1764 320 1875 340 mense
1897 310 2014 340 Martio
2039 308 2125 339 1560

109 377 140 404 in
164 375 274 405 schola
294 372 506 413 perduxerat,
545 380 642 410 quum
673 376 775 400 morte
806 371 903 400 rebus
926 369 1073 399 humanis
1098 368 1284 406 eriperetur.
1330 369 1497 398 Mandavit
1521 369 1711 408 Academia,
1747 375 1783 400 ut
1803 369 1874 399 Vol.
1892 369 1930 397 Χ.
1955 378 1983 407 p.
1998 367 2062 397 207
2077 375 2123 405 sq.

111 433 267 471 vidimus,
306 430 449 470 Casparo
471 431 633 469 Peucero,
670 434 705 459 ut
729 428 908 458 Chronicon
932 427 1004 458 inde
1027 437 1046 457 a
1069 426 1175 456 Caroli
1197 427 1309 467 Magni
1339 432 1483 467 tempora
1512 432 1709 467 pertexeret.
1771 427 1804 457 Is
1834 428 1948 467 igitur,
1982 434 2064 466 quae
2094 425 2125 454 in

111 490 221 521 schola
243 489 442 528 dictaverat,
475 493 589 528 postea
611 488 708 518 etiam
732 487 839 518 edidit.
883 486 1006 517 Prodiit
1027 487 1152 526 itaque:

193 548 333 588 „Tertia
353 557 428 587 pars
452 547 601 578 Chronici
625 547 790 586 CarioniS,
820 556 838 576 a
861 545 975 576 Carolo
998 546 1135 585 Magno,
1164 544 1217 574 ubi
1240 543 1408 584 Philippus
1430 546 1619 576 Melanthon
1643 545 1756 577 desiit.
1794 553 1897 583 usque
1921 543 1960 574 ad
1984 542 2126 572 Frideri-

194 615 267 636 cum
291 606 476 636 secundum.
522 606 682 645 Exposita
706 612 739 636 et
762 611 857 635 aucta
879 615 898 635 a
914 604 1009 645 Cctsp.
1027 603 1180 634 Peucero.
1225 604 1378 634 Accessit
1401 606 1596 644 locupletiss.
1620 613 1727 632 rerum
1751 612 1787 632 ac
1810 603 1982 632 verborum
2004 608 2127 630 memo-

195 665 340 695 rabilium
362 664 469 694 index.
514 664 642 695 witeb.
668 674 737 695 exe.
762 665 883 695 Petrus
906 664 1013 702 Seitz,
1045 662 1140 691 Anno
1166 662 1379 692 M.D.an.”
1426 664 1441 693 1
1468 662 1563 701 Alph.
1598 662 1635 692 17
1658 662 1709 691 sol.
1754 662 1782 691 8.

110 723 279 754 Peucerus
300 723 399 764 igitur
421 723 453 752 in
476 721 537 753 hoc
558 723 723 754 volumine
747 723 843 754 tertio
866 722 1004 762 priorem
1027 725 1154 751 tantum
1182 726 1307 760 partem
1337 722 1408 751 libri
1438 722 1527 751 tertii
1555 722 1586 751 in
1612 720 1769 750 Chronico
1794 718 1941 749 Carionis
1972 715 2131 755 exposuit.

111 781 175 812 vid.
199 781 366 812 historiam
389 790 409 811 a
432 779 546 811 Carolo
569 781 690 822 Magno
715 791 819 822 usque
840 780 881 811 ad
903 779 1105 810 Fridericum
1128 780 1166 808 ΙΙ.
1190 796 1232 802 -
1275 780 1445 820 Reliquam
1474 781 1572 820 igitur
1600 785 1740 819 partem,
1776 787 1891 817 nempe
1920 775 2086 806 historiam
2115 782 2133 801 a

113 839 278 871 Friderico
300 840 338 870 11.
363 848 468 880 usque
491 839 533 870 ad
555 839 706 871 Carolum
729 840 788 879 V.,
824 841 1055 879 Imperatorem
1079 843 1299 878 persequutus
1323 844 1375 870 est
1399 840 1429 869 in
1455 839 1618 870 volumine
1641 844 1775 878 quarto,
1804 835 1904 876 quod,
1934 839 1970 864 ut
1994 831 2132 864 Strobe-

113 898 176 929 lius
199 899 218 928 l.
239 898 258 928 1.
281 898 397 937 habet,
426 899 472 928 ita
494 898 684 938 inscriptum
707 898 784 928 fuit:

197 979 217 997 „
227 955 356 995 Quarta
375 965 458 996 pars
481 955 632 986 Chronici
655 955 802 986 Carionis
825 964 845 986 a
866 954 1031 986 Friderico
1055 963 1118 987 sec.
1142 963 1247 995 usque
1271 954 1311 985 ad
1327 954 1476 986 Carolum
1499 956 1654 995 quintum.
1697 954 1888 994 Expositus
1912 958 1945 982 et
1968 954 2094 980 auctus
2118 956 2135 976 a

199 1014 345 1054 Caspai-o
367 1013 522 1044 Peucero.
566 1014 716 1044 Pertinet
738 1013 790 1044 hic
812 1013 891 1044 liber
914 1013 955 1044 ad
978 1019 1102 1054 partem
1125 1015 1255 1045 tertiam
1280 1013 1439 1044 Chronici.
1483 1014 1608 1044 Witeb.
1635 1014 1752 1045 1565.⁷’
1793 1013 1823 1043 8.

118 1071 184 1104 Sed
207 1071 404 1103 Strobelium
428 1071 489 1103 hoe
511 1077 662 1112 quartum
684 1072 852 1112 volumen,
894 1072 978 1112 quod
1001 1083 1084 1103 anno
1109 1073 1192 1103 1565
1215 1072 1349 1112 prodiit,
1386 1082 1449 1102 non
1472 1073 1503 1102 in
1525 1074 1673 1102 manibus
1697 1071 1867 1104 habuisse,
1903 1067 1979 1098 mihi
2002 1073 2138 1105 persua—

107 1116 191 1160 'sum
213 1134 283 1168 est,
313 1138 418 1168 neque
441 1130 502 1159 hoe
524 1130 676 1160 volumen
699 1130 730 1159 in
755 1140 815 1161 sua
836 1131 1037 1161 Bibliotheca
1059 1131 1323 1161 Melanthoniaua
1345 1130 1386 1160 ad
1415 1140 1497 1160 anno
1529 1132 1612 1162 1565
1640 1128 1914 1161 commemoravit.
1968 1126 2034 1155 lmo
2063 1128 2139 1162 puto

119 1188 207 1218 illum
229 1187 331 1217 verba
351 1185 511 1226 „Quarta
532 1196 615 1227 pars
637 1198 680 1218 ex
704 1196 762 1218 suo
785 1189 913 1228 ingenio
938 1189 1128 1227 scripsisse,
1169 1199 1232 1218 non
1256 1199 1297 1219 ex
1321 1190 1496 1229 exemplari
1518 1190 1621 1230 aliquo
1646 1189 1857 1228 descripsisse
1867 1188 1898 1226 ”3
1938 1193 2032 1224 quam
2061 1190 2141 1211 con-

119 1247 278 1276 iecturam
302 1245 400 1275 etiam
424 1245 615 1276 confirmant
637 1246 738 1276 verba
760 1246 957 1286 „ea-positus
979 1253 1012 1277 et
1036 1248 1177 1278 ccuctns”
1201 1249 1233 1277 in
1256 1258 1377 1288 genere
1400 1250 1595 1287 masculino,
1630 1258 1712 1288 quae
1743 1257 1804 1277 non
1835 1244 1991 1285 quadrant
2013 1243 2044 1270 in
2069 1240 2141 1270 foe-

119 1305 273 1334 mininum
293 1312 393 1342 pars,
423 1304 481 1332 sed
505 1305 535 1332 iu
559 1304 695 1333 verbum
719 1302 815 1335 liber.
860 1305 926 1333 Imo
949 1311 1098 1344 quartum
1121 1307 1289 1345 volumen,
1314 1308 1345 1336 in
1369 1308 1516 1346 exemplo
1540 1307 1624 1346 quod
1648 1315 1755 1336 meum
1779 1310 1848 1343 cst,
1873 1304 1920 1333 sic
1943 1300 2141 1331 inscribitur:

205 1358 336 1399 „Liber
358 1360 493 1402 quintus
509 1361 659 1392 Chronici
675 1361 822 1392 Car-ionis
845 1372 863 1392 a
878 1363 1041 1393 Friderieo
1065 1364 1206 1394 secundo
1230 1373 1334 1403 usque
1357 1365 1397 1394 ad
1413 1365 1562 1395 Carolum
1586 1366 1740 1404 quintum.
1785 1362 1965 1402 Expositus
1981 1364 2011 1389 et
2027 1361 2143 1386 auctus

207 1429 226 1448 a
250 1417 397 1457 Casparo
421 1419 575 1449 Peucero.
633 1420 779 1450 Pertinet
812 1421 863 1451 hic
893 1422 971 1450 liber
994 1421 1033 1451 ad
1059 1427 1181 1461 partem
1206 1424 1333 1452 tertiam
1358 1423 1516 1453 Chronici.
1568 1424 1719 1453 Accessit
1742 1420 2015 1460 locupletissimus
2038 1422 2144 1445 rerum

207 1481 239 1504 et
264 1477 435 1506 verborum
461 1478 711 1507 memorabilium
736 1478 842 1507 index.
888 1478 970 1508 Cum
993 1480 1098 1519 gratia
1121 1485 1154 1509 et
1178 1481 1346 1519 privilegio
1371 1481 1554 1520 Caesareo,
1590 1487 1622 1511 et
1645 1481 1746 1511 Ducis
1771 1480 1948 1510 Saxoniae.
1976 1473 2144 1505 Electoris.

208 1533 442 1574 W'itebergae,
476 1535 584 1564 Iohan.
609 1535 847 1565 Schwertelius
871 1536 1066 1566 excutiebat.
1110 1537 1206 1566 Anno
1229 1538 1459 1568 M.D.LXV1.”
1503 1540 1523 1569 2
1547 1540 1642 1578 Alph.
1687 1539 1707 1568 5
1731 1539 1781 1568 sol.
1828 1539 1856 1567 S.

121 1591 269 1630 Epistola
291 1591 427 1621 Peuceri
452 1591 647 1622 dedicatoria
669 1593 709 1622 ad
733 1594 940 1633 Augustum,
970 1595 1094 1625 Ducem
1119 1596 1238 1625 Saxon.
1263 1597 1384 1631 Eleet.,
1414 1596 1487 1627 data
1512 1603 1563 1627 cst
1586 1597 1686 1637 pridie
1711 1597 1841 1626 Calend.
1868 1593 2040 1625 Novembr.
2065 1597 2147 1619 anno

125 1650 220 1679 1565.
243 1665 285 1671 -
334 1649 440 1679 Dubio
473 1657 562 1681 caret
587 1651 781 1681 Strobelium
813 1653 966 1682 habuisse
996 1655 1178 1693 exemplum
1209 1655 1329 1694 aliquot
1358 1665 1526 1695 recusum,
1563 1657 1594 1685 in
1623 1666 1684 1695 quo
1715 1656 1816 1685 verba
1847 1653 1957 1690 „Uber
1987 1649 2147 1694 quintus”

125 1717 206 1748 quae
229 1707 362 1746 primam
386 1708 501 1737 lineam
526 1710 609 1739 tituli
633 1709 771 1739 formant
796 1710 902 1740 deleta
926 1710 1073 1750 suerunt,
1112 1712 1373 1752 Strobeliumque
1397 1715 1587 1744 arbitratum
1612 1724 1687 1744 esse
1709 1716 1806 1744 etiam
1830 1714 1889 1743 hoc
1914 1713 2077 1742 volumen.
2114 1716 2148 1739 ut

126 1766 287 1796 volumina
311 1766 372 1795 tria
395 1766 498 1804 priora
522 1767 712 1806 inscriptum
737 1768 856 1807 fuisse,
894 1769 1059 1799 videlieet:
1097 1769 1208 1809 „Pars
1232 1776 1354 1810 quarta.
1365 1774 1379 1784 '³
1422 1772 1554 1812 Neque,
1590 1779 1627 1803 ut
1651 1773 1832 1803 Str-obelius
1855 1782 1896 1802 ex
1921 1771 1971 1801 die
1995 1769 2149 1810 epistolae

127 1824 356 1867 gratulatoriae
380 1825 533 1864 coniecit,
563 1834 646 1854 anno
672 1826 754 1855 1565
778 1826 835 1855 sed
860 1836 943 1856 anno
969 1827 1052 1857 1566
1076 1828 1207 1858 ineunte
1232 1830 1321 1869 typis
1344 1831 1546 1870 exscriptum
1571 1838 1621 1861 est
1645 1833 1705 1862 hoc
1729 1832 1889 1861 volumen.

251 1882 390 1921 Saepius
420 1882 500 1912 haec
532 1883 711 1920 volumina,
749 1884 804 1913 vel
836 1885 979 1924 singula,
1017 1886 1070 1915 vel
1103 1887 1208 1915 omnia
1230 1892 1367 1925 quatuor
1390 1898 1506 1918 recusa
1530 1895 1623 1921 sunt,
1660 1895 1692 1919 ut
1719 1891 1858 1919 narravit
1887 1888 2067 1919 Strobolius
2091 1886 2108 1914 l.
2133 1886 2150 1913 l.

129 1942 259 1974 Sufficit
281 1946 389 1970 autem
414 1941 465 1971 hic
488 1951 558 1970 earn
582 1942 755 1972 editionem
780 1952 1045 1982 commemorare,
1076 1954 1171 1984 quani
1195 1945 1362 1974 Peuccrus
1385 1947 1455 1985 ipse
1478 1957 1505 1977 a.
1532 1948 1614 1977 1552
1638 1949 1784 1985 curavit,
1815 1948 1982 1977 videlieet:

214 1999 423 2039 „Chronicon
448 1999 595 2030 Cau-ionis
619 2003 803 2040 expositum
827 2007 860 2031 et
883 2008 1012 2032 auctum
1037 2004 1147 2033 multis
1171 2009 1203 2034 et
1227 2005 1395 2033 vett-ribus
1418 2010 1451 2034 et
1475 2006 1659 2035 recentibus
1688 2007 1833 2036 historiis
1862 2007 1893 2034 in
1924 2003 2151 2042 descriptioni-

213 2059 275 2088 bus
305 2066 477 2097 regnorum
509 2064 542 2088 et
572 2061 717 2099 gentium
746 2062 950 2099 antiquorum
979 2066 1012 2092 et.
1036 2063 1272 2091 narrationibus
1300 2072 1407 2092 rerum
1437 2064 1733 2094 ecclesiasticarum
1765 2071 1797 2094 et¹
1828 2065 2024 2104 politicarum
2049 2062 2152 2091 Grac-

216 2125 340 2155 carum,
377 2116 612 2156 Romanarum,
649 2118 909 2149 Germanicarum
933 2125 965 2150 et
989 2120 1119 2149 aliarum
1150 2121 1188 2150 ab
1219 2121 1349 2150 exordio
1379 2122 1487 2152 mundi
1516 2132 1619 2161 usque
1648 2124 1687 2153 ad
1710 2124 1859 2153 Carolum
1884 2123 1916 2153 V

1917 2146 1923 2152 .
1956 2123 2104 2160 Imperat.
2135 2128 2152 2148 a

217 2175 300 2205 Phil.
331 2174 542 2205 Melanthone
573 2181 607 2205 et
638 2175 733 2216 Casp.
764 2176 918 2208 Peucero.
972 2178 1239 2210 Witt=1›.cxeud.
1264 2180 1306 2209 10.
1331 2178 1439 2211 Crato.
1486 2180 1605 2213 1572.”

1655 2182 1719 2213 746
1743 2192 1836 2222 pagg.
1867 2182 1896 2211 in
1930 2181 1980 2210 fol.
2005 2179 2153 2218 exeeptis

215 2233 417 2274 praefatione
441 2240 474 2263 et
497 2234 665 2264 iudicibus,
689 2251 730 2257 —-

134 2292 195 2330 Qui
218 2293 308 2332 plura
330 2293 413 2322 seire
438 2293 508 2322 vult
533 2293 573 2323 de
596 2293 791 2324 editionibus
814 2294 911 2325 huius
934 2295 1004 2325 libri
1028 2295 1179 2335 Peuceri,
1203 2296 1231 2327 is
1255 2297 1343 2337 legat
1367 2297 1563 2328 Strobelium
1587 2298 1603 2327 1.
1630 2298 1646 2328 1.
1692 2298 1783 2328 Satis
1807 2304 1857 2328 est
1883 2299 1934 2328 hie
1956 2306 2152 2329 commemo-

137 2360 223 2390 rare,
244 2350 328 2389 quod
352 2350 414 2380 duo
436 2352 618 2385 volumina,
649 2352 785 2390 primum
808 2358 841 2383 et
864 2354 1059 2394 secundum,
1090 2366 1108 2385 a
1126 2356 1336 2387 Melanthone
1361 2357 1497 2396 scripta,
1521 2356 1667 2386 Basileae
1693 2357 1776 2387 1559
1798 2366 1930 2397 recusa,
1963 2363 1994 2387 et
2020 2358 2058 2386 ab
2082 2357 2154 2387 Eu-

138 2409 227 2438 sebio
251 2409 359 2437 Menio
383 2419 410 2439 a.
437 2409 522 2439 1560
544 2416 577 2439 et
604 2410 686 2439 1562
709 2412 893 2449 germanica
915 2413 1000 2444 facta
1023 2420 1111 2445 sunt.

264 2465 370 2504 Quum
392 2468 579 2498 Melanthon
605 2469 674 2507 ipse
698 2478 759 2498 non
789 2470 849 2498 nisi
881 2472 1013 2509 primum
1046 2478 1079 2502 et
1108 2473 1285 2503 secundum
1316 2473 1466 2503 volumen
1497 2474 1743 2512 conwripserit,
1780 2475 1909 2505 tertium
1942 2481 1974 2505 et
2006 2480 2152 2513 ‹piartuin

138 2530 246 2555 autem
270 2524 451 2565 Peucerus,
474 2526 526 2557 hic
549 2531 651 2557 totum
676 2527 787 2557 librum
812 2534 960 2568 repetere
983 2531 1158 2571 noluimus,
1193 2531 1252 2561 sed
1276 2536 1402 2561 tanturn
1425 2531 1498 2561 Vol.
1525 2533 1546 2562 1.
1571 2538 1603 2562 et
1627 2533 1682 2567 11..
1712 2543 1795 2573 quae
1817 2534 2037 2564 Melanthonis
2061 2541 2154 2562 :nunu

140 2588 272 2613 exarata
294 2588 379 2614 sunt.
426 2584 508 2614 Nam
531 2585 697 2615 l’cucerus
721 2587 789 2625 ipse
813 2588 843 2616 in
867 2589 1003 2627 epistola
1027 2590 1222 2620 dedicatoria
1246 2591 1341 2620 tertio
1366 2590 1517 2619 volumini
1543 2593 1719 2630 praeniissa
1743 2593 1822 2623 haec
1846 2592 1990 2623 tradidit:

226 2663 243 2679 ,‚
253 2641 299 2670 Illi
322 2642 559 2682 (Melanthoni)
583 2645 680 2674 rebus
704 2645 851 2674 humanis
875 2654 1044 2687 exempto,
1068 2659 1128 2689 ego
1152 2650 1182 2678 in
1209 2648 1406 2687 pertexendo
1431 2658 1527 2687 opero
1550 2659 1722 2680 successor
1746 2651 1841 2680 datus
1866 2661 1954 2682 suin.
1977 2651 2030 2688 qni
2053 2650 2098 2679 si.
2123 2655 2152 2678 ut

225 2708 366 2738 „operae
389 2704 484 2739 atque
508 2701 640 2742 laboris,
670 2704 715 2734 ita
739 2704 918 2743 doctrinae,
950 2708 1073 2746 iudicii,
1103 2708 1309 2748 prudentiae,
1339 2712 1369 2737 et
1401 2709 1588 2748 perspicuae
1621 2710 1798 2748 planitieque
1828 2710 1978 2738 orationis
2011 2709 2158 2738 liat-redi-
