<?xml version="1.0" encoding="UTF-8"?>
<!DOCTYPE html PUBLIC "-//W3C//DTD XHTML 1.0 Transitional//EN"
    "http://www.w3.org/TR/xhtml1/DTD/xhtml1-transitional.dtd">
<html xmlns="http://www.w3.org/1999/xhtml" xml:lang="en" lang="en">
 <head>
  <title>
</title>
<meta http-equiv="Content-Type" content="text/html;charset=utf-8" />
  <meta name='ocr-system' content='tesseract 3.04.00' />
  <meta name='ocr-capabilities' content='ocr_page ocr_carea ocr_par ocr_line ocrx_word'/>
</head>
<body>
  <div class='ocr_page' id='page_1' title='image "./operaquaesupersu12melauoft_0126.png"; bbox 0 0 2324 2955; ppageno 0'>
   <div class='ocr_carea' id='block_1_1' title="bbox 212 149 285 184">
    <p class='ocr_par' dir='ltr' id='par_1_1' title="bbox 212 149 285 184">
     <span class='ocr_line' id='line_1_1' title="bbox 212 149 285 184; baseline 0 0"><span class='ocrx_word' id='word_1_1' title='bbox 212 149 285 184; x_wconf 74' lang='lat'>235</span> 
     </span>
    </p>
   </div>
   <div class='ocr_carea' id='block_1_2' title="bbox 210 220 1200 1363">
    <p class='ocr_par' dir='ltr' id='par_1_2' title="bbox 210 220 1200 1363">
     <span class='ocr_line' id='line_1_2' title="bbox 212 220 1190 275; baseline -0.014 -9"><span class='ocrx_word' id='word_1_2' title='bbox 212 233 345 275; x_wconf 85' lang='lat' dir='ltr'>magnis</span> <span class='ocrx_word' id='word_1_3' title='bbox 363 228 526 275; x_wconf 87' lang='lat' dir='ltr'>periculis</span> <span class='ocrx_word' id='word_1_4' title='bbox 544 226 665 265; x_wconf 85' lang='lat' dir='ltr'>fuisse,</span> <span class='ocrx_word' id='word_1_5' title='bbox 692 231 724 258; x_wconf 90' lang='lat' dir='ltr'>et</span> <span class='ocrx_word' id='word_1_6' title='bbox 742 222 1011 257; x_wconf 79' lang='lat' dir='ltr'>deliberationes</span> <span class='ocrx_word' id='word_1_7' title='bbox 1027 220 1190 253; x_wconf 81' lang='lat' dir='ltr'><strong>incidisse</strong></span> 
     </span>
     <span class='ocr_line' id='line_1_3' title="bbox 212 269 1188 318; baseline -0.014 -2"><span class='ocrx_word' id='word_1_8' title='bbox 212 286 254 315; x_wconf 84' lang='lat' dir='ltr'>de</span> <span class='ocrx_word' id='word_1_9' title='bbox 280 274 382 315; x_wconf 82' lang='lat' dir='ltr'>rebus</span> <span class='ocrx_word' id='word_1_10' title='bbox 405 276 586 316; x_wconf 85' lang='lat' dir='ltr'>maximis,</span> <span class='ocrx_word' id='word_1_11' title='bbox 620 276 657 308; x_wconf 94' lang='lat' dir='ltr'>in</span> <span class='ocrx_word' id='word_1_12' title='bbox 682 274 809 318; x_wconf 90' lang='lat' dir='ltr'>quibus</span> <span class='ocrx_word' id='word_1_13' title='bbox 834 285 912 306; x_wconf 89' lang='lat' dir='ltr'>cum</span> <span class='ocrx_word' id='word_1_14' title='bbox 936 271 1082 304; x_wconf 89' lang='lat' dir='ltr'>consilio</span> <span class='ocrx_word' id='word_1_15' title='bbox 1108 269 1188 303; x_wconf 85' lang='lat' dir='ltr'>Dux</span> 
     </span>
     <span class='ocr_line' id='line_1_4' title="bbox 210 319 1188 365; baseline -0.012 -1"><span class='ocrx_word' id='word_1_16' title='bbox 210 332 378 365; x_wconf 58' lang='lat' dir='ltr'>[ru-&#39;stus</span> <span class='ocrx_word' id='word_1_17' title='bbox 411 327 610 365; x_wconf 74' lang='lat' dir='ltr'><strong>excelleret,</strong></span> <span class='ocrx_word' id='word_1_18' title='bbox 650 324 829 357; x_wconf 90' lang='lat' dir='ltr'>neminem</span> <span class='ocrx_word' id='word_1_19' title='bbox 862 322 1025 355; x_wconf 76' lang='lat' dir='ltr'>audiebat</span> <span class='ocrx_word' id='word_1_20' title='bbox 1047 319 1188 353; x_wconf 80' lang='lat' dir='ltr'>Elector</span> 
     </span>
     <span class='ocr_line' id='line_1_5' title="bbox 212 372 1187 421; baseline -0.012 -8"><span class='ocrx_word' id='word_1_21' title='bbox 212 380 431 416; x_wconf 59' lang='lat' dir='ltr'>familiarius,</span> <span class='ocrx_word' id='word_1_22' title='bbox 459 388 561 421; x_wconf 86' lang='lat' dir='ltr'>qnam</span> <span class='ocrx_word' id='word_1_23' title='bbox 579 375 703 418; x_wconf 87' lang='lat' dir='ltr'>ipsum.</span> <span class='ocrx_word' id='word_1_24' title='bbox 755 372 808 406; x_wconf 85' lang='lat' dir='ltr'>Ex</span> <span class='ocrx_word' id='word_1_25' title='bbox 827 386 865 405; x_wconf 89' lang='lat' dir='ltr'>eo</span> <span class='ocrx_word' id='word_1_26' title='bbox 882 378 1056 405; x_wconf 79' lang='lat' dir='ltr'>conventu</span> <span class='ocrx_word' id='word_1_27' title='bbox 1073 381 1187 403; x_wconf 90' lang='lat' dir='ltr'>secum</span> 
     </span>
     <span class='ocr_line' id='line_1_6' title="bbox 214 418 1188 471; baseline -0.011 -9"><span class='ocrx_word' id='word_1_28' title='bbox 214 429 358 463; x_wconf 80' lang='lat' dir='ltr'>abduxit</span> <span class='ocrx_word' id='word_1_29' title='bbox 383 429 417 459; x_wconf 89' lang='lat' dir='ltr'>in</span> <span class='ocrx_word' id='word_1_30' title='bbox 437 426 583 471; x_wconf 64' lang='lat' dir='ltr'>patriam</span> <span class='ocrx_word' id='word_1_31' title='bbox 603 423 786 458; x_wconf 89' lang='lat' dir='ltr'>Urbanum</span> <span class='ocrx_word' id='word_1_32' title='bbox 805 422 957 465; x_wconf 84' lang='lat' dir='ltr'>Regium</span> <span class='ocrx_word' id='word_1_33' title='bbox 975 418 1188 463; x_wconf 88' lang='lat' dir='ltr'>Theologiae</span> 
     </span>
     <span class='ocr_line' id='line_1_7' title="bbox 213 473 1189 514; baseline -0.011 -2"><span class='ocrx_word' id='word_1_34' title='bbox 213 482 410 513; x_wconf 74' lang='lat' dir='ltr'>doctorem.</span> <span class='ocrx_word' id='word_1_35' title='bbox 438 476 535 509; x_wconf 85' lang='lat' dir='ltr'>cuius</span> <span class='ocrx_word' id='word_1_36' title='bbox 557 480 672 508; x_wconf 80' lang='lat' dir='ltr'>extant</span> <span class='ocrx_word' id='word_1_37' title='bbox 695 473 807 506; x_wconf 89' lang='lat' dir='ltr'>multa</span> <span class='ocrx_word' id='word_1_38' title='bbox 830 476 1076 510; x_wconf 87' lang='lat' dir='ltr'>monumenta,</span> <span class='ocrx_word' id='word_1_39' title='bbox 1101 480 1189 514; x_wconf 88' lang='lat' dir='ltr'>quae</span> 
     </span>
     <span class='ocr_line' id='line_1_8' title="bbox 213 518 1189 565; baseline -0.01 -4"><span class='ocrx_word' id='word_1_40' title='bbox 213 530 402 563; x_wconf 83' lang='lat' dir='ltr'>ostendunt</span> <span class='ocrx_word' id='word_1_41' title='bbox 429 527 501 559; x_wconf 87' lang='lat' dir='ltr'>eins</span> <span class='ocrx_word' id='word_1_42' title='bbox 526 524 762 558; x_wconf 88' lang='lat' dir='ltr'>eruditionem</span> <span class='ocrx_word' id='word_1_43' title='bbox 793 529 825 555; x_wconf 88' lang='lat' dir='ltr'>et</span> <span class='ocrx_word' id='word_1_44' title='bbox 858 522 1034 565; x_wconf 89' lang='lat' dir='ltr'>pietatem.</span> <span class='ocrx_word' id='word_1_45' title='bbox 1084 518 1189 552; x_wconf 90' lang='lat' dir='ltr'>Hunc</span> 
     </span>
     <span class='ocr_line' id='line_1_9' title="bbox 213 568 1190 622; baseline -0.011 -10"><span class='ocrx_word' id='word_1_46' title='bbox 213 587 251 613; x_wconf 85' lang='lat' dir='ltr'>ut</span> <span class='ocrx_word' id='word_1_47' title='bbox 281 585 413 622; x_wconf 89' lang='lat' dir='ltr'>patrem</span> <span class='ocrx_word' id='word_1_48' title='bbox 447 576 585 615; x_wconf 85' lang='lat' dir='ltr'>dilexit,</span> <span class='ocrx_word' id='word_1_49' title='bbox 625 581 659 608; x_wconf 89' lang='lat' dir='ltr'>et</span> <span class='ocrx_word' id='word_1_50' title='bbox 700 574 928 616; x_wconf 78' lang='lat' dir='ltr'>inspectorem</span> <span class='ocrx_word' id='word_1_51' title='bbox 955 568 1190 603; x_wconf 85' lang='lat' dir='ltr'>Ecclesiarurn</span> 
     </span>
     <span class='ocr_line' id='line_1_10' title="bbox 217 618 1191 667; baseline -0.012 -5"><span class='ocrx_word' id='word_1_52' title='bbox 217 641 288 662; x_wconf 83' lang='lat' dir='ltr'>esse</span> <span class='ocrx_word' id='word_1_53' title='bbox 305 628 423 667; x_wconf 88' lang='lat' dir='ltr'>iussit,</span> <span class='ocrx_word' id='word_1_54' title='bbox 451 634 483 659; x_wconf 87' lang='lat' dir='ltr'>et</span> <span class='ocrx_word' id='word_1_55' title='bbox 502 637 579 658; x_wconf 91' lang='lat' dir='ltr'>cum</span> <span class='ocrx_word' id='word_1_56' title='bbox 597 637 636 657; x_wconf 90' lang='lat' dir='ltr'>eo</span> <span class='ocrx_word' id='word_1_57' title='bbox 656 624 698 656; x_wconf 90' lang='lat' dir='ltr'>de</span> <span class='ocrx_word' id='word_1_58' title='bbox 715 623 879 655; x_wconf 89' lang='lat' dir='ltr'>omnibus</span> <span class='ocrx_word' id='word_1_59' title='bbox 903 620 1062 654; x_wconf 86' lang='lat' dir='ltr'>doctrina</span> <span class='ocrx_word' id='word_1_60' title='bbox 1077 618 1191 663; x_wconf 88' lang='lat' dir='ltr'>parti-</span> 
     </span>
     <span class='ocr_line' id='line_1_11' title="bbox 213 668 1192 712; baseline -0.012 0"><span class='ocrx_word' id='word_1_61' title='bbox 213 682 278 712; x_wconf 86' lang='lat' dir='ltr'>bus</span> <span class='ocrx_word' id='word_1_62' title='bbox 307 685 339 711; x_wconf 86' lang='lat' dir='ltr'>et</span> <span class='ocrx_word' id='word_1_63' title='bbox 361 679 402 709; x_wconf 91' lang='lat' dir='ltr'>de</span> <span class='ocrx_word' id='word_1_64' title='bbox 421 675 653 709; x_wconf 82' lang='lat' dir='ltr'>Ecclesiarum</span> <span class='ocrx_word' id='word_1_65' title='bbox 673 684 842 706; x_wconf 90' lang='lat' dir='ltr'>consensu</span> <span class='ocrx_word' id='word_1_66' title='bbox 859 678 891 705; x_wconf 89' lang='lat' dir='ltr'>et</span> <span class='ocrx_word' id='word_1_67' title='bbox 911 671 1021 703; x_wconf 84' lang='lat' dir='ltr'>salute</span> <span class='ocrx_word' id='word_1_68' title='bbox 1037 668 1192 702; x_wconf 84' lang='lat' dir='ltr'>familia-</span> 
     </span>
     <span class='ocr_line' id='line_1_12' title="bbox 216 718 1193 770; baseline -0.011 -9"><span class='ocrx_word' id='word_1_69' title='bbox 216 729 351 762; x_wconf 78' lang='lat' dir='ltr'>rissime</span> <span class='ocrx_word' id='word_1_70' title='bbox 376 725 531 770; x_wconf 84' lang='lat' dir='ltr'>colloqui</span> <span class='ocrx_word' id='word_1_71' title='bbox 557 725 679 757; x_wconf 89' lang='lat' dir='ltr'>solitus</span> <span class='ocrx_word' id='word_1_72' title='bbox 703 730 762 756; x_wconf 91' lang='lat' dir='ltr'>est.</span> <span class='ocrx_word' id='word_1_73' title='bbox 814 720 918 755; x_wconf 85' lang='lat' dir='ltr'>Extat</span> <span class='ocrx_word' id='word_1_74' title='bbox 938 721 1028 753; x_wconf 89' lang='lat' dir='ltr'>liber</span> <span class='ocrx_word' id='word_1_75' title='bbox 1044 718 1193 759; x_wconf 84' lang='lat' dir='ltr'>Urbani,</span> 
     </span>
     <span class='ocr_line' id='line_1_13' title="bbox 218 770 1194 823; baseline -0.012 -11"><span class='ocrx_word' id='word_1_76' title='bbox 218 781 255 812; x_wconf 85' lang='lat' dir='ltr'>in</span> <span class='ocrx_word' id='word_1_77' title='bbox 274 790 342 823; x_wconf 85' lang='lat' dir='ltr'>qno</span> <span class='ocrx_word' id='word_1_78' title='bbox 358 782 543 809; x_wconf 71' lang='lat' dir='ltr'>annotatae</span> <span class='ocrx_word' id='word_1_79' title='bbox 561 781 641 808; x_wconf 90' lang='lat' dir='ltr'>sunt</span> <span class='ocrx_word' id='word_1_80' title='bbox 659 771 874 806; x_wconf 79' lang='lat' dir='ltr'>horridiores</span> <span class='ocrx_word' id='word_1_81' title='bbox 895 772 1028 804; x_wconf 88' lang='lat' dir='ltr'>formae</span> <span class='ocrx_word' id='word_1_82' title='bbox 1043 770 1194 814; x_wconf 88' lang='lat' dir='ltr'>loquen-</span> 
     </span>
     <span class='ocr_line' id='line_1_14' title="bbox 216 819 1193 867; baseline -0.01 -7"><span class='ocrx_word' id='word_1_83' title='bbox 216 830 272 867; x_wconf 88' lang='lat' dir='ltr'>di,</span> <span class='ocrx_word' id='word_1_84' title='bbox 300 834 331 860; x_wconf 91' lang='lat' dir='ltr'>et</span> <span class='ocrx_word' id='word_1_85' title='bbox 354 831 597 858; x_wconf 87' lang='lat' dir='ltr'>monstrantur</span> <span class='ocrx_word' id='word_1_86' title='bbox 619 824 780 867; x_wconf 85' lang='lat' dir='ltr'>propriae</span> <span class='ocrx_word' id='word_1_87' title='bbox 804 829 835 856; x_wconf 86' lang='lat' dir='ltr'>et</span> <span class='ocrx_word' id='word_1_88' title='bbox 867 821 1058 854; x_wconf 77' lang='lat' dir='ltr'>concinnae</span> <span class='ocrx_word' id='word_1_89' title='bbox 1090 819 1193 852; x_wconf 89' lang='lat' dir='ltr'>utiles</span> 
     </span>
     <span class='ocr_line' id='line_1_15' title="bbox 216 868 1195 922; baseline -0.01 -13"><span class='ocrx_word' id='word_1_90' title='bbox 216 877 337 922; x_wconf 83' lang='lat' dir='ltr'>pietati</span> <span class='ocrx_word' id='word_1_91' title='bbox 367 882 397 908; x_wconf 89' lang='lat' dir='ltr'>et</span> <span class='ocrx_word' id='word_1_92' title='bbox 423 874 643 908; x_wconf 79' lang='lat' dir='ltr'>concordiae.</span> <span class='ocrx_word' id='word_1_93' title='bbox 704 872 777 905; x_wconf 91' lang='lat' dir='ltr'>Has</span> <span class='ocrx_word' id='word_1_94' title='bbox 809 871 1067 904; x_wconf 81' lang='lat' dir='ltr'>admonitiones</span> <span class='ocrx_word' id='word_1_95' title='bbox 1088 868 1195 902; x_wconf 87' lang='lat' dir='ltr'>scribi</span> 
     </span>
     <span class='ocr_line' id='line_1_16' title="bbox 216 919 1195 969; baseline -0.01 -9"><span class='ocrx_word' id='word_1_96' title='bbox 216 928 384 969; x_wconf 85' lang='lat' dir='ltr'>Princeps</span> <span class='ocrx_word' id='word_1_97' title='bbox 402 925 531 964; x_wconf 80' lang='lat' dir='ltr'>voluit,</span> <span class='ocrx_word' id='word_1_98' title='bbox 558 936 627 968; x_wconf 87' lang='lat' dir='ltr'>qua</span> <span class='ocrx_word' id='word_1_99' title='bbox 648 924 685 955; x_wconf 91' lang='lat' dir='ltr'>in</span> <span class='ocrx_word' id='word_1_100' title='bbox 704 934 741 955; x_wconf 91' lang='lat' dir='ltr'>re</span> <span class='ocrx_word' id='word_1_101' title='bbox 758 921 966 965; x_wconf 81' lang='lat' dir='ltr'>sapientiam</span> <span class='ocrx_word' id='word_1_102' title='bbox 981 921 1054 953; x_wconf 90' lang='lat' dir='ltr'>eius</span> <span class='ocrx_word' id='word_1_103' title='bbox 1071 926 1102 952; x_wconf 88' lang='lat' dir='ltr'>et</span> <span class='ocrx_word' id='word_1_104' title='bbox 1120 919 1195 962; x_wconf 91' lang='lat' dir='ltr'>pie-</span> 
     </span>
     <span class='ocr_line' id='line_1_17' title="bbox 215 969 1195 1018; baseline -0.01 -8"><span class='ocrx_word' id='word_1_105' title='bbox 215 985 319 1011; x_wconf 89' lang='lat' dir='ltr'>tatem</span> <span class='ocrx_word' id='word_1_106' title='bbox 341 986 524 1018; x_wconf 83' lang='lat' dir='ltr'>agnoscere</span> <span class='ocrx_word' id='word_1_107' title='bbox 540 984 734 1018; x_wconf 90' lang='lat' dir='ltr'>possumus.</span> <span class='ocrx_word' id='word_1_108' title='bbox 786 971 833 1006; x_wconf 78' lang='lat' dir='ltr'>Ut</span> <span class='ocrx_word' id='word_1_109' title='bbox 850 971 944 1004; x_wconf 90' lang='lat' dir='ltr'>enim</span> <span class='ocrx_word' id='word_1_110' title='bbox 969 982 1008 1003; x_wconf 84' lang='lat' dir='ltr'>ex</span> <span class='ocrx_word' id='word_1_111' title='bbox 1032 969 1195 1002; x_wconf 76' lang='lat' dir='ltr'>dentibus</span> 
     </span>
     <span class='ocr_line' id='line_1_18' title="bbox 217 1019 1196 1062; baseline -0.01 -2"><span class='ocrx_word' id='word_1_112' title='bbox 217 1026 379 1061; x_wconf 86' lang='lat' dir='ltr'>draconis</span> <span class='ocrx_word' id='word_1_113' title='bbox 403 1025 439 1057; x_wconf 93' lang='lat' dir='ltr'>in</span> <span class='ocrx_word' id='word_1_114' title='bbox 457 1023 608 1057; x_wconf 89' lang='lat' dir='ltr'>Cadmea</span> <span class='ocrx_word' id='word_1_115' title='bbox 627 1021 793 1062; x_wconf 87' lang='lat' dir='ltr'>historia,</span> <span class='ocrx_word' id='word_1_116' title='bbox 820 1028 901 1055; x_wconf 88' lang='lat' dir='ltr'>nata</span> <span class='ocrx_word' id='word_1_117' title='bbox 917 1027 967 1054; x_wconf 86' lang='lat' dir='ltr'>est</span> <span class='ocrx_word' id='word_1_118' title='bbox 986 1019 1123 1053; x_wconf 90' lang='lat' dir='ltr'>soboles</span> <span class='ocrx_word' id='word_1_119' title='bbox 1139 1030 1196 1051; x_wconf 88' lang='lat' dir='ltr'>ar-</span> 
     </span>
     <span class='ocr_line' id='line_1_19' title="bbox 217 1068 1195 1112; baseline -0.011 -2"><span class='ocrx_word' id='word_1_120' title='bbox 217 1084 390 1110; x_wconf 86' lang='lat' dir='ltr'>matorum</span> <span class='ocrx_word' id='word_1_121' title='bbox 415 1075 507 1107; x_wconf 81' lang='lat' dir='ltr'>inter</span> <span class='ocrx_word' id='word_1_122' title='bbox 529 1085 562 1107; x_wconf 91' lang='lat' dir='ltr'>se</span> <span class='ocrx_word' id='word_1_123' title='bbox 588 1072 851 1112; x_wconf 87' lang='lat' dir='ltr'>dimicantium,</span> <span class='ocrx_word' id='word_1_124' title='bbox 879 1071 926 1103; x_wconf 90' lang='lat' dir='ltr'>sic</span> <span class='ocrx_word' id='word_1_125' title='bbox 947 1083 985 1103; x_wconf 84' lang='lat' dir='ltr'>ex</span> <span class='ocrx_word' id='word_1_126' title='bbox 1003 1068 1195 1112; x_wconf 89' lang='lat' dir='ltr'>improprio</span> 
     </span>
     <span class='ocr_line' id='line_1_20' title="bbox 217 1118 1195 1167; baseline -0.012 -6"><span class='ocrx_word' id='word_1_127' title='bbox 217 1136 376 1161; x_wconf 83' lang='lat' dir='ltr'>sermone</span> <span class='ocrx_word' id='word_1_128' title='bbox 406 1125 549 1159; x_wconf 89' lang='lat' dir='ltr'>dissidia</span> <span class='ocrx_word' id='word_1_129' title='bbox 573 1123 783 1167; x_wconf 89' lang='lat' dir='ltr'>opinionum</span> <span class='ocrx_word' id='word_1_130' title='bbox 810 1122 847 1153; x_wconf 93' lang='lat' dir='ltr'>in</span> <span class='ocrx_word' id='word_1_131' title='bbox 872 1120 1079 1154; x_wconf 87' lang='lat' dir='ltr'>docentibus</span> <span class='ocrx_word' id='word_1_132' title='bbox 1103 1125 1135 1152; x_wconf 85' lang='lat' dir='ltr'>et</span> <span class='ocrx_word' id='word_1_133' title='bbox 1158 1118 1195 1149; x_wconf 93' lang='lat' dir='ltr'>in</span> 
     </span>
     <span class='ocr_line' id='line_1_21' title="bbox 218 1167 1198 1222; baseline -0.012 -12"><span class='ocrx_word' id='word_1_134' title='bbox 218 1171 348 1222; x_wconf 59' lang='lat' dir='ltr'>popuYo</span> <span class='ocrx_word' id='word_1_135' title='bbox 373 1175 548 1208; x_wconf 85' lang='lat' dir='ltr'>oriuntur.</span> <span class='ocrx_word' id='word_1_136' title='bbox 603 1172 698 1215; x_wconf 87' lang='lat' dir='ltr'>Quid</span> <span class='ocrx_word' id='word_1_137' title='bbox 722 1179 803 1205; x_wconf 90' lang='lat' dir='ltr'>sunt</span> <span class='ocrx_word' id='word_1_138' title='bbox 827 1172 887 1203; x_wconf 89' lang='lat' dir='ltr'>illa</span> <span class='ocrx_word' id='word_1_139' title='bbox 911 1170 1102 1214; x_wconf 85' lang='lat' dir='ltr'>paradoxa,</span> <span class='ocrx_word' id='word_1_140' title='bbox 1128 1167 1198 1199; x_wconf 90' lang='lat' dir='ltr'>nisi</span> 
     </span>
     <span class='ocr_line' id='line_1_22' title="bbox 218 1218 1198 1271; baseline -0.012 -11"><span class='ocrx_word' id='word_1_141' title='bbox 218 1229 335 1271; x_wconf 71' lang='grc' dir='ltr'><em>μῆλον</em></span> <span class='ocrx_word' id='word_1_142' title='bbox 363 1222 502 1269; x_wconf 64' lang='grc' dir='ltr'>ἔριδοςῖ</span> <span class='ocrx_word' id='word_1_143' title='bbox 545 1219 676 1255; x_wconf 88' lang='lat' dir='ltr'>Omnia</span> <span class='ocrx_word' id='word_1_144' title='bbox 699 1223 787 1254; x_wconf 87' lang='lat' dir='ltr'>fiunt</span> <span class='ocrx_word' id='word_1_145' title='bbox 809 1219 1019 1258; x_wconf 88' lang='lat' dir='ltr'>necessario,</span> <span class='ocrx_word' id='word_1_146' title='bbox 1047 1218 1141 1250; x_wconf 88' lang='lat' dir='ltr'>bona</span> <span class='ocrx_word' id='word_1_147' title='bbox 1165 1222 1198 1249; x_wconf 87' lang='lat' dir='ltr'>et</span> 
     </span>
     <span class='ocr_line' id='line_1_23' title="bbox 220 1267 1199 1316; baseline -0.011 -7"><span class='ocrx_word' id='word_1_148' title='bbox 220 1278 323 1309; x_wconf 84' lang='lat' dir='ltr'>mala.</span> <span class='ocrx_word' id='word_1_149' title='bbox 385 1273 518 1307; x_wconf 90' lang='lat' dir='ltr'>Omnia</span> <span class='ocrx_word' id='word_1_150' title='bbox 551 1278 688 1316; x_wconf 87' lang='lat' dir='ltr'>peccata</span> <span class='ocrx_word' id='word_1_151' title='bbox 720 1278 802 1304; x_wconf 86' lang='lat' dir='ltr'>sunt</span> <span class='ocrx_word' id='word_1_152' title='bbox 832 1270 941 1313; x_wconf 89' lang='lat' dir='ltr'>paria.</span> <span class='ocrx_word' id='word_1_153' title='bbox 994 1267 1199 1310; x_wconf 87' lang='lat' dir='ltr'>Rapiuntur</span> 
     </span>
     <span class='ocr_line' id='line_1_24' title="bbox 219 1319 1200 1363; baseline -0.013 -4"><span class='ocrx_word' id='word_1_154' title='bbox 219 1324 457 1359; x_wconf 89' lang='lat' dir='ltr'>enthusiasmo</span> <span class='ocrx_word' id='word_1_155' title='bbox 484 1334 556 1354; x_wconf 89' lang='lat' dir='ltr'>non</span> <span class='ocrx_word' id='word_1_156' title='bbox 582 1321 737 1353; x_wconf 80' lang='lat' dir='ltr'>volentes</span> <span class='ocrx_word' id='word_1_157' title='bbox 761 1319 821 1363; x_wconf 88' lang='lat' dir='ltr'>qui</span> <span class='ocrx_word' id='word_1_158' title='bbox 845 1321 888 1351; x_wconf 88' lang='lat' dir='ltr'>ad</span> <span class='ocrx_word' id='word_1_159' title='bbox 913 1319 1026 1351; x_wconf 88' lang='lat' dir='ltr'>Deum</span> <span class='ocrx_word' id='word_1_160' title='bbox 1052 1326 1200 1348; x_wconf 75' lang='lat' dir='ltr'>conver-</span> 
     </span>
    </p>
   </div>
   <div class='ocr_carea' id='block_1_3' title="bbox 219 1366 1202 1510">
    <p class='ocr_par' dir='ltr' id='par_1_3' title="bbox 219 1366 1202 1510">
     <span class='ocr_line' id='line_1_25' title="bbox 219 1366 1201 1409; baseline -0.013 -1"><span class='ocrx_word' id='word_1_161' title='bbox 219 1382 353 1409; x_wconf 89' lang='lat' dir='ltr'>tuntur.</span> <span class='ocrx_word' id='word_1_162' title='bbox 406 1372 476 1406; x_wconf 70' lang='lat' dir='ltr'>Nec</span> <span class='ocrx_word' id='word_1_163' title='bbox 500 1369 650 1403; x_wconf 89' lang='lat' dir='ltr'>docendi</span> <span class='ocrx_word' id='word_1_164' title='bbox 671 1375 751 1402; x_wconf 91' lang='lat' dir='ltr'>sunt</span> <span class='ocrx_word' id='word_1_165' title='bbox 776 1366 936 1401; x_wconf 90' lang='lat' dir='ltr'>homines</span> <span class='ocrx_word' id='word_1_166' title='bbox 950 1371 989 1399; x_wconf 88' lang='lat' dir='ltr'>ut</span> <span class='ocrx_word' id='word_1_167' title='bbox 1004 1369 1201 1408; x_wconf 85' lang='lat' dir='ltr'>repugnent</span> 
     </span>
     <span class='ocr_line' id='line_1_26' title="bbox 220 1413 1201 1459; baseline -0.013 -1"><span class='ocrx_word' id='word_1_168' title='bbox 220 1423 443 1459; x_wconf 82' lang='lat' dir='ltr'>diffidentiae.</span> <span class='ocrx_word' id='word_1_169' title='bbox 496 1419 689 1454; x_wconf 75' lang='lat' dir='ltr'>Christiani</span> <span class='ocrx_word' id='word_1_170' title='bbox 712 1430 785 1451; x_wconf 91' lang='lat' dir='ltr'>non</span> <span class='ocrx_word' id='word_1_171' title='bbox 810 1415 940 1450; x_wconf 89' lang='lat' dir='ltr'>habent</span> <span class='ocrx_word' id='word_1_172' title='bbox 965 1415 1125 1459; x_wconf 86' lang='lat' dir='ltr'>proprias</span> <span class='ocrx_word' id='word_1_173' title='bbox 1149 1413 1201 1446; x_wconf 87' lang='lat' dir='ltr'>fa-</span> 
     </span>
     <span class='ocr_line' id='line_1_27' title="bbox 224 1463 1202 1510; baseline -0.015 -1"><span class='ocrx_word' id='word_1_174' title='bbox 224 1475 377 1509; x_wconf 89' lang='lat' dir='ltr'>cultates.</span> <span class='ocrx_word' id='word_1_175' title='bbox 431 1471 532 1504; x_wconf 89' lang='lat' dir='ltr'>Talia</span> <span class='ocrx_word' id='word_1_176' title='bbox 551 1470 779 1503; x_wconf 88' lang='lat' dir='ltr'>deliramenta</span> <span class='ocrx_word' id='word_1_177' title='bbox 796 1468 932 1510; x_wconf 90' lang='lat' dir='ltr'>sapiens</span> <span class='ocrx_word' id='word_1_178' title='bbox 951 1472 983 1498; x_wconf 87' lang='lat' dir='ltr'>et</span> <span class='ocrx_word' id='word_1_179' title='bbox 1001 1465 1079 1507; x_wconf 87' lang='lat' dir='ltr'>pius</span> <span class='ocrx_word' id='word_1_180' title='bbox 1097 1463 1202 1496; x_wconf 90' lang='lat' dir='ltr'>Prin-</span> 
     </span>
    </p>
   </div>
   <div class='ocr_carea' id='block_1_4' title="bbox 222 1515 1209 2713">
    <p class='ocr_par' dir='ltr' id='par_1_4' title="bbox 222 1515 1209 2713">
     <span class='ocr_line' id='line_1_28' title="bbox 222 1515 1201 1568; baseline -0.015 -9"><span class='ocrx_word' id='word_1_181' title='bbox 222 1536 300 1568; x_wconf 89' lang='lat' dir='ltr'>ceps</span> <span class='ocrx_word' id='word_1_182' title='bbox 326 1535 405 1557; x_wconf 88' lang='lat' dir='ltr'>cum</span> <span class='ocrx_word' id='word_1_183' title='bbox 431 1521 508 1555; x_wconf 88' lang='lat' dir='ltr'>tolli</span> <span class='ocrx_word' id='word_1_184' title='bbox 534 1520 655 1559; x_wconf 87' lang='lat' dir='ltr'>vellet,</span> <span class='ocrx_word' id='word_1_185' title='bbox 682 1517 816 1551; x_wconf 68' lang='lat' dir='ltr'>curavit</span> <span class='ocrx_word' id='word_1_186' title='bbox 839 1515 1021 1549; x_wconf 88' lang='lat' dir='ltr'>admoneri</span> <span class='ocrx_word' id='word_1_187' title='bbox 1039 1515 1201 1546; x_wconf 90' lang='lat' dir='ltr'>docentes</span> 
     </span>
     <span class='ocr_line' id='line_1_29' title="bbox 222 1563 1202 1616; baseline -0.014 -8"><span class='ocrx_word' id='word_1_188' title='bbox 222 1582 260 1608; x_wconf 84' lang='lat' dir='ltr'>ut</span> <span class='ocrx_word' id='word_1_189' title='bbox 284 1581 378 1607; x_wconf 88' lang='lat' dir='ltr'>recte</span> <span class='ocrx_word' id='word_1_190' title='bbox 401 1573 640 1616; x_wconf 82' lang='lat' dir='ltr'>loquerentur.</span> <span class='ocrx_word' id='word_1_191' title='bbox 694 1567 792 1601; x_wconf 87' lang='lat' dir='ltr'>Sicut</span> <span class='ocrx_word' id='word_1_192' title='bbox 815 1566 974 1599; x_wconf 89' lang='lat' dir='ltr'>doctrina</span> <span class='ocrx_word' id='word_1_193' title='bbox 1000 1565 1043 1596; x_wconf 90' lang='lat' dir='ltr'>de</span> <span class='ocrx_word' id='word_1_194' title='bbox 1066 1563 1202 1596; x_wconf 88' lang='lat' dir='ltr'>ratione</span> 
     </span>
     <span class='ocr_line' id='line_1_30' title="bbox 226 1611 1203 1668; baseline -0.01 -11"><span class='ocrx_word' id='word_1_195' title='bbox 226 1623 394 1668; x_wconf 83' lang='lat' dir='ltr'>loquendi</span> <span class='ocrx_word' id='word_1_196' title='bbox 419 1620 605 1665; x_wconf 88' lang='lat' dir='ltr'>praecipit:</span> <span class='ocrx_word' id='word_1_197' title='bbox 642 1616 660 1652; x_wconf 82' lang='grc' dir='ltr'><em>ὁ</em></span> <span class='ocrx_word' id='word_1_198' title='bbox 687 1615 802 1663; x_wconf 72' lang='grc' dir='ltr'><em>σοᾳὸς</em></span> <span class='ocrx_word' id='word_1_199' title='bbox 827 1611 1074 1659; x_wconf 26' lang='grc' dir='ltr'>εὐθυῤῥήλιιων</span> <span class='ocrx_word' id='word_1_200' title='bbox 1099 1612 1203 1647; x_wconf 71' lang='grc' dir='ltr'>ἔστω.</span> 
     </span>
     <span class='ocr_line' id='line_1_31' title="bbox 224 1663 1203 1716; baseline -0.013 -9"><span class='ocrx_word' id='word_1_201' title='bbox 224 1674 370 1716; x_wconf 78' lang='lat' dir='ltr'>Sapiens</span> <span class='ocrx_word' id='word_1_202' title='bbox 401 1678 491 1704; x_wconf 86' lang='lat' dir='ltr'>recte</span> <span class='ocrx_word' id='word_1_203' title='bbox 521 1670 699 1713; x_wconf 89' lang='lat' dir='ltr'>loquatur.</span> <span class='ocrx_word' id='word_1_204' title='bbox 758 1665 805 1699; x_wconf 87' lang='lat' dir='ltr'>Et</span> <span class='ocrx_word' id='word_1_205' title='bbox 837 1665 1043 1699; x_wconf 89' lang='lat' dir='ltr'>Aristoteles</span> <span class='ocrx_word' id='word_1_206' title='bbox 1077 1663 1203 1707; x_wconf 87' lang='lat' dir='ltr'>inquit,</span> 
     </span>
     <span class='ocr_line' id='line_1_32' title="bbox 227 1712 1204 1760; baseline -0.012 -4"><span class='ocrx_word' id='word_1_207' title='bbox 227 1724 401 1756; x_wconf 60' lang='lat' dir='ltr'>Virtutem</span> <span class='ocrx_word' id='word_1_208' title='bbox 434 1732 505 1754; x_wconf 88' lang='lat' dir='ltr'>esse</span> <span class='ocrx_word' id='word_1_209' title='bbox 537 1718 706 1752; x_wconf 87' lang='lat' dir='ltr'>orationis</span> <span class='ocrx_word' id='word_1_210' title='bbox 742 1716 1034 1760; x_wconf 81' lang='lat' dir='ltr'>perspicuitatem.</span> <span class='ocrx_word' id='word_1_211' title='bbox 1102 1712 1204 1745; x_wconf 91' lang='lat' dir='ltr'>Hanc</span> 
     </span>
     <span class='ocr_line' id='line_1_33' title="bbox 225 1761 1205 1814; baseline -0.011 -8"><span class='ocrx_word' id='word_1_212' title='bbox 225 1786 307 1806; x_wconf 74' lang='lat' dir='ltr'>vero</span> <span class='ocrx_word' id='word_1_213' title='bbox 343 1772 430 1805; x_wconf 82' lang='lat' dir='ltr'>effici</span> <span class='ocrx_word' id='word_1_214' title='bbox 462 1770 604 1814; x_wconf 90' lang='lat' dir='ltr'>proprio</span> <span class='ocrx_word' id='word_1_215' title='bbox 637 1779 808 1801; x_wconf 83' lang='lat' dir='ltr'>sermone.</span> <span class='ocrx_word' id='word_1_216' title='bbox 875 1761 1084 1810; x_wconf 60' lang='grc' dir='ltr'><em>σαφεστάτη</em></span> <span class='ocrx_word' id='word_1_217' title='bbox 1117 1761 1205 1801; x_wconf 68' lang='grc' dir='ltr'><em>λέξις</em></span> 
     </span>
     <span class='ocr_line' id='line_1_34' title="bbox 227 1812 1205 1865; baseline -0.012 -9"><span class='ocrx_word' id='word_1_218' title='bbox 227 1821 345 1862; x_wconf 70' lang='grc' dir='ltr'>ἐστὶν,</span> <span class='ocrx_word' id='word_1_219' title='bbox 382 1819 399 1865; x_wconf 77' lang='grc' dir='ltr'>ἡ</span> <span class='ocrx_word' id='word_1_220' title='bbox 424 1821 462 1854; x_wconf 73' lang='grc' dir='ltr'>ἐκ</span> <span class='ocrx_word' id='word_1_221' title='bbox 492 1822 568 1853; x_wconf 75' lang='grc' dir='ltr'>τῶν</span> <span class='ocrx_word' id='word_1_222' title='bbox 597 1816 738 1862; x_wconf 71' lang='grc' dir='ltr'><em>κυρίων</em></span> <span class='ocrx_word' id='word_1_223' title='bbox 772 1813 977 1860; x_wconf 28' lang='grc' dir='ltr'>ὂιόλιιτὲῑωγ.</span> <span class='ocrx_word' id='word_1_224' title='bbox 1031 1812 1205 1856; x_wconf 87' lang='lat' dir='ltr'>Cognosci</span> 
     </span>
     <span class='ocr_line' id='line_1_35' title="bbox 227 1863 1205 1914; baseline -0.012 -7"><span class='ocrx_word' id='word_1_225' title='bbox 227 1881 341 1906; x_wconf 88' lang='lat' dir='ltr'>autem</span> <span class='ocrx_word' id='word_1_226' title='bbox 376 1871 556 1914; x_wconf 71' lang='lat' dir='ltr'>vigilantia</span> <span class='ocrx_word' id='word_1_227' title='bbox 591 1869 639 1912; x_wconf 84' lang='lat' dir='ltr'>pii</span> <span class='ocrx_word' id='word_1_228' title='bbox 661 1867 835 1910; x_wconf 90' lang='lat' dir='ltr'>Principis</span> <span class='ocrx_word' id='word_1_229' title='bbox 869 1863 932 1898; x_wconf 90' lang='lat' dir='ltr'>hac</span> <span class='ocrx_word' id='word_1_230' title='bbox 957 1877 995 1897; x_wconf 75' lang='lat' dir='ltr'>ex</span> <span class='ocrx_word' id='word_1_231' title='bbox 1019 1876 1055 1897; x_wconf 89' lang='lat' dir='ltr'>re</span> <span class='ocrx_word' id='word_1_232' title='bbox 1083 1869 1205 1907; x_wconf 89' lang='lat' dir='ltr'>potest,</span> 
     </span>
     <span class='ocr_line' id='line_1_36' title="bbox 228 1912 1205 1967; baseline -0.011 -12"><span class='ocrx_word' id='word_1_233' title='bbox 228 1924 319 1967; x_wconf 89' lang='lat' dir='ltr'>quod</span> <span class='ocrx_word' id='word_1_234' title='bbox 338 1922 418 1953; x_wconf 80' lang='lat' dir='ltr'>inde</span> <span class='ocrx_word' id='word_1_235' title='bbox 435 1932 542 1964; x_wconf 88' lang='lat' dir='ltr'>usqne</span> <span class='ocrx_word' id='word_1_236' title='bbox 560 1920 602 1951; x_wconf 85' lang='lat' dir='ltr'>ab</span> <span class='ocrx_word' id='word_1_237' title='bbox 621 1918 721 1951; x_wconf 89' lang='lat' dir='ltr'>initio</span> <span class='ocrx_word' id='word_1_238' title='bbox 748 1914 1014 1949; x_wconf 84' lang='lat' dir='ltr'>instaurationis</span> <span class='ocrx_word' id='word_1_239' title='bbox 1032 1912 1205 1947; x_wconf 84' lang='lat' dir='ltr'>Ecclesia-</span> 
     </span>
     <span class='ocr_line' id='line_1_37' title="bbox 228 1961 1205 2005; baseline -0.01 0"><span class='ocrx_word' id='word_1_240' title='bbox 228 1985 304 2005; x_wconf 87' lang='lat' dir='ltr'>rum</span> <span class='ocrx_word' id='word_1_241' title='bbox 328 1984 394 2004; x_wconf 76' lang='lat' dir='ltr'>vox</span> <span class='ocrx_word' id='word_1_242' title='bbox 418 1972 535 2003; x_wconf 85' lang='lat' dir='ltr'>eadem</span> <span class='ocrx_word' id='word_1_243' title='bbox 560 1970 633 2001; x_wconf 87' lang='lat' dir='ltr'>sine</span> <span class='ocrx_word' id='word_1_244' title='bbox 653 1966 930 2000; x_wconf 85' lang='lat' dir='ltr'>dissensionibus</span> <span class='ocrx_word' id='word_1_245' title='bbox 948 1965 1029 1997; x_wconf 88' lang='lat' dir='ltr'>ullis</span> <span class='ocrx_word' id='word_1_246' title='bbox 1048 1965 1089 1996; x_wconf 91' lang='lat' dir='ltr'>ad</span> <span class='ocrx_word' id='word_1_247' title='bbox 1110 1961 1205 1996; x_wconf 91' lang='lat' dir='ltr'>hunc</span> 
     </span>
     <span class='ocr_line' id='line_1_38' title="bbox 229 2016 1206 2059; baseline -0.01 -4"><span class='ocrx_word' id='word_1_248' title='bbox 229 2023 320 2056; x_wconf 90' lang='lat' dir='ltr'>diem</span> <span class='ocrx_word' id='word_1_249' title='bbox 340 2022 377 2053; x_wconf 90' lang='lat' dir='ltr'>in</span> <span class='ocrx_word' id='word_1_250' title='bbox 393 2019 557 2053; x_wconf 85' lang='lat' dir='ltr'>Ecclesiis</span> <span class='ocrx_word' id='word_1_251' title='bbox 583 2018 690 2052; x_wconf 86' lang='lat' dir='ltr'>totius</span> <span class='ocrx_word' id='word_1_252' title='bbox 714 2016 865 2059; x_wconf 87' lang='lat' dir='ltr'>regionis</span> <span class='ocrx_word' id='word_1_253' title='bbox 882 2022 1001 2054; x_wconf 89' lang='lat' dir='ltr'>sonat,</span> <span class='ocrx_word' id='word_1_254' title='bbox 1027 2026 1090 2047; x_wconf 92' lang='lat' dir='ltr'>nec</span> <span class='ocrx_word' id='word_1_255' title='bbox 1107 2020 1206 2046; x_wconf 91' lang='lat' dir='ltr'>tran-</span> 
     </span>
     <span class='ocr_line' id='line_1_39' title="bbox 229 2062 1207 2116; baseline -0.009 -11"><span class='ocrx_word' id='word_1_256' title='bbox 229 2073 410 2116; x_wconf 90' lang='lat' dir='ltr'>quilliores</span> <span class='ocrx_word' id='word_1_257' title='bbox 426 2081 572 2113; x_wconf 91' lang='lat' dir='ltr'>usquam</span> <span class='ocrx_word' id='word_1_258' title='bbox 589 2067 765 2101; x_wconf 88' lang='lat' dir='ltr'>Ecclesiae</span> <span class='ocrx_word' id='word_1_259' title='bbox 783 2067 817 2098; x_wconf 91' lang='lat' dir='ltr'>in</span> <span class='ocrx_word' id='word_1_260' title='bbox 830 2065 1019 2099; x_wconf 83' lang='lat' dir='ltr'>Germania</span> <span class='ocrx_word' id='word_1_261' title='bbox 1039 2062 1207 2097; x_wconf 86' lang='lat' dir='ltr'>hactenus</span> 
     </span>
     <span class='ocr_line' id='line_1_40' title="bbox 229 2115 1206 2159; baseline -0.008 -5"><span class='ocrx_word' id='word_1_262' title='bbox 229 2124 382 2154; x_wconf 85' lang='lat' dir='ltr'>fuerunt.</span> <span class='ocrx_word' id='word_1_263' title='bbox 436 2119 580 2152; x_wconf 89' lang='lat' dir='ltr'>Florent</span> <span class='ocrx_word' id='word_1_264' title='bbox 603 2125 634 2151; x_wconf 88' lang='lat' dir='ltr'>et</span> <span class='ocrx_word' id='word_1_265' title='bbox 659 2115 806 2150; x_wconf 88' lang='lat' dir='ltr'>Scholae</span> <span class='ocrx_word' id='word_1_266' title='bbox 831 2116 869 2148; x_wconf 91' lang='lat' dir='ltr'>in</span> <span class='ocrx_word' id='word_1_267' title='bbox 894 2115 1051 2159; x_wconf 89' lang='lat' dir='ltr'>oppidis,</span> <span class='ocrx_word' id='word_1_268' title='bbox 1079 2121 1206 2147; x_wconf 89' lang='lat' dir='ltr'>etcum</span> 
     </span>
     <span class='ocr_line' id='line_1_41' title="bbox 231 2166 1206 2214; baseline -0.008 -10"><span class='ocrx_word' id='word_1_269' title='bbox 231 2172 340 2214; x_wconf 75' lang='lat' dir='ltr'>gentis</span> <span class='ocrx_word' id='word_1_270' title='bbox 365 2170 501 2213; x_wconf 88' lang='lat' dir='ltr'>ingenia</span> <span class='ocrx_word' id='word_1_271' title='bbox 524 2170 593 2201; x_wconf 90' lang='lat' dir='ltr'>sint</span> <span class='ocrx_word' id='word_1_272' title='bbox 617 2167 855 2200; x_wconf 87' lang='lat' dir='ltr'>doctrinarum</span> <span class='ocrx_word' id='word_1_273' title='bbox 880 2166 1035 2208; x_wconf 85' lang='lat' dir='ltr'>capacia,</span> <span class='ocrx_word' id='word_1_274' title='bbox 1061 2171 1206 2197; x_wconf 90' lang='lat' dir='ltr'>naturae</span> 
     </span>
     <span class='ocr_line' id='line_1_42' title="bbox 232 2214 1208 2258; baseline -0.008 -4"><span class='ocrx_word' id='word_1_275' title='bbox 232 2223 334 2254; x_wconf 71' lang='lat' dir='ltr'>etiam</span> <span class='ocrx_word' id='word_1_276' title='bbox 353 2228 462 2254; x_wconf 86' lang='lat' dir='ltr'>rectae</span> <span class='ocrx_word' id='word_1_277' title='bbox 480 2226 560 2252; x_wconf 90' lang='lat' dir='ltr'>sunt</span> <span class='ocrx_word' id='word_1_278' title='bbox 577 2225 609 2251; x_wconf 88' lang='lat' dir='ltr'>et</span> <span class='ocrx_word' id='word_1_279' title='bbox 624 2214 851 2250; x_wconf 87' lang='lat' dir='ltr'>abhorrentes</span> <span class='ocrx_word' id='word_1_280' title='bbox 868 2228 886 2247; x_wconf 92' lang='lat' dir='ltr'>a</span> <span class='ocrx_word' id='word_1_281' title='bbox 907 2215 1114 2248; x_wconf 86' lang='lat' dir='ltr'>monstrosis</span> <span class='ocrx_word' id='word_1_282' title='bbox 1129 2214 1208 2258; x_wconf 92' lang='lat' dir='ltr'>opi-</span> 
     </span>
     <span class='ocr_line' id='line_1_43' title="bbox 234 2263 1207 2308; baseline -0.007 -5"><span class='ocrx_word' id='word_1_283' title='bbox 234 2271 411 2304; x_wconf 84' lang='lat' dir='ltr'>nionibus.</span> <span class='ocrx_word' id='word_1_284' title='bbox 463 2269 557 2301; x_wconf 83' lang='lat' dir='ltr'>Haec</span> <span class='ocrx_word' id='word_1_285' title='bbox 575 2265 791 2300; x_wconf 84' lang='lat' dir='ltr'>deEcclesiis</span> <span class='ocrx_word' id='word_1_286' title='bbox 809 2272 841 2298; x_wconf 89' lang='lat' dir='ltr'>et</span> <span class='ocrx_word' id='word_1_287' title='bbox 859 2266 901 2298; x_wconf 90' lang='lat' dir='ltr'>de</span> <span class='ocrx_word' id='word_1_288' title='bbox 920 2272 1084 2308; x_wconf 88' lang='lat' dir='ltr'>perpetua</span> <span class='ocrx_word' id='word_1_289' title='bbox 1099 2263 1207 2297; x_wconf 92' lang='lat' dir='ltr'>Ducis</span> 
     </span>
     <span class='ocr_line' id='line_1_44' title="bbox 231 2314 1207 2361; baseline -0.007 -9"><span class='ocrx_word' id='word_1_290' title='bbox 231 2319 370 2353; x_wconf 83' lang='lat' dir='ltr'>Ernesti</span> <span class='ocrx_word' id='word_1_291' title='bbox 389 2319 568 2361; x_wconf 83' lang='lat' dir='ltr'>diligentia</span> <span class='ocrx_word' id='word_1_292' title='bbox 587 2319 623 2350; x_wconf 91' lang='lat' dir='ltr'>in</span> <span class='ocrx_word' id='word_1_293' title='bbox 641 2317 780 2350; x_wconf 89' lang='lat' dir='ltr'>tuendis</span> <span class='ocrx_word' id='word_1_294' title='bbox 794 2314 958 2349; x_wconf 90' lang='lat' dir='ltr'>Ecclesiis</span> <span class='ocrx_word' id='word_1_295' title='bbox 978 2327 1016 2347; x_wconf 93' lang='lat' dir='ltr'>eo</span> <span class='ocrx_word' id='word_1_296' title='bbox 1037 2315 1108 2347; x_wconf 79' lang='lat' dir='ltr'>dixi</span> <span class='ocrx_word' id='word_1_297' title='bbox 1126 2315 1207 2346; x_wconf 91' lang='lat' dir='ltr'>bre-</span> 
     </span>
     <span class='ocr_line' id='line_1_45' title="bbox 232 2364 1209 2412; baseline -0.006 -10"><span class='ocrx_word' id='word_1_298' title='bbox 232 2371 327 2409; x_wconf 63' lang='lat' dir='ltr'>vius,</span> <span class='ocrx_word' id='word_1_299' title='bbox 355 2370 413 2412; x_wconf 81' lang='lat' dir='ltr'>qui</span> <span class='ocrx_word' id='word_1_300' title='bbox 433 2368 668 2412; x_wconf 86' lang='lat' dir='ltr'>tranquillitas</span> <span class='ocrx_word' id='word_1_301' title='bbox 684 2365 920 2400; x_wconf 87' lang='lat' dir='ltr'>Ecclesiarum</span> <span class='ocrx_word' id='word_1_302' title='bbox 945 2365 981 2397; x_wconf 94' lang='lat' dir='ltr'>in</span> <span class='ocrx_word' id='word_1_303' title='bbox 1001 2364 1040 2398; x_wconf 90' lang='lat' dir='ltr'>iis</span> <span class='ocrx_word' id='word_1_304' title='bbox 1055 2364 1140 2397; x_wconf 91' lang='lat' dir='ltr'>locis</span> <span class='ocrx_word' id='word_1_305' title='bbox 1156 2370 1209 2397; x_wconf 87' lang='lat' dir='ltr'>te-</span> 
     </span>
     <span class='ocr_line' id='line_1_46' title="bbox 232 2413 1208 2459; baseline -0.005 -8"><span class='ocrx_word' id='word_1_306' title='bbox 232 2420 435 2452; x_wconf 83' lang='lat' dir='ltr'>stimonium</span> <span class='ocrx_word' id='word_1_307' title='bbox 462 2425 510 2452; x_wconf 88' lang='lat' dir='ltr'>est</span> <span class='ocrx_word' id='word_1_308' title='bbox 535 2417 735 2459; x_wconf 72' lang='lat' dir='ltr'>vigilantiae</span> <span class='ocrx_word' id='word_1_309' title='bbox 758 2416 866 2459; x_wconf 89' lang='lat' dir='ltr'>ipsius</span> <span class='ocrx_word' id='word_1_310' title='bbox 888 2415 925 2448; x_wconf 91' lang='lat' dir='ltr'>in</span> <span class='ocrx_word' id='word_1_311' title='bbox 946 2413 1010 2448; x_wconf 85' lang='lat' dir='ltr'>hac</span> <span class='ocrx_word' id='word_1_312' title='bbox 1035 2420 1130 2458; x_wconf 87' lang='lat' dir='ltr'>parte</span> <span class='ocrx_word' id='word_1_313' title='bbox 1145 2425 1208 2456; x_wconf 86' lang='lat' dir='ltr'>gu-</span> 
     </span>
     <span class='ocr_line' id='line_1_47' title="bbox 232 2466 1208 2510; baseline -0.006 -8"><span class='ocrx_word' id='word_1_314' title='bbox 232 2470 460 2503; x_wconf 72' lang='lat' dir='ltr'>bernationis,</span> <span class='ocrx_word' id='word_1_315' title='bbox 513 2467 627 2500; x_wconf 66' lang='lat' dir='ltr'>Venio</span> <span class='ocrx_word' id='word_1_316' title='bbox 643 2479 736 2500; x_wconf 91' lang='lat' dir='ltr'>nunc</span> <span class='ocrx_word' id='word_1_317' title='bbox 752 2467 795 2500; x_wconf 91' lang='lat' dir='ltr'>ad</span> <span class='ocrx_word' id='word_1_318' title='bbox 820 2478 881 2506; x_wconf 86' lang='lat' dir='ltr'>ea,</span> <span class='ocrx_word' id='word_1_319' title='bbox 907 2477 994 2510; x_wconf 91' lang='lat' dir='ltr'>quae</span> <span class='ocrx_word' id='word_1_320' title='bbox 1017 2466 1059 2498; x_wconf 91' lang='lat' dir='ltr'>ad</span> <span class='ocrx_word' id='word_1_321' title='bbox 1085 2476 1208 2497; x_wconf 88' lang='lat' dir='ltr'>secun-</span> 
     </span>
     <span class='ocr_line' id='line_1_48' title="bbox 233 2513 1208 2562; baseline -0.005 -11"><span class='ocrx_word' id='word_1_322' title='bbox 233 2522 311 2551; x_wconf 88' lang='lat' dir='ltr'>dam</span> <span class='ocrx_word' id='word_1_323' title='bbox 328 2519 480 2561; x_wconf 86' lang='lat' dir='ltr'>decalogi</span> <span class='ocrx_word' id='word_1_324' title='bbox 498 2525 628 2562; x_wconf 83' lang='lat' dir='ltr'>partem</span> <span class='ocrx_word' id='word_1_325' title='bbox 648 2517 787 2561; x_wconf 89' lang='lat' dir='ltr'>proprie</span> <span class='ocrx_word' id='word_1_326' title='bbox 803 2516 990 2561; x_wconf 90' lang='lat' dir='ltr'>pertinent.</span> <span class='ocrx_word' id='word_1_327' title='bbox 1042 2513 1208 2548; x_wconf 87' lang='lat' dir='ltr'>Armatus</span> 
     </span>
     <span class='ocr_line' id='line_1_49' title="bbox 232 2565 1206 2612; baseline -0.004 -11"><span class='ocrx_word' id='word_1_328' title='bbox 232 2580 452 2602; x_wconf 83' lang='lat' dir='ltr'>communem</span> <span class='ocrx_word' id='word_1_329' title='bbox 478 2568 569 2612; x_wconf 87' lang='lat' dir='ltr'>pacis</span> <span class='ocrx_word' id='word_1_330' title='bbox 591 2567 826 2600; x_wconf 84' lang='lat' dir='ltr'>defensionem</span> <span class='ocrx_word' id='word_1_331' title='bbox 853 2567 890 2599; x_wconf 90' lang='lat' dir='ltr'>in</span> <span class='ocrx_word' id='word_1_332' title='bbox 911 2565 1102 2599; x_wconf 88' lang='lat' dir='ltr'>Germania</span> <span class='ocrx_word' id='word_1_333' title='bbox 1127 2576 1206 2597; x_wconf 91' lang='lat' dir='ltr'>cum</span> 
     </span>
     <span class='ocr_line' id='line_1_50' title="bbox 232 2614 1207 2657; baseline -0.006 -5"><span class='ocrx_word' id='word_1_334' title='bbox 232 2621 337 2652; x_wconf 84' lang='lat' dir='ltr'>fratre</span> <span class='ocrx_word' id='word_1_335' title='bbox 353 2618 486 2652; x_wconf 75' lang='lat' dir='ltr'>adiuvit</span> <span class='ocrx_word' id='word_1_336' title='bbox 504 2619 539 2650; x_wconf 90' lang='lat' dir='ltr'>in</span> <span class='ocrx_word' id='word_1_337' title='bbox 556 2617 735 2651; x_wconf 87' lang='lat' dir='ltr'>Seditione</span> <span class='ocrx_word' id='word_1_338' title='bbox 750 2616 941 2652; x_wconf 82' lang='lat' dir='ltr'>Rusticana</span> <span class='ocrx_word' id='word_1_339' title='bbox 953 2643 962 2657; x_wconf 91' lang='lat'>‚</span> <span class='ocrx_word' id='word_1_340' title='bbox 989 2623 1028 2650; x_wconf 86' lang='lat' dir='ltr'>ut</span> <span class='ocrx_word' id='word_1_341' title='bbox 1042 2614 1207 2648; x_wconf 90' lang='lat' dir='ltr'>nomina-</span> 
     </span>
     <span class='ocr_line' id='line_1_51' title="bbox 233 2664 1207 2713; baseline -0.004 -11"><span class='ocrx_word' id='word_1_342' title='bbox 233 2678 305 2707; x_wconf 83' lang='lat' dir='ltr'>tur,</span> <span class='ocrx_word' id='word_1_343' title='bbox 349 2680 440 2701; x_wconf 89' lang='lat' dir='ltr'>anuo</span> <span class='ocrx_word' id='word_1_344' title='bbox 482 2668 668 2701; x_wconf 81' lang='lat' dir='ltr'>millesimo</span> <span class='ocrx_word' id='word_1_345' title='bbox 706 2668 1002 2713; x_wconf 80' lang='lat' dir='ltr'>quingentesimo,</span> <span class='ocrx_word' id='word_1_346' title='bbox 1043 2664 1207 2700; x_wconf 76' lang='lat' dir='ltr'>vicesimo</span> 
     </span>
    </p>
   </div>
   <div class='ocr_carea' id='block_1_5' title="bbox 704 129 1728 174">
    <p class='ocr_par' dir='ltr' id='par_1_5' title="bbox 704 129 1728 174">
     <span class='ocr_line' id='line_1_52' title="bbox 704 129 1728 174; baseline -0.005 0"><span class='ocrx_word' id='word_1_347' title='bbox 704 138 866 174; x_wconf 87' lang='lat' dir='ltr'><strong>DECL.</strong></span> <span class='ocrx_word' id='word_1_348' title='bbox 888 135 963 173; x_wconf 84' lang='lat' dir='ltr'>DE</span> <span class='ocrx_word' id='word_1_349' title='bbox 995 133 1268 172; x_wconf 81' lang='lat' dir='ltr'>ERNESTO</span> <span class='ocrx_word' id='word_1_350' title='bbox 1302 129 1454 167; x_wconf 90' lang='lat' dir='ltr'>DUCE</span> <span class='ocrx_word' id='word_1_351' title='bbox 1486 132 1728 169; x_wconf 77' lang='lat' dir='ltr'>BRUNSV.</span> 
     </span>
    </p>
   </div>
   <div class='ocr_carea' id='block_1_6' title="bbox 2139 132 2213 168">
    <p class='ocr_par' dir='ltr' id='par_1_6' title="bbox 2139 132 2213 168">
     <span class='ocr_line' id='line_1_53' title="bbox 2139 132 2213 168; baseline -0.027 0"><span class='ocrx_word' id='word_1_352' title='bbox 2139 132 2213 168; x_wconf 79' lang='lat'>236</span> 
     </span>
    </p>
   </div>
   <div class='ocr_carea' id='block_1_7' title="bbox 1241 214 2232 2704">
    <p class='ocr_par' dir='ltr' id='par_1_7' title="bbox 1241 214 2228 1701">
     <span class='ocr_line' id='line_1_54' title="bbox 1242 214 2212 262; baseline 0 -12"><span class='ocrx_word' id='word_1_353' title='bbox 1242 217 1383 262; x_wconf 88' lang='lat' dir='ltr'>quinto,</span> <span class='ocrx_word' id='word_1_354' title='bbox 1409 226 1477 259; x_wconf 90' lang='lat' dir='ltr'>quo</span> <span class='ocrx_word' id='word_1_355' title='bbox 1501 221 1658 259; x_wconf 83' lang='lat' dir='ltr'>tempore</span> <span class='ocrx_word' id='word_1_356' title='bbox 1682 222 1714 249; x_wconf 89' lang='lat' dir='ltr'>et</span> <span class='ocrx_word' id='word_1_357' title='bbox 1738 216 1775 249; x_wconf 92' lang='lat' dir='ltr'>in</span> <span class='ocrx_word' id='word_1_358' title='bbox 1792 215 1965 259; x_wconf 84' lang='lat' dir='ltr'>Turingia</span> <span class='ocrx_word' id='word_1_359' title='bbox 1986 222 2020 250; x_wconf 89' lang='lat' dir='ltr'>et</span> <span class='ocrx_word' id='word_1_360' title='bbox 2043 214 2080 249; x_wconf 89' lang='lat' dir='ltr'>in</span> <span class='ocrx_word' id='word_1_361' title='bbox 2097 216 2212 250; x_wconf 71' lang='lat' dir='ltr'>vicina</span> 
     </span>
     <span class='ocr_line' id='line_1_55' title="bbox 1242 265 2214 310; baseline -0.001 -10"><span class='ocrx_word' id='word_1_362' title='bbox 1242 265 1409 300; x_wconf 86' lang='lat' dir='ltr'>Franciae</span> <span class='ocrx_word' id='word_1_363' title='bbox 1424 275 1484 297; x_wconf 90' lang='lat' dir='ltr'>ora</span> <span class='ocrx_word' id='word_1_364' title='bbox 1499 265 1653 308; x_wconf 90' lang='lat' dir='ltr'>primum</span> <span class='ocrx_word' id='word_1_365' title='bbox 1670 277 1846 310; x_wconf 88' lang='lat' dir='ltr'>repressus</span> <span class='ocrx_word' id='word_1_366' title='bbox 1865 273 1915 299; x_wconf 90' lang='lat' dir='ltr'>est</span> <span class='ocrx_word' id='word_1_367' title='bbox 1929 266 2028 298; x_wconf 86' lang='lat' dir='ltr'>furor</span> <span class='ocrx_word' id='word_1_368' title='bbox 2043 267 2214 300; x_wconf 83' lang='lat' dir='ltr'>fanatico-</span> 
     </span>
     <span class='ocr_line' id='line_1_56' title="bbox 1241 315 2215 359; baseline 0 -10"><span class='ocrx_word' id='word_1_369' title='bbox 1241 328 1318 349; x_wconf 90' lang='lat' dir='ltr'>rum</span> <span class='ocrx_word' id='word_1_370' title='bbox 1336 316 1518 347; x_wconf 88' lang='lat' dir='ltr'>doctorum</span> <span class='ocrx_word' id='word_1_371' title='bbox 1536 321 1569 347; x_wconf 88' lang='lat' dir='ltr'>et</span> <span class='ocrx_word' id='word_1_372' title='bbox 1583 315 1763 348; x_wconf 87' lang='lat' dir='ltr'>seditiosae</span> <span class='ocrx_word' id='word_1_373' title='bbox 1781 315 2036 355; x_wconf 88' lang='lat' dir='ltr'>multitudinis,</span> <span class='ocrx_word' id='word_1_374' title='bbox 2056 327 2143 359; x_wconf 89' lang='lat' dir='ltr'>quae</span> <span class='ocrx_word' id='word_1_375' title='bbox 2158 316 2215 349; x_wconf 90' lang='lat' dir='ltr'>in-</span> 
     </span>
     <span class='ocr_line' id='line_1_57' title="bbox 1242 363 2215 399; baseline -0.001 0"><span class='ocrx_word' id='word_1_376' title='bbox 1242 367 1344 399; x_wconf 89' lang='lat' dir='ltr'>citata</span> <span class='ocrx_word' id='word_1_377' title='bbox 1361 365 1473 397; x_wconf 85' lang='lat' dir='ltr'>fuerat</span> <span class='ocrx_word' id='word_1_378' title='bbox 1489 376 1507 396; x_wconf 87' lang='lat' dir='ltr'>a</span> <span class='ocrx_word' id='word_1_379' title='bbox 1526 363 1726 398; x_wconf 85' lang='lat' dir='ltr'>Monetario</span> <span class='ocrx_word' id='word_1_380' title='bbox 1744 372 1776 398; x_wconf 90' lang='lat' dir='ltr'>et</span> <span class='ocrx_word' id='word_1_381' title='bbox 1792 366 1964 398; x_wconf 89' lang='lat' dir='ltr'>similibus</span> <span class='ocrx_word' id='word_1_382' title='bbox 1980 366 2023 398; x_wconf 91' lang='lat' dir='ltr'>ad</span> <span class='ocrx_word' id='word_1_383' title='bbox 2047 376 2142 398; x_wconf 89' lang='lat' dir='ltr'>arma</span> <span class='ocrx_word' id='word_1_384' title='bbox 2158 377 2215 398; x_wconf 91' lang='lat' dir='ltr'>ca·</span> 
     </span>
     <span class='ocr_line' id='line_1_58' title="bbox 1243 411 2216 459; baseline -0.001 -11"><span class='ocrx_word' id='word_1_385' title='bbox 1243 416 1380 459; x_wconf 87' lang='lat' dir='ltr'>pienda.</span> <span class='ocrx_word' id='word_1_386' title='bbox 1434 413 1476 446; x_wconf 93' lang='lat' dir='ltr'>In</span> <span class='ocrx_word' id='word_1_387' title='bbox 1499 411 1564 446; x_wconf 91' lang='lat' dir='ltr'>hoc</span> <span class='ocrx_word' id='word_1_388' title='bbox 1585 420 1682 447; x_wconf 87' lang='lat' dir='ltr'>tanto</span> <span class='ocrx_word' id='word_1_389' title='bbox 1716 415 1870 457; x_wconf 90' lang='lat' dir='ltr'>periculo</span> <span class='ocrx_word' id='word_1_390' title='bbox 1895 414 2106 448; x_wconf 89' lang='lat' dir='ltr'>Germaniae</span> <span class='ocrx_word' id='word_1_391' title='bbox 2136 426 2216 447; x_wconf 90' lang='lat' dir='ltr'>cum</span> 
     </span>
     <span class='ocr_line' id='line_1_59' title="bbox 1243 462 2217 508; baseline -0.001 -10"><span class='ocrx_word' id='word_1_392' title='bbox 1243 464 1414 499; x_wconf 81' lang='lat' dir='ltr'>Saxoniae</span> <span class='ocrx_word' id='word_1_393' title='bbox 1427 462 1542 496; x_wconf 80' lang='lat' dir='ltr'>Duces</span> <span class='ocrx_word' id='word_1_394' title='bbox 1559 464 1663 507; x_wconf 91' lang='lat' dir='ltr'>primi</span> <span class='ocrx_word' id='word_1_395' title='bbox 1679 465 1919 508; x_wconf 86' lang='lat' dir='ltr'>repressissent</span> <span class='ocrx_word' id='word_1_396' title='bbox 1935 465 2107 498; x_wconf 81' lang='lat' dir='ltr'>furentem</span> <span class='ocrx_word' id='word_1_397' title='bbox 2123 464 2217 497; x_wconf 86' lang='lat' dir='ltr'>mul-</span> 
     </span>
     <span class='ocr_line' id='line_1_60' title="bbox 1243 513 2218 557; baseline -0.003 -8"><span class='ocrx_word' id='word_1_398' title='bbox 1243 515 1448 552; x_wconf 82' lang='lat' dir='ltr'>titudinem,</span> <span class='ocrx_word' id='word_1_399' title='bbox 1476 513 1711 557; x_wconf 83' lang='lat' dir='ltr'>perterrefacti</span> <span class='ocrx_word' id='word_1_400' title='bbox 1730 514 1855 547; x_wconf 86' lang='lat' dir='ltr'>caeteri</span> <span class='ocrx_word' id='word_1_401' title='bbox 1875 514 1912 546; x_wconf 89' lang='lat' dir='ltr'>in</span> <span class='ocrx_word' id='word_1_402' title='bbox 1936 515 2013 547; x_wconf 86' lang='lat' dir='ltr'>aliis</span> <span class='ocrx_word' id='word_1_403' title='bbox 2031 514 2114 547; x_wconf 91' lang='lat' dir='ltr'>locis</span> <span class='ocrx_word' id='word_1_404' title='bbox 2132 514 2218 547; x_wconf 86' lang='lat' dir='ltr'>faci-</span> 
     </span>
     <span class='ocr_line' id='line_1_61' title="bbox 1244 563 2218 607; baseline -0.001 -10"><span class='ocrx_word' id='word_1_405' title='bbox 1244 566 1312 597; x_wconf 89' lang='lat' dir='ltr'>lius</span> <span class='ocrx_word' id='word_1_406' title='bbox 1346 563 1505 607; x_wconf 88' lang='lat' dir='ltr'>dissipati</span> <span class='ocrx_word' id='word_1_407' title='bbox 1540 570 1632 599; x_wconf 87' lang='lat' dir='ltr'>sunt.</span> <span class='ocrx_word' id='word_1_408' title='bbox 1691 563 1881 607; x_wconf 89' lang='lat' dir='ltr'>Praecipue</span> <span class='ocrx_word' id='word_1_409' title='bbox 1913 570 2027 597; x_wconf 89' lang='lat' dir='ltr'>autem</span> <span class='ocrx_word' id='word_1_410' title='bbox 2061 564 2218 597; x_wconf 90' lang='lat' dir='ltr'>consiliis</span> 
     </span>
     <span class='ocr_line' id='line_1_62' title="bbox 1246 612 2218 658; baseline -0.002 -10"><span class='ocrx_word' id='word_1_411' title='bbox 1246 614 1385 648; x_wconf 80' lang='lat' dir='ltr'>Ascanii</span> <span class='ocrx_word' id='word_1_412' title='bbox 1406 612 1539 647; x_wconf 89' lang='lat' dir='ltr'>Cramii</span> <span class='ocrx_word' id='word_1_413' title='bbox 1570 620 1654 646; x_wconf 89' lang='lat' dir='ltr'>tunc</span> <span class='ocrx_word' id='word_1_414' title='bbox 1676 612 1756 646; x_wconf 83' lang='lat' dir='ltr'>Dux</span> <span class='ocrx_word' id='word_1_415' title='bbox 1778 612 1922 647; x_wconf 84' lang='lat' dir='ltr'>Elector</span> <span class='ocrx_word' id='word_1_416' title='bbox 1950 624 2032 646; x_wconf 80' lang='lat' dir='ltr'>usus</span> <span class='ocrx_word' id='word_1_417' title='bbox 2061 620 2129 651; x_wconf 86' lang='lat' dir='ltr'>est,</span> <span class='ocrx_word' id='word_1_418' title='bbox 2156 613 2218 658; x_wconf 88' lang='lat' dir='ltr'>qui</span> 
     </span>
     <span class='ocr_line' id='line_1_63' title="bbox 1245 663 2219 707; baseline -0.003 -9"><span class='ocrx_word' id='word_1_419' title='bbox 1245 672 1361 698; x_wconf 89' lang='lat' dir='ltr'>tamen</span> <span class='ocrx_word' id='word_1_420' title='bbox 1379 670 1455 707; x_wconf 91' lang='lat' dir='ltr'>post</span> <span class='ocrx_word' id='word_1_421' title='bbox 1471 663 1652 696; x_wconf 86' lang='lat' dir='ltr'>victoriam</span> <span class='ocrx_word' id='word_1_422' title='bbox 1670 670 1770 696; x_wconf 87' lang='lat' dir='ltr'>autor</span> <span class='ocrx_word' id='word_1_423' title='bbox 1786 664 1864 705; x_wconf 89' lang='lat' dir='ltr'>fuit,</span> <span class='ocrx_word' id='word_1_424' title='bbox 1882 671 1920 697; x_wconf 92' lang='lat' dir='ltr'>ut</span> <span class='ocrx_word' id='word_1_425' title='bbox 1936 664 2121 696; x_wconf 86' lang='lat' dir='ltr'>clementer</span> <span class='ocrx_word' id='word_1_426' title='bbox 2136 674 2219 707; x_wconf 87' lang='lat' dir='ltr'>par-</span> 
     </span>
     <span class='ocr_line' id='line_1_64' title="bbox 1245 713 2220 756; baseline -0.002 -9"><span class='ocrx_word' id='word_1_427' title='bbox 1245 721 1380 747; x_wconf 89' lang='lat' dir='ltr'>ceretur</span> <span class='ocrx_word' id='word_1_428' title='bbox 1403 725 1520 745; x_wconf 89' lang='lat' dir='ltr'>errore</span> <span class='ocrx_word' id='word_1_429' title='bbox 1543 713 1658 756; x_wconf 90' lang='lat' dir='ltr'>lapsis.</span> <span class='ocrx_word' id='word_1_430' title='bbox 1710 713 1832 747; x_wconf 88' lang='lat' dir='ltr'>Postea</span> <span class='ocrx_word' id='word_1_431' title='bbox 1857 715 1959 747; x_wconf 87' lang='lat' dir='ltr'>etiam</span> <span class='ocrx_word' id='word_1_432' title='bbox 1977 713 2110 746; x_wconf 82' lang='lat' dir='ltr'>adiuvit</span> <span class='ocrx_word' id='word_1_433' title='bbox 2125 725 2220 753; x_wconf 83' lang='lat' dir='ltr'>com-</span> 
     </span>
     <span class='ocr_line' id='line_1_65' title="bbox 1245 762 2219 806; baseline -0.002 -9"><span class='ocrx_word' id='word_1_434' title='bbox 1245 776 1386 797; x_wconf 87' lang='lat' dir='ltr'>munem</span> <span class='ocrx_word' id='word_1_435' title='bbox 1423 763 1515 806; x_wconf 90' lang='lat' dir='ltr'>pacis</span> <span class='ocrx_word' id='word_1_436' title='bbox 1543 763 1780 796; x_wconf 75' lang='lat' dir='ltr'>defensionem</span> <span class='ocrx_word' id='word_1_437' title='bbox 1813 771 1932 797; x_wconf 90' lang='lat' dir='ltr'>contra</span> <span class='ocrx_word' id='word_1_438' title='bbox 1965 763 2147 796; x_wconf 89' lang='lat' dir='ltr'>seditiosos</span> <span class='ocrx_word' id='word_1_439' title='bbox 2180 762 2219 795; x_wconf 90' lang='lat' dir='ltr'>in</span> 
     </span>
     <span class='ocr_line' id='line_1_66' title="bbox 1246 811 2218 856; baseline -0.002 -9"><span class='ocrx_word' id='word_1_440' title='bbox 1246 815 1332 847; x_wconf 89' lang='lat' dir='ltr'>urbe</span> <span class='ocrx_word' id='word_1_441' title='bbox 1351 813 1632 847; x_wconf 79' lang='lat' dir='ltr'>Monasteriensi.</span> <span class='ocrx_word' id='word_1_442' title='bbox 1686 811 1749 847; x_wconf 87' lang='lat' dir='ltr'>Est</span> <span class='ocrx_word' id='word_1_443' title='bbox 1766 821 1879 847; x_wconf 89' lang='lat' dir='ltr'>autem</span> <span class='ocrx_word' id='word_1_444' title='bbox 1898 815 2008 846; x_wconf 84' lang='lat' dir='ltr'>virtus</span> <span class='ocrx_word' id='word_1_445' title='bbox 2033 820 2127 856; x_wconf 88' lang='lat' dir='ltr'>grata</span> <span class='ocrx_word' id='word_1_446' title='bbox 2143 811 2218 845; x_wconf 86' lang='lat' dir='ltr'>Deo</span> 
     </span>
     <span class='ocr_line' id='line_1_67' title="bbox 1247 862 2220 907; baseline -0.002 -10"><span class='ocrx_word' id='word_1_447' title='bbox 1247 871 1279 897; x_wconf 88' lang='lat' dir='ltr'>et</span> <span class='ocrx_word' id='word_1_448' title='bbox 1297 875 1376 896; x_wconf 77' lang='lat' dir='ltr'>vere</span> <span class='ocrx_word' id='word_1_449' title='bbox 1392 864 1494 905; x_wconf 87' lang='lat' dir='ltr'>digna</span> <span class='ocrx_word' id='word_1_450' title='bbox 1513 864 1604 895; x_wconf 92' lang='lat' dir='ltr'>bono</span> <span class='ocrx_word' id='word_1_451' title='bbox 1616 862 1788 907; x_wconf 86' lang='lat' dir='ltr'>Principe,</span> <span class='ocrx_word' id='word_1_452' title='bbox 1803 864 1924 897; x_wconf 87' lang='lat' dir='ltr'>iustam</span> <span class='ocrx_word' id='word_1_453' title='bbox 1944 870 1976 896; x_wconf 88' lang='lat' dir='ltr'>et</span> <span class='ocrx_word' id='word_1_454' title='bbox 1992 863 2220 896; x_wconf 89' lang='lat' dir='ltr'>necessariam</span> 
     </span>
     <span class='ocr_line' id='line_1_68' title="bbox 1247 912 2221 958; baseline -0.002 -11"><span class='ocrx_word' id='word_1_455' title='bbox 1247 915 1377 958; x_wconf 85' lang='lat' dir='ltr'>patriae</span> <span class='ocrx_word' id='word_1_456' title='bbox 1408 913 1646 946; x_wconf 84' lang='lat' dir='ltr'>defensionem</span> <span class='ocrx_word' id='word_1_457' title='bbox 1674 914 1848 946; x_wconf 86' lang='lat' dir='ltr'>adiuvare.</span> <span class='ocrx_word' id='word_1_458' title='bbox 1901 912 2005 946; x_wconf 88' lang='lat' dir='ltr'>Domi</span> <span class='ocrx_word' id='word_1_459' title='bbox 2037 912 2221 945; x_wconf 82' lang='lat' dir='ltr'>latrocinia</span> 
     </span>
     <span class='ocr_line' id='line_1_69' title="bbox 1246 962 2222 1007; baseline -0.002 -11"><span class='ocrx_word' id='word_1_460' title='bbox 1246 964 1383 997; x_wconf 86' lang='lat' dir='ltr'>sortiter</span> <span class='ocrx_word' id='word_1_461' title='bbox 1410 963 1593 1006; x_wconf 89' lang='lat' dir='ltr'>repressit,</span> <span class='ocrx_word' id='word_1_462' title='bbox 1619 975 1658 995; x_wconf 87' lang='lat' dir='ltr'>ac</span> <span class='ocrx_word' id='word_1_463' title='bbox 1682 964 1817 1006; x_wconf 87' lang='lat' dir='ltr'>insigne</span> <span class='ocrx_word' id='word_1_464' title='bbox 1843 963 2037 1007; x_wconf 87' lang='lat' dir='ltr'>exemplum</span> <span class='ocrx_word' id='word_1_465' title='bbox 2053 962 2126 995; x_wconf 88' lang='lat' dir='ltr'>eius</span> <span class='ocrx_word' id='word_1_466' title='bbox 2141 973 2222 994; x_wconf 85' lang='lat' dir='ltr'>nar·</span> 
     </span>
     <span class='ocr_line' id='line_1_70' title="bbox 1248 1012 2223 1057; baseline -0.004 -10"><span class='ocrx_word' id='word_1_467' title='bbox 1248 1020 1354 1047; x_wconf 89' lang='lat' dir='ltr'>ratur.</span> <span class='ocrx_word' id='word_1_468' title='bbox 1408 1012 1497 1046; x_wconf 88' lang='lat' dir='ltr'>Cum</span> <span class='ocrx_word' id='word_1_469' title='bbox 1525 1013 1715 1046; x_wconf 90' lang='lat' dir='ltr'>indicatum</span> <span class='ocrx_word' id='word_1_470' title='bbox 1739 1020 1825 1047; x_wconf 88' lang='lat' dir='ltr'>esset</span> <span class='ocrx_word' id='word_1_471' title='bbox 1847 1013 1913 1056; x_wconf 91' lang='lat' dir='ltr'>ipsi</span> <span class='ocrx_word' id='word_1_472' title='bbox 1945 1013 2113 1057; x_wconf 90' lang='lat' dir='ltr'>quosdam</span> <span class='ocrx_word' id='word_1_473' title='bbox 2136 1012 2223 1044; x_wconf 92' lang='lat' dir='ltr'>insi-</span> 
     </span>
     <span class='ocr_line' id='line_1_71' title="bbox 1248 1063 2222 1107; baseline -0.001 -12"><span class='ocrx_word' id='word_1_474' title='bbox 1248 1063 1336 1097; x_wconf 87' lang='lat' dir='ltr'>diari</span> <span class='ocrx_word' id='word_1_475' title='bbox 1364 1064 1585 1107; x_wconf 89' lang='lat' dir='ltr'>quorundam</span> <span class='ocrx_word' id='word_1_476' title='bbox 1602 1067 1842 1099; x_wconf 53' lang='lat' dir='ltr'>mercatorum}</span> <span class='ocrx_word' id='word_1_477' title='bbox 1854 1063 2047 1100; x_wconf 88' lang='lat' dir='ltr'>mercibus,</span> <span class='ocrx_word' id='word_1_478' title='bbox 2075 1073 2138 1094; x_wconf 90' lang='lat' dir='ltr'>nec</span> <span class='ocrx_word' id='word_1_479' title='bbox 2162 1073 2222 1094; x_wconf 90' lang='lat' dir='ltr'>su-</span> 
     </span>
     <span class='ocr_line' id='line_1_72' title="bbox 1248 1111 2225 1157; baseline -0.004 -10"><span class='ocrx_word' id='word_1_480' title='bbox 1248 1114 1321 1147; x_wconf 91' lang='lat' dir='ltr'>bito</span> <span class='ocrx_word' id='word_1_481' title='bbox 1337 1124 1510 1145; x_wconf 88' lang='lat' dir='ltr'>accersere</span> <span class='ocrx_word' id='word_1_482' title='bbox 1527 1113 1659 1157; x_wconf 89' lang='lat' dir='ltr'>equites</span> <span class='ocrx_word' id='word_1_483' title='bbox 1678 1125 1716 1145; x_wconf 81' lang='lat' dir='ltr'>ex</span> <span class='ocrx_word' id='word_1_484' title='bbox 1735 1113 1956 1157; x_wconf 86' lang='lat' dir='ltr'>praefecturis</span> <span class='ocrx_word' id='word_1_485' title='bbox 1972 1118 2096 1156; x_wconf 89' lang='lat' dir='ltr'>posset,</span> <span class='ocrx_word' id='word_1_486' title='bbox 2125 1111 2225 1144; x_wconf 89' lang='lat' dir='ltr'>iussit</span> 
     </span>
     <span class='ocr_line' id='line_1_73' title="bbox 1248 1161 2224 1207; baseline -0.003 -11"><span class='ocrx_word' id='word_1_487' title='bbox 1248 1175 1320 1196; x_wconf 89' lang='lat' dir='ltr'>sese</span> <span class='ocrx_word' id='word_1_488' title='bbox 1352 1163 1449 1206; x_wconf 90' lang='lat' dir='ltr'>sequi</span> <span class='ocrx_word' id='word_1_489' title='bbox 1475 1163 1605 1195; x_wconf 89' lang='lat' dir='ltr'>aulicos</span> <span class='ocrx_word' id='word_1_490' title='bbox 1637 1164 1780 1207; x_wconf 89' lang='lat' dir='ltr'>equites.</span> <span class='ocrx_word' id='word_1_491' title='bbox 1831 1161 1877 1196; x_wconf 85' lang='lat' dir='ltr'>Et</span> <span class='ocrx_word' id='word_1_492' title='bbox 1907 1162 2061 1195; x_wconf 87' lang='lat' dir='ltr'>ascendit</span> <span class='ocrx_word' id='word_1_493' title='bbox 2091 1162 2162 1205; x_wconf 90' lang='lat' dir='ltr'>ipse</span> <span class='ocrx_word' id='word_1_494' title='bbox 2186 1161 2224 1193; x_wconf 91' lang='lat' dir='ltr'>in</span> 
     </span>
     <span class='ocr_line' id='line_1_74' title="bbox 1249 1212 2221 1245; baseline -0.002 0"><span class='ocrx_word' id='word_1_495' title='bbox 1249 1224 1390 1245; x_wconf 88' lang='lat' dir='ltr'>currum</span> <span class='ocrx_word' id='word_1_496' title='bbox 1409 1212 1622 1244; x_wconf 88' lang='lat' dir='ltr'>mercatoris.</span> <span class='ocrx_word' id='word_1_497' title='bbox 1676 1212 1765 1245; x_wconf 93' lang='lat' dir='ltr'>Cum</span> <span class='ocrx_word' id='word_1_498' title='bbox 1781 1219 1924 1245; x_wconf 73' lang='lat' dir='ltr'>ventum</span> <span class='ocrx_word' id='word_1_499' title='bbox 1942 1218 2029 1244; x_wconf 87' lang='lat' dir='ltr'>esset</span> <span class='ocrx_word' id='word_1_500' title='bbox 2044 1213 2085 1244; x_wconf 92' lang='lat' dir='ltr'>ad</span> <span class='ocrx_word' id='word_1_501' title='bbox 2106 1212 2221 1244; x_wconf 89' lang='lat' dir='ltr'>locum</span> 
     </span>
     <span class='ocr_line' id='line_1_75' title="bbox 1250 1261 2224 1304; baseline 0 -11"><span class='ocrx_word' id='word_1_502' title='bbox 1250 1262 1478 1300; x_wconf 87' lang='lat' dir='ltr'>insidiarum,</span> <span class='ocrx_word' id='word_1_503' title='bbox 1517 1262 1652 1304; x_wconf 85' lang='lat' dir='ltr'>magnis</span> <span class='ocrx_word' id='word_1_504' title='bbox 1687 1263 1902 1295; x_wconf 87' lang='lat' dir='ltr'>clamoribus</span> <span class='ocrx_word' id='word_1_505' title='bbox 1936 1261 2158 1294; x_wconf 86' lang='lat' dir='ltr'>insidiatores</span> <span class='ocrx_word' id='word_1_506' title='bbox 2181 1261 2224 1293; x_wconf 91' lang='lat' dir='ltr'>ad</span> 
     </span>
     <span class='ocr_line' id='line_1_76' title="bbox 1251 1309 2227 1354; baseline -0.001 -11"><span class='ocrx_word' id='word_1_507' title='bbox 1251 1321 1372 1343; x_wconf 90' lang='lat' dir='ltr'>currus</span> <span class='ocrx_word' id='word_1_508' title='bbox 1397 1316 1596 1352; x_wconf 89' lang='lat' dir='ltr'>properant.</span> <span class='ocrx_word' id='word_1_509' title='bbox 1650 1309 1778 1351; x_wconf 84' lang='lat' dir='ltr'>Agnita</span> <span class='ocrx_word' id='word_1_510' title='bbox 1803 1311 2000 1354; x_wconf 90' lang='lat' dir='ltr'>aliquorum</span> <span class='ocrx_word' id='word_1_511' title='bbox 2024 1322 2106 1342; x_wconf 87' lang='lat' dir='ltr'>voce</span> <span class='ocrx_word' id='word_1_512' title='bbox 2122 1309 2227 1342; x_wconf 88' lang='lat' dir='ltr'>Prin-</span> 
     </span>
     <span class='ocr_line' id='line_1_77' title="bbox 1252 1358 2226 1404; baseline -0.001 -12"><span class='ocrx_word' id='word_1_513' title='bbox 1252 1370 1330 1403; x_wconf 91' lang='lat' dir='ltr'>ceps</span> <span class='ocrx_word' id='word_1_514' title='bbox 1361 1358 1571 1391; x_wconf 77' lang='lat' dir='ltr'>nominatim</span> <span class='ocrx_word' id='word_1_515' title='bbox 1605 1370 1663 1392; x_wconf 81' lang='lat' dir='ltr'>eos</span> <span class='ocrx_word' id='word_1_516' title='bbox 1696 1361 1890 1404; x_wconf 84' lang='lat' dir='ltr'>compellat.</span> <span class='ocrx_word' id='word_1_517' title='bbox 1967 1359 2041 1392; x_wconf 92' lang='lat' dir='ltr'>Hos</span> <span class='ocrx_word' id='word_1_518' title='bbox 2077 1359 2226 1392; x_wconf 72' lang='lat' dir='ltr'>vicissim</span> 
     </span>
     <span class='ocr_line' id='line_1_78' title="bbox 1251 1408 2228 1455; baseline 0 -13"><span class='ocrx_word' id='word_1_519' title='bbox 1251 1409 1368 1452; x_wconf 89' lang='lat' dir='ltr'>agnita</span> <span class='ocrx_word' id='word_1_520' title='bbox 1385 1408 1560 1452; x_wconf 87' lang='lat' dir='ltr'>Principis</span> <span class='ocrx_word' id='word_1_521' title='bbox 1577 1421 1658 1442; x_wconf 86' lang='lat' dir='ltr'>voce</span> <span class='ocrx_word' id='word_1_522' title='bbox 1673 1417 1705 1443; x_wconf 90' lang='lat' dir='ltr'>et</span> <span class='ocrx_word' id='word_1_523' title='bbox 1723 1410 1826 1448; x_wconf 88' lang='lat' dir='ltr'>facie,</span> <span class='ocrx_word' id='word_1_524' title='bbox 1853 1422 1956 1455; x_wconf 84' lang='lat' dir='ltr'>quern</span> <span class='ocrx_word' id='word_1_525' title='bbox 1980 1410 2134 1443; x_wconf 83' lang='lat' dir='ltr'>sciebant</span> <span class='ocrx_word' id='word_1_526' title='bbox 2155 1420 2228 1443; x_wconf 75' lang='lat' dir='ltr'>esse</span> 
     </span>
     <span class='ocr_line' id='line_1_79' title="bbox 1252 1458 2228 1503; baseline 0.001 -12"><span class='ocrx_word' id='word_1_527' title='bbox 1252 1465 1426 1491; x_wconf 89' lang='lat' dir='ltr'>amantem</span> <span class='ocrx_word' id='word_1_528' title='bbox 1450 1458 1625 1497; x_wconf 86' lang='lat' dir='ltr'>iusticiae,</span> <span class='ocrx_word' id='word_1_529' title='bbox 1650 1465 1683 1492; x_wconf 90' lang='lat' dir='ltr'>et</span> <span class='ocrx_word' id='word_1_530' title='bbox 1706 1460 1981 1500; x_wconf 77' lang='lat' dir='ltr'>venerabantur,</span> <span class='ocrx_word' id='word_1_531' title='bbox 2007 1461 2122 1503; x_wconf 91' lang='lat' dir='ltr'>pudor</span> <span class='ocrx_word' id='word_1_532' title='bbox 2141 1472 2159 1492; x_wconf 92' lang='lat' dir='ltr'>a</span> <span class='ocrx_word' id='word_1_533' title='bbox 2175 1461 2228 1492; x_wconf 88' lang='lat' dir='ltr'>sa-</span> 
     </span>
     <span class='ocr_line' id='line_1_80' title="bbox 1252 1509 2226 1552; baseline 0.002 -11"><span class='ocrx_word' id='word_1_534' title='bbox 1252 1509 1371 1542; x_wconf 89' lang='lat' dir='ltr'>cinore</span> <span class='ocrx_word' id='word_1_535' title='bbox 1399 1509 1567 1547; x_wconf 89' lang='lat' dir='ltr'>deterret,</span> <span class='ocrx_word' id='word_1_536' title='bbox 1595 1520 1700 1552; x_wconf 87' lang='lat' dir='ltr'>quare</span> <span class='ocrx_word' id='word_1_537' title='bbox 1726 1510 1842 1543; x_wconf 90' lang='lat' dir='ltr'>subito</span> <span class='ocrx_word' id='word_1_538' title='bbox 1864 1509 2022 1552; x_wconf 90' lang='lat' dir='ltr'>fugiunt,</span> <span class='ocrx_word' id='word_1_539' title='bbox 2050 1516 2082 1542; x_wconf 88' lang='lat' dir='ltr'>et</span> <span class='ocrx_word' id='word_1_540' title='bbox 2107 1516 2226 1552; x_wconf 84' lang='lat' dir='ltr'>postea</span> 
     </span>
     <span class='ocr_line' id='line_1_81' title="bbox 1253 1557 2227 1602; baseline 0.003 -12"><span class='ocrx_word' id='word_1_541' title='bbox 1253 1559 1493 1602; x_wconf 88' lang='lat' dir='ltr'>deprecatores</span> <span class='ocrx_word' id='word_1_542' title='bbox 1511 1559 1553 1590; x_wconf 91' lang='lat' dir='ltr'>ad</span> <span class='ocrx_word' id='word_1_543' title='bbox 1571 1557 1770 1602; x_wconf 88' lang='lat' dir='ltr'>Principem</span> <span class='ocrx_word' id='word_1_544' title='bbox 1788 1560 1943 1593; x_wconf 87' lang='lat' dir='ltr'>mittunt.</span> <span class='ocrx_word' id='word_1_545' title='bbox 1996 1559 2047 1593; x_wconf 84' lang='lat' dir='ltr'>Ita</span> <span class='ocrx_word' id='word_1_546' title='bbox 2066 1571 2227 1602; x_wconf 88' lang='lat' dir='ltr'>praesens</span> 
     </span>
     <span class='ocr_line' id='line_1_82' title="bbox 1253 1608 2228 1655; baseline 0.003 -15"><span class='ocrx_word' id='word_1_547' title='bbox 1253 1609 1330 1652; x_wconf 90' lang='lat' dir='ltr'>plus</span> <span class='ocrx_word' id='word_1_548' title='bbox 1344 1608 1457 1641; x_wconf 80' lang='lat' dir='ltr'>effecit</span> <span class='ocrx_word' id='word_1_549' title='bbox 1474 1608 1547 1640; x_wconf 89' lang='lat' dir='ltr'>sine</span> <span class='ocrx_word' id='word_1_550' title='bbox 1570 1609 1812 1648; x_wconf 83' lang='lat' dir='ltr'>dimicatione,</span> <span class='ocrx_word' id='word_1_551' title='bbox 1841 1622 1944 1654; x_wconf 87' lang='lat' dir='ltr'>quarn</span> <span class='ocrx_word' id='word_1_552' title='bbox 1961 1611 1989 1642; x_wconf 91' lang='lat' dir='ltr'>si</span> <span class='ocrx_word' id='word_1_553' title='bbox 2009 1610 2112 1643; x_wconf 90' lang='lat' dir='ltr'>misso</span> <span class='ocrx_word' id='word_1_554' title='bbox 2128 1610 2228 1655; x_wconf 87' lang='lat' dir='ltr'>equi-</span> 
     </span>
     <span class='ocr_line' id='line_1_83' title="bbox 1255 1658 2089 1701; baseline 0.001 -9"><span class='ocrx_word' id='word_1_555' title='bbox 1255 1666 1326 1692; x_wconf 90' lang='lat' dir='ltr'>tatu</span> <span class='ocrx_word' id='word_1_556' title='bbox 1343 1658 1448 1690; x_wconf 88' lang='lat' dir='ltr'>armis</span> <span class='ocrx_word' id='word_1_557' title='bbox 1464 1659 1652 1701; x_wconf 85' lang='lat' dir='ltr'>reprimere</span> <span class='ocrx_word' id='word_1_558' title='bbox 1675 1659 1894 1692; x_wconf 90' lang='lat' dir='ltr'>insidiatores</span> <span class='ocrx_word' id='word_1_559' title='bbox 1914 1660 2089 1693; x_wconf 85' lang='lat' dir='ltr'>voluisset.</span> 
     </span>
    </p>

    <p class='ocr_par' dir='ltr' id='par_1_8' title="bbox 1254 1707 2232 2704">
     <span class='ocr_line' id='line_1_84' title="bbox 1352 1707 2228 1753; baseline 0.003 -13"><span class='ocrx_word' id='word_1_560' title='bbox 1352 1707 1441 1741; x_wconf 89' lang='lat' dir='ltr'>Cum</span> <span class='ocrx_word' id='word_1_561' title='bbox 1477 1708 1582 1750; x_wconf 85' lang='lat' dir='ltr'>igitur</span> <span class='ocrx_word' id='word_1_562' title='bbox 1615 1715 1648 1741; x_wconf 89' lang='lat' dir='ltr'>et</span> <span class='ocrx_word' id='word_1_563' title='bbox 1675 1709 1846 1743; x_wconf 88' lang='lat' dir='ltr'>iusticiam</span> <span class='ocrx_word' id='word_1_564' title='bbox 1867 1709 2042 1753; x_wconf 86' lang='lat' dir='ltr'>Principis</span> <span class='ocrx_word' id='word_1_565' title='bbox 2071 1717 2228 1744; x_wconf 88' lang='lat' dir='ltr'>amarent</span> 
     </span>
     <span class='ocr_line' id='line_1_85' title="bbox 1254 1759 2228 1803; baseline 0 -11"><span class='ocrx_word' id='word_1_566' title='bbox 1254 1770 1392 1798; x_wconf 90' lang='lat' dir='ltr'>omnes,</span> <span class='ocrx_word' id='word_1_567' title='bbox 1419 1765 1452 1791; x_wconf 89' lang='lat' dir='ltr'>et</span> <span class='ocrx_word' id='word_1_568' title='bbox 1483 1759 1723 1802; x_wconf 86' lang='lat' dir='ltr'>prudentiam,</span> <span class='ocrx_word' id='word_1_569' title='bbox 1751 1767 1784 1794; x_wconf 90' lang='lat' dir='ltr'>et</span> <span class='ocrx_word' id='word_1_570' title='bbox 1814 1761 2090 1803; x_wconf 87' lang='lat' dir='ltr'>magnitudinem</span> <span class='ocrx_word' id='word_1_571' title='bbox 2118 1760 2228 1793; x_wconf 88' lang='lat' dir='ltr'>animi</span> 
     </span>
     <span class='ocr_line' id='line_1_86' title="bbox 1255 1809 2228 1856; baseline 0.003 -16"><span class='ocrx_word' id='word_1_572' title='bbox 1255 1810 1291 1841; x_wconf 88' lang='lat' dir='ltr'>in</span> <span class='ocrx_word' id='word_1_573' title='bbox 1314 1821 1353 1841; x_wconf 88' lang='lat' dir='ltr'>eo</span> <span class='ocrx_word' id='word_1_574' title='bbox 1380 1809 1649 1852; x_wconf 82' lang='lat' dir='ltr'>perspexissent,</span> <span class='ocrx_word' id='word_1_575' title='bbox 1675 1810 1841 1843; x_wconf 89' lang='lat' dir='ltr'>libentius</span> <span class='ocrx_word' id='word_1_576' title='bbox 1866 1811 1992 1844; x_wconf 89' lang='lat' dir='ltr'>deinde</span> <span class='ocrx_word' id='word_1_577' title='bbox 2010 1811 2228 1856; x_wconf 85' lang='lat' dir='ltr'>quieverunt.</span> 
     </span>
     <span class='ocr_line' id='line_1_87' title="bbox 1257 1859 2228 1905; baseline 0.004 -15"><span class='ocrx_word' id='word_1_578' title='bbox 1257 1859 1390 1892; x_wconf 44' lang='lat' dir='ltr'>ticinis</span> <span class='ocrx_word' id='word_1_579' title='bbox 1420 1859 1517 1891; x_wconf 89' lang='lat' dir='ltr'>nulla</span> <span class='ocrx_word' id='word_1_580' title='bbox 1549 1859 1639 1892; x_wconf 85' lang='lat' dir='ltr'>bella</span> <span class='ocrx_word' id='word_1_581' title='bbox 1670 1859 1790 1894; x_wconf 89' lang='lat' dir='ltr'>intulit</span> <span class='ocrx_word' id='word_1_582' title='bbox 1823 1873 2022 1905; x_wconf 86' lang='lat' dir='ltr'>quanquam</span> <span class='ocrx_word' id='word_1_583' title='bbox 2061 1861 2228 1894; x_wconf 89' lang='lat' dir='ltr'>irritatus.</span> 
     </span>
     <span class='ocr_line' id='line_1_88' title="bbox 1255 1909 2228 1953; baseline 0.001 -10"><span class='ocrx_word' id='word_1_584' title='bbox 1255 1909 1324 1943; x_wconf 88' lang='lat' dir='ltr'>Sed</span> <span class='ocrx_word' id='word_1_585' title='bbox 1347 1916 1385 1942; x_wconf 89' lang='lat' dir='ltr'>ut</span> <span class='ocrx_word' id='word_1_586' title='bbox 1409 1909 1539 1953; x_wconf 89' lang='lat' dir='ltr'>patriae</span> <span class='ocrx_word' id='word_1_587' title='bbox 1563 1916 1735 1952; x_wconf 86' lang='lat' dir='ltr'>parceret,</span> <span class='ocrx_word' id='word_1_588' title='bbox 1770 1911 1908 1943; x_wconf 89' lang='lat' dir='ltr'>nullum</span> <span class='ocrx_word' id='word_1_589' title='bbox 1930 1911 2062 1944; x_wconf 92' lang='lat' dir='ltr'>bellum</span> <span class='ocrx_word' id='word_1_590' title='bbox 2087 1922 2228 1944; x_wconf 79' lang='lat' dir='ltr'>movere</span> 
     </span>
     <span class='ocr_line' id='line_1_89' title="bbox 1255 1960 2228 2003; baseline 0.001 -10"><span class='ocrx_word' id='word_1_591' title='bbox 1255 1961 1463 2000; x_wconf 86' lang='lat' dir='ltr'>decreverat,</span> <span class='ocrx_word' id='word_1_592' title='bbox 1480 1960 1546 1991; x_wconf 90' lang='lat' dir='ltr'>nisi</span> <span class='ocrx_word' id='word_1_593' title='bbox 1566 1960 1625 1992; x_wconf 82' lang='lat' dir='ltr'>alii</span> <span class='ocrx_word' id='word_1_594' title='bbox 1643 1961 1773 2003; x_wconf 89' lang='lat' dir='ltr'>priores</span> <span class='ocrx_word' id='word_1_595' title='bbox 1790 1961 1920 1994; x_wconf 90' lang='lat' dir='ltr'>bellum</span> <span class='ocrx_word' id='word_1_596' title='bbox 1939 1961 2120 1994; x_wconf 85' lang='lat' dir='ltr'>inferrent.</span> <span class='ocrx_word' id='word_1_597' title='bbox 2147 1960 2228 1994; x_wconf 90' lang='lat' dir='ltr'>Non</span> 
     </span>
     <span class='ocr_line' id='line_1_90' title="bbox 1256 2010 2229 2056; baseline 0.002 -14"><span class='ocrx_word' id='word_1_598' title='bbox 1256 2010 1452 2050; x_wconf 73' lang='lat' dir='ltr'>iracundia,</span> <span class='ocrx_word' id='word_1_599' title='bbox 1481 2022 1552 2042; x_wconf 90' lang='lat' dir='ltr'>non</span> <span class='ocrx_word' id='word_1_600' title='bbox 1573 2010 1707 2053; x_wconf 71' lang='lat' dir='ltr'>privato</span> <span class='ocrx_word' id='word_1_601' title='bbox 1725 2012 1845 2044; x_wconf 87' lang='lat' dir='ltr'>dolore</span> <span class='ocrx_word' id='word_1_602' title='bbox 1861 2024 1955 2044; x_wconf 88' lang='lat' dir='ltr'>arma</span> <span class='ocrx_word' id='word_1_603' title='bbox 1972 2012 2137 2056; x_wconf 89' lang='lat' dir='ltr'>capienda</span> <span class='ocrx_word' id='word_1_604' title='bbox 2157 2023 2229 2044; x_wconf 88' lang='lat' dir='ltr'>esse</span> 
     </span>
     <span class='ocr_line' id='line_1_91' title="bbox 1257 2060 2230 2106; baseline 0.002 -13"><span class='ocrx_word' id='word_1_605' title='bbox 1257 2061 1401 2100; x_wconf 82' lang='lat' dir='ltr'>sciebat,</span> <span class='ocrx_word' id='word_1_606' title='bbox 1428 2060 1486 2092; x_wconf 91' lang='lat' dir='ltr'>sed</span> <span class='ocrx_word' id='word_1_607' title='bbox 1504 2061 1713 2093; x_wconf 87' lang='lat' dir='ltr'>necessariae</span> <span class='ocrx_word' id='word_1_608' title='bbox 1729 2062 1940 2095; x_wconf 88' lang='lat' dir='ltr'>defensionis</span> <span class='ocrx_word' id='word_1_609' title='bbox 1962 2074 2062 2095; x_wconf 90' lang='lat' dir='ltr'>causa</span> <span class='ocrx_word' id='word_1_610' title='bbox 2075 2089 2083 2102; x_wconf 92' lang='lat'>‚</span> <span class='ocrx_word' id='word_1_611' title='bbox 2111 2062 2230 2106; x_wconf 84' lang='lat' dir='ltr'>priva-</span> 
     </span>
     <span class='ocr_line' id='line_1_92' title="bbox 1257 2111 2229 2157; baseline 0 -13"><span class='ocrx_word' id='word_1_612' title='bbox 1257 2118 1309 2144; x_wconf 82' lang='lat' dir='ltr'>tos</span> <span class='ocrx_word' id='word_1_613' title='bbox 1334 2117 1446 2144; x_wconf 84' lang='lat' dir='ltr'>autem</span> <span class='ocrx_word' id='word_1_614' title='bbox 1471 2111 1609 2143; x_wconf 87' lang='lat' dir='ltr'>dolores</span> <span class='ocrx_word' id='word_1_615' title='bbox 1626 2112 1848 2154; x_wconf 86' lang='lat' dir='ltr'>perferendos</span> <span class='ocrx_word' id='word_1_616' title='bbox 1867 2124 1935 2146; x_wconf 89' lang='lat' dir='ltr'>esse</span> <span class='ocrx_word' id='word_1_617' title='bbox 1952 2119 2093 2157; x_wconf 89' lang='lat' dir='ltr'>propter</span> <span class='ocrx_word' id='word_1_618' title='bbox 2111 2112 2229 2155; x_wconf 87' lang='lat' dir='ltr'>publi-</span> 
     </span>
     <span class='ocr_line' id='line_1_93' title="bbox 1258 2159 2228 2205; baseline 0.002 -11"><span class='ocrx_word' id='word_1_619' title='bbox 1258 2173 1331 2194; x_wconf 89' lang='lat' dir='ltr'>cam</span> <span class='ocrx_word' id='word_1_620' title='bbox 1357 2161 1553 2194; x_wconf 87' lang='lat' dir='ltr'>utilitatem.</span> <span class='ocrx_word' id='word_1_621' title='bbox 1606 2159 1651 2194; x_wconf 87' lang='lat' dir='ltr'>Et</span> <span class='ocrx_word' id='word_1_622' title='bbox 1670 2168 1708 2195; x_wconf 90' lang='lat' dir='ltr'>ut</span> <span class='ocrx_word' id='word_1_623' title='bbox 1731 2160 1893 2195; x_wconf 88' lang='lat' dir='ltr'>historias</span> <span class='ocrx_word' id='word_1_624' title='bbox 1916 2163 2064 2196; x_wconf 85' lang='lat' dir='ltr'>multum</span> <span class='ocrx_word' id='word_1_625' title='bbox 2084 2163 2228 2205; x_wconf 86' lang='lat' dir='ltr'>legebat,</span> 
     </span>
     <span class='ocr_line' id='line_1_94' title="bbox 1259 2211 2228 2254; baseline 0.003 -11"><span class='ocrx_word' id='word_1_626' title='bbox 1259 2223 1357 2254; x_wconf 89' lang='lat' dir='ltr'>saepe</span> <span class='ocrx_word' id='word_1_627' title='bbox 1381 2212 1422 2243; x_wconf 90' lang='lat' dir='ltr'>de</span> <span class='ocrx_word' id='word_1_628' title='bbox 1446 2211 1547 2244; x_wconf 92' lang='lat' dir='ltr'>bellis</span> <span class='ocrx_word' id='word_1_629' title='bbox 1565 2212 1730 2246; x_wconf 86' lang='lat' dir='ltr'>narrabat</span> <span class='ocrx_word' id='word_1_630' title='bbox 1754 2213 1931 2246; x_wconf 87' lang='lat' dir='ltr'>oraculum</span> <span class='ocrx_word' id='word_1_631' title='bbox 1949 2211 2091 2245; x_wconf 89' lang='lat' dir='ltr'>Graecis</span> <span class='ocrx_word' id='word_1_632' title='bbox 2107 2214 2228 2246; x_wconf 87' lang='lat' dir='ltr'>datum</span> 
     </span>
     <span class='ocr_line' id='line_1_95' title="bbox 1258 2260 2229 2307; baseline 0.003 -13"><span class='ocrx_word' id='word_1_633' title='bbox 1258 2269 1339 2295; x_wconf 89' lang='lat' dir='ltr'>ante</span> <span class='ocrx_word' id='word_1_634' title='bbox 1371 2273 1520 2305; x_wconf 89' lang='lat' dir='ltr'>pugnam</span> <span class='ocrx_word' id='word_1_635' title='bbox 1550 2263 1592 2294; x_wconf 91' lang='lat' dir='ltr'>ad</span> <span class='ocrx_word' id='word_1_636' title='bbox 1618 2261 1770 2301; x_wconf 64' lang='lat' dir='ltr'>Plateam,</span> <span class='ocrx_word' id='word_1_637' title='bbox 1810 2260 2052 2307; x_wconf 53' lang='grc' dir='ltr'>ἇμιυνομιίιόις</span> <span class='ocrx_word' id='word_1_638' title='bbox 2083 2261 2229 2307; x_wconf 76' lang='grc' dir='ltr'><em>βέλτιον</em></span> 
     </span>
     <span class='ocr_line' id='line_1_96' title="bbox 1257 2309 2228 2357; baseline 0.001 -12"><span class='ocrx_word' id='word_1_639' title='bbox 1257 2312 1425 2351; x_wconf 70' lang='grc' dir='ltr'>ἔσεσθαι,</span> <span class='ocrx_word' id='word_1_640' title='bbox 1469 2310 1623 2357; x_wconf 67' lang='grc' dir='ltr'><em>ἄρχουσι</em></span> <span class='ocrx_word' id='word_1_641' title='bbox 1651 2310 1689 2346; x_wconf 76' lang='grc' dir='ltr'>δὲ</span> <span class='ocrx_word' id='word_1_642' title='bbox 1720 2309 1839 2357; x_wconf 78' lang='grc' dir='ltr'><em>μάχης</em></span> <span class='ocrx_word' id='word_1_643' title='bbox 1870 2311 1924 2346; x_wconf 78' lang='grc' dir='ltr'>οὔ.</span> <span class='ocrx_word' id='word_1_644' title='bbox 1981 2312 2094 2346; x_wconf 90' lang='lat' dir='ltr'>Patris</span> <span class='ocrx_word' id='word_1_645' title='bbox 2124 2314 2228 2347; x_wconf 80' lang='lat' dir='ltr'>etiarn</span> 
     </span>
     <span class='ocr_line' id='line_1_97' title="bbox 1258 2361 2229 2407; baseline 0.002 -12"><span class='ocrx_word' id='word_1_646' title='bbox 1258 2363 1451 2407; x_wconf 77' lang='lat' dir='ltr'>exemplum</span> <span class='ocrx_word' id='word_1_647' title='bbox 1476 2364 1650 2406; x_wconf 88' lang='lat' dir='ltr'>repetebat</span> <span class='ocrx_word' id='word_1_648' title='bbox 1672 2363 1732 2407; x_wconf 89' lang='lat' dir='ltr'>qui</span> <span class='ocrx_word' id='word_1_649' title='bbox 1756 2363 1866 2396; x_wconf 73' lang='lat' dir='ltr'>victor</span> <span class='ocrx_word' id='word_1_650' title='bbox 1889 2363 2001 2396; x_wconf 87' lang='lat' dir='ltr'>suerat</span> <span class='ocrx_word' id='word_1_651' title='bbox 2017 2375 2094 2397; x_wconf 89' lang='lat' dir='ltr'>cum</span> <span class='ocrx_word' id='word_1_652' title='bbox 2113 2361 2229 2398; x_wconf 89' lang='lat' dir='ltr'>hostes</span> 
     </span>
     <span class='ocr_line' id='line_1_98' title="bbox 1258 2413 2228 2457; baseline 0.002 -12"><span class='ocrx_word' id='word_1_653' title='bbox 1258 2413 1391 2457; x_wconf 89' lang='lat' dir='ltr'>priores</span> <span class='ocrx_word' id='word_1_654' title='bbox 1410 2413 1453 2445; x_wconf 91' lang='lat' dir='ltr'>ad</span> <span class='ocrx_word' id='word_1_655' title='bbox 1471 2424 1549 2446; x_wconf 90' lang='lat' dir='ltr'>eum</span> <span class='ocrx_word' id='word_1_656' title='bbox 1574 2413 1811 2451; x_wconf 86' lang='lat' dir='ltr'>accessissent,</span> <span class='ocrx_word' id='word_1_657' title='bbox 1838 2420 1877 2447; x_wconf 91' lang='lat' dir='ltr'>ut</span> <span class='ocrx_word' id='word_1_658' title='bbox 1895 2413 2068 2457; x_wconf 88' lang='lat' dir='ltr'>praelium</span> <span class='ocrx_word' id='word_1_659' title='bbox 2087 2414 2228 2448; x_wconf 85' lang='lat' dir='ltr'>cierent.</span> 
     </span>
     <span class='ocr_line' id='line_1_99' title="bbox 1260 2462 2231 2506; baseline 0.002 -10"><span class='ocrx_word' id='word_1_660' title='bbox 1260 2463 1300 2496; x_wconf 89' lang='lat' dir='ltr'>ln</span> <span class='ocrx_word' id='word_1_661' title='bbox 1317 2463 1557 2497; x_wconf 83' lang='lat' dir='ltr'>iurisdictione</span> <span class='ocrx_word' id='word_1_662' title='bbox 1574 2462 1761 2496; x_wconf 89' lang='lat' dir='ltr'>domestica</span> <span class='ocrx_word' id='word_1_663' title='bbox 1783 2462 1850 2497; x_wconf 87' lang='lat' dir='ltr'>suit</span> <span class='ocrx_word' id='word_1_664' title='bbox 1871 2463 2030 2497; x_wconf 89' lang='lat' dir='ltr'>assiduus</span> <span class='ocrx_word' id='word_1_665' title='bbox 2056 2471 2089 2497; x_wconf 90' lang='lat' dir='ltr'>et</span> <span class='ocrx_word' id='word_1_666' title='bbox 2110 2464 2231 2506; x_wconf 89' lang='lat' dir='ltr'>iustus,</span> 
     </span>
     <span class='ocr_line' id='line_1_100' title="bbox 1258 2513 2230 2558; baseline 0.001 -12"><span class='ocrx_word' id='word_1_667' title='bbox 1258 2514 1381 2548; x_wconf 89' lang='lat' dir='ltr'>delicta</span> <span class='ocrx_word' id='word_1_668' title='bbox 1399 2525 1515 2547; x_wconf 87' lang='lat' dir='ltr'>severe</span> <span class='ocrx_word' id='word_1_669' title='bbox 1531 2513 1690 2558; x_wconf 85' lang='lat' dir='ltr'>punivit,</span> <span class='ocrx_word' id='word_1_670' title='bbox 1715 2524 1814 2556; x_wconf 86' lang='lat' dir='ltr'>saepe</span> <span class='ocrx_word' id='word_1_671' title='bbox 1829 2520 1986 2558; x_wconf 90' lang='lat' dir='ltr'>repetens</span> <span class='ocrx_word' id='word_1_672' title='bbox 2001 2525 2119 2548; x_wconf 83' lang='lat' dir='ltr'>vocem</span> <span class='ocrx_word' id='word_1_673' title='bbox 2138 2515 2230 2547; x_wconf 79' lang='lat' dir='ltr'>divi-</span> 
     </span>
     <span class='ocr_line' id='line_1_101' title="bbox 1258 2560 2232 2608; baseline 0.002 -12"><span class='ocrx_word' id='word_1_674' title='bbox 1258 2576 1355 2605; x_wconf 86' lang='lat' dir='ltr'>nam,</span> <span class='ocrx_word' id='word_1_675' title='bbox 1390 2569 1462 2597; x_wconf 92' lang='lat' dir='ltr'>non</span> <span class='ocrx_word' id='word_1_676' title='bbox 1487 2575 1604 2608; x_wconf 86' lang='lat' dir='ltr'>parcas</span> <span class='ocrx_word' id='word_1_677' title='bbox 1629 2560 1832 2603; x_wconf 89' lang='lat' dir='ltr'>homicidis,</span> <span class='ocrx_word' id='word_1_678' title='bbox 1864 2575 1903 2597; x_wconf 91' lang='lat' dir='ltr'>ac</span> <span class='ocrx_word' id='word_1_679' title='bbox 1926 2565 2064 2605; x_wconf 88' lang='lat' dir='ltr'>dicens,</span> <span class='ocrx_word' id='word_1_680' title='bbox 2089 2563 2232 2598; x_wconf 90' lang='lat' dir='ltr'>Princi-</span> 
     </span>
     <span class='ocr_line' id='line_1_102' title="bbox 1257 2612 2228 2659; baseline 0.001 -13"><span class='ocrx_word' id='word_1_681' title='bbox 1257 2626 1315 2657; x_wconf 91' lang='lat' dir='ltr'>pes</span> <span class='ocrx_word' id='word_1_682' title='bbox 1330 2614 1509 2648; x_wconf 91' lang='lat' dir='ltr'>ministros</span> <span class='ocrx_word' id='word_1_683' title='bbox 1527 2625 1597 2647; x_wconf 90' lang='lat' dir='ltr'>esse</span> <span class='ocrx_word' id='word_1_684' title='bbox 1612 2613 1767 2646; x_wconf 91' lang='lat' dir='ltr'>iusticiae</span> <span class='ocrx_word' id='word_1_685' title='bbox 1781 2612 1866 2652; x_wconf 90' lang='lat' dir='ltr'>Dei,</span> <span class='ocrx_word' id='word_1_686' title='bbox 1890 2621 1922 2648; x_wconf 90' lang='lat' dir='ltr'>et</span> <span class='ocrx_word' id='word_1_687' title='bbox 1939 2614 2059 2658; x_wconf 90' lang='lat' dir='ltr'>puniri</span> <span class='ocrx_word' id='word_1_688' title='bbox 2084 2615 2176 2659; x_wconf 90' lang='lat' dir='ltr'>ipsos</span> <span class='ocrx_word' id='word_1_689' title='bbox 2201 2616 2228 2649; x_wconf 86' lang='lat' dir='ltr'>si</span> 
     </span>
     <span class='ocr_line' id='line_1_103' title="bbox 1258 2663 2230 2704; baseline 0.002 -8"><span class='ocrx_word' id='word_1_690' title='bbox 1258 2665 1343 2698; x_wconf 89' lang='lat' dir='ltr'>lenti</span> <span class='ocrx_word' id='word_1_691' title='bbox 1362 2666 1398 2698; x_wconf 90' lang='lat' dir='ltr'>in</span> <span class='ocrx_word' id='word_1_692' title='bbox 1414 2664 1528 2698; x_wconf 85' lang='lat' dir='ltr'>officio</span> <span class='ocrx_word' id='word_1_693' title='bbox 1545 2669 1655 2697; x_wconf 86' lang='lat' dir='ltr'>essent</span> <span class='ocrx_word' id='word_1_694' title='bbox 1667 2688 1674 2702; x_wconf 90' lang='lat'>‚</span> <span class='ocrx_word' id='word_1_695' title='bbox 1701 2670 1740 2697; x_wconf 90' lang='lat' dir='ltr'>ut</span> <span class='ocrx_word' id='word_1_696' title='bbox 1762 2665 1886 2698; x_wconf 88' lang='lat' dir='ltr'>accidit</span> <span class='ocrx_word' id='word_1_697' title='bbox 1905 2664 2015 2699; x_wconf 88' lang='lat' dir='ltr'>tribui</span> <span class='ocrx_word' id='word_1_698' title='bbox 2032 2663 2230 2704; x_wconf 86' lang='lat' dir='ltr'>Beniamin,</span> 
     </span>
    </p>
   </div>
  </div>
 </body>
</html>
