2324 2955
119 97 193 136 645

123 181 300 231 (LXIX.)
348 183 407 218 De
431 181 492 218 his
514 182 834 228 propositionibus
855 184 934 219 Deo
957 186 1113 218 iuvante
1137 181 1142 241 J

119 233 395 280 respondebunt
410 233 622 269 Reverendo·
635 236 709 269 viri
736 238 768 269 P
776 247 799 270 a
809 247 833 269 u
843 235 888 270 lu
897 247 916 270 s·
936 234 994 269 Eb
1005 245 1024 269 e
1032 246 1052 269 r
1061 245 1085 269 u
1094 246 1113 269 s

118 284 398 333 Kittinyensis,
434 289 568 320 Pastor
592 287 782 321 Ecclesiae
806 288 881 321 Dei
910 288 950 321 in
977 285 1111 332 oppido

124 337 356 384 Witeberya,
384 332 641 378 Cimbrius,
669 339 893 373 Erasmus
921 339 1111 380 Laetus,

120 391 172 424 M.
201 392 246 423 Io
255 387 279 422 Ῐι
290 399 312 421 α
325 398 409 420 nne
419 399 438 421 s
471 389 498 422 G
507 400 524 422 ο
533 399 558 434 9
569 390 638 422 ele
650 400 667 422 r
676 400 700 422 u
709 400 727 423 s
762 388 1110 435 Quedelburgen-sts,

119 444 155 474 et
185 441 236 474 M.
264 440 295 472 Ρ
304 449 327 471 α
336 438 415 472 ula
424 450 442 471 s
468 440 589 473 Crell
599 442 611 474 i
622 451 645 473 u
654 451 672 473 s·
699 439 914 474 Islebiensis
923 463 934 481 ‚
962 441 1035 474 Die
1054 441 1110 474 vi-

203 491 335 524 ces-imo
355 493 480 524 octavo
501 489 730 524 Novembris.
783 491 887 525 Anno
908 489 1020 526 1559.

475 573 751 620 Propositio.

116 633 320 684 Professio,
349 652 437 685 quae
460 641 667 675 nominatur
687 638 932 685 Apostolicum
952 638 1107 685 Symbo-

116 691 210 730 lum,
237 691 527 724 commonesactio
553 698 603 724 est
626 693 670 724 ad
694 692 952 724 confirmandas
971 697 1004 724 et
1021 702 1107 723 con-

117 743 282 776 solandas
301 742 373 785 pias
390 749 522 775 mentes
538 742 736 776 utilissima.
791 741 837 776 [Jt
849 748 965 775 autem
980 741 1016 773 in
1029 741 1108 773 aliis

116 792 275 827 articulis
301 792 389 825 aliae
411 793 768 826 commonefactiones
791 791 990 836 propositae
1015 798 1107 831 sunt,

115 844 165 877 ita
198 843 234 875 in
268 839 333 875 hoc
362 843 528 877 articulo:
569 842 684 877 Credo
712 855 784 876 esse
808 841 1001 876 Ecclesiam
1025 853 1106 874 san—

115 900 207 927 ctam
229 890 458 934 catholicam,
491 894 702 927 asseveratio
727 901 777 927 est
800 893 960 937 opposita
984 892 1106 925 multis

115 941 351 977 horribilibus
375 944 565 986 scandalis,
590 956 677 989 quae
698 942 844 978 turbant
861 941 1040 982 homines,
1066 950 1106 977 ut

115 994 299 1033 dubitent,
332 1006 377 1027 an
400 994 446 1028 sit
469 993 596 1039 aliquis
620 1001 739 1027 coetus
761 994 836 1028 Deo
861 994 1019 1037 placens,
1051 994 1107 1026 di-

115 1045 263 1079 stinctus
293 1056 311 1077 a
341 1044 485 1078 caeteris
519 1042 741 1085 hominibus,
774 1051 808 1078 et
833 1044 897 1078 ubi
919 1051 952 1078 et
977 1045 1013 1077 in
1037 1055 1105 1089 qua

114 1101 215 1140 porte
238 1095 375 1139 generis
398 1092 547 1129 hnmani
571 1095 615 1130 sit
638 1096 728 1129 illud
750 1106 874 1138 agmen
898 1106 917 1128 a
933 1094 1010 1129 Deo
1035 1096 1106 1128 ele-

113 1152 222 1181 ctum.

216 1197 253 1232 2.
290 1194 332 1230 In
357 1196 463 1230 tantis
486 1194 756 1230 confusionibus
773 1193 958 1229 hominum
977 1201 1010 1229 et
1025 1194 1105 1239 opi-

115 1247 286 1287 nionum,
313 1253 347 1281 et
372 1259 451 1281 cum
475 1247 608 1292 ubique
631 1247 761 1280 similia
786 1246 896 1285 vicia,
924 1252 958 1279 et
980 1245 1106 1278 similis

115 1298 279 1330 fortunae
311 1297 460 1330 varietas
492 1297 555 1337 sit,
589 1297 770 1340 disputant
796 1297 916 1336 multi,
951 1296 1107 1329 fortassis

115 1357 239 1380 omnes
260 1347 391 1391 pariter
409 1358 490 1380 casu
507 1346 602 1380 nasci
621 1354 652 1380 et
669 1347 844 1388 occidere,
869 1354 902 1381 et
919 1347 1106 1391 opiniones

115 1404 245 1432 temere
259 1404 353 1432 ortas
369 1404 402 1432 et
418 1403 573 1442 receptas
590 1409 672 1431 esse.

219 1448 254 1483 3.
288 1446 426 1480 Deinde
450 1448 487 1480 in
511 1460 551 1480 eo
567 1447 642 1492 ipso
660 1454 778 1488 coetu,
806 1448 867 1493 qui
882 1444 1106 1481 Christianus

115 1497 340 1539 nominatur,
374 1504 546 1542 quantum
583 1509 720 1542 semper
754 1498 838 1537 suit,
872 1504 941 1536 est,
974 1503 1007 1530 et
1041 1496 1107 1529 erit

116 1545 346 1582 horribilium
370 1547 657 1586 distractionum,
683 1547 847 1581 odiorum
871 1554 904 1581 et
920 1546 1108 1580 furorum?

115 1597 242 1633 Statim
264 1603 344 1643 post
359 1596 570 1642 Apostolos,
598 1610 703 1643 qnam
726 1604 949 1641 portentosae
966 1597 1106 1641 opinio-

117 1659 180 1682 nes
204 1655 346 1691 vagatae
371 1649 477 1683 sunt?
539 1648 683 1682 Praeter
705 1646 877 1683 Ethnicos
902 1655 934 1682 et
959 1647 1106 1681 ludaeos

116 1697 482 1742 sueruntEbionitae,
508 1698 704 1732 Marcionis
719 1699 907 1740 colluvies,
933 1699 1105 1732 obscoena

118 1749 222 1783 factio
245 1747 484 1793 Carpocratis,
516 1755 550 1783 et
581 1750 641 1782 alii
663 1750 778 1784 multi.
846 1749 973 1784 Postea
996 1749 1106 1792 magis

118 1800 326 1834 distractum
357 1806 407 1833 est
437 1811 547 1843 genus
577 1796 774 1833 humanum
806 1799 843 1832 in
874 1800 1108 1841 Samosateni‚

117 1847 412 1891 Manicheorum,
438 1848 537 1890 Arii,
563 1849 835 1893 pelagianorum
857 1858 974 1885 sectas.
1030 1849 1107 1884 Hoc

118 1908 277 1946 tempore
296 1913 401 1946 quam
421 1900 589 1935 terribilis
608 1909 657 1936 est
673 1899 959 1949 γιγαντομαχία.
1011 1900 1107 1934 Haec

119 1952 282 1985 scandala
307 1952 451 1986 intuens
474 1950 582 1985 homo
604 1964 677 1985 non
694 1953 846 1991 ferreus,
874 1952 923 1986 ita
941 1949 1108 1986 cohorre-

119 2002 204 2043 scit,
231 2002 288 2036 vix
305 2009 344 2036 ut
361 2003 493 2047 erigere
510 2014 545 2036 se
559 2002 680 2046 possit.

221 2050 256 2086 4.
307 2053 375 2088 Sed
413 2061 530 2088 tamen
564 2054 731 2087 adversus
763 2065 800 2087 ea
830 2053 1108 2088 consolationem

120 2115 347 2149 quaeramus,
380 2110 413 2138 et
438 2104 542 2146 fides,
574 2111 614 2138 ut
636 2104 779 2141 immota
802 2116 907 2149 rupes
932 2104 1109 2143 consistat,

119 2154 300 2200 inquiens:
328 2153 443 2188 Credo
473 2167 545 2188 esse
562 2152 754 2188 Ecclesiam
780 2163 935 2189 sanctam
960 2152 1109 2189 catholi-

121 2217 215 2247 cam,
241 2211 274 2238 et
298 2205 390 2238 veris
410 2205 599 2249 gemitibus
622 2206 813 2239 clamemus
835 2207 877 2239 ad
896 2206 1007 2239 filium
1025 2205 1108 2240 Dei:

121 2254 235 2289 Credo
257 2254 431 2298 Domine,
464 2268 566 2301 opem
588 2256 641 2289 ser
664 2256 898 2291 imbecillitati
923 2268 1036 2296 meae,
1063 2256 1111 2290 si-

123 2306 197 2339 mul
216 2306 318 2340 etiam
336 2319 564 2352 quaeramus,
591 2319 681 2352 quae
701 2313 733 2340 et
750 2308 811 2340 ubi
829 2308 872 2341 sit
888 2320 969 2340 vera
988 2305 1112 2341 Eccle-

125 2357 174 2389 sia
188 2380 197 2395 ‚
225 2356 261 2389 iu
283 2369 351 2402 qua
374 2365 509 2393 certum
533 2364 584 2391 est
602 2370 674 2391 esse
691 2358 837 2399 electos,
862 2359 922 2403 qui
941 2358 1011 2392 sint
1029 2356 1112 2391 hae-

125 2407 225 2440 redes
246 2413 405 2442 aeternae
429 2409 571 2449 salutis,
597 2416 631 2443 et
648 2420 711 2442 nos
730 2410 764 2441 in
784 2420 901 2442 veram
917 2407 1111 2443 Ecclesiam

126 2458 367 2498 includamus,
398 2459 492 2494 iuxta
516 2458 601 2493 hace
624 2460 738 2498 «licta,
771 2460 795 2493 2
814 2457 936 2494 [ohan.
956 2462 1004 2495 1.:
1041 2459 1113 2502 Qui

127 2520 200 2541 non
223 2516 340 2542 manet
359 2509 394 2541 in
412 2511 570 2544 doctrina
588 2509 739 2548 Christi,
768 2510 879 2544 Deum
899 2522 970 2543 nou
988 2508 1103 2546 habet.

769 94 1028 132 PHILIPPI
1063 92 1508 133 MELANTHONIS.

2087 106 2160 142 646

1217 181 1357 217 Psalmo
1382 183 1457 218 85.:
1499 182 1598 219 Beati
1628 185 1690 231 qui
1713 183 1874 223 habitant
1904 184 1942 222 in
1965 188 2069 224 domo
2095 198 2154 226 tua

1163 231 1327 267 Domine.

1213 282 1342 321 Psalm.
1373 285 1452 320 91.:
1510 285 1663 321 Plantati
1701 289 1739 322 in
1755 288 1761 298 “
1777 290 1884 324 domo
1924 290 2077 327 Domini
2115 294 2152 327 in

1162 333 1258 368 atriis
1276 336 1401 369 domus
1419 336 1488 370 Dei
1507 339 1616 371 nostri
1636 339 1825 376 florebunt.

1212 387 1247 420 2.
1266 384 1429 422 Corinth.
1455 387 1506 422 6.:
1556 388 1608 422 Ne
1648 388 1895 426 distrahamini
1935 394 1972 428 in
2009 395 2151 431 diversa

1161 435 1239 478 iuga
1259 449 1338 470 cum
1355 438 1528 480 gentibus.

1216 488 1232 520 1
1250 485 1413 523 Corinth.
1432 489 1504 521 10.:
1535 488 1658 532 Fugite
1676 491 1780 525 idola.

1264 535 1299 572 5.
1341 537 1413 572 Nec
1446 540 1627 585 loquimur
1659 542 1702 574 de
1725 541 1903 586 Ecclesia,
1939 554 1977 581 ut
2001 549 2044 582 de
2071 551 2149 585 idea

1159 587 1362 630 Platonica,
1396 591 1455 623 sed
1485 590 1663 624 visibilem
1686 590 1880 628 Ecclesiam
1905 600 2026 642 quaeri
2048 602 2151 635 volu-

1160 650 1257 682 mus,
1291 652 1379 685 quae
1410 641 1448 673 in
1483 638 1548 673 hac
1577 642 1647 675 vita
1674 650 1724 677 est
1753 644 1901 679 visibilis
1926 652 2149 693 congregatio

1160 690 1320 724 omnium
1349 691 1636 735 amplectentium
1658 691 1844 737 Evangelii
1869 697 2069 733 doctrinam
2094 702 2150 735 iu-

1160 748 1381 785 corruptam,
1416 748 1450 775 et
1476 742 1673 784 legitimum
1696 756 1799 777 usum
1826 745 2148 793 sacramentorum,

1160 791 1197 823 in
1229 803 1296 836 qua
1326 792 1595 835 congregatione
1623 794 1716 827 filius
1740 793 1807 828 Dei
1839 803 1888 830 est
1921 799 2039 834 efficax
2065 815 2149 835 voce

1159 841 1361 885 Evangelii,
1388 849 1421 876 et
1435 843 1565 876 multos
1582 852 1779 887 regenerat,
1807 853 1840 880 et
1855 845 2021 883 haeredes
2038 860 2151 886 aeter-

1160 904 1225 925 nae
1250 893 1373 926 salutis
1397 894 1517 933 efficit,
1546 894 1608 927 etsi
1631 895 1736 929 simul
1759 896 1796 929 in
1821 894 1885 932 hac
1906 900 2038 934 visibili
2064 915 2150 936 con-

1159 943 1359 986 gregatione
1383 944 1488 976 multi
1510 950 1592 977 sunt
1617 956 1690 978 non
1713 948 1842 988 sancti,
1870 951 1930 982 sed
1949 957 2064 986 tamen
2085 955 2151 988 do-

1160 994 1309 1028 ctrinam
1326 994 1471 1027 eandem
1487 994 1701 1038 profitentes.
1756 995 1851 1031 Haec
1862 1000 2050 1046 descriptio
2065 1016 2151 1038 con-

1160 1044 1254 1088 gruit
1290 1045 1334 1077 ad
1373 1044 1643 1084 similitudines,
1696 1043 1906 1086 Matth.13,
1942 1052 1985 1085 de
2023 1064 2150 1098 sagena

1159 1106 1264 1128 missa
1281 1095 1317 1128 in
1335 1107 1431 1128 mare
1448 1102 1512 1131 etc.

1259 1146 1294 1180 6.
1329 1145 1422 1180 Sunt
1447 1153 1480 1179 et
1504 1146 1605 1180 valde
1629 1148 1732 1183 multi
1758 1149 1908 1192 infirmi,
1936 1154 1996 1198 qui
2017 1152 2149 1192 habent

1159 1197 1319 1239 contagia
1349 1208 1527 1238 errorum,
1562 1199 1621 1231 sed
1655 1206 1772 1233 tamen
1798 1209 1880 1236 sunt
1904 1204 2051 1247 dociles,
2086 1220 2149 1241 nec

1160 1247 1385 1290 pertinaciter
1408 1248 1604 1283 defendunt
1621 1249 1716 1283 idola
1733 1258 1794 1284 aut
1811 1264 1935 1295 pravas
1952 1255 2150 1300 opiniones,

1159 1304 1353 1331 evertentes
1369 1298 1652 1335 fundamentum.
1692 1299 1774 1334 Ideo
1792 1303 1936 1337 dicitur:
1964 1306 2149 1342 Infirmum

1159 1347 1195 1380 in
1218 1347 1285 1380 fide
1309 1347 1501 1389 adsumite,
1535 1361 1580 1383 ne
1607 1350 1768 1385 turbatus
1790 1352 1962 1388 obruatur
1985 1356 2150 1393 fluctibus

1160 1398 1435 1433 dubitationum.

1262 1448 1297 1482 7.
1330 1447 1406 1482 Hac
1425 1449 1632 1484 definitione
1646 1448 1824 1488 Ecclesiae
1842 1457 2049 1501 constituta,
2074 1473 2149 1495 ma-

1159 1499 1325 1532 nifestum
1359 1505 1429 1537 est,
1464 1500 1603 1533 excludi
1633 1514 1756 1536 omnes
1782 1502 1944 1540 homines
1967 1516 2000 1543 et
2025 1523 2148 1546 omues

1160 1555 1296 1589 coetus,
1331 1549 1534 1595 ubicunque
1562 1559 1664 1592 sunt,
1699 1554 1761 1598 qui
1785 1557 1995 1599 profitentur
2016 1561 2151 1596 doctri-

1159 1610 1241 1632 nam
1272 1606 1487 1643 pugnantem
1519 1613 1598 1634 cum
1629 1603 1879 1648 fundamento,
1919 1610 1954 1642 id
1983 1618 2051 1656 est,
2086 1614 2150 1658 qui

1159 1656 1220 1684 aut
1240 1650 1355 1694 palam
1382 1651 1555 1686 abiiciunt
1578 1653 1705 1697 scripta
1731 1654 1936 1700 prophetica
1958 1667 1991 1694 et
2008 1671 2150 1706 aposto—

1160 1700 1248 1740 lica,
1273 1707 1306 1735 et
1320 1701 1501 1746 symbola,
1529 1709 1589 1737 aut
1606 1702 1772 1746 Ethnici,
1800 1707 1996 1754 blasphemi
2017 1712 2150 1755 Iudaei,

1161 1749 1449 1793 Mahometistae,
1477 1760 1509 1786 et
1534 1753 1685 1796 similes,
1712 1764 1771 1791 aut
1796 1768 1875 1792 cum
1893 1760 2006 1795 videri
2026 1765 2150 1799 volunt

1159 1802 1323 1845 amplecti
1347 1803 1474 1847 scripta
1497 1801 1701 1849 prophetica
1725 1814 1759 1842 et
1782 1811 1973 1852 apostolica
1998 1820 2032 1848 et
2056 1826 2150 1861 sym-

1161 1853 1265 1893 bola,
1290 1859 1408 1886 tamen
1432 1855 1597 1889 sanciunt
1618 1863 1649 1890 et
1673 1857 1869 1895 defendunt
1890 1865 2085 1906 contraria,
2112 1874 2151 1901 ut

1160 1902 1356 1941 llaeretici,
1408 1903 1607 1947 pontificii,
1656 1906 1928 1953 Anabaptistae,
1974 1913 2150 1958 Serv-etus,

1161 1954 1440 1995 Stenckseldius,
1467 1962 1500 1996 et
1517 1956 1576 1989 alii
1597 1959 1713 2000 angeli
1730 1958 1985 2000 enthusiastici.

1262 2004 1297 2040 8.
1338 2004 1470 2039 Norma
1501 2006 1545 2040 sit
1574 2007 1698 2042 iudicii
1730 2010 1857 2055 scripta
1883 2012 2086 2058 prophetica
2117 2027 2152 2054 et

1161 2055 1372 2100 apostolica,
1401 2063 1433 2089 et
1454 2057 1634 2102 symbola,
1661 2072 1750 2105 quae
1772 2073 1808 2095 re
1827 2062 1900 2107 ipsa
1924 2073 2006 2100 sunt
2026 2068 2150 2102 breves

1161 2108 1365 2147 dogmatum
1392 2107 1630 2152 recitationes,
1665 2123 1753 2156 quae
1776 2111 1813 2146 iu
1836 2114 1974 2158 scriptis
1999 2117 2152 2163 prophe-

1162 2157 1239 2191 ticis
1265 2163 1299 2190 et
1321 2158 1521 2201 apostolicis
1545 2171 1662 2203 sparsa
1687 2169 1770 2196 sunt
1790 2162 1937 2199 diversis
1957 2166 2060 2209 locis,
2087 2182 2151 2204 nec

1162 2214 1245 2242 sunt
1262 2207 1329 2241 alia
1346 2209 1505 2242 doctriua
1525 2217 1620 2244 extra
1639 2211 1719 2245 illos
1735 2213 1860 2250 sontes.

1265 2257 1300 2292 9.
1334 2258 1509 2294 I‘outificii
1532 2272 1691 2295 normam
1712 2263 1843 2298 faciunt
1866 2264 1987 2302 iudicii
2004 2282 2153 2305 consuc-

1164 2308 1324 2343 tudiuem
1354 2321 1473 2349 suam,
1507 2318 1546 2345 ut
1568 2309 1716 2347 Etlinici
1739 2320 2032 2354 consuetudinem
2058 2325 2151 2356 mul-

1164 2367 1282 2394 torum
1309 2361 1507 2394 soculorum
1540 2364 1766 2406 opponebant
1798 2364 2031 2409 Christianis,
2070 2375 2151 2418 quia

1165 2411 1389 2444 confirmatae
1403 2413 1622 2454 temporibus
1640 2414 1744 2448 falsae
1761 2417 1948 2461 opiniones
1964 2423 2153 2457 difficulter

1167 2462 1368 2495 evelluntur
1392 2474 1431 2494 ex
1455 2462 1600 2501 animis,
1626 2464 1715 2499 sicut
1738 2479 1818 2500 vere
1843 2469 1959 2515 iuquit
1978 2471 2151 2508 Aristotc-

1168 2514 1233 2545 les:
1262 2510 1311 2549 ὡς
1334 2510 1523 2556 εἰώθαμεν
1548 2512 1664 2553 οὕτως
1679 2514 1854 2562 ἀξιοῦμεν
1872 2520 2062 2570 λέγεσθαι.
2093 2524 2151 2558 καῖ

178 2559 309 2594 Psalm.
326 2559 401 2594 26.:
439 2560 558 2594 Unum
584 2559 650 2595 hoc
675 2562 817 2606 requiro
839 2574 857 2594 a
876 2561 1030 2596 Domino
1043 2588 1052 2601 ,
1078 2570 1117 2595 ut
1168 2561 1214 2596 ἰὰ
1230 2559 1330 2606 παρὰ
1346 2564 1463 2596 ‘rafim
1480 2561 1548 2608 οὐχ
1564 2562 1673 2608 ὅμοια
1690 2565 1873 2613 φαίνεται.

129 2608 285 2643 habitem
317 2610 354 2643 in
387 2612 492 2644 domo
515 2610 664 2648 Domini
687 2612 854 2646 omnibus
878 2612 1003 2646 diebus
1029 2612 1118 2648 vitae

128 2672 238 2696 meac.

1276 2613 1332 2647 10.
1367 2612 1435 2646 Sed
1460 2626 1524 2648 uos
1548 2615 1583 2648 in
1597 2613 1754 2653 Ecclesia
1777 2621 1864 2655 scire
1884 2631 2038 2668 oportet,
2065 2624 2153 2659 hnu-

1175 2676 1294 2698 vocem
1315 2663 1472 2698 divinam
1494 2666 1756 2704 anteferendam
1773 2683 1845 2706 esse
1865 2674 2025 2708 omnium
2044 2674 2158 2709 homi-

1476 2713 1553 2751 41*
