2324 2955
204 142 276 179 687

207 231 274 269 tio,
307 225 409 261 etiarn
435 223 464 257 si
488 234 560 255 non
583 219 692 262 fallit,
721 227 838 254 tamen
863 228 937 251 non
959 213 1066 252 babet
1087 218 1186 253 testi-

207 278 365 313 monium
388 274 469 308 Dei.

308 326 464 369 Quidam
482 323 555 356 sine
575 321 642 354 fine
665 320 876 364 disputavit,
902 318 964 364 qui
989 325 1187 354 contractus

208 381 277 413 sint
293 375 480 422 probandi,
519 372 640 416 Neque
657 371 735 404 finis
752 371 845 404 ullus
861 377 910 404 est
925 369 1051 403 talium
1066 370 1188 415 dispu-

207 429 400 467 tationum,
441 425 469 458 si
493 423 734 457 consideretur
758 433 830 454 non
856 421 931 462 lex,
969 420 1031 454 sed
1062 427 1188 455 natura

209 479 340 524 operis.

312 528 370 562 Sic
404 527 440 559 in
471 525 549 558 aliis
579 523 699 557 multis
732 521 885 565 negociis
919 521 1085 566 pleraque
1115 521 1189 564 lege

210 582 299 614 iusta
318 585 418 618 sunt,
446 574 581 609 etiamsi
598 575 686 607 ratio
701 574 743 606 de
759 579 884 605 natura
900 572 1091 616 praesentis
1106 584 1190 616 ope-

211 631 260 664 ris
286 629 387 663 aliter
410 627 561 666 iudicet,
594 631 653 665 ut,
684 624 779 668 quod
803 622 1067 666 suspenduntur
1087 623 1190 664 sures,

213 682 242 714 si
261 679 375 724 operis
398 685 523 711 natura
540 681 771 719 spectaretur,
798 672 956 705 infinitae
973 672 1191 717 quaestiones

211 732 409 765 existerent.
466 727 568 760 Nunc
593 724 700 758 iudici
722 723 805 757 satis
832 729 903 761 est,
944 723 1056 766 legem
1082 723 1192 769 sequi,

211 782 293 826 quia
311 779 407 814 Deus
422 777 594 821 approbat
610 775 728 808 civiles
745 773 996 808 ordinationes.

315 829 393 862 Hoc
424 838 536 861 unum
568 825 719 871 pertinet
750 825 795 857 ad
817 821 1061 866 Theologum,
1097 823 1191 868 quod

214 882 283 914 iam
313 878 581 916 admonuimus,
623 875 806 909 ostendere
837 874 932 918 quod
960 872 1193 916 Evangelinm

211 931 383 976 approbet
415 934 612 962 contractus
636 924 892 959 consentientes
918 923 1069 966 legibus,
1112 924 1194 969 qnia

211 982 382 1026 approbat
397 979 525 1026 ‘civiles
547 976 807 1014 ordinationes,
841 974 930 1007 sicut
954 975 997 1006 de
1019 974 1194 1007 medicina

212 1034 398 1072 admonet,
424 1028 520 1075 quod
546 1028 647 1060 liceat
669 1026 722 1059 uti
747 1023 910 1058 remediis
939 1024 1030 1058 sicut
1053 1024 1132 1057 cibo
1155 1035 1194 1056 ac

214 1090 310 1128 potu.
626 1124 631 1128 .

316 1131 448 1174 Quales
467 1129 618 1162 debeant
641 1137 712 1159 esse
737 1129 954 1162 contractus,
988 1134 1061 1155 non
1084 1122 1195 1165 magis

212 1184 256 1217 ad
281 1181 506 1223 Theologum
533 1177 700 1222 pertinet,
738 1187 844 1219 quam
868 1172 985 1219 qual-ia
1008 1170 1195 1217 pharmaca

214 1234 364 1267 debeant
380 1233 417 1264 in
433 1229 580 1272 singulis
596 1227 727 1260 morbis
744 1225 833 1260 dari.

317 1282 438 1326 Itaque
479 1289 561 1312 non‘
592 1285 642 1311 est
683 1275 945 1309 concedendum
987 1272 1195 1306 docentibus

213 1333 447 1376 Evangelinm
460 1357 469 1370 ,
494 1336 533 1362 ut
549 1334 669 1361 contra
687 1327 833 1360 usitatos
850 1330 1050 1357 contractus
1066 1324 1109 1356 ad
1132 1335 1195 1367 po—

214 1385 339 1428 pulum
367 1381 625 1419 vociferentur,
671 1377 730 1410 sed
762 1375 979 1408 admonendi
1010 1381 1110 1414 sunt,
1157 1380 1196 1406 ut

213 1433 320 1468 huius
336 1432 387 1466 rei
404 1430 576 1465 iudicium
602 1429 646 1462 ad
670 1426 892 1470 magistratus
914 1431 948 1458 et
973 1425 1089 1457 forum
1112 1424 1195 1456 reii-

213 1485 318 1518 ciant.

318 1539 498 1574 Praeclare
541 1535 628 1569 dixit
662 1532 938 1572 Cameracensis,
990 1530 1196 1564 Cavendum

214 1605 306 1630 esse,
333 1602 377 1623 ne
406 1588 508 1622 facile
533 1585 789 1630 pronuncIatur
810 1582 990 1616 usurarios
1014 1593 1086 1614 esse
1111 1593 1196 1613 con-

214 1649 365 1682 tractus,
405 1639 487 1685 quia
519 1636 608 1669 varii
635 1641 834 1668 contractus
855 1633 893 1665 in
915 1633 987 1665 vita
1012 1630 1196 1664 necessarii

216 1700 320 1733 sunt,
348 1702 427 1724 cum
444 1689 515 1722 sint
532 1687 619 1719 iuris
635 1685 805 1729 gentium.

318 1751 388 1785 Sed
416 1747 524 1782 huius
548 1745 632 1778 dicti
657 1744 746 1777 ratio
770 1741 922 1776 tenenda
943 1746 1011 1780 est,
1044 1752 1088 1772 ne
1112 1751 1198 1772 con-

215 1802 359 1836 scientia
384 1799 605 1843 relinquatur
630 1795 815 1837 ambigua,
848 1791 1011 1824 videlicet
1034 1790 1112 1822 ideo
1138 1801 1199 1822 va-

217 1855 288 1886 lere
324 1856 543 1887 contractus,
585 1846 666 1890 qnia
696 1844 791 1878 Deus
825 1842 994 1886 approbat
1025 1840 1197 1873 iudicium

217 1903 439 1946 magistratus
457 1911 495 1932 ac
514 1899 604 1940 leges
623 1897 665 1928 de
683 1894 846 1927 civilibus
862 1890 1020 1934 negotiis.

318 1959 548 2002 Magistratus
582 1961 701 1988 autem
732 1964 807 1985 non
830 1956 969 1985 tantum
994 1960 1101 1982 unam
1126 1949 1200 1981 for-

217 2023 308 2045 mam
327 2014 526 2043 contractus
545 2006 582 2038 in
605 2004 737 2048 specie,
774 2009 833 2035 aut
856 2000 1013 2034 medium
1036 1998 1200 2032 indivisi-

217 2063 290 2095 bile
318 2058 510 2093 coustituit.
579 2055 649 2089 Sed
681 2053 787 2087 sumit
817 2051 975 2085 medium
1006 2049 1046 2084 ἐν
1074 2046 1197 2084 πλάτει

219 2114 311 2146 iuxta
330 2108 530 2155 probabiles
551 2106 722 2144 rationes,
749 2103 844 2148 quod
867 2103 911 2135 ad
937 2112 1056 2145 pacem
1083 2107 1117 2133 et
1142 2111 1200 2133 so—

218 2163 376 2195 cietatem
405 2158 592 2193 hominum
625 2155 785 2200 quadrat.
854 2151 990 2184 Verum
1023 2157 1073 2184 est
1104 2150 1199 2183 enim

220 2213 326 2251 illud,
353 2221 527 2244 summum
544 2208 617 2247 ius,
644 2216 779 2238 summa
796 2202 937 2237 iniuria.

320 2267 463 2312 Emptio
493 2277 565 2299 non
597 2263 746 2296 viciatur
776 2272 837 2305 per
868 2266 1011 2305 pactum
1035 2259 1079 2292 de
1105 2259 1200 2292 redi-

223 2320 360 2352 mendo.
413 2318 454 2354 L,
471 2317 499 2350 si
516 2315 666 2349 fundum
681 2313 758 2347 cod.
776 2313 819 2345 de
836 2322 911 2354 pac.
931 2310 1023 2343 inter
1045 2316 1149 2353 empt.
1169 2316 1201 2343 et

221 2369 352 2402 vendit.

321 2425 410 2460 Cum
434 2431 549 2458 autem
573 2422 702 2467 emptio
727 2419 904 2463 legitimus
926 2425 1124 2451 contractus
1146 2418 1201 2458 sit,

222 2477 397 2522 sequitur,
424 2482 456 2508 et
472 2473 566 2507 hunc
584 2479 801 2507 contractum
825 2469 1022 2512 legitimum
1046 2479 1133 2507 esse3
1163 2470 1200 2500 in

222 2541 292 2573 quo
327 2527 417 2559 inest
435 2526 588 2569 'pactum
617 2520 884 2566 redemptionis.
951 2518 991 2553 Si
1014 2526 1131 2553 tamen
1157 2520 1201 2553 sit

222 2590 304 2611 vera
325 2575 468 2619 emptio.

326 2633 371 2668 Et
390 2634 429 2673 is,
456 2631 518 2676 qni
535 2630 630 2668 emit,
656 2629 852 2661 dominium
871 2629 1108 2673 consequitur,
1137 2629 1200 2661 etsi

967 127 1452 168 DISPUTATIONES

2143 128 2217 168 688

1237 218 1356 251 nando
1386 227 1459 249 non
1479 222 1651 261 repugnat
1674 222 1820 250 naturae
1848 214 2017 257 dominii,
2055 222 2094 251 ut
2115 216 2217 251 docet

1237 267 1403 302 Bartolus
1419 266 1458 300 L.
1477 267 1524 300 ita
1541 267 1639 312 quis,
1664 267 1709 300 de
1724 267 1913 300 verborum
1930 266 2217 310 obligationibus,

1338 316 1406 350 Hic
1423 323 1621 351 contractus
1635 317 1816 350 dissimilis
1839 323 1889 350 est
1910 322 2052 357 mutuo,
2075 317 2156 361 quia
2177 317 2216 349 in

1237 374 1362 402 mutuo
1395 367 1476 402 licet
1504 368 1602 401 danti
1631 373 1755 401 mutuo
1788 374 1944 412 repetere
1966 373 2117 408 sortem,
2157 364 2216 400 hic

1238 418 1388 464 emptori
1406 430 1480 452 non
1498 418 1579 451 licet
1595 417 1779 461 pecuniam
1796 425 1963 461 repetere.

1340 468 1429 502 Tres
1445 468 1573 512 species
1591 478 1762 513 ponemus
1783 464 1891 501 huius
1914 474 2130 509 contractus,
2158 475 2219 501 ant

1239 520 1368 554 emitur
1390 526 1503 552 certus
1527 519 1678 560 fundus,
1703 525 1763 551 aut
1786 517 1871 551 certi
1891 518 2024 552 fructus
2044 518 2081 551 in
2105 519 2218 553 fundo

1239 577 1333 605 certo
1350 581 1413 614 pro
1429 569 1670 614 proportione.

1341 619 1458 654 Facile
1472 620 1621 653 iudicari
1638 625 1771 664 potest,
1796 618 1834 652 in
1851 616 1907 652 his
1929 618 2065 652 duabus
2088 619 2219 663 specie-

1239 674 1305 706 bus
1324 682 1467 716 prorsus
1481 668 1573 703 nihil
1589 682 1660 704 esse
1674 670 1774 711 vicii,
1801 681 1880 703 cum
1897 676 1988 702 recte
2009 676 2222 703 concurrant

1243 723 1380 762 omnia,
1430 733 1518 766 quae
1554 721 1785 766 requiruntur
1814 720 1851 752 in
1881 719 2075 764 emptione,
2123 730 2221 752 merx

1242 780 1351 812 certa,
1378 779 1511 806 certum
1527 772 1702 816 precium,
1730 781 1932 805 consensus.

1344 822 1464 856 Tertia
1491 822 1620 866 species
1646 828 1715 860 est,
1753 833 1832 854 cum
1864 821 1992 854 emitur
2021 820 2155 853 reditus
2182 820 2220 852 in

1243 873 1417 906 universis
1430 873 1531 906 bonis
1548 872 1694 905 alicuius
1712 871 1862 905 civitatis
1874 897 1884 911 ,
1910 871 1971 904 ubi
1989 870 2108 904 civitas
2127 869 2221 903 obli-

1244 931 1320 966 gata
1339 930 1388 956 est
1412 923 1548 956 actione
1568 922 1766 966 personali,
1799 928 1832 955 et
1855 921 1929 961 ius,
1963 921 2057 965 quod
2079 927 2224 954 vocatur

1244 972 1302 1007 hic
1319 985 1433 1014 merx,
1460 985 1532 1006 non
1553 973 1690 1006 videtur
1706 972 1744 1004 in
1762 978 1856 1005 certo
1874 983 2020 1015 corpore
2036 982 2120 1004 esse.

1345 1022 1618 1056 panormitanus
1650 1029 1768 1055 tamen
1799 1029 1831 1054 et
1863 1019 1954 1054 hanc
1977 1021 2121 1059 tertium
2145 1032 2223 1064 spe-

1244 1073 1332 1106 ciem
1349 1073 1531 1116 approbat,
1548 1084 1627 1105 cum
1644 1072 1776 1116 inquit:
1802 1071 1902 1104 Sicut
1918 1082 1998 1113 ergo
2016 1071 2093 1114 quis
2110 1078 2223 1115 potest

1245 1134 1358 1155 emere
1383 1122 1492 1155 libere
1514 1128 1623 1154 totam
1645 1121 1898 1164 possessionem
1923 1121 1960 1152 in
1985 1117 2223 1164 ἐμφύηυσιν,

1245 1172 1301 1205 vel
1329 1183 1444 1204 emere
1468 1183 1626 1204 annuum
1652 1170 1807 1203 reditum
1831 1169 1901 1202 iam
1924 1169 2155 1202 constitutum
2179 1170 2224 1202 ab

1245 1222 1411 1267 antiquo,
1453 1221 1501 1254 ita
1521 1220 1657 1254 licitum
1681 1226 1732 1253 est
1755 1220 1798 1253 de
1823 1231 1917 1252 novo
1949 1219 2161 1253 constituere
2192 1226 2226 1252 et

1245 1284 1371 1308 emere.
1423 1270 1476 1305 De
1492 1271 1608 1304 usuris
1622 1282 1695 1314 cap.
1712 1270 1750 1302 in
1767 1269 1918 1305 civitate.

1347 1321 1394 1356 Et
1416 1334 1494 1355 cum
1513 1322 1567 1354 ius
1585 1326 1744 1365 oporteat
1767 1320 1805 1352 in
1828 1319 1948 1364 aliquo
1975 1331 2121 1363 corpore
2144 1329 2228 1360 esse,

1246 1380 1296 1407 est
1314 1380 1347 1407 et
1364 1371 1421 1406 hic
1437 1373 1490 1406 ius
1507 1372 1544 1404 in
1561 1383 1717 1415 corpore.

1346 1422 1395 1457 Ut
1410 1423 1439 1455 si
1457 1423 1535 1467 quis
1553 1429 1645 1455 emat
1668 1421 1707 1454 in
1730 1420 1874 1456 alterius
1895 1419 1999 1454 bonis
2023 1420 2225 1453 servitutem

1246 1473 1372 1517 agendi
1390 1473 1526 1506 itineris
1544 1484 1606 1516 per
1621 1482 1760 1514 agrum,
1786 1472 1834 1504 ita
1858 1471 1897 1503 in
1921 1471 2026 1503 rebus
2047 1470 2132 1502 ratis
2151 1470 2228 1502 fru-

1247 1525 1395 1557 ctificare
1411 1529 1522 1566 potest
1537 1522 1703 1555 constitui
1717 1521 1880 1562 servitus,
1897 1527 1935 1554 ut
1951 1531 2030 1564 pars
2047 1520 2226 1554 fructuum

1248 1575 1366 1607 redeat
1400 1574 1443 1606 ad
1476 1573 1642 1617 aliquem.
1701 1570 1749 1605 Et
1769 1569 1875 1604 huius
1899 1570 2078 1604 servitutis
2100 1581 2227 1614 corpus

1247 1623 1413 1657 constitui
1445 1629 1591 1667 possunt
1622 1621 1742 1654 omnia
1773 1622 1866 1655 bona
1890 1620 2038 1654 alicuius
2058 1631 2228 1663 personae

1248 1681 1308 1707 aut
1323 1673 1596 1707 communitatis.

1350 1723 1506 1766 Quidam
1530 1722 1745 1761 defendunt,
1772 1728 1805 1755 et
1828 1721 1867 1754 in
1891 1731 2039 1764 persona
2061 1718 2230 1753 constitui

1248 1785 1348 1818 posse
1379 1773 1542 1806 reditum.
1600 1770 1707 1813 Quod
1732 1771 1796 1804 etsi
1822 1771 1998 1804 subtiliter
2020 1770 2229 1814 disputatur,

1249 1832 1365 1858 tamen
1386 1824 1497 1867 placet
1518 1820 1603 1862 hoc,
1629 1822 1723 1866 quod
1742 1821 1988 1855 Iurisconsulti
2011 1821 2156 1860 docent,
2190 1820 2228 1852 in

1250 1875 1355 1908 rebus
1371 1872 1657 1907 constituendum
1673 1883 1745 1905 esse
1760 1872 1924 1911 reditum,
1951 1878 1989 1904 ut
2006 1871 2169 1904 videlicet
2185 1871 2229 1904 sit

1250 1925 1367 1970 aliqua
1385 1929 1476 1957 certa
1494 1934 1590 1955 merx
1604 1949 1613 1962 ,
1640 1929 1673 1956 et
1689 1923 1743 1955 ius
1761 1923 1805 1956 sit
1821 1922 1859 1954 in
1877 1922 1997 1966 aliquo
2013 1932 2170 1965 corpore.

1355 1973 1478 2019 ltaque
1497 1985 1576 2006 cum
1590 1979 1624 2006 et
1640 1970 1698 2005 hic
1714 1973 1758 2006 sit
1778 1984 1894 2014 merx,
1926 1971 2089 2005 videlicet
2111 1971 2166 2004 ius
2189 1983 2229 2003 ex

1251 2025 1376 2058 alienis
1391 2024 1494 2058 bonis
1510 2023 1726 2067 percipiendi
1742 2023 1875 2057 fructus
1891 2023 2066 2066 precium,
2093 2028 2127 2055 et
2145 2033 2229 2054 con-

1251 2088 1391 2113 sensns,
1419 2074 1601 2118 probanda
1618 2080 1668 2107 est
1684 2081 1716 2107 et
1731 2071 1816 2106 haec
1834 2073 1936 2107 tertia
1954 2072 2093 2117 species¹

1353 2125 1535 2158 Praeclare
1560 2124 1678 2168 inquit
1703 2123 1852 2165 Baldus,
1893 2121 1988 2157 hunc
2012 2127 2229 2156 contractum

1253 2176 1388 2209 licitum
1408 2186 1499 2215 csse,
1526 2175 1553 2208 si
1577 2172 1705 2208 habeat
1729 2174 1913 2219 aequitatis
1936 2171 2229 2215 recompensatio-

1252 2238 1331 2260 nem
1349 2233 1382 2259 et
1398 2226 1683 2270 proportionem,
1709 2237 1780 2269 cap.
1802 2226 1832 2258 1.
1851 2225 1893 2257 (le
1910 2222 2153 2257 Iureiurando.

1353 2276 1453 2310 Sicut
1470 2276 1576 2319 igitur
1593 2276 1630 2308 in
1647 2276 1725 2308 aliis
1740 2273 1975 2308 contractibus
1990 2273 2230 2305 conservanda

1252 2334 1302 2361 est
1320 2327 1491 2371 aequitas,
1526 2327 1572 2360 ita
1598 2326 1636 2359 in
1660 2324 1725 2359 hoc
1749 2331 1928 2359 contractu
1953 2323 2145 2356 videndum
2171 2330 2231 2362 est,

1252 2384 1291 2411 ut
1320 2377 1473 2421 pericula
1505 2377 1636 2421 pariter
1665 2382 1953 2420 compensentur,
1993 2373 2156 2406 videlicet
2186 2384 2230 2405 nc

1253 2439 1375 2462 census
1393 2427 1568 2469 exigatur,
1593 2427 1623 2461 si
1639 2426 1742 2471 periit
1759 2436 1900 2469 corpus.
2027 2464 2029 2466 Ι

1353 2475 1399 2511 Et
1417 2484 1532 2511 tamen
1551 2478 1586 2510 in
1603 2475 1658 2509 his
1675 2476 1810 2509 casibus
1828 2486 1967 2520 quoque
1991 2481 2029 2507 ut
2054 2473 2088 2506 in
2114 2474 2230 2506 omni-

1253 2529 1317 2562 bus
1346 2528 1582 2562 contractibus
1614 2526 1688 2559 fieri
1720 2526 1841 2566 debet,
1883 2525 2038 2559 medium
2063 2524 2165 2558 debet
2191 2523 2228 2557 ἐν

1253 2575 1376 2612 πλάτα
1394 2579 1496 2614 sumi.

1353 2630 1395 2662 ln
1414 2638 1568 2665 summa,
1595 2638 1674 2659 cum
1692 2623 1730 2658 hi
1750 2632 1947 2660 contractus
1965 2625 2031 2667 legi
2051 2624 2131 2658 iusti
2148 2625 2228 2661 sint,

225 2686 378 2722 alienare
410 2695 482 2716 non
511 2687 644 2726 potest,
678 2680 757 2723 quia
785 2686 924 2722 pactum
953 2680 995 2712 de
1018 2691 1092 2712 non
1117 2679 1202 2713 alie·
1226 2702 1230 2721 ι
1253 2687 1285 2713 et
1310 2678 1502 2713 Christiani
1534 2683 1609 2710 tuto
1641 2677 1775 2720 legibus
1808 2684 1840 2711 ct
1874 2675 2028 2721 politicis
2049 2675 2152 2709 rebus
2177 2674 2226 2707 uti
