2324 2955
188 118 259 153 795

193 205 331 237 cessisse
350 200 520 235 excidium
534 196 766 240 ierosolymae
782 201 813 227 et
829 194 1003 228 Persicam
1027 206 1169 227 monar-

193 252 304 287 chiam
317 276 325 288 ‚
352 262 429 283 cum
449 245 563 281 adhuc
579 246 714 291 Assyrii
727 273 735 286 ,
762 244 861 278 Medi
879 252 911 278 et
929 243 1096 278 Chaldaei
1115 245 1170 276 in-

194 311 245 337 ter
271 312 341 334 sese
357 300 447 333 bella
471 304 650 341 gererent,
677 303 711 329 ct
733 296 891 328 nondum
917 296 1034 328 decem
1059 296 1171 328 tribus

193 362 334 397 prorsus
367 350 536 382 abductae
568 354 691 380 essent.
751 345 831 379 Non
860 345 955 378 enim
981 357 1052 378 uno
1077 357 1170 378 anno

193 401 309 434 omnia
330 399 568 434 israelitarum
584 397 712 441 oppida
728 403 824 439 capta
849 403 942 430 sunt.
995 394 1043 429 Et
1059 402 1172 429 textus

193 458 329 490 narrat,
367 446 488 483 Iudith
513 448 618 480 fuisse
654 459 691 480 ex
718 447 825 490 stirpe
848 445 998 487 Ruben,
1036 446 1173 491 fuitque

192 498 360 535 Dothaim
377 502 478 540 urbs,
504 499 602 532 cuius
619 498 654 530 in
674 509 711 530 ea
728 495 874 530 historia
890 498 927 530 fit
942 497 1074 530 mentio
1086 524 1094 539 ,
1119 498 1174 528 vi-

193 553 270 585 cina
293 552 482 585 Samariae.
541 549 721 592 Significat
751 554 864 580 autem
890 545 1010 580 Iudith
1038 548 1174 580 confes-

195 614 278 636 sam.
331 599 515 641 Bedunia,
543 599 714 642 virginem
731 596 809 633 Dei.
862 595 980 637 Doth,
1002 598 1123 640 legem.

256 713 461 753 Xeroees,
510 714 708 755 quartus
736 718 817 741 rex
850 710 1114 742 Persarum.

297 778 422 811 Graeci
447 777 585 809 Xerxen
614 775 771 820 proxime
794 782 872 818 post
894 773 1042 808 Darium
1065 776 1176 809 filium

197 829 368 872 llistaspis
386 834 584 862 numerant.
638 823 878 859 Metasthenes
895 832 927 858 et
945 823 1048 858 Philo
1068 827 1174 858 omis-

196 892 232 913 so
257 879 389 919 Xerxe,
424 878 580 921 proxime
604 882 680 920 post
693 875 847 921 *Darium
872 876 985 909 filium
1003 875 1176 920 Histaspis

197 930 369 963 collocant
399 927 678 971 Lougimanum‚
712 927 772 971 qui
797 933 829 959 et
854 925 981 960 Darius
1010 934 1045 960 et
1069 925 1176 960 Arta-

197 992 315 1013 xerxes
329 979 571 1021 Longimanus
587 984 822 1020 nuncupatur.
870 975 1043 1010 Existimo
1059 984 1175 1011 autem

200 1030 422 1074 praeteritum
442 1041 512 1061 esse
530 1028 668 1061 Xerxen
687 1040 704 1060 a
722 1024 942 1060 Metasthene
966 1033 997 1057 et
1014 1025 1176 1065 Philone,

198 1081 280 1125 quia
297 1080 409 1112 Xerxe
425 1080 622 1111 discedente
638 1090 675 1108 ex
696 1087 804 1116 regno
821 1086 959 1106 necesse
976 1075 1044 1107 suit
1061 1087 1175 1115 regem

199 1131 307 1164 alium
326 1128 514 1161 nominari.
568 1126 688 1170 Itaque
706 1125 892 1168 scriptores
918 1125 995 1164 isti,
1023 1125 1084 1168 qui
1104 1123 1178 1157 Oc-

200 1180 348 1214 cidentis
365 1176 528 1211 historias
551 1188 692 1220 prorsus
713 1175 899 1215 omittunt,
926 1181 1062 1208 tantum
1080 1174 1178 1207 Lon-

199 1230 331 1274 gimani
355 1229 568 1262 mentionem
590 1227 740 1266 faciunt,
771 1225 832 1269 qui
855 1226 986 1258 interea
1011 1226 1107 1257 domi
1124 1238 1178 1258 re-

200 1293 306 1324 gnum
324 1279 446 1318 tenuit,
472 1289 550 1311 cum
561 1277 692 1310 Xerxes
710 1277 747 1308 in
765 1275 914 1309 Graecia
929 1276 1062 1309 bellum
1082 1287 1178 1318 gere-

200 1339 263 1365 ret.
314 1329 361 1363 Et
385 1335 657 1362 consentaneum
682 1334 752 1368 est,
780 1325 921 1359 Xerxen
944 1333 1021 1371 post
1046 1327 1178 1359 bellum

201 1381 376 1415 Graecum
400 1391 473 1412 non
495 1379 556 1412 diu
571 1377 793 1423 superstitem
810 1377 926 1412 fuisse.
979 1376 1069 1411 Cum
1087 1378 1178 1410 enim

201 1431 428 1465 interfecisset
442 1431 583 1462 fratrem
596 1428 775 1462 Masistem
786 1455 795 1468 ‚
822 1439 900 1460 cum
919 1427 1018 1461 cuius
1033 1429 1179 1470 coniuge

202 1490 234 1516 et
249 1482 320 1514 filia
344 1481 456 1513 fuerat
474 1481 504 1512 ei
527 1480 655 1512 incesta
675 1479 907 1519 consuetudo,
934 1478 1033 1511 brevi
1055 1486 1133 1522 post
1148 1485 1181 1511 et

203 1534 275 1576 ipse
293 1532 335 1564 ab
351 1528 532 1564 Artabano
548 1530 750 1563 interfectus
766 1536 824 1562 est.
868 1528 939 1562 Nos
956 1535 1073 1562 tamen
1090 1529 1180 1562 Xer-

202 1583 252 1616 xis
269 1580 450 1615 historiam
466 1581 617 1614 breviter
636 1580 878 1620 recitabimus,
906 1591 994 1625 quae
1019 1580 1180 1613 luculen—

203 1640 255 1666 ter
272 1633 316 1665 ab
331 1631 512 1665 Herodoto
530 1632 701 1675 descripta
720 1637 781 1665 est.

306 1681 409 1715 Initio
434 1682 470 1714 in
495 1680 639 1714 historia
664 1681 790 1714 Xerxis
808 1680 1037 1713 memorabile
1065 1692 1173 1710 exem?

204 1734 300 1777 plum
325 1739 375 1765 est
397 1731 598 1765 modestiae.
650 1729 772 1762 Frater
796 1729 919 1761 Xerxis
934 1727 1181 1766 Artabazanes,

205 1783 377 1815 maximus
395 1789 499 1821 natu,
526 1781 599 1813 sine
616 1780 787 1813 seditione
810 1779 907 1812 cessit
925 1778 1055 1811 iudicio
1075 1778 1181 1822 patris

206 1835 248 1866 de
266 1843 385 1874 regnu.
440 1832 507 1865 Sed
529 1838 623 1874 pater
639 1829 729 1863 lianc
747 1827 870 1863 habuit
885 1829 937 1861 sui
960 1829 1080 1861 iudicii
1101 1841 1181 1860 cau-

207 1895 297 1923 sam,
334 1882 414 1926 quia
438 1882 567 1915 Xerxes
589 1888 691 1914 natus
715 1887 786 1914 erat
804 1893 841 1913 cx
863 1880 932 1912 filia
954 1878 1037 1924 Cyri
1057 1878 1182 1912 Atussa

206 1939 371 1975 regnante
393 1932 513 1967 Dario.
567 1930 803 1964 Artabazanes
826 1936 961 1970 autem,
996 1935 1181 1973 antequam

206 1990 303 2027 pater
322 1991 498 2025 regnaret,
522 1995 561 2014 ex
580 1982 645 2014 alia
663 1982 809 2023 coniuge
827 1987 927 2013 natus
945 1986 1028 2015 erat.
1077 1979 1182 2013 Prae-

208 2035 297 2067 latus
315 2040 365 2066 est
383 2034 488 2076 igitur
507 2033 637 2065 Xerxes
656 2039 799 2076 propter
816 2030 961 2065 Atossae
980 2031 1183 2074 potentiam,

206 2085 304 2117 cuius
329 2091 362 2117 et
386 2091 527 2127 propter
550 2090 681 2126 patrem
707 2094 831 2125 magna
854 2089 926 2115 erat
950 2082 1040 2125 apud
1061 2081 1183 2114 Persas

206 2135 382 2169 autoritas.
441 2134 609 2167 Scribunt
631 2140 765 2173 autem,
794 2133 917 2166 fratres
950 2132 1080 2165 interea
1111 2144 1183 2165 non

206 2192 355 2219 mutasse
378 2191 533 2218 mutuam
560 2184 857 2223 benevolentiam,
886 2195 924 2216 ac
944 2183 1070 2217 usitato
1088 2195 1183 2215 more

206 2235 356 2268 invicem
372 2236 519 2270 alterum
539 2235 637 2268 alteri
658 2247 803 2268 munera
820 2234 963 2267 misisse.

481 2343 547 2376 De
575 2340 696 2376 bello
722 2343 906 2375 Xon-mis,

305 2406 395 2441 Cum
426 2406 526 2440 Darii
565 2408 733 2441 exercitus
770 2407 937 2450 Hippiam
977 2407 1184 2440 reducturus

205 2456 379 2496 Athenas,
415 2458 534 2499 pulsus
564 2465 668 2499 esset,
703 2457 831 2491 Darius
862 2457 987 2490 maiori
1016 2464 1183 2501 apparatu

205 2509 337 2542 bellum
358 2507 486 2540 inferre
510 2506 652 2541 Graecis
676 2509 839 2542 decrevit.
894 2507 962 2542 Sed
979 2509 1062 2541 dum
1081 2508 1182 2542 colli-

204 2559 254 2601 git
275 2558 480 2597 exercitum,
513 2557 673 2594 moritur.
734 2559 846 2592 Filius
871 2559 978 2602 igitur
998 2558 1127 2592 Xerxes
1145 2559 1182 2591 in

205 2610 279 2653 ipso
302 2607 567 2652 gubernationis
592 2608 694 2641 initio
717 2610 865 2653 cupidus
888 2610 1039 2652 gloriae,
1068 2616 1101 2642 et
1125 2610 1181 2642 in-

201 2665 353 2694 structus
374 2659 547 2698 exercitu,
581 2670 657 2691 cum
676 2656 819 2694 liaberet
842 2660 1060 2695 incitatorem
1080 2659 1179 2704 Mar-⁴

428 112 635 151 SCRIPTA
663 111 738 145 PH.
767 108 883 144 MEL.
911 108 977 142 AD
1006 108 1131 146 HlST.
1157 107 1301 144 PROF.
1328 105 1394 141 ΕΤ
1421 104 1611 142 PHILOS.
1639 105 1959 143 SPECTANTIA.

2129 105 2204 143 796

1223 192 1388 231 domium,
1416 189 1482 224 hoc
1497 192 1628 225 bellum
1646 192 1757 225 movit
1781 192 2005 227 dissuadente
2021 191 2204 228 Artabano

1223 249 1347 286 patruo
1372 241 1508 276 Xerxis.
1567 240 1750 276 Exercitus
1788 242 1919 275 dicitur
1950 244 2055 277 fuisse
2092 246 2206 279 decies

1224 300 1365 326 centum
1398 292 1551 324 millium
1584 290 1786 333 hominum,
1821 299 1991 338 quantum
2017 296 2205 329 exercitum

1225 355 1297 376 non
1322 342 1469 385 legimus
1492 343 1605 375 ullum
1636 354 1751 385 regem
1773 343 1931 385 duxisse,
1966 343 2036 376 nisi
2057 343 2206 379 Tamer-

1226 395 1341 426 lanem
1364 392 1571 431 Tartarum,
1600 392 1662 437 qui
1686 405 1805 425 recens
1828 400 1907 427 ante
1923 406 2034 427 annos
2055 395 2126 428 fere
2141 396 2207 429 du-

1227 451 1364 486 centos,
1393 449 1560 486 regnante
1580 441 1741 476 Baiazete
1764 442 1913 477 Turcico
1935 451 2102 489 tyranno,
2127 457 2208 490 per-

1227 495 1375 527 vastavit
1397 491 1538 532 Asiam,
1566 505 1584 526 a
1611 492 1725 526 Tanai
1751 504 1861 538 usque
1886 495 1929 527 ad
1952 494 2150 540 Aegyptum
2176 504 2209 530 et

1227 546 1269 578 ad
1286 542 1446 584 Parthos,
1472 550 1503 576 et
1520 551 1656 587 captum
1675 543 1869 577 Baiazetem
1886 543 1922 576 in
1942 556 2043 578 cavea
2060 546 2208 580 circum-

1228 595 1337 628 duxit.
1383 593 1488 627 Hunc
1504 595 1661 627 scribunt
1678 595 1817 627 duxisse
1834 601 1957 639 quater
1972 601 2110 629 centum
2127 597 2208 629 mil-

1230 647 1275 678 lia
1296 645 1452 689 equitum
1476 651 1509 678 et
1526 651 1682 678 sexcenta
1699 645 1810 679 millia
1828 646 1997 688 peditum.

1331 695 1466 729 Ductus
1483 701 1532 728 est
1548 701 1663 728 autem
1681 694 1805 728 Xerxis
1822 696 1991 730 exercitus
2011 704 2106 729 trans
2123 695 2210 729 Hel-

1229 747 1426 789 lespontum
1456 758 1550 779 anno
1581 745 1728 788 septimo
1758 746 1854 788 regni
1883 746 2026 786 Xerxis,
2062 753 2094 779 et
2119 747 2211 780 intra

1230 797 1413 830 biennium
1432 796 1556 829 Persae
1576 802 1726 840 quatuor
1743 796 1884 839 praeliis
1904 797 1986 830 victi
2009 803 2078 831 tota
2097 795 2210 830 Grae-

1230 848 1281 880 cia
1305 847 1438 890 expulsi
1461 853 1553 880 sunt.
1607 845 1764 879 Primum
1782 853 1873 880 terra
1893 847 1935 879 ad
1954 844 2210 892 Thermopylas

1231 898 1313 930 victi
1328 903 1422 930 sunt.
1474 896 1613 931 Deinde
1629 896 1718 929 mari
1732 897 1871 930 duobus
1888 897 2030 941 praeliis
2046 899 2088 930 ad
2105 897 2212 931 Arte-

1230 948 1371 981 misium
1402 954 1435 980 et
1465 949 1507 980 ad
1539 946 1766 982 Salaminem.
1827 947 1963 990 Quarto
1990 948 2033 980 ad
2062 947 2211 988 Plateas,

1231 1009 1309 1030 cum
1342 1002 1420 1038 post
1446 998 1562 1038 fugam
1593 996 1719 1027 Xerxis
1751 997 1963 1031 Mardonius
1994 998 2030 1030 iu
2064 998 2212 1031 Graecia

1231 1046 1423 1079 mansisset.
1474 1044 1596 1087 Pugna
1615 1045 1710 1076 enim
1728 1046 1772 1077 ad
1783 1043 2040 1090 Thermopylas
2057 1049 2145 1080 facta
2163 1055 2211 1079 est

1231 1095 1320 1128 circa
1344 1094 1532 1127 solstitium
1556 1094 1747 1132 aestivum,
1780 1107 1859 1127 cum
1886 1095 2058 1129 instarent
2082 1095 2210 1141 Olym-

1232 1145 1301 1189 pia.
1361 1143 1485 1177 Postea
1514 1143 1650 1176 decimo
1680 1155 1798 1177 mense
1819 1143 2030 1177 Mardonius
2054 1143 2212 1179 Athenas

1232 1195 1442 1235 combussit,
1467 1194 1646 1234 videlicet,
1671 1193 1760 1227 circa
1778 1193 1938 1238 Aprilem
1959 1195 2045 1228 anni
2062 1206 2213 1240 sequen—

1232 1246 1287 1281 tis,
1346 1244 1394 1279 Et
1423 1245 1467 1277 ad
1496 1243 1634 1278 Plateas
1663 1255 1736 1277 esse
1769 1252 1962 1289 pugnatum
1993 1252 2125 1280 constat
2157 1247 2213 1279 die

1233 1302 1357 1341 quarto
1382 1293 1543 1338 Augusti.

1335 1345 1413 1379 Etsi
1436 1353 1552 1379 autem
1576 1358 1649 1379 non
1672 1346 1748 1379 sine
1771 1346 1907 1389 magnis
1935 1347 2094 1382 cladibus
2118 1355 2213 1382 tanta

1233 1397 1424 1431 multitudo
1449 1396 1543 1430 vinci
1560 1398 1693 1440 potuit,
1719 1403 1836 1430 tamen
1861 1398 2058 1442 exemplum
2077 1398 2214 1441 insigne

1235 1455 1284 1482 est
1313 1446 1489 1481 humanae
1518 1447 1750 1488 infirmitatis,
1786 1449 1879 1493 quod
1903 1455 2020 1482 tantus
2045 1450 2214 1482 exercitus

1235 1507 1304 1533 tam
1327 1499 1426 1532 brevi
1450 1504 1607 1542 tempore
1622 1499 1742 1542 pulsus
1764 1505 1795 1531 et
1814 1499 2008 1533 trucidatus
2021 1505 2083 1533 est.
2138 1499 2215 1543 Ipse

1235 1561 1318 1583 vero
1339 1549 1470 1582 Xerxes
1495 1559 1602 1592 parva
1631 1550 1753 1593 cymba
1778 1549 1867 1591 fugit
1891 1556 1969 1593 post
1993 1561 2146 1593 pugnam
2170 1551 2213 1582 ad

1235 1599 1462 1634 Salaminem.
1516 1598 1603 1632 Vult
1627 1599 1721 1632 enim
1746 1598 1856 1639 Deus,
1885 1611 1956 1633 non
1978 1601 2107 1642 suscipi
2124 1600 2214 1632 bella

1236 1663 1308 1684 non
1325 1649 1516 1683 necessaria
1534 1649 1724 1693 cupiditate
1742 1650 1873 1691 gloriae
1897 1658 1929 1683 et
1948 1650 2073 1682 fiducia
2091 1647 2215 1682 huma-

1235 1709 1300 1730 nae
1319 1699 1505 1741 potentiae.
1543 1698 1680 1738 Regula
1700 1706 1747 1732 est
1765 1700 1873 1739 enim,
1899 1699 2098 1732 Necessaria
2115 1712 2216 1733 man-

1236 1750 1316 1781 data
1341 1747 1513 1779 divinitus
1538 1747 1696 1779 facienda
1721 1757 1810 1787 esse,
1839 1754 1871 1779 et
1895 1751 2083 1790 petendum
2106 1762 2177 1782 esse
2196 1763 2215 1783 a

1236 1798 1310 1832 Deo
1341 1797 1529 1835 auxilium,
1571 1797 1667 1830 iuxta
1706 1797 1853 1830 dictum:
1894 1796 2112 1831 Commenda
2140 1798 2215 1833 Deo

1235 1849 1348 1888 viam,
1372 1848 1405 1880 id
1426 1853 1494 1888 est,
1521 1847 1738 1880 vocationem
1759 1854 1870 1887 tuam,
1898 1855 1930 1881 et
1950 1860 2048 1891 spera
2068 1849 2104 1881 in
2124 1861 2217 1890 eum,

1236 1907 1269 1933 et
1286 1899 1358 1943 ipse
1376 1898 1489 1933 faciet.
1541 1896 1594 1931 Ac
1608 1904 1727 1931 narrat
1742 1897 1957 1938 Herodotus,
1987 1898 2216 1933 Mardonium

1237 1948 1371 1983 Thebis
1387 1949 1425 1981 in
1445 1949 1608 1982 convivio
1626 1956 1706 1982 ante
1720 1961 1873 1993 pugnam
1893 1950 1935 1982 ad
1953 1948 2089 1983 Plateas
2102 1978 2110 1991 ,
2138 1962 2217 1984 cuin

1237 2001 1420 2041 diceretur,
1440 1999 1567 2032 mirum
1585 2011 1656 2032 esse
1672 2007 1743 2034 tam
1756 2000 1916 2042 exiguum
1933 2012 2120 2034 numerum
2130 2000 2217 2034 Per-

1237 2063 1354 2085 sarum
1374 2051 1550 2095 reliquum
1569 2062 1657 2091 esse,
1686 2050 1827 2084 dixisse:
1857 2050 1961 2093 Quod
1982 2052 2080 2085 Deus
2098 2053 2216 2085 decre-

1238 2103 1304 2143 vit,
1330 2114 1403 2135 non
1420 2113 1519 2145 posse
1543 2102 1587 2134 ab
1603 2099 1809 2134 hominibus
1825 2102 1974 2142 mutari,
1998 2114 2111 2147 neque
2133 2114 2215 2146 pro—

1237 2153 1370 2186 babilia
1388 2152 1616 2186 suadentibus
1632 2149 1794 2185 homines
1811 2152 2063 2196 obtemperare.
2088 2150 2143 2186 ὅτι
2160 2150 2215 2186 δεῖ

1237 2202 1413 2251 γενέσθαι
1445 2202 1484 2236 ἐκ
1514 2202 1624 2243 θεοῦ,
1664 2199 1859 2247 ἀμήχανον
1890 2201 2111 2251 (impraegnat,
2153 2201 2213 2236 καὶ

1238 2252 1337 2289 midai
1341 2267 1358 2293 ς
1371 2255 1447 2291 τοῖς
1463 2250 1502 2287 δὲ
1520 2252 1665 2301 λέγουσι
1681 2251 1792 2287 πιστὰ
1808 2251 2005 2288 πείθεσθαι
2024 2251 2151 2287 ἐθέλει.

1338 2305 1528 2350 Postquam
1552 2305 1720 2338 exercitus
1744 2304 1868 2337 Xerxis
1892 2310 1987 2336 trans
2003 2302 2215 2347 Hellespon-

1238 2363 1311 2389 tum
1339 2358 1463 2390 ductus
1486 2362 1553 2396 est,
1587 2363 1710 2401 quarto
1737 2365 1871 2394 mense,
1897 2354 2060 2388 videlicet
2078 2354 2215 2388 circiter

1237 2414 1373 2451 tempus
1404 2404 1671 2451 Olympiorum,
1715 2405 1851 2439 circiter
1890 2410 2027 2448 tempus
2064 2404 2215 2438 Solstitii

1236 2458 1358 2491 aestivi
1376 2464 1567 2501 pugnatum
1583 2464 1633 2491 est
1650 2457 1771 2489 iisdem
1788 2455 1912 2487 diebus
1928 2455 1965 2488 in
1981 2452 2069 2488 mari
2085 2456 2128 2488 ad
2143 2454 2214 2488 Ar-

1236 2508 1411 2542 temisium
1433 2509 1470 2541 in
1491 2505 1690 2545 Thessalia,
1717 2517 1788 2539 non
1814 2506 1935 2549 procul
1959 2518 1977 2539 a
1995 2505 2153 2549 Pagasis,
2181 2512 2215 2539 et

1235 2559 1321 2593 alibi
1345 2560 1382 2592 in
1399 2566 1491 2593 terra
1515 2559 1552 2591 in
1569 2557 1744 2597 faucibus,
1772 2556 1832 2589 ubi
1850 2556 1964 2590 aditus
1990 2562 2039 2590 est
2056 2557 2099 2589 ad
2116 2554 2213 2589 Pho-

1235 2621 1372 2643 censem
1399 2610 1578 2653 regionem
1609 2620 1648 2641 ex
1674 2604 1873 2648 Thessalia,
1907 2619 2054 2653 quarum
2081 2619 2212 2640 nomen

1233 2667 1284 2695 est
1307 2673 1325 2695 a
1347 2660 1469 2694 calidis
1493 2658 1609 2704 aquis,
1639 2655 1909 2704 Thermopylae.
1958 2657 2082 2702 Pugna
2105 2668 2212 2692 nava—
