2324 2955
125 104 198 139 597
776 102 1035 138 PH1LIPP1
1070 101 1515 141 MELANTHOMS.

123 192 191 224 fide
207 201 286 224 cum
305 189 488 233 eriguntur
506 188 628 229 corda,
659 195 692 222 et
712 200 750 222 ex
769 189 893 223 dolore
919 189 1115 223 inferorum
1143 195 1146 207 ⁴
1169 195 1278 222 tuam.
1333 189 1383 224 Ita
1402 191 1512 225 sancti
1529 192 1697 227 accedunt
1717 193 1758 227 ad
1777 193 1910 234 Deum,
1937 207 2009 229 non
2035 196 2163 232 fiducia

122 239 366 281 retrahuntur,
394 239 488 274 filius
506 239 570 273 Dei
587 239 661 283 ipse
682 239 835 274 vivificat
853 242 969 281 corda,
996 240 1117 274 dicens
1144 235 1145 238 ¹
1169 251 1251 273 suae
1275 242 1465 283 novitatis,
1509 250 1568 276 aut
1601 243 1760 277 iusticiae
1788 246 1981 280 essentialis
2004 248 2041 280 in
2066 248 2162 292 ipsis,

123 290 214 326 hanc
256 291 533 326 consolationem
575 290 610 323 in
656 291 763 325 nobis
800 304 884 325 voce
920 290 1117 335 Evangelii,
1141 275 1144 320 l
1168 292 1226 324 sed
1248 291 1374 325 fiducia
1394 294 1598 328 mediatoris
1617 301 1648 328 et
1665 297 1872 337 sacerdotis,
1902 298 1961 342 qui
1979 306 2159 334 aeternum

2095 112 2168 149 598

122 343 312 378 ostendens
326 342 433 386 patris
451 341 752 383 misericordiam,
780 350 811 376 et
831 343 968 387 Spiritu
995 351 1114 377 sancto

122 395 316 428 accendens
340 392 509 426 laetitiam
534 393 812 437 acquiescentem
832 393 869 426 iu
888 392 981 436 Deo,
1009 394 1113 427 invo-

122 445 314 485 cationem,
340 444 567 478 dilectionem
584 443 651 477 Dei
669 451 703 478 et
727 445 815 477 alios
838 452 966 481 motus.

220 493 283 530 48.
318 493 547 541 Nequaquam
564 492 716 528 humana
735 496 948 538 cogitatione
965 500 1025 529 aut
1042 492 1110 528 hu-

118 545 233 578 manis
259 546 395 580 viribus
422 546 595 579 liberatur
612 543 718 579 homo
735 558 753 579 a
771 555 912 590 peccato
931 553 963 581 et
981 559 999 579 a
1016 557 1113 578 mor-

117 603 169 636 te,
195 598 255 630 sed
280 594 364 630 haec
391 596 554 631 liberatio
571 594 638 629 Dei
655 609 743 641 opus
764 605 834 638 est,
862 598 922 642 qui
941 609 1005 630 nos
1022 596 1112 629 reci-

116 647 168 692 pit
194 655 337 692 propter
358 648 490 686 filium,
525 653 558 680 et
576 659 639 691 per
662 660 741 681 eum
764 661 847 682 voce
865 647 1049 691 Evangelii
1076 654 1109 681 et

117 699 199 731 dato
210 698 350 743 Spiritu
367 705 487 732 sancto
506 710 570 731 nos
590 698 754 735 vivificat.
810 700 899 733 Tres
917 699 1010 733 enim
1028 710 1110 742 per-

116 760 220 783 sonas
237 749 274 782 in
291 747 356 783 hac
372 750 615 784 consolatione
631 750 763 784 intueri
782 762 846 783 nos
869 756 1025 794 oportet,
1056 749 1107 781 si—

115 806 173 833 cut
192 799 322 834 Paulus
339 800 457 846 inquit
477 802 507 836 1.
524 799 685 834 Corinth.
710 800 783 836 15.:
813 801 966 835 Aculeus
984 800 1108 834 mortis

115 858 294 895 peccatum
313 859 385 893 est,
415 852 569 896 potentia
588 853 718 896 peccati
738 854 790 887 lex
810 860 871 894 est,
902 852 973 885 Deo
991 858 1106 885 autem

114 902 246 945 gratia,
268 903 328 948 qui
347 904 407 938 dat
425 904 529 937 uobis
547 903 731 936 victoriam
757 916 820 947 per
836 903 1022 935 dominum
1043 915 1107 936 no-
1132 859 1136 940 l

116 959 227 986 strum
249 954 364 987 Iesum
381 953 577 988 Christum.
631 952 676 988 Et
694 961 786 988 recte
812 954 927 999 inquit
946 951 1106 987 Athana-

115 1004 203 1037 sius:
232 1004 533 1050 Quandocunque
556 1011 604 1038 est
627 1004 663 1037 in
692 1002 836 1038 homine
854 1005 1008 1049 Spiritus
1025 1016 1106 1038 san-

113 1061 207 1093 ctuS‚
243 1062 292 1090 est
318 1056 354 1089 in
381 1068 420 1089 eo
446 1068 508 1101 per
531 1057 701 1096 verbum,
745 1068 783 1090 ac
809 1058 852 1089 de
876 1068 1026 1101 persona
1055 1057 1106 1089 lo-

113 1113 244 1151 quitur.

216 1156 278 1192 49.
310 1157 349 1191 ln
370 1159 479 1191 verbo
496 1158 709 1191 iustificandi
730 1170 867 1191 necesse
887 1165 935 1191 est
955 1157 1105 1200 intelligi

114 1208 341 1250 relationem,
369 1210 500 1243 scilicet
519 1209 653 1242 absolvi
673 1222 690 1241 a
708 1210 874 1254 peccatis,
903 1220 961 1242 seu
981 1221 1104 1241 recon-

113 1259 227 1293 ciliari
252 1271 311 1294 seu
328 1259 404 1294 Deo
429 1268 608 1303 acceptum
633 1272 705 1293 esse
722 1262 763 1293 ad
784 1261 891 1294 vitam
911 1266 1103 1294 aeternam.

114 1309 173 1344 Sic
204 1310 298 1343 enim
332 1310 465 1343 Paulus
497 1310 670 1354 loquitur:
721 1310 902 1344 iustificati
940 1311 1008 1343 fide
1042 1322 1105 1354 pa·

114 1372 189 1394 cem
216 1358 389 1394 habemus
420 1361 511 1404 apud
540 1360 666 1395 Deum.
720 1360 806 1394 ltem
833 1360 938 1396 Rom.
960 1360 993 1394 5.
1023 1373 1103 1404 pro·

115 1412 248 1445 misene
287 1411 400 1445 utitur
439 1411 555 1444 verbis
594 1411 771 1445 iustificati
806 1418 839 1445 et
875 1412 1104 1451 reconciliati,

113 1461 291 1495 iustificati
306 1462 477 1506 sanguine
496 1461 618 1504 ipsius.
672 1460 777 1495 Item:
804 1462 1019 1495 reconciliati
1044 1473 1104 1494 su-

114 1523 192 1546 mus
209 1511 284 1546 Deo
308 1524 370 1556 per
396 1519 556 1546 mortem.
610 1509 657 1544 Et
677 1513 720 1543 de
738 1510 801 1544 hac
817 1512 1103 1545 reconciliatione

113 1570 294 1607 anguntur
327 1563 593 1607 perterrefactae
630 1569 783 1603 mentes,
825 1563 863 1595 in
893 1574 998 1596 sensu
1031 1563 1103 1595 irae

113 1614 201 1654 Dei,
233 1614 296 1648 ubi
325 1615 461 1648 etiamsi
478 1611 649 1647 haberent
666 1614 841 1647 iusticiam
869 1614 1102 1657 Angelorum,

114 1672 148 1698 et
173 1665 348 1698 nescirent
371 1677 406 1698 se
430 1666 555 1708 recipi,
591 1666 675 1710 quid
705 1666 765 1698 illa
791 1665 927 1699 iusticia
948 1666 995 1698 eis
1018 1677 1100 1709 pro·
1127 1685 1131 1727 ι

116 1715 251 1749 desset?
285 1714 368 1749 ldeo
390 1716 481 1749 edita
507 1724 555 1749 est
583 1728 647 1748 vox
663 1714 868 1760 Evangelii,
896 1717 933 1749 in
953 1729 1019 1762 qua
1039 1728 1102 1749 an—

117 1766 309 1800 nunciatur
338 1767 459 1811 gratia.
522 1766 567 1801 Et
595 1766 702 1801 Rom.
728 1766 761 1800 5.
785 1768 932 1801 dicitur:
977 1766 1101 1801 Gratia

115 1817 181 1852 Dei
199 1824 233 1851 et
249 1818 383 1852 donum
403 1830 463 1862 per
480 1819 638 1861 gratiam,
654 1831 742 1863 quae
763 1826 812 1852 est
829 1832 889 1863 per
907 1831 1018 1852 unum
1036 1816 1101 1851 lio·
1127 1835 1130 1858 χ

115 1869 247 1902 minem
274 1868 385 1902 lesum
412 1867 611 1909 Christum,
655 1870 691 1902 in
724 1871 854 1904 multos
887 1871 1102 1905 exuberaxit.

115 1918 216 1953 Hanc
242 1921 408 1964 gratiam,
437 1921 471 1953 id
499 1928 548 1954 est
572 1921 758 1964 gratuitam
778 1921 1101 1955 reconciliationem

116 1983 196 2004 cum
223 1971 289 2004 fide
313 1972 525 2016 accipimus,
555 1969 723 2005 habemus
742 1984 860 2016 pacem
880 1984 957 2015 erga
974 1971 1101 2010 Deum,

115 2022 150 2055 id
178 2028 246 2061 est,
283 2033 404 2056 sumus
429 2024 559 2068 accepti
583 2021 659 2056 Deo
690 2031 832 2068 propter
857 2024 1101 2061 mediatorem,

115 2073 222 2106 simul
246 2080 362 2107 autem
386 2075 563 2108 donamur
578 2086 640 2117 per
658 2074 767 2107 filium
786 2073 851 2108 Dei
868 2074 1005 2119 Spiritu
1022 2086 1104 2107 san-

116 2130 192 2164 cto,
220 2135 484 2168 regeneramur,
512 2126 731 2158 xivificamur
757 2133 789 2160 et
817 2126 988 2159 efficimur
1016 2133 1102 2159 tem-

114 2175 170 2220 pla
189 2175 267 2209 Dei.

139 2227 143 2231 “
220 2226 281 2262 50.
323 2225 440 2260 Etiam
469 2234 652 2272 postquam
677 2228 787 2261 renati
813 2239 952 2268 sumuS,
985 2234 1102 2261 tamen

119 2289 253 2320 semper
285 2279 421 2323 quaerit
451 2290 550 2311 mens
583 2280 761 2324 quomodo
788 2280 920 2324 placeat
946 2277 1040 2319 Deo,
1071 2285 1103 2312 et

120 2339 241 2361 omnes
266 2327 463 2374 Prophetae
488 2330 643 2364 sateutur
661 2342 695 2363 se
715 2342 786 2363 non
807 2331 942 2374 placere
961 2336 1103 2374 propter

121 2378 299 2422 propriam
323 2381 532 2419 novitatem,
561 2382 649 2414 sicut
671 2380 801 2414 Moises
827 2382 958 2428 inquit:
995 2381 1104 2414 Inuo-

119 2441 200 2462 cens
221 2442 292 2463 non
311 2438 361 2465 est
378 2432 546 2466 innocens
565 2445 681 2466 coram
698 2439 741 2467 te.
768 2430 812 2466 Et
826 2432 888 2466 lob
906 2434 951 2466 ait
968 2432 1104 2476 cap.9.:
1129 2466 1131 2476 ⁴

122 2479 211 2514 Vere
235 2482 324 2522 scio,
347 2484 440 2527 quod
469 2496 540 2517 non
558 2492 606 2518 est
627 2481 733 2516 homo
752 2484 862 2517 iustus
881 2496 998 2517 coram
1018 2483 1103 2517 Deo.

119 2529 166 2565 Et
190 2544 327 2566 rursus:
372 2532 495 2567 Timeo
522 2547 644 2568 omnes
671 2536 811 2568 dolores
837 2547 952 2574 meos,
993 2535 1104 2568 sciens

120 2584 214 2627 quud
242 2596 311 2617 non
341 2584 477 2618 iuvenis
502 2586 736 2620 innocentem.
792 2585 835 2620 Et
862 2585 994 2620 David:
1025 2585 1103 2619 Non

122 2634 370 2669 iustificabitur
404 2636 438 2668 in
474 2646 660 2681 conspectu
694 2646 754 2672 tuo
781 2639 896 2672 onmis
920 2638 1041 2670 vivens
1068 2638 1102 2670 in

121 2683 212 2718 Psal.
237 2685 284 2719 6.:
319 2686 463 2721 Salvum
490 2699 543 2721 me
570 2689 620 2722 sac
653 2698 796 2735 propter
827 2689 1104 2723 misericordiam
1129 2666 1132 2718 l

1139 335 1143 385 l
1166 349 1301 386 patrem
1319 355 1381 376 suo
1399 345 1568 377 sacrificio
1592 345 1762 388 placavit,
1789 355 1821 381 et
1847 349 1985 382 assidue
2013 362 2076 394 pro
2093 364 2160 385 no-

1166 393 1219 425 bis
1244 394 1466 438 interpellat,
1502 402 1534 429 et
1559 396 1685 429 clamat
1711 398 1753 430 ad
1788 405 1970 432 aeternnm
2004 408 2157 445 patrem:

1167 442 1322 478 Dilectio
1348 452 1406 479 tua
1433 458 1500 491 qua
1518 459 1573 479 me
1588 446 1705 490 diligis
1723 448 1764 480 sit
1784 448 1820 481 in
1838 450 1899 484 eis.
1953 449 2028 484 Hac
2044 452 2110 486 fide
2126 461 2158 488 et

1165 495 1328 540 deinceps
1345 499 1456 530 sancti
1473 504 1555 531 sunt
1572 497 1674 538 iusti,
1701 498 1735 530 id
1755 506 1823 537 est,
1851 497 2018 536 habentes
2034 505 2156 538 remis-

1165 546 1302 579 sionem
1316 571 1324 585 ,
1352 549 1483 592 accepti
1501 547 1576 581 Deo
1594 559 1653 581 seu
1675 548 1861 591 placentes.

1265 596 1325 631 51.
1369 598 1656 644 Quantacunque
1682 607 1731 632 est
1761 601 1917 641 novitas,
1954 603 2154 637 obedientia

1165 648 1369 682 mediatoris
1404 658 1436 684 et
1474 650 1695 689 intercessio,
1739 652 1964 686 anteferenda
1999 660 2048 687 est
2084 655 2155 688 illis

1162 700 1246 745 ipsis
1263 700 1463 734 actionibus
1480 701 1545 735 Dei
1566 698 1758 735 habitantis
1773 703 1810 735 in
1830 710 1873 737 te.

1263 750 1322 786 52.
1361 751 1432 785 Nec
1459 752 1645 785 turbemur
1669 753 1866 797 praestigiis
1883 752 2152 799 sophismatum,

1163 812 1240 834 cum
1264 802 1479 836 vociferatur
1504 800 1703 844 Osiander,
1739 805 1863 838 relatio
1890 803 1980 838 nihi]
2009 814 2057 841 est
2085 809 2152 840 nisi

1163 852 1348 895 cogitatio,
1383 861 1417 887 at
1442 854 1616 886 iusticiam
1645 861 1785 899 oportet
1810 869 1882 889 rem
1908 857 2062 902 aliquam
2081 871 2152 892 esse

1161 904 1199 935 in
1217 904 1333 938 nobis.
1388 904 1498 937 Plana
1517 912 1550 938 et
1570 906 1753 949 perspicua
1770 908 1951 952 responsio
1969 916 2038 949 est,
2067 907 2152 942 hor-

1161 954 1266 988 ribile
1284 961 1333 988 est
1349 955 1396 988 ita
1415 955 1520 988 abiici
1539 957 1684 998 gratiam
1703 955 1788 996 Dei,
1815 971 1903 1003 quae
1921 966 2013 993 certe
2029 968 2077 994 est
2097 974 2151 993 rc-

1162 1006 1266 1047 latio,
1310 1018 1375 1039 nec
1406 1007 1596 1039 dicendum
1626 1013 1676 1039 est
1709 1008 1916 1042 relationem
1945 1008 2036 1043 nihil
2067 1023 2150 1048 esse,

1160 1069 1239 1090 curn
1257 1057 1300 1090 sit
1317 1057 1506 1101 adplicatio
1523 1058 1746 1092 fundamenti
1764 1060 1806 1092 ad
1826 1060 2038 1101 terminum,
2066 1063 2148 1095 fun—

1159 1109 1364 1142 damentum
1375 1106 1480 1142 huius
1496 1109 1687 1153 imputatae
1705 1109 1861 1144 iusticiae
1880 1118 1941 1152 est,
1959 1112 2095 1146 iusticia
2112 1114 2149 1146 in

1160 1159 1231 1191 filio
1248 1157 1333 1200 Dei,
1362 1172 1451 1204 qnae
1478 1167 1526 1193 est
1551 1160 1640 1192 velle
1659 1161 1803 1194 obedire
1820 1163 1928 1206 patri,
1957 1170 1995 1196 ut
2014 1163 2145 1198 dictum

1160 1217 1207 1243 est
1226 1209 1316 1243 Psal.
1333 1210 1411 1245 40.:
1441 1210 1481 1243 In
1498 1223 1572 1255 cap.
1590 1212 1673 1244 libri
1690 1212 1858 1257 scriptum
1875 1220 1925 1247 est
1948 1215 1990 1247 de
2008 1227 2081 1256 me,
2110 1223 2148 1250 ut

1159 1261 1284 1295 faciam
1302 1262 1523 1295 voluntatem
1541 1269 1656 1303 tuam,
1684 1261 1778 1297 Deus
1802 1276 1901 1297 meus
1918 1265 2017 1306 volo,
2042 1273 2073 1299 et
2093 1266 2147 1299 lex

1159 1320 1216 1345 tua
1243 1312 1281 1344 in
1307 1312 1426 1346 medio
1451 1314 1568 1345 cordis
1590 1313 1670 1347 mei.
1724 1312 1771 1347 Et
1785 1313 1944 1348 Ebraeos
1962 1316 2035 1351 lO.:
2066 1316 2146 1360 Qua

1158 1363 1339 1396 voluntate
1361 1363 1568 1396 sanctificati
1594 1374 1714 1397 sumus
1740 1377 1802 1408 per
1826 1366 2042 1400 oblationem
2068 1380 2146 1401 cor-

1159 1413 1252 1455 poris
1268 1412 1345 1446 lesu
1363 1411 1493 1447 Christi
1514 1414 1631 1449 semel.
1685 1413 1835 1460 Propter
1859 1413 1949 1450 hanc
1973 1418 2036 1450 fitii
2061 1420 2145 1452 obe-

1158 1463 1348 1502 dientiam,
1378 1476 1456 1497 cum
1474 1463 1570 1497 Deus
1589 1465 1733 1499 remittit
1755 1467 1818 1500 tibi
1841 1476 1980 1511 peccata
1994 1496 2002 1509 ,
2028 1477 2059 1504 et
2078 1470 2146 1502 im—

1158 1520 1254 1557 putat
1277 1514 1470 1554 iusticiam,
1504 1516 1663 1548 remissio
1693 1523 1726 1550 et
1750 1516 1936 1561 imputatio
1965 1532 2037 1552 non
2062 1529 2146 1556 sunt

1129 1577 1131 1584 ·
1156 1564 1292 1597 ociosae
1321 1565 1611 1608 imaginationes,
1635 1567 1693 1599 sed
1719 1575 1801 1601 sunt
1819 1569 1891 1612 ipse
1908 1569 2007 1603 Deus
2023 1573 2146 1605 remit-

1156 1623 1230 1648 tens
1251 1622 1282 1649 et
1303 1615 1482 1659 imputans
1500 1624 1643 1661 propter
1658 1618 1790 1660 filium,
1817 1626 1855 1652 ut
1882 1621 2051 1665 scriptum
2077 1630 2144 1656 est:

1155 1666 1258 1699 Pater
1284 1679 1382 1700 meus
1407 1667 1527 1710 diliget
1558 1680 1628 1704 eOS.
1690 1667 1785 1703 Haec
1808 1671 2048 1706 misericordia
2077 1671 2143 1707 Dei

1155 1728 1234 1760 erga
1266 1729 1330 1750 nos
1355 1725 1500 1762 propter
1527 1719 1638 1752 filium
1667 1721 1857 1764 promissa,
1901 1723 1998 1766 prius
2033 1736 2144 1767 agno-

1155 1769 1282 1803 scenda
1303 1777 1365 1802 est.
1419 1769 1545 1803 Postea
1562 1770 1722 1816 sequitur
1741 1769 1806 1805 hoc
1824 1775 1916 1818 quod
1938 1773 2068 1808 Paulus
2087 1776 2141 1810 in-

1155 1820 1246 1865 quit:
1276 1818 1420 1854 Retecta
1441 1821 1528 1854 sacie
1543 1822 1736 1855 claritatem
1748 1822 1895 1857 Domini
1915 1827 2145 1870 speculantes,

1155 1871 1191 1904 in
1209 1872 1355 1904 eandem
1372 1872 1560 1916 imaginem
1582 1874 1874 1908 transformamur
1891 1888 1908 1909 a
1929 1877 2085 1911 claritate
2108 1878 2142 1910 in

1155 1923 1348 1956 claritatem
1376 1929 1544 1968 tanquam
1570 1936 1587 1956 a
1607 1924 1752 1958 Domini
1770 1925 1924 1970 Spiritu,
1953 1928 1986 1960 id
2008 1936 2076 1965 est,
2105 1937 2143 1962 ut

1128 2001 1130 2026 ἶ
1154 1973 1331 2006 israelitae
1357 1986 1430 2007 non
1455 1975 1611 2007 serebant
1638 1976 1808 2019 fulgorem
1832 1989 1990 2021 sparsum
2014 1991 2032 2012 a
2056 1980 2143 2013 facie

1156 2024 1283 2064 Moisi,
1310 2025 1358 2057 sic
1384 2031 1502 2058 nostra
1530 2027 1634 2058 corda
1658 2039 1729 2060 non
1756 2027 1872 2062 ferunt
1896 2029 1982 2062 iram
2000 2036 2031 2063 et
2051 2030 2144 2063 iudi-

1156 2076 1248 2108 cium
1268 2074 1357 2115 Det,
1384 2077 1443 2109 sed
1471 2089 1548 2110 cum
1577 2077 1817 2111 misericordia
1845 2081 1972 2113 donata
2000 2089 2143 2125 propter

1158 2127 1268 2160 lilium
1294 2128 1496 2170 agnoscitur
1521 2134 1553 2161 et
1577 2128 1644 2161 fide
1668 2127 1965 2173 apprehenditur,
1993 2132 2060 2164 iam
2078 2133 2143 2165 bo-

1159 2178 1248 2211 nitas
1264 2185 1296 2211 et
1312 2179 1506 2222 praesentia
1524 2179 1591 2212 Dei
1614 2180 1648 2212 iu
1668 2193 1704 2213 ea
1723 2181 1963 2215 consolatione
1981 2184 2142 2224 sentitur,

1157 2236 1189 2262 et
1206 2230 1509 2271 transformamur,
1533 2238 1571 2264 ut
1593 2230 1634 2263 sit
1654 2231 1688 2263 in
1707 2232 1808 2264 nobis
1827 2244 1905 2265 vera
1924 2234 2052 2268 noticia
2064 2233 2142 2275 Dei,

1158 2288 1189 2314 et
1208 2282 1305 2313 firma
1325 2282 1497 2319 adsensio,
1526 2281 1624 2326 quasi
1644 2282 1700 2314 lux
1718 2294 1735 2314 a
1752 2283 1858 2315 verbo
1879 2284 1913 2316 in
1932 2296 1996 2317 nos
2013 2297 2142 2328 sparsa,

1157 2339 1187 2365 et
1211 2333 1449 2365 accendantur
1472 2344 1534 2376 per
1547 2332 1719 2376 Spiritum
1735 2340 1893 2367 sanctum
1915 2336 2056 2369 dilectio
2076 2335 2140 2370 Dei

1158 2391 1188 2416 et
1215 2383 1344 2417 laetitia
1370 2384 1404 2415 in
1425 2382 1498 2416 Deo
1524 2383 1764 2427 acquiescens,
1792 2391 1823 2418 et
1840 2386 1900 2418 alii
1919 2387 2004 2420 tales
2025 2395 2140 2421 motus

1157 2435 1271 2479 qualis
1296 2441 1345 2468 est
1369 2435 1439 2478 ipse
1457 2434 1610 2478 Spiritus
1636 2442 1787 2470 sanctus,
1842 2435 1937 2471 Ilaec
1961 2451 2032 2471 non
2053 2439 2139 2472 fiunt

1158 2485 1223 2518 nisi
1252 2485 1404 2529 primum
1427 2482 1643 2528 adprehensa
1676 2487 1914 2523 misericordia
1945 2502 2006 2533 per
2029 2491 2141 2527 sidem,

1157 2548 1245 2582 quae
1262 2536 1386 2569 nititur
1403 2537 1594 2571 mediatore
1612 2536 1685 2570 Deo
1711 2545 1741 2571 et
1767 2536 1922 2576 homine.

1260 2585 1318 2620 53.
1354 2586 1452 2620 lianc
1479 2588 1675 2621 doctrinam
1701 2590 1744 2622 de
1769 2590 1839 2623 lilio
1861 2592 2052 2625 mediatore
2069 2592 2142 2624 vult

1159 2637 1252 2671 Deus
1277 2650 1400 2671 sonare
1427 2639 1461 2671 in
1488 2637 1641 2672 Ecclesia
1668 2651 1746 2679 sua,
1788 2649 1822 2675 et
1851 2644 1923 2676 vult
1951 2641 2141 2675 Ecclesiam

1162 2702 1259 2723 suam
1278 2690 1430 2723 discerni
1449 2702 1466 2722 a
1485 2691 1628 2724 caeteris
1647 2689 1868 2728 hominibus,
1896 2706 1932 2726 ac
1951 2693 2023 2725 vult
2049 2700 2143 2726 certo

1458 2738 1534 2775 38*
