2324 2955
183 94 251 129 751

424 85 631 124 SCRIPTA
661 86 735 121 ΡΠ.
763 83 878 118 MEL.
903 82 970 117 AD
999 81 1123 118 I-IIST.
1152 80 1294 118 PROF.
1321 80 1387 116 ET
1415 79 1604 118 PHILOS.
1631 81 1949 118 SPECTANTIA.

181 189 281 211 usum
304 187 377 208 esse
396 171 551 205 consiliis
570 166 750 209 Abrahae,
778 174 811 200 et
830 167 1024 201 doctrinam
1043 168 1086 201 de
1103 180 1162 201 ve-
1187 172 1189 177 “

1188 215 1345 251 ’ὅαυᾸ

182 240 220 260 ro
239 226 311 260 Dm)
341 222 479 267 populis
507 219 701 253 tradidisse.
753 217 835 251 Fuit
859 227 975 254 autem
999 219 1162 252 adiuncta

181 277 339 310 doctrina
360 274 402 304 de
421 270 573 303 motibus
589 269 807 303 coelestibus.

281 322 394 356 Filius
421 320 623 352 nominatus
654 327 702 353 est
733 314 1010 357 Bocchoris,
1045 318 1080 351 id
1104 325 1164 359 est,

180 372 436 420 primogenitus
454 370 518 404 vir.

283 422 420 455 Deinde
456 417 669 459 Busiris,
705 419 740 451 id
770 426 839 456 est,
882 417 1063 458 Munitor,
1102 418 1163 462 qui

181 474 330 507 maxima
350 484 452 515 opera
473 470 634 504 extruxit.
676 467 911 502 EtDiodorus
929 468 1068 502 Siculus
1079 469 1164 501 scri-
1188 482 1190 485 ·

182 525 252 561 bit,
281 534 360 555 eum
377 521 573 553 condidisse
592 517 733 551 Thebas
749 517 949 563 Aegyptias.
998 518 1083 552 Cum
1101 530 1163 551 au-

183 583 250 607 tem
270 573 438 606 celebrata
461 572 504 603 sit
523 569 697 602 Busiridis
716 570 921 609 crudelitas,
951 569 1012 612 qui
1036 569 1165 601 dicitur

184 630 349 656 mactasse
366 619 536 664 hospites,
561 626 834 652 consentaneum
855 626 914 660 est,
941 619 1069 651 famam
1086 632 1165 652 cru-

184 674 337 707 delitatis
354 679 465 704 ortam
486 682 556 703 esse
573 683 590 702 a
605 682 677 702 saex
690 670 766 706 icia,
795 682 898 714 quam
917 681 996 712 erga
1009 668 1166 702 Ebraeos
1190 672 1191 677 ¹

1011 718 1057 752 Et
1088 732 1165 751 cnm
1190 723 1192 748 Ξ

186 773 389 818 Pyramides
415 772 548 815 aliquas
575 770 825 809 construxerit,
860 770 980 802 labore
1010 768 1166 802 Ebraeo—
1190 787 1192 791 Α

186 723 354 762 exercuit,
390 722 518 754 necatis
551 721 708 763 ipsorum
743 720 949 753 infantibus.

1076 819 1165 852 Nau]

187 836 264 856 rum
298 828 512 855 constructas
543 832 614 852 esse
648 827 920 852 consentaneum
960 826 1020 854 est.

187 885 296 917 prope
315 872 485 915 oppidum
510 870 653 902 Busirin
672 877 753 903 sunt
772 877 840 903 tres
857 870 1060 915 Pyramides
1079 870 1167 902 cele·
1191 882 1193 898 ι

186 923 421 964 brutissimum,
462 933 610 965 quarum
647 920 784 953 Plinius
820 921 1034 953 mentionem
1066 920 1165 961 facit.

189 973 341 1017 Apparet
359 979 473 1005 autem
495 973 615 1003 eodem
635 970 780 1002 nomine
798 971 916 1014 plures
943 971 1048 1003 suisse
1071 981 1168 1013 reges

188 1023 378 1056 Busirides.

290 1073 410 1105 Postea
436 1071 502 1103 suit
530 1071 788 1111 interregnum,
824 1069 904 1111 quia
942 1069 1056 1101 deleto
1090 1080 1167 1109 rege

190 1124 226 1156 in
244 1123 331 1155 mari
352 1122 476 1160 rubro,
504 1133 581 1152 cum
601 1120 715 1152 educti
731 1125 811 1151 sunt
831 1118 1022 1155 israelitae,
1051 1118 1113 1150 diu
1131 1119 1167 1149 in
1220 1139 1364 1166 aymus,
1392 1128 1486 1158 unde
1504 1138 1632 1158 nomeu
1649 1132 1700 1158 est
1719 1125 1846 1158 Saccus
1864 1138 2063 1161 munerum·

191 1175 347 1218 Aegypto
368 1172 478 1203 varias
495 1170 681 1202 seditiones
698 1169 801 1201 fuisse
823 1169 990 1201 credibile
1005 1175 1066 1201 est.

290 1222 373 1254 Post
396 1220 594 1253 Busiridem
620 1219 825 1251 nominatur
857 1231 874 1251 a
900 1217 1057 1251 Diodoro
1090 1225 1168 1261 post

191 1274 334 1315 longum
362 1271 586 1303 intervallum
618 1281 678 1301 rex
703 1266 872 1308 listris,
906 1269 941 1301 id
973 1276 1041 1308 est,
1073 1281 1169 1301 acer-

192 1324 257 1355 bus
276 1322 329 1354 vel
347 1320 510 1355 crudelis.
561 1318 627 1351 Hic
647 1331 767 1351 rursus
790 1319 933 1351 detersit
949 1318 1022 1351 Nili
1040 1319 1168 1357 alveos,

193 1379 224 1406 et
248 1371 366 1405 eduxit
388 1371 501 1403 lacum
528 1369 668 1414 Myrin,
695 1376 728 1402 et
749 1369 956 1402 instauravit
978 1369 1169 1412 potentiam
1194 1382 1195 1388 ¹

193 1422 291 1464 regni
317 1420 493 1466 Aegyptii.
545 1419 627 1453 Ideo
652 1419 779 1453 clarior
802 1426 851 1452 est
868 1419 987 1452 multis
1011 1419 1089 1452 aliis
1113 1431 1169 1451 re-

193 1473 303 1516 gibus.

294 1522 376 1555 Post
394 1520 487 1554 hnnc
506 1521 591 1558 suit,
617 1527 772 1564 tempore
791 1519 970 1553 Samsonis
996 1526 1074 1552 ante
1093 1520 1170 1552 hel-

195 1635 328 1667 ponens
346 1628 538 1660 exactores,
564 1621 619 1652 vel
637 1621 810 1664 direptor,
837 1622 902 1653 sub
919 1633 987 1665 quo
1007 1620 1170 1665 Aegyptii

196 1673 293 1715 regni
316 1672 468 1716 potentia
487 1671 586 1703 valde
605 1671 722 1704 crevit.
775 1670 843 1702 Ilic
861 1671 952 1702 enim
974 1670 1100 1702 multas
1118 1670 1171 1700 vi-

198 1723 291 1755 cinas
315 1729 432 1765 gentes
457 1720 612 1759 domuit,
638 1726 671 1752 et
688 1720 755 1752 late
773 1720 809 1751 in
833 1716 915 1751 Asia
935 1719 1111 1760 regnavit,
1140 1725 1172 1751 et

198 1772 346 1814 navigiis
361 1771 522 1804 lustravit
539 1770 659 1810 maria,
686 1769 816 1801 insulas
834 1776 866 1802 et
882 1769 1020 1808 littora,
1046 1775 1085 1801 ut
1101 1775 1172 1800 ter-

199 1834 315 1855 rarum
339 1828 447 1854 metas
471 1820 664 1857 inveniret,
692 1831 839 1863 quarum
858 1819 1009 1861 cognitio
1031 1818 1172 1851 initium

198 1872 265 1905 suit
282 1872 460 1904 doctrinae
484 1867 799 1912 cosmograpliicae.
853 1868 973 1901 Fuisse
997 1881 1076 1901 eum
1093 1875 1172 1901 ante

198 1921 336 1955 Persica
358 1928 513 1964 tempora
535 1920 687 1953 ostendit
714 1919 866 1951 narratio
892 1920 934 1951 de
959 1918 1084 1959 Dario,
1111 1919 1172 1963 qui

200 1984 278 2004 cum
304 1971 407 2003 vellet
432 1982 527 2002 suam
550 1976 697 2002 statuam
720 1969 883 2001 collocari
910 1976 990 2001 ante
1006 1968 1174 2002 Sesostris

201 2028 365 2061 statuam,
392 2033 409 2053 a
426 2021 601 2053 sacerdote
621 2016 820 2063 prohibitus
846 2026 914 2059 est,
941 2019 1022 2063 quia
1040 2019 1174 2052 Darius

199 2073 358 2105 nondum
375 2070 651 2113 magnitudinem
671 2081 788 2102 rerum
811 2077 983 2112 gestarum
1007 2069 1175 2103 Sesostris

201 2128 385 2166 aequasset.
455 2120 555 2154 Hanc
587 2120 786 2153 libertatem
820 2120 1011 2153 sacerdotis
1045 2119 1174 2153 Darius

200 2172 366 2206 laudavit.

301 2222 385 2255 Post
411 2221 586 2259 Sesostrin
610 2220 758 2253 collocat
780 2219 961 2253 Diodorus
981 2220 1092 2253 filium
1116 2232 1174 2253 eo-

204 2271 280 2303 dem
298 2272 450 2306 nomine.
502 2270 702 2305 Herodotus
719 2271 879 2305 nominat
900 2267 992 2303 Phe
1005 2282 1174 2312 ronem,

204 2322 298 2364 quod
327 2322 483 2355 existimo
515 2332 700 2355 commune
730 2332 859 2354 nomen
883 2332 954 2355 esse
978 2318 1172 2354 Pharao.

204 2370 271 2404 Hic
288 2382 406 2404 coecus
422 2372 530 2405 sactus
545 2372 630 2405 vixit
649 2372 685 2404 in
700 2371 790 2405 ocio.

304 2420 387 2453 Post
403 2433 481 2453 eum
501 2422 658 2464 regnavit
682 2418 890 2463 Proteus,
916 2434 1018 2466 quem
1034 2421 1173 2455 Diodo-

206 2483 263 2504 rus
281 2470 439 2503 nominat
462 2467 619 2507 Cetem.
670 2469 842 2505 Existimo
859 2480 973 2506 autem
991 2484 1010 2506 a
1030 2471 1174 2506 Graecis

206 2520 328 2554 Protea
349 2521 568 2553 nominatum
598 2533 686 2562 esse,
723 2530 866 2566 propter
888 2523 1056 2566 magiam,
1091 2523 1173 2567 quia

206 2572 318 2604 varias
342 2570 542 2614 praestigias
570 2572 693 2604 effecit.
753 2570 810 2605 Ad
840 2571 934 2607 hunc
959 2574 1054 2608 venit
1075 2573 1174 2607 Paris

207 2633 282 2655 cum
316 2619 469 2662 Helena,
503 2627 536 2655 et
566 2621 692 2654 deinde
712 2621 905 2658 Menelaus
965 2623 1175 2669 Congruunt

2116 82 2190 118 752

1215 174 1329 200 autem
1363 164 1512 199 Troiani
1539 167 1623 200 belli
1654 173 1812 211 tempora
1845 169 1889 202 ad
1917 175 2073 212 tempora
2105 168 2195 210 regis

1316 267 1399 300 Post
1414 266 1578 300 Proteum
1597 268 1744 302 collocat
1760 267 1963 301 Herodotus
1977 265 2195 315 Rampsi-

1216 317 1315 349 nitu
1327 329 1382 360 m,
1412 318 1445 349 id
1469 324 1536 357 est,
1571 318 1679 350 altum
1704 327 1859 357 scutum,
1893 319 1958 352 sub
1982 330 2051 363 quo
2078 325 2196 352 narrat

1215 369 1348 401 furtum
1375 368 1530 410 insigne,
1559 374 1592 401 et
1614 368 1756 401 fratrem
1780 369 1884 410 furis,
1911 369 1966 402 cui
1999 381 2058 402 rex
2088 369 2195 401 filiam

1217 419 1312 451 dedit
1331 430 1474 450 uxorem
1494 425 1635 461 propter
1650 419 1826 451 astutiam.

1318 469 1458 501 Deinde
1481 465 1681 512 Cephas,
1708 469 1743 500 id
1761 476 1824 508 est,
1851 467 1970 509 Petra,
1997 470 2088 513 apud
2105 469 2198 502 Dio-

1217 520 1366 561 dorum,
1401 531 1462 551 seu
1490 514 1668 564 Clzeops
1699 520 1791 562 apud
1824 518 2060 559 Herodotum,
2096 520 2196 562 igna-

1216 581 1278 602 vus
1297 577 1329 602 et
1352 580 1495 607 avarus,
1524 570 1585 614 qui
1609 569 1711 602 etiam
1736 570 1841 602 filiam
1858 570 2038 613 prostituit
2055 576 2198 613 propter

1217 632 1413 662 pekssllnliim.

1319 670 1434 702 liuius
1460 669 1552 702 filins
1576 670 1643 703 suit
1673 665 1908 716 Cephrlm,
1941 669 1975 702 id
2011 676 2078 709 est,
2115 668 2199 709 Leo,

1218 720 1350 753 invisus
1370 721 1499 764 populo
1517 727 1699 765 propterea
1718 722 1811 765 quod
1838 721 1966 764 templa
1992 720 2119 754 multos
2136 732 2199 753 an-

1218 783 1281 803 nos
1302 771 1439 805 clausit.

1319 820 1403 854 Post
1438 819 1532 854 lmnc
1561 819 1766 852 nominatur
1800 816 2073 864 Bcherinus
2106 820 2199 863 apud

1219 870 1458 911 Herodotum,
1496 883 1557 903 seu
1579 867 1775 903 Cerinlts
1803 871 1895 913 apud
1921 870 2138 910 Diodorum,
2163 870 2199 902 id

1220 928 1281 958 est,
1300 920 1511 961 Ordinator‚
1540 921 1622 965 quia
1640 919 1696 953 hic
1714 920 1868 953 restituit
1886 920 2027 961 iudicia,
2052 920 2200 954 iustissi-

1220 984 1273 1003 me
1292 972 1478 1008 indicaxit,
1508 978 1539 1002 et
1557 978 1646 1003 recte
1665 970 1902 1003 iudicantibus
1921 971 2071 1014 praemia
2095 970 2202 1003 dedit.

1321 1029 1457 1061 Deinde
1475 1028 1706 1060 nominantur
1722 1024 1892 1071 Anysis
1910 1040 2043 1065 coecus,
2066 1034 2098 1060 et
2115 1026 2201 1059 Sa-

1219 1076 1381 1117 bacas,
1409 1078 1469 1121 qui
1489 1079 1627 1109 videtur
1647 1088 1718 1108 esse
1744 1075 1899 1115 Sesac,
1936 1078 1966 1109 3.
1985 1077 2122 1119 Regum
2145 1075 2201 1110 14.

1323 1181 1510 1225 Selleon,
1538 1184 1594 1217 cui
1618 1184 1749 1216 bellum
1776 1184 1939 1217 illaturus
1960 1182 2202 1217 Sennacherib

1192 1254 1194 1260 ι
1219 1234 1385 1280 Assyrius
1402 1247 1473 1267 non
1493 1234 1606 1278 potuit
1623 1234 1788 1278 progredi
1805 1234 1842 1266 in
1854 1233 2069 1279 Aegyptum,
2097 1236 2202 1268 amis-

1220 1298 1277 1318 mo
1298 1285 1450 1319 exercitu
1468 1285 1504 1317 in
1529 1284 1670 1318 Iudaea.

1323 1342 1380 1378 Ps
1392 1357 1502 1377 amm
1516 1341 1712 1385 stichus,
1747 1342 1861 1377 cuius·
1884 1351 2015 1387 patrem
2049 1345 2202 1379 Sabacus

1222 1397 1415 1436 occiderat,
1442 1407 1549 1438 regno
1576 1395 1707 1439 potitus
1733 1395 1943 1439 expugnavit
1960 1396 2090 1440 ⁴urbem
2110 1394 2202 1429 Azo-

1221 1454 1294 1480 tum
1314 1447 1351 1479 in
1371 1446 1484 1492 Syria.

1323 1501 1467 1538 Necos
1491 1503 1572 1536 vicit
1597 1501 1722 1535 Iosiam
1746 1514 1853 1546 prope
1877 1503 1998 1536 urbem
2015 1503 2202 1546 Mageddo.

197 1572 487 1612 lumrsmifflmm’
514 1571 605 1603 filius
621 1570 763 1603 Miridis
781 1567 1027 1607 Sesoslrls’
1056 1570 1090 1602 id
1111 1577 1171 1609 est,
1194 1563 1196 1586 τ
1222 1554 1423 1588 Herodotus
1450 1553 1609 1586 nominat
1628 1551 1852 1594 Magdalum‚
1877 1555 1971 1597 quod
1994 1555 2202 1595 generaliter

1221 1606 1347 1639 Arcem
1366 1604 1547 1646 significat.
1599 1602 1722 1635 Postea
1740 1602 1832 1634 idem
1848 1601 1960 1636 Meos
1978 1615 1995 1636 a
2013 1603 2201 1646 Nabogdo-

1222 1667 1328 1687 nosor
1348 1656 1458 1687 victus
1475 1659 1543 1693 est,
1569 1659 1609 1686 ut
1626 1651 1791 1685 Ieremias
1808 1660 1929 1686 narrat
1945 1654 2056 1697 capite
2073 1653 2133 1689 46.

1324 1709 1439 1743 Filius
1462 1707 1551 1741 Psa
1562 1721 1595 1741 m
1605 1721 1639 1740 m
1650 1708 1700 1742 is.

1324 1767 1462 1801 Deinde
1486 1768 1681 1812 Apryw,
1716 1777 1820 1810 quem
1850 1766 2012 1802 nominat
2039 1767 2202 1803 Ieremias

1224 1814 1429 1862 Ophrea‚
1457 1817 1568 1861 capite
1585 1817 1645 1851 44.
1696 1815 1865 1849 Sidonem
1883 1818 2031 1859 delevit,
2058 1826 2091 1853 et
2107 1818 2202 1853 lere-

1224 1869 1329 1901 miam
1361 1868 1546 1901 interfecit.
1605 1866 1728 1900 Postea
1762 1867 1806 1900 ab
1837 1866 1960 1901 Amasi
1999 1870 2108 1911 duce,
2141 1871 2201 1915 qui

1224 1918 1473 1964 Cyrenaicam‚
1507 1929 1596 1963 quae
1626 1918 1812 1958 defecerat,
1848 1919 2004 1962 pacavit,
2041 1927 2202 1964 strangu-

1225 1970 1315 2002 latus
1339 1976 1399 2003 est.

1325 2019 1394 2052 llic
1424 2025 1456 2052 et
1491 2018 1636 2051 nomina
1662 2028 1800 2060 regum,
1833 2024 1867 2051 et
1887 2031 2003 2053 rerum
2028 2027 2202 2063 gestarum

1226 2070 1442 2103 narrationes
1459 2069 1551 2113 apud
1566 2067 1788 2101 Herodotum
1804 2078 2003 2113 congruunt
2019 2083 2096 2104 cum
2110 2071 2202 2105 Iere-

1226 2121 1316 2153 miae
1342 2118 1506 2157 historia,
1542 2130 1650 2164 quare
1684 2124 1718 2151 et
1750 2125 1908 2163 tempora
1934 2121 2035 2154 facile
2061 2122 2200 2165 agnosci

1226 2177 1384 2215 possunt.
1439 2169 1591 2204 Gratum
1608 2175 1659 2202 est
1674 2175 1789 2202 autem
1809 2170 1945 2212 videre,
1972 2172 2033 2205 ubi
2049 2169 2200 2215 prophe-

1226 2222 1328 2255 ticam
1353 2219 1535 2254 historiam
1563 2219 1729 2253 continua
1752 2220 1839 2253 serie
1854 2220 2056 2255 Herodotus
2077 2233 2202 2266 sequa-

1225 2279 1291 2306 tor.
1344 2272 1459 2305 Simul
1481 2278 1513 2305 et
1536 2269 1602 2304 hoc
1625 2270 1797 2313 cernitur,
1826 2268 2065 2315 propheticam
2090 2270 2201 2307 histo-

1226 2323 1313 2355 riam
1335 2323 1437 2365 longe
1453 2322 1678 2356 vetustiorem
1695 2331 1766 2354 esse
1784 2319 1929 2355 Graeca.
1981 2320 2118 2355 Deinde
2139 2336 2199 2356 ve-

1225 2385 1264 2406 ro
1283 2373 1452 2407 Graecam
1478 2372 1752 2405 consentientem
1778 2370 2018 2406 testimonium
2035 2373 2200 2418 praebere

1224 2421 1448 2468 propheticae
1470 2421 1649 2457 historiae.
2035 2455 2037 2457 ,

1326 2473 1504 2507 Hactenus
1522 2486 1604 2507 vero
1623 2473 1665 2505 ad
1691 2468 1880 2506 Amasin
1902 2485 2012 2518 usque
2029 2475 2130 2508 ducta
2147 2482 2197 2509 est

1224 2524 1329 2557 series
1359 2523 1614 2570 Aegyptiorum
1645 2533 1780 2565 regum,
1813 2536 1922 2570 usque
1950 2526 1994 2557 ad
2022 2524 2196 2558 Persicam

1224 2573 1482 2615 monarchiam,
1516 2574 1598 2618 quia
1622 2570 1760 2606 Amasis
1791 2580 1946 2620 tempora
1972 2575 2134 2611 incidunt
2159 2576 2196 2609 in

1223 2623 1382 2659 Persicae
1399 2621 1622 2659 monarchiae
1639 2622 1751 2657 initia.
