2324 2955
89 133 160 168 157

88 217 186 250 liaris
208 216 284 249 fuit.
336 214 499 260 Denique
521 227 602 248 vere
626 213 692 248 hoc
714 216 796 248 dicti
824 221 952 258 potest,
988 214 1071 246 inde

86 279 198 312 usque
220 278 238 299 a
264 267 377 310 primo
396 265 630 299 Constantino
654 267 776 298 urbem
798 266 892 297 illam
910 265 1069 297 omnium

86 317 124 350 in
141 317 275 350 mundo
291 314 562 360 pulcherrimam
582 328 599 348 a
618 317 759 349 nomine
769 315 991 349 Constantini
1009 315 1070 347 ad-

86 368 271 411 pellatam,
306 366 413 399 fuisse
446 367 664 410 praecipuam
691 365 867 399 Ecclesiae
896 366 1012 398 sedem
1038 371 1071 397 et

85 418 243 451 omnium
261 416 501 449 doctrinarum
521 429 644 450 arcem.

186 466 282 499 Ilaec
315 478 355 499 eo
386 479 640 506 commemoro,
682 473 719 498 ut
751 466 859 506 magis
890 466 1070 499 doleamus

84 529 204 551 omnes
219 517 296 549 illas
309 524 446 559 gentes,
476 530 563 561 quae
572 514 793 549 Christianae
808 524 1070 560 nuncupantur,

84 574 218 601 tantum
235 568 340 600 decus
358 568 523 602 amisisse.

187 666 351 708 Legimus
380 673 494 699 autem
525 663 723 698 inchoatam
752 678 824 700 esse
846 668 1067 700 obsidionem

84 717 196 751 Nonis
214 716 364 759 Aprilis,
392 723 424 749 et
442 717 533 748 intra
552 717 711 757 moenia,
741 717 1067 760 praeterUrbanam

84 767 347 800 multitudinem
371 773 506 799 tantum
525 767 629 799 fuisse
646 779 701 799 sex
720 768 828 799 millia
848 767 1065 801 Graecorum

83 818 254 857 militum,
286 824 318 850 et
343 817 567 849 auxiliarium
597 816 813 850 Venetorum
839 825 869 851 et
897 817 1066 851 Genuen-

83 869 173 901 sium
189 867 254 901 tria
273 867 394 899 millia.

184 916 315 951 Contra
342 914 567 950 Mahometus
591 918 782 950 adduxerat
807 919 1065 963 quadringenta

82 967 195 1000 millia
213 965 416 1007 hominum,
443 980 531 1011 quae
551 968 738 1000 multitudo
756 969 906 1001 maxime
922 970 1066 1002 collecta

82 1018 149 1050 fuit
171 1030 209 1050 ex
233 1018 356 1050 vicinis
380 1018 563 1060 gentibus,
592 1030 679 1062 quae
700 1016 814 1051 adhuc
832 1019 1065 1052 nominaban-

82 1074 141 1101 tur
156 1065 395 1107 Christianae,
423 1080 462 1100 ex
479 1067 642 1109 Graecia,
668 1068 831 1113 Illyrico,
860 1068 1066 1109 WValacbizn

81 1116 277 1158 Dardanis,
304 1115 475 1158 Thracia,
502 1117 682 1161 Bulgaris‚
713 1118 894 1155 Triballis.

185 1167 296 1201 Turci
324 1169 425 1211 pauci
456 1169 618 1209 fuerunt,
654 1175 686 1202 et
713 1181 790 1212 pars
815 1171 882 1203 suit
907 1181 945 1203 ex
970 1168 1065 1209 Asia,

83 1215 246 1263 Bithyni,
275 1216 437 1258 Galatae,
462 1217 554 1263 Lydi
573 1217 752 1255 etCilices.
805 1219 863 1253 Sic
879 1221 1065 1254 nobiscum

81 1268 172 1301 bella
195 1275 320 1311 gerunt
335 1268 477 1302 Turcici
501 1270 660 1313 tyranni,
687 1276 725 1302 ut
750 1277 868 1312 gentes
888 1272 991 1304 nobis
1008 1283 1064 1304 co-

83 1324 221 1360 gnatas,
248 1319 431 1350 nobiscum
449 1319 614 1349 dimicare
632 1326 766 1358 cogant.

185 1368 243 1400 Sic
269 1374 383 1400 autem
408 1367 585 1399 distribuit
614 1367 747 1409 copias,
779 1374 818 1400 ut
843 1369 957 1401 tribus
981 1369 1066 1401 locis

84 1425 173 1450 terra
193 1427 311 1448 muros
328 1422 527 1448 concuteret
543 1423 576 1449 et
593 1417 767 1449 disiiceret
779 1443 787 1456 ,
815 1424 848 1449 et
869 1430 930 1460 per
945 1418 1066 1450 ruinas

83 1473 232 1500 tentaret
249 1465 474 1508 irruptiones.

183 1514 269 1549 Erat
286 1515 396 1548 virtus
413 1515 547 1558 egregia
568 1515 604 1547 in
623 1516 885 1554 defensoribus,
914 1529 1064 1560 quorum

82 1567 153 1600 dux
181 1573 253 1600 erat
279 1565 495 1599 Iustinianus
521 1564 739 1606 Genuensis,
776 1574 809 1600 et
832 1564 889 1599 bic
915 1567 1063 1599 multum

82 1627 165 1650 usus
191 1622 265 1650 erat
289 1627 394 1660 opera
416 1616 484 1648 viri
508 1616 626 1655 fortis,
653 1617 713 1661 qui
734 1617 938 1649 nominatur
956 1617 991 1648 in
1011 1615 1065 1648 lii-

83 1667 190 1701 storia
209 1664 383 1700 lohannes
402 1664 558 1699 Grandis
575 1666 766 1708 Almanus,
794 1674 826 1700 et
850 1667 986 1700 sortiter
1009 1679 1063 1699 re-

82 1717 260 1761 pellebant
278 1717 512 1760 irrumpentes
530 1717 673 1750 Turcas.

185 1766 396 1812 Quanquam
411 1773 527 1800 autern
541 1767 644 1800 multi
655 1767 796 1801 Turcici
812 1767 939 1801 milites
956 1768 1066 1800 inter-

82 1818 290 1852 ficiebantur
316 1817 428 1861 globis
454 1824 487 1850 et
511 1818 662 1860 sagittis,
696 1825 812 1852 tamen
836 1816 900 1850 liae
924 1819 1066 1860 exiguae

83 1868 202 1913 copiae
237 1868 328 1901 intra
361 1869 483 1901 urbem
514 1869 627 1901 tribus
651 1869 752 1907 locis,
787 1875 907 1902 contra
932 1876 1063 1902 tantam

82 1919 348 1952 multitudinem
365 1919 426 1951 diu
444 1919 600 1951 sufficere
614 1931 686 1952 non
701 1926 881 1963 poterant,
908 1931 1064 1962 praeser-

82 1970 145 2004 tim
170 1981 249 2002 cum
273 1969 440 2013 utrinque
465 1969 619 2002 cuniculi
642 1976 845 2012 agerentur,
873 1970 910 2002 iu
935 1971 1064 2014 quibus

82 2027 199 2054 tamen
215 2026 359 2052 conatus
369 2019 600 2053 Turcicorum
618 2020 790 2053 fossorum
811 2032 953 2064 prorsus
973 2021 1062 2053 irriti

82 2070 243 2109 suerunt,
270 2076 302 2103 et
321 2070 357 2101 in
377 2077 479 2113 portu
495 2071 631 2103 assidua
647 2071 776 2113 praelia
795 2072 928 2106 sterent.

184 2118 390 2153 Adduxerat
420 2120 512 2152 enim
535 2120 706 2154 Turcicus
736 2128 906 2167 tyrannus
939 2133 978 2153 ex
1008 2121 1062 2153 di-

81 2170 191 2204 versis
211 2170 391 2203 littoribus
414 2170 520 2203 maris
537 2168 643 2213 Aegei
668 2178 701 2204 et
716 2170 846 2205 Euxini
867 2173 1015 2204 ducenta
1032 2178 1064 2205 et

82 2220 338 2266 quinquaginta
364 2221 522 2263 navigia,
556 2227 594 2254 ut
620 2228 758 2265 portum
782 2222 941 2268 Byzantii
970 2222 1063 2255 obsi-

82 2272 197 2312 deret,
221 2277 255 2305 et
271 2271 389 2304 littora
407 2271 557 2304 navibus
575 2278 740 2316 tanquam
760 2280 867 2316 ponte
883 2274 1051 2315 iungeret.

182 2317 316 2355 Contra
340 2321 508 2355 Turcicas
532 2333 638 2355 naves
662 2323 796 2356 stabant
823 2325 859 2356 in
884 2331 986 2367 portu
1011 2335 1062 2356 se-

82 2378 175 2417 ptem
199 2383 304 2404 naves
331 2370 596 2410 Genuensium,
629 2379 699 2406 tres
722 2372 957 2407 Cretensium.
1018 2372 1062 2407 Et

81 2429 294 2456 accesserant
314 2422 452 2467 aliquae
477 2435 515 2456 ex
532 2421 641 2462 Chio,
669 2436 707 2456 ac
731 2431 850 2467 portus
870 2425 978 2458 ferrea
996 2424 1062 2457 Ca·-

82 2471 186 2506 thena
206 2473 344 2505 clausus
361 2480 453 2511 erat,
480 2485 524 2505 ne
544 2473 579 2505 in
598 2486 676 2506 eum
695 2481 875 2517 penetrare
894 2474 1062 2508 Tui-ricae

83 2534 187 2556 naves
210 2529 360 2566 possent.
412 2521 616 2567 Eruperunt
636 2531 749 2558 autem
767 2537 827 2569 per
845 2526 1060 2558 occasionem

84 2585 188 2613 nastes
211 2573 454 2613 defensorum,
489 2575 550 2618 qui
573 2582 605 2608 et
632 2576 769 2608 sortiter
795 2576 951 2618 praeliati
981 2582 1061 2608 sunt

82 2635 160 2656 cum
170 2622 307 2663 Turcis,
333 2630 363 2656 et
382 2624 565 2657 incendere.
580 2637 702 2658 eorum
719 2638 823 2659 naves
838 2627 950 2659 conati
970 2632 1061 2667 sunt,

83 2673 244 2718 stetitque
260 2673 394 2719 aliquot
411 2673 532 2707 diebus
550 2674 698 2710 Turcica
715 2677 832 2710 classis
849 2677 922 2710 sine
942 2688 1019 2713 usu.

538 129 695 165 DECL.
732 129 802 164 DE
837 126 1025 164 CAPTA
1060 126 1646 164 CONSTANTINOPOLI.

2034 128 2108 163 158

1227 213 1388 247 Tandem
1416 226 1471 246 ars
1497 214 1686 256 excogitata
1713 220 1781 253 est,
1817 224 1883 258 qua
1913 214 2109 256 penetravit

1123 265 1214 297 intra
1240 271 1393 308 portum.
1447 264 1548 297 Tunc
1570 277 1652 297 vero
1677 265 1835 308 undique
1861 270 1950 296 terra
1970 270 2001 296 et
2018 264 2106 296 mari

1122 316 1259 347 moenia
1285 315 1382 348 urbis
1408 316 1681 358 quassabantur,
1716 322 1749 348 et
1773 321 1942 359 tyrannus
1967 325 2106 357 sperare

1122 367 1254 409 coepit,
1279 376 1314 397 se
1343 365 1428 397 urbe
1450 366 1644 408 potiturum
1669 377 1750 400 esse.
1801 363 1962 408 Cumque
1985 364 2105 397 multis

1121 416 1207 448 locis
1232 415 1366 448 disiecti
1388 422 1499 448 essent
1520 416 1630 455 muri,
1659 423 1691 448 et
1709 427 1748 447 ex
1767 421 1872 457 portu
1889 414 2000 446 facilis
2017 421 2104 447 esset

1121 466 1291 510 irruptio,
1319 466 1374 497 die
1393 466 1555 498 vicesimo
1575 478 1670 498 nono
1689 464 1797 505 Maii,
1825 464 1952 504 Turci,
1980 465 2105 497 admo-

1122 517 1164 550 tis
1189 518 1231 549 ad
1259 516 1396 548 moenia
1423 516 1523 547 scalis
1549 523 1579 549 et
1600 528 1638 547 ex
1656 522 1759 558 portu
1776 521 1809 547 et
1823 515 1901 546 aliis
1915 514 2019 555 locis,
2047 515 2103 546 in-

1120 567 1212 610 genti
1229 567 1379 599 clamore
1400 566 1435 597 in
1454 567 1576 598 urbem
1596 566 1790 607 irrumpere
1808 571 1991 598 conantur.

1221 616 1296 650 Stat
1323 623 1494 660 spectator
1514 622 1683 661 tyrannus
1701 615 1737 646 in
1754 613 1870 646 vicino
1887 614 1992 653 colle,
2019 611 2104 646 hor-

1120 674 1213 701 tatur
1237 674 1274 700 ut
1298 667 1433 700 sortiter
1452 667 1641 698 ascendant
1668 665 1704 697 in
1727 675 1865 703 muros,
1892 663 2103 696 vociferatur

1120 717 1356 757 horribiliter,
1384 717 1431 749 sic
1456 717 1517 749 ubi
1543 716 1638 748 videt
1655 727 1735 748 suos
1754 714 1876 758 repelli
1895 720 1927 746 et
1946 713 2105 753 interfici,

1119 770 1301 803 confirmat
1319 768 1486 810 trepidos,

1219 818 1300 851 Fuit
1319 825 1433 850 autem
1454 823 1548 850 tanta
1566 816 1678 849 virtus
1696 816 1939 853 defensorum,
1966 821 2006 848 ut
2024 825 2103 857 pars

1118 868 1261 901 Turcici
1284 868 1473 908 exercitus,
1500 879 1578 900 cum
1604 867 1707 900 multi
1725 866 1761 898 in
1778 877 1817 898 eo
1835 865 1911 898 loco
1930 865 2103 898 interfecti

1117 926 1247 956 essent,
1274 920 1420 951 cederet.

1218 968 1287 1001 llic
1310 975 1342 1001 et
1365 968 1530 1001 victoriae
1552 978 1628 1010 spes
1646 967 1803 999 animum
1822 978 1860 999 ac
1879 966 1988 998 robur
2004 965 2102 997 addit

1120 1019 1203 1051 viris
1236 1019 1387 1052 fortibus
1418 1018 1725 1062 propugnantibus
1747 1017 1888 1056 urbem,
1924 1022 1956 1048 et
1982 1021 2103 1059 tyran-

1118 1082 1203 1103 num
1226 1070 1372 1113 periculi
1396 1069 1600 1111 magnitudo
1629 1067 1755 1107 movit,
1782 1073 1820 1099 ut
1843 1063 2007 1098 horribili
2022 1065 2103 1097 ulu-

1118 1121 1212 1160 latu,
1246 1120 1471 1152 minitaretur
1496 1118 1721 1157 cedentibus,
1749 1124 1781 1150 et
1806 1114 1988 1153 cohortes,
2016 1127 2101 1159 quas

1118 1171 1215 1203 velut
1245 1170 1382 1204 triarias
1406 1170 1498 1213 apud
1524 1180 1559 1202 se
1584 1168 1795 1209 retinuerat,
1829 1167 1967 1200 iuberet
1993 1165 2103 1198 inter-

1117 1221 1217 1254 ficere
1235 1221 1408 1253 cedentes.

1218 1269 1350 1304 Contra
1370 1270 1525 1302 Graecus
1540 1268 1730 1312 imperator
1751 1280 1768 1301 e
1790 1280 1850 1302 sua
1876 1267 2013 1311 specula
2033 1266 2103 1298 iam

1117 1322 1206 1352 bene
1236 1331 1396 1362 sperans,
1439 1317 1600 1351 hortatur
1629 1330 1729 1358 suos,
1767 1326 1805 1352 ut
1840 1330 1919 1350 cuin
1951 1317 2102 1349 ¹.·iderint

1118 1369 1285 1401 auxilium
1312 1368 1394 1407 Dei,
1433 1368 1525 1399 bona
1556 1379 1634 1399 cum
1667 1379 1725 1410 spe
1761 1368 1987 1410 praelientur.
2048 1365 2102 1397 lbi

1118 1430 1238 1450 rursus
1255 1430 1420 1450 conversa
1439 1424 1487 1450 est
1504 1418 1625 1459 praelii
1644 1418 1802 1457 fortuna,
1829 1418 2011 1449 vulnerato
2030 1414 2101 1448 Ge-

1118 1468 1241 1499 nuensi
1262 1467 1457 1499 Iustiniano
1482 1468 1588 1506 duce,
1613 1478 1715 1510 quem
1736 1464 1896 1500 bortatur
1912 1467 2102 1509 imperator

1118 1516 1343 1559 Paleologus,
1376 1528 1420 1547 ne
1445 1516 1554 1557 fugiat
1579 1528 1617 1547 ex
1641 1527 1700 1548 sua
1725 1517 1836 1555 turri,
1870 1528 1948 1548 cum
1972 1516 2101 1548 vulnus

1117 1578 1189 1598 non
1216 1566 1259 1599 sit
1284 1566 1401 1598 letale:
1430 1567 1489 1598 sed
1507 1565 1535 1597 is
1553 1565 1670 1607 potius
1687 1566 1806 1598 animo
1822 1566 1968 1604 fractus,
1996 1577 2101 1609 quam

1117 1617 1262 1649 vulnere
1293 1616 1497 1648 debilitatus
1528 1615 1633 1657 sugit,
1669 1627 1733 1648 nee
1763 1616 1870 1648 alium
1894 1616 2041 1648 collocat
2064 1615 2101 1646 in

1116 1668 1212 1699 illam
1228 1667 1414 1710 speculam,
1437 1666 1496 1710 qui
1513 1673 1664 1697 caeteros
1679 1666 1899 1699 confirmaret
1916 1672 1947 1698 et
1960 1672 2102 1707 regeret.

1220 1716 1261 1749 ln
1285 1730 1325 1749 eo
1344 1717 1420 1748 loco
1440 1717 1553 1757 sugam
1571 1716 1668 1748 ducis
1686 1728 1763 1748 cum
1783 1723 2011 1761 sequerentur
2028 1717 2101 1748 eins

1115 1767 1260 1807 milites,
1289 1767 1368 1811 quia
1388 1767 1436 1798 ibi
1453 1768 1506 1798 via
1524 1766 1591 1797 iam
1613 1766 1646 1797 in
1666 1767 1789 1799 urbem
1807 1767 1962 1810 patebat,
1990 1765 2100 1798 Turci

1117 1819 1273 1851 videntes
1296 1830 1374 1850 eum
1396 1818 1510 1850 locum
1531 1828 1548 1848 a
1565 1816 1808 1849 defensoribus
1825 1818 1999 1849 desertum
2019 1828 2102 1855 esse,

1116 1880 1241 1911 niagno
1260 1868 1399 1911 agmine
1418 1868 1465 1899 ibi
1484 1868 1574 1900 intra
1594 1868 1716 1899 urbem
1736 1867 1984 1900 infunduntur.
2030 1865 2101 1899 Fu-

1115 1920 1164 1961 git
1196 1926 1309 1952 autem
1345 1917 1561 1950 Iustinianus
1587 1918 1623 1948 in
1651 1917 1803 1950 xicinam
1828 1915 2100 1957 Clialcedonem,

1115 1982 1203 2014 quae
1235 1981 1330 2002 nunc
1364 1966 1488 2001 Galata
1523 1967 1744 2007 nominatur,
1784 1969 1879 2000 unde
1910 1973 2026 2010 postea
2061 1966 2098 1998 in

1115 2018 1244 2053 Chium
1267 2019 1455 2060 navigans,
1481 2030 1540 2051 seu
1564 2017 1709 2050 vulnere
1732 2028 1793 2050 seu
1810 2029 1969 2050 moerore
1988 2016 2098 2049 animi

1114 2077 1274 2103 mortuus
1292 2076 1355 2102 est,

1216 2119 1411 2163 Imperator
1426 2118 1632 2161 Paleologus
1656 2129 1734 2150 cum
1760 2116 1837 2149 aliis
1855 2115 1992 2157 multis,
2019 2129 2099 2150 cum

1115 2171 1206 2205 vitae
1230 2182 1305 2214 spes
1329 2171 1365 2202 in
1382 2171 1461 2212 suga
1478 2175 1584 2209 esset,
1611 2169 1638 2200 si
1659 2180 1698 2200 ex
1714 2168 1799 2200 urbe
1815 2166 2034 2208 effugissent,
2061 2168 2098 2199 in

1116 2223 1188 2266 ipsa
1216 2229 1314 2265 porta
1341 2221 1394 2253 vel
1418 2220 1610 2253 trucidatus
1623 2224 1689 2258 est,
1718 2218 1771 2250 vel
1787 2216 1970 2250 collisione
1987 2217 2099 2250 inter-

1115 2279 1262 2317 emptus.
1314 2271 1402 2305 Nam
1423 2271 1458 2303 in
1478 2277 1576 2313 porta
1595 2269 1793 2310 octingenta
1812 2267 1980 2300 cadavera
1998 2267 2099 2300 colli-

1114 2335 1232 2357 sorum
1252 2329 1284 2355 et
1302 2322 1566 2355 vulneratorum
1582 2326 1716 2362 reperta
1735 2323 1827 2351 sunt.

1216 2372 1375 2405 Victores
1387 2371 1494 2405 Turci
1512 2376 1682 2412 vagantur
1697 2380 1757 2411 per
1772 2374 1879 2401 totam
1897 2368 2038 2408 urbem,
2066 2375 2097 2401 et

1115 2424 1238 2457 obvios
1254 2430 1286 2456 et
1304 2423 1441 2455 abditos
1458 2422 1493 2453 in
1511 2420 1656 2452 aedibus
1673 2430 1782 2459 senes,
1809 2425 1998 2458 matronas,
2026 2432 2039 2449 x
2052 2418 2099 2450 ir-

1115 2476 1228 2517 gines‚
1256 2474 1403 2517 puberes
1422 2478 1454 2504 et
1476 2470 1674 2514 impuberes
1694 2469 1881 2502 trucidant.
1934 2467 2098 2512 Rapiun-

1114 2534 1170 2558 tur
1201 2525 1330 2557 multae
1354 2522 1488 2555 nobiles
1512 2527 1693 2554 matronae
1717 2526 1751 2552 et
1776 2519 1929 2560 virgines
1954 2520 1997 2551 ad
2024 2526 2095 2551 stu-

1115 2588 1194 2619 pra,
1223 2574 1382 2619 queritur
1407 2572 1534 2615 praeda
1559 2571 1595 2603 in
1614 2570 1773 2603 omnium
1793 2569 1939 2602 aedibus
1957 2575 1989 2601 ct
2010 2576 2095 2601 tein-

1114 2627 1198 2670 plis,
1225 2636 1328 2669 quani
1349 2624 1493 2655 iusserat
1508 2619 1732 2654 Mahometus
1750 2625 1847 2663 capta
1864 2619 1950 2651 urbe
1967 2618 2096 2650 milites

1114 2684 1243 2712 tenere.
1303 2673 1345 2707 ln
1373 2673 1511 2717 templis
1534 2672 1693 2717 picturae
1718 2667 1849 2706 Christi
1875 2667 2096 2702 contumeliis
