2324 2955
160 137 232 172 439

267 220 327 257 24.
377 218 440 257 Et,
474 225 513 251 ut
543 217 599 257 fit,
633 215 670 248 in
700 213 767 250 hoc
796 226 913 248 errore
939 213 1147 247 multisunt

165 283 298 306 errores
324 269 493 307 involuti,
521 278 608 312 quos
633 267 803 310 explicare
821 267 966 309 longum
986 270 1088 306 esset,
1116 271 1149 298 et

166 323 274 356 multa
291 321 409 353 dicunt
430 324 549 351 eontra
567 317 806 351 Dialecticarn.
933 359 937 362 ῃ

267 371 327 405 25.
370 369 462 401 Iline
487 369 661 413 sequitur,
689 370 783 413 quod
807 369 944 410 fingunt
966 363 1148 399 hominem

167 422 232 464 legi
251 420 317 454 Dei
332 420 526 454 satisfacere
542 430 641 463 posse
658 426 722 453 etc.
739 431 803 453 nec
819 420 861 452 de
878 418 945 451 fide
962 417 1150 462 quicquam

167 473 300 506 dicunt.

267 522 330 555 26.
365 520 483 564 Quare
507 519 699 564 simplicem
723 519 905 553 veritatem
930 518 1152 557 retineamus,

168 584 231 606 nec
256 583 481 617 quaeramus,
509 571 686 616 quomodo
708 581 908 604 excusemus
926 569 1077 603 aliorum
1097 580 1151 601 er-

168 630 255 657 rata.

271 673 332 707 27.
379 670 425 706 Et
457 669 653 716 Prophetae
685 679 720 706 et
748 669 911 715 Apostoli
942 675 1060 713 aperte
1090 681 1153 702 vo-

169 731 250 758 cant
274 730 474 767 peccatum,
503 729 646 756 naturae
669 722 908 756 infirmitatem
925 721 1098 766 reliquam
1116 719 1153 751 in

169 774 307 808 sanctis.

272 824 332 858 28.
372 821 417 856 Et
441 822 572 856 Paulus
603 823 769 856 discernit
798 824 890 857 inter
920 828 1098 866 peceatum
1123 827 1156 854 et

170 874 445 914 damnationem,
473 872 537 906 hoe
555 881 614 914 est,
639 874 730 908 inter
745 874 873 907 vicium
890 873 979 906 illud
996 883 1155 917 pugnans

171 937 248 958 cum
266 925 338 964 lege
354 922 438 964 Dei,
465 931 498 957 et
514 931 657 958 reatum.

917 121 1408 164 DISPUTATIONES

2105 127 2179 161 440

1199 210 1262 245 etsi
1293 208 1464 243 divinitus
1488 209 1590 243 nobis
1612 210 1773 244 attributi
1798 217 1898 251 sunt,
1929 217 1961 244 et
1985 211 2022 244 in
2046 211 2181 256 integra

1198 268 1324 295 natura
1347 257 1439 292 nihil
1456 257 1626 294 haberent
1640 261 1740 300 vicii,
1767 267 1885 294 tamen
1901 273 1919 294 a
1935 263 2182 306 eoncupiscen-

1198 312 1247 345 tia
1271 310 1575 352 contaminantur,
1598 317 1639 344 ut
1659 318 1798 345 maneat
1818 311 2028 346 universalis
2045 319 2184 346 senten-

1199 363 1262 396 tia:
1292 360 1422 395 Sensus
1439 361 1553 394 carnis
1570 373 1664 395 mors
1681 369 1741 396 est.

1304 420 1338 454 8.
1381 418 1712 465 Concupiscentiam
1742 431 1843 461 vero,
1878 432 1966 465 quae
1996 432 2057 465 per
2086 432 2122 454 se
2153 428 2187 454 et

1202 471 1407 515 simpliciter
1423 478 1603 515 peccatum
1620 477 1681 512 est,
1706 470 1750 503 de
1766 481 1834 514 qua
1849 471 2078 505 concionatur
2091 471 2187 505 Pau·

1195 523 1257 555 -lus
1280 520 1433 557 Roman.
1448 521 1483 557 7.
1513 522 1561 555 sic
1585 533 1667 557 vere
1691 521 1838 561 definio,
1872 518 1958 554 Esse
1980 519 2188 556 horribilem

1203 570 1376 613 ἀταξίαν,
1405 584 1466 606 seu
1484 573 1636 606 desectus
1653 578 1686 605 et
1702 572 1850 615 impetus
1867 571 1904 603 in
1920 572 2085 605 omnibus
2103 573 2189 605 viri-

1203 625 1270 657 bus
1293 621 1458 656 humanis
1481 630 1602 656 contra
1626 623 1736 666 legem
1762 621 1848 663 Dei,
1875 621 1963 655 sicut
1980 620 2111 656 Paulus
2133 623 2190 655 in-

1205 675 1297 719 quit:
1326 673 1456 707 Sensus
1478 674 1591 707 carnis
1610 673 1799 706 inimicicia
1817 679 1865 706 ets
1882 673 2048 706 adversus
2064 671 2192 707 Deum.

1207 725 1293 758 ltem
1310 725 1352 757 de
1369 725 1520 758 defectu:
1549 722 1686 757 Omnes
1703 730 1821 757 carent
1837 723 1948 767 gloria
1966 721 2041 757 Dei.

1309 783 1343 817 9.
1382 782 1477 816 Hinc
1507 789 1590 816 sunt
1617 782 1822 827 simpliciter
1844 789 1982 827 peccata
2004 782 2042 815 in
2065 783 2193 822 anima,

1207 834 1380 878 ignoratio
1398 833 1481 874 Dei,
1508 834 1694 874 dubitatio,
1720 839 1915 866 contemtus
1930 833 2052 866 iudicii
2069 834 2194 874 divini,

1179 883 1182 918 ἶ
1207 884 1353 919 audacia
1384 884 1420 916 in
1449 884 1620 927 fingendis
1645 876 1874 928 opinionibus
1896 890 1929 916 et
1951 883 2103 917 cultibus
2126 883 2193 918 Dei

1179 930 1183 978 ἰ
1208 941 1383 969 contemto
1402 935 1475 967 eius
1495 936 1622 975 verbo,
1649 934 1761 968 Amor
1780 934 1904 973 nostri,
1931 935 2107 977 superbia,
2131 946 2193 978 ap-

272 973 332 1009 29·
368 972 445 1007 EtSi
467 981 656 1007 autumnus
679 974 854 1019 plefiS‘IUe
878 981 980 1017 auget
1003 973 1157 1025 morbo&
1180 983 1183 1005 ἶ
1208 986 1329 1030 petitio
1352 985 1485 1027 gloriae
1501 992 1533 1019 et
1548 986 1768 1028 voluptatum
1785 985 1900 1018 omnis
1917 984 2073 1027 generis,
2094 996 2196 1018 men-

171 1033 289 1059 tamen
310 1031 401 1057 recte
427 1025 512 1057 dicit
529 1023 723 1065 Hesiodus,
752 1025 788 1056 in
814 1031 984 1058 autumno
1009 1035 1156 1068 corpora
1210 1036 1326 1075 dacia,
1354 1036 1531 1071 libfflines·

1180 1076 1184 1151 i
1208 1086 1260 1118 les
1276 1085 1392 1118 vitiosi
1411 1086 1447 1117 in
1464 1086 1584 1126 corde,
1608 1092 1645 1118 et
1658 1085 1824 1129 appetitio
1842 1085 2081 1129 voluptatum,
2106 1098 2195 1131 quae

1181 1155 1184 1181 l

170 1075 297 1108 melius
313 1075 433 1108 affecta
452 1086 538 1108 esse:

437 1131 514 1168 μετὰ
538 1130 571 1160 de*
594 1130 733 1169 τρέπεται
755 1129 884 1170 βρότεος
903 1128 988 1170 χρώς

340 1173 455 1203 πολλὸν
478 1169 692 1212 ἐὶ.α([ρᾶτερος.

1584 1035 1650 1068 His
1674 1035 1769 1069 vitiis
1789 1035 1949 1068 serviunt
1964 1041 2080 1068 motus
2096 1035 2195 1068 simi-

1209 1142 1258 1168 est
1282 1141 1398 1168 motus
1424 1135 1558 1175 cordis,
1592 1135 1751 1168 incendit
1773 1135 1958 1175 libidines,
1992 1135 2107 1169 irritat
2132 1147 2196 1178 gu-

1180 1185 1184 1220 l
1209 1185 1300 1224 lam,
1329 1192 1362 1218 et
1387 1185 1575 1219 conturbat
1598 1186 1759 1218 ordinem
1776 1185 1992 1219 naturalium
2009 1186 2197 1230 appetitio-

275 1224 334 1258 30.
374 1224 482 1258 Recte
511 1225 621 1266 illud,
657 1225 736 1266 plus
763 1221 887 1268 hyeme
907 1223 977 1257 cibi
999 1224 1156 1257 dandum
1181 1248 1184 1258 ,
1208 1247 1308 1269 num,

176 1287 246 1309 esse
261 1273 467 1308 hominibus
483 1273 538 1308 ἐπὶ
562 1272 691 1319 δ”ἆβρὶ
709 1271 750 1308 τὸ
766 1272 876 1308 πλεὸν
891 1274 960 1318 εἴη,
991 1281 1024 1307 et
1038 1281 1156 1307 tamen
1182 1273 1184 1310 ἓ

1314 1285 1372 1318 10.
1400 1283 1473 1317 Iam
1484 1292 1614 1329 quanta
1624 1285 1676 1318 vis
1687 1285 1731 1318 sit
1742 1286 2055 1329 concupiscentiae,
2079 1293 2198 1319 osten-

174 1327 266 1358 idem
290 1329 389 1369 Ρθῖΐῑῖ*
413 1325 544 1369 ῙΠἿΠΠ,
578 1325 690 1357 b0b⁰⁵
714 1331 798 1357 tunc
823 1325 1011 1358 dimidium
1036 1324 1158 1369 Pabun
1181 1333 1185 1376 l
1210 1336 1263 1369 dit
1278 1335 1349 1368 vita
1367 1333 1532 1375 humana,
1559 1335 1597 1367 in
1613 1347 1680 1380 qua
1698 1335 1857 1368 videmus
1875 1333 1939 1368 hos
1953 1335 2099 1369 affectus
2112 1347 2199 1369 con-

173 1382 311 1409 tantum
327 1376 482 1408 dandum
502 1386 585 1410 esse.

191 1482 274 1530 (ΙΙ.)
313 1483 417 1517 Alia
446 1481 730 1526 disputatio:
760 1480 804 1516 de
822 1484 1139 1527 concupiscentia.

176 1566 390 1604 Aristoteles
412 1571 504 1598 recte
524 1565 704 1598 constituit
726 1572 795 1598 tres
819 1567 946 1607 gradus
970 1567 1159 1611 appetitio-

177 1631 275 1653 num.

178 1677 210 1703 et
226 1664 416 1713 floriano-w.

279 1719 314 1752 2.
351 1715 414 1750 Est
435 1724 468 1750 et
490 1714 574 1749 haec
592 1716 718 1750 divisio
737 1729 835 1757 vera,
861 1723 931 1750 tres
948 1729 1019 1751 esse
1036 1725 1160 1762 poten-

179 1770 244 1804 tias
269 1774 485 1813 appetentes,
511 1768 725 1805 naturalem,
753 1768 954 1802 sensitivam
980 1776 1014 1802 et
1033 1770 1161 1802 volun-

177 1826 294 1854 tatem.

281 1870 314 1903 3.
350 1867 528 1902 Naturalis
550 1868 681 1912 appetit
703 1868 839 1910 cibum,
867 1876 989 1913 potum
1009 1876 1041 1903 et
1058 1881 1163 1913 gene-

179 1920 360 1955 rationem.

282 1969 315 2004 4.
351 1968 525 2003 Sensitiva
548 1976 598 2002 est
619 1969 816 2003 adfectuum
841 1971 970 2011 cordis,
999 1971 1081 2005 item
1102 1972 1163 2004 de-

182 2020 377 2056 lectationis
395 2026 427 2053 et
444 2019 575 2052 doloris
593 2019 629 2051 in
647 2026 758 2060 tactu,
787 2027 821 2054 et
837 2022 979 2054 caeteris
995 2022 1163 2055 sensibus,

283 2069 305 2105 5
340 2070 513 2103 Voluntas
535 2077 585 2104 est
608 2077 640 2103 et
665 2070 738 2114 ipsa
756 2071 914 2114 superior
931 2073 1087 2116 potentia
1103 2085 1164 2117 ap-

184 2130 320 2166 petens,
352 2133 440 2165 quae
469 2132 548 2153 cum
579 2120 623 2153 sit
652 2121 809 2162 infirma,
842 2123 978 2166 rapitur
1009 2124 1164 2157 motibus

186 2174 318 2213 cordis,
346 2171 409 2205 etsi
430 2171 532 2205 etiam
556 2168 662 2205 habet
682 2172 786 2205 aliam
805 2173 996 2214 actionem,
1021 2187 1089 2219 qua
1106 2187 1164 2207 eo-

185 2221 282 2256 hibet
299 2230 437 2256 externa
453 2222 621 2255 membra.

289 2273 320 2307 6.
356 2271 475 2305 Partes
497 2272 633 2305 animae
650 2278 732 2306 sunt
750 2279 924 2307 creaturae
940 2273 1025 2314 Dei,
1051 2282 1083 2308 et
1099 2275 1164 2307 ali-
1189 2300 1191 2304 .

187 2335 274 2369 quae
297 2334 415 2356 earum
439 2323 686 2366 appetitioneS,
711 2330 794 2357 sunt
815 2331 960 2357 naturae
978 2322 1163 2358 hominum
1188 2331 1190 2336 '

187 2374 356 2408 divinitus
373 2373 574 2413 attributae,
601 2385 688 2418 quae
705 2381 817 2407 essent
831 2387 885 2407 res
902 2376 1032 2416 bonae,
1055 2376 1083 2408 si
1101 2388 1164 2408 na-

187 2432 265 2459 tura
281 2431 367 2457 esset
384 2423 533 2465 integra,
560 2436 654 2457 nunc
670 2421 814 2457 haerent
830 2425 865 2457 in
880 2433 1004 2460 natura
1021 2426 1163 2459 mutila-

186 2482 240 2508 tae
264 2487 302 2508 ac
325 2474 510 2513 distortae,
545 2480 625 2506 sunt
647 2474 739 2506 enim
763 2476 874 2509 aversi
899 2483 1013 2510 motus
1034 2488 1052 2510 a
1078 2475 1164 2517 Deo,

186 2527 244 2559 sed
263 2525 495 2558 restituuntur
510 2524 545 2555 in
565 2525 834 2558 renascentibus.

287 2575 321 2608 7.
350 2574 484 2612 Fames,
503 2574 588 2613 sitis,
611 2575 776 2617 appetitio
789 2576 1033 2618 generationis,
1057 2588 1164 2621 στορ-

185 2621 428 2673 γαὶᾳυσικαί,
458 2624 606 2657 nemesis
623 2621 770 2664 heroica,
798 2627 1046 2669 misericordia,
1075 2628 1180 2668 velle,

185 2684 346 2722 oppetere
378 2682 524 2710 mortem
553 2686 617 2719 pro
648 2675 777 2717 patria,
811 2684 843 2710 et
875 2677 1004 2711 similes
1037 2685 1163 2720 motus,

1185 2712 1189 2722 t

1181 1381 1185 1433 l
1210 1385 1444 1430 cupiscentiae
1467 1396 1623 1428 regnare.
1675 1384 1855 1419 Historiae
1877 1386 2038 1419 omnium
2060 1393 2199 1430 tempo-

1182 1438 1185 1477 ἲ
1211 1448 1290 1469 rum
1300 1436 1535 1478 Tragoediae,
1559 1435 1744 1475 Poemata,
1772 1436 1923 1478 pingunt
1940 1437 2067 1468 mundi
2083 1437 2198 1469 idola—

1182 1481 1333 1529 }triam,
1375 1486 1626 1525 ambitionem,
1665 1485 1867 1529 perfidiam,
1905 1485 2107 1526 avaritiam,
2141 1486 2198 1518 in-

1182 1546 1186 1567 :
1211 1537 1318 1569 iustas
1338 1536 1477 1575 caedes,
1504 1535 1670 1567 libidines
1689 1541 1752 1570 etc.

1183 1584 1186 1607 t

326 1616 466 1650 Dividit
481 1615 573 1649 enim
590 1614 719 1661 ὀρέξεις
734 1616 769 1648 in
785 1614 1002 1661 ἕῖῑιθιχιιίαν,
1031 1615 1160 1662 θυμὸν
1183 1609 1185 1629 ¹

1315 1593 1373 1627 11.
1412 1591 1522 1637 Impie
1548 1598 1666 1625 errant
1683 1589 1880 1627 scholastici
1898 1591 2090 1637 Theologi,
2118 1605 2198 1627 eum

1184 1651 1185 1693 J
1211 1643 1469 1681 vociferantur,
1495 1643 1814 1687 concupiscentiam
1831 1655 1902 1676 non
1919 1655 1991 1677 esse
2005 1651 2197 1688 peccatum.

1316 1703 1373 1736 12.
1407 1700 1453 1735 Et
1471 1701 1643 1735 stolitidas
1661 1708 1732 1742 est,
1760 1703 1855 1746 quod
1873 1702 2011 1745 fingunt
2030 1705 2199 1748 concupi-

1214 1753 1380 1787 scentiam
1396 1759 1533 1786 tantum
1551 1763 1623 1785 esse
1639 1752 1675 1784 in
1692 1753 1859 1785 sensitivo
1877 1753 2045 1797 appetitu.

1186 1843 1187 1847 ,
1318 1812 1376 1845 15.
1422 1809 1471 1842 Hi
1508 1821 1642 1842 errores
1674 1810 1863 1843 obscurant
1891 1816 1924 1843 et
1956 1812 2199 1846 contaminant

1186 1857 1188 1876 ³
1214 1862 1412 1896 doctrinam
1433 1858 1609 1894 Ecclesiae
1641 1860 1889 1901 necessariam,
1919 1861 1963 1894 de
1993 1869 2134 1906 peccato
2167 1870 2199 1897 et

1186 1908 1189 1961 ζ
1215 1914 1258 1946 de
1275 1912 1397 1956 gratia.

1186 1963 1191 2023 ἶ
1319 1961 1376 1996 14.
1420 1960 1510 1995 Nam
1540 1968 1572 1995 et
1601 1963 1639 1995 in
1669 1960 1885 2006 poenitentia
1915 1973 2067 1996 crescere
2093 1964 2198 1998 debet

1215 2013 1347 2056 agnitio
1372 2019 1511 2046 nostrae
1534 2012 1766 2051 infirmitatis,
1794 2019 1826 2046 et
1843 2012 2040 2056 amplitudo
2058 2015 2200 2057 gratiae,

1216 2077 1255 2098 ac
1287 2063 1423 2097 iusticia
1446 2063 1526 2096 fidei
1552 2063 1700 2106 intelligi
1723 2075 1796 2096 non
1820 2070 1983 2107 possunt,
2015 2065 2197 2099 obscurata

1188 2116 1191 2130 ²
1215 2114 1399 2158 Evangelii
1415 2114 1573 2148 doctrina
1590 2115 1631 2147 de
1647 2114 1891 2158 magnitudine
1905 2115 2035 2159 peccati
2050 2123 2082 2149 et
2102 2127 2196 2148 mor-

1216 2167 1262 2200 bo
1282 2172 1412 2199 nostro.

1321 2222 1376 2258 15.
1413 2222 1531 2266 Quare
1548 2224 1712 2257 scelerate
1730 2223 1811 2258 facit
1823 2221 1969 2261 Eccius,
1998 2224 2057 2268 qui
2078 2236 2195 2258 veram

1216 2276 1422 2308 sententiam
1441 2275 1484 2307 de
1502 2272 1565 2308 hac
1580 2287 1617 2308 re
1634 2274 1824 2308 labefacere
1842 2281 2007 2314 conatur,
2034 2286 2142 2320 eaque
2160 2277 2196 2309 in

1216 2338 1252 2359 re
1275 2326 1402 2369 partim
1426 2325 1632 2359 scurrilibus
1656 2325 1825 2358 conviciis
1842 2324 1949 2364 ludit,
1977 2325 2104 2368 partim
2122 2338 2196 2359 rna-

1215 2376 1377 2409 nifestam
1411 2373 1675 2421 sycophantiam
1700 2381 1851 2415 exercet,
1886 2375 2083 2419 depravans
2106 2385 2196 2411 recte

1216 2427 1318 2461 dicta.

1319 2476 1375 2510 16.
1424 2475 1505 2509 Non
1535 2482 1586 2509 est
1616 2475 1876 2508 extenuandum
1907 2472 1973 2509 hoc
2004 2483 2195 2521 peccatum,

1215 2528 1306 2572 quod
1324 2528 1500 2567 videmus,
1526 2532 1694 2571 quantum
1707 2523 1781 2558 Deo
1799 2525 1997 2570 displiceat,
2019 2539 2096 2560 cum
2112 2540 2195 2572 pro-

1215 2585 1291 2621 pter
1314 2578 1350 2610 id
1374 2577 1480 2610 morti
1505 2583 1538 2610 et
1560 2581 1612 2609 tot
1635 2574 1836 2617 ingentibus
1854 2576 2107 2612 calamitatibus
2125 2576 2193 2612 hu-

1214 2640 1356 2661 manum
1387 2637 1496 2670 genus
1523 2625 1726 2665 subiecerit,
1756 2639 1905 2673 cumque
1932 2639 2005 2661 non
2030 2629 2106 2662 tolli
2131 2641 2193 2672 po-

1214 2678 1338 2718 tuerit,
1365 2677 1431 2710 nisi
1449 2689 1510 2721 per
1526 2676 1635 2709 filium
1651 2674 1728 2709 Dei.

1188 2223 1192 2285 a

1187 2311 1191 2413 ἱ
