2324 2955
106 113 176 148 601

106 201 171 233 bus
186 209 223 231 se
238 195 491 236 communicet,
518 200 551 228 et
567 193 606 227 in
624 193 754 238 quibus
770 205 832 229 sua
848 195 907 228 lux
918 219 928 234 ,
957 193 1097 238 sapien-

105 250 154 286 tia
179 255 214 283 et
236 247 373 282 iusticia
391 247 547 290 fulgeant
571 245 647 278 sine
673 244 751 280 fine.

207 299 243 334 5.
288 297 361 332 Has
388 296 637 343 patefactiones
670 296 747 331 vult
775 295 963 341 praecipue
986 295 1096 340 aspici

106 351 201 387 Deus
226 356 261 384 et
285 349 401 383 audiri
427 359 527 382 suam
553 359 696 388 vocem,
724 347 823 382 iuxta
842 348 951 381 dicta:
979 345 1095 381 Deum

106 414 209 436 nemo
227 400 315 434 vidit
332 411 509 444 unquam,
537 398 743 442 unigenitus
770 399 863 432 filius
876 425 885 439 ,
912 398 973 444 qui
991 405 1042 432 est
1057 398 1095 430 in

106 454 185 488 sinu
210 450 338 496 patriS,
364 450 438 494 ipse
462 450 651 484 enarravit.
708 448 814 483 Item:
849 449 1094 493 Lucernafpe-

105 504 209 538 dibus
226 502 312 535 meis
331 502 478 535 verbum
493 508 604 537 tuum.
641 498 746 534 Item:
774 499 965 547 Postquam
977 500 1093 535 Deum

103 556 140 588 in
163 552 333 598 sapientia
359 565 433 586 non
459 553 560 586 novit
584 552 742 585 mundus
776 563 838 595 per
869 552 1093 597 sapientiam,

105 605 238 650 placuit
251 602 328 638 Deo
347 615 410 649 per
425 604 567 639 stultam
585 602 883 647 praedicationem
908 603 1023 636 salvos
1039 602 1092 635 fa-

103 668 181 691 cere
198 656 390 690 credentes.

208 706 244 742 4.
280 706 401 751 ltaque
416 716 461 738 ne
477 710 589 738 totum
608 715 718 747 genus
736 702 933 743 humanum
950 704 1091 748 periret,

103 758 232 792 missus
246 763 297 791 est
313 756 406 789 filius
421 755 501 794 Dei,
529 754 590 800 qui
610 756 703 790 edita
720 756 953 800 promissione
970 753 1092 788 Evan-

104 809 188 853 gelii
208 808 325 843 statim
347 814 425 851 post
449 807 586 850 lapsum
610 807 701 851 cepit
718 807 882 850 colligere
898 805 1090 840 Ecclesiam

102 871 214 894 suam.
267 856 314 892 Et
330 856 422 892 hanc
439 858 602 901 deinceps
619 858 829 892 mirabiliter
845 858 937 891 inter
953 857 1092 891 Diabo-

102 910 220 945 lorum
245 916 278 944 et
302 907 491 943 hominum
514 909 671 949 furores,
698 916 730 942 et
748 909 841 942 inter
858 909 1090 953 imperiorum

101 961 294 1003 tumultus,
319 960 488 1001 servavit,
514 965 547 993 et
563 970 665 1003 saepe
687 966 902 993 attenuatam
927 959 1091 1000 restituit,

102 1019 136 1047 et
157 1012 312 1046 servabit
335 1012 373 1044 in
400 1009 463 1044 hac
480 1009 622 1043 mortali
636 1010 724 1048 vita,
753 1011 865 1043 donec
884 1011 1088 1044 universam

100 1070 180 1109 post
201 1062 502 1096 resuscitationem
528 1073 568 1094 ex
591 1068 707 1095 morte
734 1062 917 1095 collectam
945 1062 1088 1095 ornabit

100 1121 242 1149 aeterna
258 1113 389 1158 gloria,
416 1114 561 1147 tradens
575 1123 723 1154 regnum
742 1113 820 1146 Deo
838 1113 948 1156 patri,
976 1113 1010 1146 id
1029 1119 1089 1151 est,

101 1177 175 1200 non
198 1165 268 1198 iam
294 1176 445 1209 regnans
472 1163 781 1208 perministerium
798 1161 1002 1206 Evangelii,
1029 1165 1087 1196 sed

101 1228 219 1250 coram
244 1217 434 1250 ostendens
459 1222 611 1260 patrem,
636 1214 699 1259 qui
725 1214 929 1249 immediate
946 1215 1090 1258 conspi-

103 1267 238 1308 cietur,
263 1274 299 1302 et
319 1266 387 1301 erit
410 1265 530 1300 omnia
554 1264 592 1297 in
613 1265 798 1304 omnibus,
824 1265 859 1298 id
880 1272 947 1307 est,
974 1265 1092 1298 vivifi-

102 1317 197 1351 cabit
221 1329 280 1351 eos
303 1323 445 1350 aeterna
469 1316 560 1356 vita,
585 1322 619 1348 et
638 1316 786 1350 donabit
803 1316 852 1349 eis
870 1316 1006 1355 lucem,
1034 1328 1090 1350 sa-

102 1367 290 1412 pientiam,
315 1367 510 1407 iusticiam‚
537 1376 628 1411 quae
646 1366 713 1400 erit
734 1366 810 1401 sine
836 1373 987 1410 peccato.

204 1415 241 1453 5.
276 1417 367 1453 Cum
393 1425 510 1451 autem
532 1418 576 1450 de
592 1414 772 1457 Ecclesia,
797 1429 887 1461 quae
912 1417 1092 1459 colligitur

100 1470 139 1503 in
163 1467 229 1502 hac
255 1469 344 1512 vita,
380 1468 581 1513 loquimur,
622 1479 696 1500 non
718 1467 955 1510 imaginamur
977 1468 1089 1500 ideam

100 1519 338 1558 Platonicam,
372 1520 433 1552 sed
455 1518 682 1551 nominamus
705 1515 921 1558 Ecclesiam,
947 1530 1035 1562 quae
1058 1525 1092 1551 et

100 1570 260 1614 exaudiri
276 1576 390 1615 potest
409 1569 447 1602 in
467 1580 593 1613 genere
609 1565 785 1609 humano,
812 1574 846 1601 et
862 1568 1031 1612 conspici,
1058 1576 1091 1602 et

100 1620 254 1656 discerni
274 1621 319 1655 ab
339 1620 506 1655 omnibus
522 1619 601 1652 aliis
617 1619 781 1662 gentibus
799 1626 832 1652 et
846 1619 965 1660 sectis,
993 1619 1088 1654 iuxta

101 1672 252 1707 dictum:
281 1670 322 1704 ln
339 1683 480 1705 omnem
497 1677 626 1704 terram
643 1670 749 1704 exivit
773 1682 881 1703 sonus
898 1682 1035 1704 eorum.

205 1723 240 1758 6-
273 1719 444 1756 Exaudiri
464 1728 496 1755 et
512 1721 667 1764 conspici
684 1720 841 1755 Ecclesia
866 1722 983 1766 potuit
1005 1731 1089 1756 tunc

102 1785 262 1820 quoque,
289 1785 369 1807 cum
384 1772 551 1817 dissipata
568 1780 602 1806 et
617 1772 740 1816 exigua
756 1779 862 1813 esset,
890 1780 923 1807 et
945 1785 1017 1806 non
1036 1784 1090 1806 es-

99 1831 152 1860 set
174 1824 324 1869 imperio
348 1824 515 1858 distincta
532 1835 550 1856 a
566 1823 709 1857 caeteris
735 1823 918 1867 gentibus,
944 1831 981 1858 ut
1009 1836 1087 1857 cum

101 1872 302 1917 Abraham,
330 1874 443 1916 Isaac,
472 1874 575 1914 lacob
593 1883 806 1917 vagarentur
831 1875 866 1907 in
893 1875 1029 1916 exiliis,
1057 1882 1089 1908 et

101 1933 220 1972 postea
237 1939 316 1960 cum
336 1925 458 1960 Iudaei
475 1925 636 1965 dissipati
651 1926 833 1959 exularent
856 1926 892 1959 in
911 1923 1088 1959 Chaldaea

99 1984 134 2012 et
150 1976 291 2019 Persia,
318 1978 401 2012 item
420 1990 499 2011 cum
518 1977 554 2010 in
571 1977 643 2021 ipsa
663 1976 789 2010 ludaea
808 1984 995 2020 regnarent
1020 1977 1088 2010 im—

99 2028 149 2074 pii
165 2027 372 2063 Sacerdotes
393 2036 425 2062 et
449 2026 642 2062 Pharisaei.
692 2026 806 2062 Erant
831 2028 926 2061 enim
950 2028 1090 2073 aliquae

100 2079 273 2125 reliquiae
301 2092 381 2113 vera
410 2078 586 2119 Ecclesia,
622 2086 660 2112 ut
685 2077 891 2118 Zacharias,
931 2078 1088 2119 Simeon,

102 2128 247 2174 loseph,
274 2129 479 2169 Elisabeth,
508 2129 644 2171 Maria,
674 2142 775 2163 soror
793 2130 930 2164 Mariae
944 2129 1088 2171 Banna,

100 2189 133 2217 et
156 2181 219 2216 alii
250 2182 373 2224 multi,
416 2182 478 2228 qui
510 2179 637 2215 horum
668 2181 866 2216 doctrinam
898 2181 1084 2226 amplecte-

97 2233 241 2268 bantur.

201 2283 239 2320 ⁷.
262 2281 327 2318 Est
344 2284 453 2328 igitur
466 2281 625 2318 Ecclesia
651 2282 801 2316 visibilis
826 2291 946 2318 coetus
964 2284 1088 2317 visibi-

102 2333 146 2367 lis
161 2334 447 2378 amplectentium
465 2332 699 2378 Evangelium
716 2334 792 2367 sine
810 2335 1030 2379 corruptelis,
1055 2341 1088 2369 et

101 2391 195 2419 recte
219 2386 394 2420 utentium
421 2385 676 2425 Sacramentis,
711 2385 747 2418 in
774 2398 845 2431 quo
869 2393 970 2420 coetu
994 2385 1089 2420 filius

101 2435 172 2470 Dei
186 2442 281 2470 certo
298 2437 417 2471 efficax
433 2444 484 2471 est
499 2449 562 2482 per
576 2436 812 2470 ministerium
829 2435 1034 2481 Evangelii,
1056 2444 1089 2471 et

101 2486 233 2521 multos
256 2488 301 2521 ad
326 2488 434 2522 vitam
459 2495 637 2522 aeternam
669 2495 869 2531 regenerat,
913 2495 947 2522 et
972 2495 1088 2522 tamen

101 2544 183 2572 sunt
207 2537 244 2571 in
267 2551 308 2572 eo
334 2545 436 2572 coetu
451 2539 557 2574 simul
572 2540 609 2573 in
627 2536 692 2573 hac
710 2539 778 2574 vita
796 2539 901 2573 multi
917 2552 989 2573 non
1007 2551 1088 2572 san—

101 2588 166 2633 cti,
191 2589 251 2622 sed
270 2590 314 2623 de
328 2590 490 2624 doctrina
504 2591 774 2625 consentientes.

205 2640 238 2674 8.
277 2639 395 2675 Huius
432 2641 581 2676 visibilis
609 2639 787 2676 Ecclesiae
821 2642 980 2675 membra
1013 2641 1088 2675 fieri

101 2697 243 2737 oportet
268 2692 305 2726 in
330 2689 394 2727 hac
419 2692 489 2726 vita
505 2703 629 2727 omnes
646 2693 793 2735 electos,
821 2693 914 2728 iuxta
933 2693 1086 2728 dictum:

738 105 1486 143 PH1L1PP1MELANTHONIS.

2068 108 2141 144 602

1150 191 1253 235 Quos
1270 194 1393 238 elegit,
1421 191 1484 227 hos
1506 200 1537 228 et
1562 192 1708 226 vocavit.
1761 190 1809 227 Et
1826 194 2031 226 mandatum
2051 193 2143 226 divi-

1149 256 1235 277 num
1263 252 1329 284 est,
1357 252 1395 279 ut
1421 256 1456 278 se
1481 256 1602 278 omnes
1626 242 1789 277 homines
1812 245 1854 277 ad
1884 256 2001 277 veram
2018 242 2142 277 Eccle-

1148 295 1234 328 siam
1269 297 1484 339 adiungam,
1527 297 1620 329 iuxta
1646 293 1729 328 haec
1755 295 1865 336 dicta,
1900 294 2039 328 Psalmo
2064 294 2141 329 26.:

1148 345 1269 380 Unum
1294 346 1360 381 hoc
1379 347 1464 392 petii
1483 359 1500 379 a
1519 347 1698 386 Domino,
1721 343 1788 379 hoc
1802 346 2001 391 requiram,
2028 354 2065 380 ut
2084 347 2142 379 in·

1147 395 1303 431 habitem
1328 399 1366 431 in
1394 400 1501 431 domo
1527 398 1677 431 Domini
1701 397 1869 430 omnibus
1899 397 2023 430 diebus
2048 397 2141 430 vitae

1146 461 1262 489 meae,
1290 457 1329 484 ut
1347 450 1484 482 videam
1511 450 1728 482 voluntatem
1746 448 1919 485 Domini,
1949 455 1981 481 et
2000 449 2140 482 visitem

1146 500 1318 544 templum
1351 501 1436 535 eius.
1490 498 1536 534 Et
1562 499 1690 533 Psalm.
1715 498 1796 533 25.:
1838 496 1914 531 Odi
1943 496 2136 531 Ecclesiam

1145 551 1429 594 malignantium,
1457 558 1489 585 et
1507 549 1722 593 cumimpiis
1738 561 1810 581 non
1829 550 1973 582 sedebo.
2004 549 2132 583 Psalm.

1145 602 1220 636 83.:
1263 602 1363 637 Beati
1396 603 1456 648 qui
1488 600 1649 635 habitant
1682 600 1719 633 in
1752 601 1858 633 domo
1887 606 1945 633 tua
1970 598 2133 634 Domine.

1144 652 1272 686 Psalm.
1292 654 1392 688 102:
1422 653 1574 687 Plantati
1598 652 1636 685 in
1661 652 1766 684 domo
1784 649 1951 691 Domini,
1980 651 2016 682 in
2036 650 2134 684 atriis

1144 706 1269 738 domus
1286 704 1351 738 Dei
1368 705 1480 738 nostri
1497 703 1687 736 florebunt.

1242 757 1278 790 9.
1317 756 1366 791 Ut
1390 756 1498 798 igitur
1522 754 1714 797 adiungere
1737 764 1772 786 se
1795 752 1926 795 singuli
1951 754 1995 785 ad
2012 763 2132 784 veram

1142 805 1338 840 Ecclesiam
1363 807 1515 851 possint,
1542 806 1640 848 signa
1667 803 1902 837 discernentia
1924 815 1999 836 eam
2018 815 2035 835 a
2055 815 2131 835 cae-

1143 858 1225 890 teris
1241 859 1528 898 considerentur,
1551 868 1641 902 quae
1656 862 1757 895 sunt,
1784 866 1852 888 vox
1871 852 2058 897 Evangelii
2075 854 2130 886 in-

1142 915 1324 952 corrupta,
1346 909 1524 952 legitimus
1540 919 1622 941 usus
1639 906 1968 945 sacramentorum,
1996 912 2028 938 et
2046 905 2131 938 obe-

1141 959 1274 993 dientia
1292 959 1416 1004 populi
1431 970 1510 1001 erga
1528 957 1765 990 ministerium
1776 954 1974 999 Evangelii,
2001 957 2044 989 de
2062 966 2131 1000 qua

1143 1010 1272 1044 Paulus
1289 1011 1423 1054 inquit:
1451 1009 1531 1043 Non
1552 1009 1621 1042 sint
1638 1008 1731 1042 inter
1749 1018 1810 1040 vos
1826 1005 2025 1042 schismata.

1245 1062 1302 1097 10.
1335 1061 1407 1095 Nec
1434 1062 1563 1104 pendet
1577 1057 1734 1093 Ecclesia
1754 1070 1773 1091 a
1796 1057 2016 1091 successione
2031 1057 2129 1089 ordi-

1115 1119 1117 1138 ῐ
1142 1112 1240 1146 naria
1254 1111 1512 1156 Episcoporum
1526 1139 1535 1153 ,
1559 1112 1618 1144 sed
1636 1120 1775 1143 necesse
1789 1115 1842 1142 est
1858 1109 2012 1151 regulam
2030 1115 2130 1141 tene-

1143 1164 1189 1196 ri:
1215 1163 1253 1198 Si
1271 1164 1349 1208 quis
1366 1164 1462 1196 aliud
1479 1161 1714 1205 Evangelium
1732 1162 1846 1200 docet,
1873 1157 2059 1193 anathema
2076 1159 2129 1194 sit.

1141 1213 1303 1259 Cumque
1328 1215 1552 1248 manifestum
1577 1214 1638 1253 sit,
1679 1210 1886 1246 Romanum
1912 1208 2129 1255 Episcopum

1142 1272 1176 1300 et
1193 1263 1390 1310 Episcopos
1409 1277 1488 1299 cum
1509 1277 1548 1298 eo
1565 1264 1774 1297 coniunctos
1798 1262 2026 1306 pertinaciter
2046 1273 2129 1305 pro-

1143 1328 1298 1361 pugnare
1321 1317 1414 1350 idola
1443 1323 1476 1348 et
1502 1315 1648 1359 impiam
1670 1314 1887 1352 doctrinam,
1912 1319 1945 1345 et
1969 1313 2011 1345 ad
2039 1310 2129 1345 hanc

1144 1367 1373 1410 pertinaciam
1396 1367 1526 1399 addere
1549 1365 1752 1405 saevitiam,
1784 1374 1924 1396 necesse
1949 1371 1999 1397 est
2016 1365 2060 1397 ab
2080 1363 2129 1396 eis

1142 1418 1329 1452 dissentire
1347 1425 1380 1451 et
1397 1418 1582 1450 ostendere
1603 1427 1720 1448 veram
1744 1414 2012 1449 confessionem.

1246 1469 1305 1502 11.
1332 1467 1404 1501 Nec
1423 1467 1620 1500 similitudo
1644 1467 1796 1505 rituum,
1822 1465 1883 1509 qui
1902 1465 1945 1498 ab
1969 1462 2127 1498 homini-

1142 1519 1207 1552 bus
1223 1518 1377 1551 instituti
1395 1525 1495 1558 sunt,
1521 1518 1564 1550 ad
1583 1517 1755 1550 unitatem
1770 1513 1948 1548 Ecclesiae
1967 1526 2128 1548 necessa-

1142 1569 1192 1602 ria
1209 1576 1278 1608 est,
1306 1569 1405 1603 iuxta
1420 1569 1553 1602 dictum
1575 1569 1618 1601 ad
1636 1566 1773 1601 Colos.:
1809 1565 1925 1599 Nemo
1943 1577 2004 1599 vos
2031 1565 2126 1598 iudi-

1141 1626 1194 1654 cet
1210 1620 1247 1652 in
1269 1620 1348 1653 cibo
1367 1626 1427 1653 aut
1446 1626 1551 1664 potu,
1576 1625 1637 1652 aut
1655 1625 1753 1662 parte
1769 1617 1839 1650 diei
1856 1617 1933 1650 sesti
1949 1624 2014 1651 etc.

1244 1672 1301 1706 12.
1332 1670 1427 1704 Haec
1445 1677 1514 1703 tota
1533 1670 1694 1704 doctrina
1717 1670 1760 1702 de
1777 1666 1933 1702 Ecclesia
1949 1679 2049 1712 saepe
2069 1680 2128 1700 co-

1140 1721 1282 1764 gitanda
1299 1729 1360 1763 est,
1385 1721 1589 1767 praesertim
1607 1733 1685 1754 cum
1704 1720 1958 1753 confessionem
1976 1719 2012 1751 in
2033 1729 2127 1764 sym·

1142 1773 1222 1806 bolo
1257 1785 1376 1807 coram
1412 1772 1486 1807 Deo
1522 1779 1555 1806 et
1590 1784 1708 1805 coram
1732 1769 1890 1804 Ecclesia
1923 1771 2125 1803 recitamus:

1140 1825 1254 1859 Credo
1279 1836 1352 1858 esse
1377 1831 1532 1857 sanctam
1557 1821 1752 1856 Ecclesiam
1779 1819 2008 1861 catholicam,
2044 1832 2127 1854 san—

1140 1882 1277 1909 ctorum
1294 1875 1595 1909 communionem.
1648 1872 1717 1906 Hie
1741 1872 1936 1906 consolatio
1957 1879 2128 1906 teneatur,

1140 1927 1235 1970 quod
1261 1932 1394 1959 certum
1420 1934 1469 1960 est
1495 1936 1568 1958 esse
1591 1931 1623 1958 et
1647 1924 1778 1958 servari
1794 1921 1988 1957 Ecclesiam
2015 1935 2032 1955 a
2052 1922 2124 1954 filio

1141 1977 1228 2017 Dei,
1255 1983 1288 2010 et
1314 1977 1474 2010 doctrina
1499 1975 1762 2015 consideretur,
1789 1986 1878 2019 quae
1894 1974 1937 2007 sit
1957 1972 2126 2006 Ecclesia.

1140 2036 1172 2062 et
1197 2028 1481 2072 circumspiciant
1507 2033 1639 2060 mentes
1662 2032 1767 2071 atque
1790 2024 1883 2058 oculi
1910 2025 1970 2057 ubi
1998 2024 2059 2064 sit,
2087 2031 2125 2058 ut

1139 2087 1171 2113 te
1189 2091 1264 2112 eam
1283 2079 1454 2122 adiungas
1473 2077 1692 2112 confessione
1715 2083 1747 2110 et
1764 2076 1990 2110 invocatione
2003 2103 2011 2115 ,
2037 2075 2125 2108 sicut

1138 2131 1269 2164 dicitur
1301 2130 1337 2163 in
1363 2129 1505 2163 Psalmo
1532 2127 1631 2165 149.:
1670 2127 1763 2162 Laus
1799 2127 1874 2161 eius
1907 2127 1943 2160 in
1970 2125 2126 2160 Ecclesia

1136 2188 1351 2218 sanctorum.

1238 2231 1363 2266 Edidit
1382 2230 1644 2265 Stenkeseldius
1659 2229 1785 2273 scripta
1797 2256 1806 2269 ,
1832 2229 1868 2261 in
1886 2229 2016 2274 quihus
2031 2235 2126 2262 atro-

1139 2283 1277 2318 cissime
1302 2289 1442 2317 accusat
1467 2289 1498 2315 et
1528 2281 1713 2326 papisticus
1733 2286 1870 2319 coetus,
1897 2286 1930 2313 et
1950 2277 2124 2313 Ecclesias

1139 2342 1296 2375 nostras,
1323 2341 1356 2369 et
1380 2347 1459 2367 cum
1488 2333 1561 2377 ipse
1586 2332 1681 2366 velut
1701 2338 1810 2364 tectus
1830 2331 1902 2364 orci
1922 2331 2017 2373 galea
2042 2328 2126 2363 haec

1139 2387 1219 2420 edat
1236 2386 1390 2425 latitans,
1418 2384 1553 2417 nullam
1570 2389 1742 2416 monstrat
1757 2379 1962 2421 Ecclesiam,
1989 2389 2021 2415 et
2041 2382 2126 2415 falsa

1139 2439 1302 2481 dogmata
1322 2435 1611 2470 comminiscitur,
1666 2434 1753 2467 Cum
1779 2440 1895 2467 autem
1913 2433 2042 2466 alicubi
2061 2431 2125 2466 ho-

1139 2489 1252 2522 mines
1277 2489 1326 2533 pii
1349 2488 1540 2522 turbentur
1562 2486 1637 2519 eius
1661 2484 1878 2531 praestigiis,
1911 2496 2051 2518 necesse
2074 2491 2122 2517 est

1138 2541 1347 2574 confirmare
1365 2539 1439 2582 pios
1459 2538 1493 2570 in
1510 2535 1676 2570 Ecclesiis
1694 2544 1785 2570 recte
1804 2536 1992 2573 institutis,
2021 2543 2050 2568 et
2071 2548 2124 2568 rc-

1138 2592 1250 2625 futare
1268 2590 1341 2623 eius
1360 2601 1506 2624 errores.

1242 2640 1297 2676 14.
1345 2640 1392 2675 [Τί
1410 2641 1437 2673 si
1465 2640 1545 2685 quis
1569 2639 1634 2673 reti
1662 2645 1785 2673 ventos
1807 2637 1930 2672 venari
1966 2644 2124 2674 conetur,

1139 2693 1185 2727 ita
1205 2692 1240 2726 fit
1257 2693 1293 2726 in
1311 2691 1506 2726 refutandis
1522 2688 1709 2735 Sophistis.
1761 2690 1908 2734 Semper
1926 2688 2126 2724 inveniunt,
