2324 2955
193 125 262 160 183

194 209 288 243 lmuc
314 209 426 253 ipsum
451 203 739 239 commentarium
772 202 808 234 in
839 201 1003 234 manibus
1036 200 1173 233 discen-

494 260 633 287 censent
658 265 736 285 eum
761 252 909 285 subinde
934 248 1097 283 Scbolam
1119 262 1173 282 re-

548 304 651 337 Decet
670 310 784 336 autem
803 302 994 346 discipulos
1010 312 1173 332 reveren-

195 262 282 294 tium
306 258 453 295 versari,

195 312 388 343 vocandum
410 317 493 338 esse.

195 370 246 394 ter
281 356 439 400 amplecti
472 362 733 398 praeceptorum
767 353 913 393 iudicia,
952 359 983 384 et
1014 357 1173 390 statuere,
1200 376 1201 380 ,

193 420 312 452 graves
328 408 406 439 illos
423 406 475 438 sui
493 405 630 438 consilii
648 415 766 437 causas
781 401 921 443 babere,
947 413 1054 446 quare
1071 402 1173 445 quid-

194 472 259 505 que
294 458 467 491 iuventuti
510 456 649 499 publice
691 461 907 498 proponant,
949 452 1083 484 etiamsi
1119 463 1174 483 eas

193 522 310 544 causas
337 520 397 552 per
420 514 565 539 aetatem
593 506 786 550 perspicere
811 505 875 548 ipsi
901 504 1059 536 nondum
1094 512 1173 545 pos-

192 569 284 595 sunt.
338 559 502 602 Spectant
521 564 636 590 autem
654 556 837 599 praecipue
854 553 920 587 hoc
938 558 1174 597 praeceptores

193 611 324 651 nostri,
352 617 390 642 ut
408 608 570 641 iuventus
587 614 678 639 certo
695 606 830 645 ordine,
859 612 889 638 et
906 604 1003 649 quasi
1022 615 1082 647 per
1096 613 1173 645 gra—

192 665 256 695 dus
274 662 316 693 ab
334 659 561 693 inferioribus
579 659 711 690 artibus
732 658 772 689 ad
791 663 952 697 cognatas
968 662 1000 687 et
1017 653 1175 696 superio-

193 725 246 746 res
266 713 486 748 traducatur,
514 715 545 741 et
567 720 624 740 eos
648 708 833 751 praecipue
854 706 1011 745 libellos,
1041 703 1101 748 qui
1119 715 1174 735 ar-

193 765 280 796 timn
306 764 427 795 breves
455 760 622 804 quasdam
646 766 679 791 et
706 758 860 790 eruditas
886 766 1039 788 summas
1062 754 1175 786 conti-

523 809 651 841 Yident
668 809 760 841 enim
780 820 853 840 eam
872 806 992 839 aetatis
1011 804 1175 838 iuvenilis

977 863 1014 889 ut
1040 855 1174 888 etiamsi

192 821 288 853 nent,
316 813 464 845 evolvat.

193 863 468 896 imbecillitatem
495 867 527 893 et
555 859 825 892 inconstantiam
848 869 936 897 esse,

192 914 370 947 admonita
391 914 433 944 de
449 911 592 949 ordine,
618 910 720 942 utiles
747 910 855 948 libros
882 909 993 950 legere
1020 905 1175 948 incipiat,

191 973 307 998 tamen
332 975 410 995 mox
430 962 555 993 oborto
574 961 707 1000 taedio,
728 966 788 992 aut
805 959 923 991 oblato
942 957 1010 989 alio
1035 957 1175 998 scripto,

192 1016 286 1060 quod
304 1013 410 1056 magis
436 1012 564 1050 allicit,
591 1012 749 1043 nondum
776 1010 944 1052 perlectos
968 1008 1047 1040 illos
1073 1006 1175 1038 libel-

191 1067 261 1105 los,
290 1064 349 1109 qui
365 1064 493 1096 artium
514 1073 664 1093 summas
682 1067 715 1093 et
732 1058 916 1092 methodos
930 1059 1086 1097 tradunt,
1113 1057 1174 1088 ab-

192 1116 303 1155 iiciat,
331 1120 432 1158 atque
450 1113 495 1145 ita
512 1124 590 1144 cum
608 1111 792 1154 dispendio
813 1109 979 1153 temporis
996 1115 1027 1141 et
1051 1107 1175 1149 exiguo

191 1168 307 1199 sructu
339 1171 482 1206 vagetur
512 1174 573 1204 per
605 1162 721 1194 varios
748 1161 952 1203 scriptores,
985 1166 1017 1191 et
1036 1158 1173 1190 nullum

191 1216 411 1249 familiariter
445 1220 477 1246 et
507 1213 638 1254 integre
667 1218 869 1255 pernoscat,
906 1222 993 1254 quae
1017 1207 1174 1240 discendi

192 1267 281 1300 ratio
301 1278 378 1298 cum
405 1263 698 1308 perniciosissima
714 1262 776 1300 sit,
805 1268 895 1293 recte
913 1259 1095 1292 consulere
1111 1269 1176 1289 no-

191 1318 245 1349 bis
269 1322 508 1359 praeceptores
533 1312 755 1345 existimandi
781 1317 879 1349 sunt,
920 1321 997 1341 cum
1032 1306 1096 1339 hac
1118 1319 1175 1338 ra-

190 1367 286 1400 tione
320 1365 491 1397 discentes
524 1363 560 1394 in
593 1368 767 1394 certorum
793 1360 1002 1401 scriptorum
1027 1356 1176 1388 lectione

192 1417 372 1450 continere
399 1415 561 1453 student,
598 1412 724 1456 quibus
751 1423 815 1443 nos
848 1410 945 1441 decet
976 1412 1176 1440 reverenter

192 1468 445 1509 obtemperare.

293 1516 341 1550 Ut
365 1522 480 1548 autem
500 1511 607 1545 buius
630 1509 742 1543 libelli
765 1507 921 1540 Pliniani
947 1506 1050 1538 lectio
1076 1505 1176 1537 vobis

194 1568 326 1611 gratior
347 1566 423 1605 fiat,
450 1562 655 1608 paucissima
677 1560 719 1592 de
744 1559 850 1592 totius
875 1557 990 1600 operis
1015 1563 1047 1588 et
1070 1553 1176 1587 huius

193 1618 335 1652 secundi
360 1615 443 1648 libri
467 1625 601 1646 summa
627 1613 756 1644 dicam:
797 1615 913 1652 postea
938 1607 1105 1651 quaedam
1135 1606 1177 1637 de

193 1675 313 1702 autore
331 1667 404 1710 ipso
423 1666 583 1703 asseram,
610 1669 647 1695 ut
665 1660 751 1693 solet
768 1659 805 1691 in
823 1656 1048 1691 inchoatione
1064 1669 1176 1688 novo-

193 1731 273 1752 rum
298 1718 471 1750 librorum
497 1713 580 1746 sieri.
635 1712 835 1749 Postremo,
870 1709 897 1740 si
923 1715 1059 1751 tempus
1081 1708 1178 1746 feret,

194 1771 320 1803 addam
344 1767 514 1812 quaedam
541 1765 584 1796 ad
611 1760 972 1795 commonefaciendos
991 1758 1178 1797 auditores,

195 1819 351 1862 exemplo
369 1816 500 1850 autoris
518 1813 623 1847 liuius
635 1840 643 1854 ‚
671 1819 709 1845 ut
726 1823 800 1844 eam
818 1816 994 1858 praestent
1011 1808 1178 1841 sedulita-

195 1878 264 1903 tem
282 1870 317 1901 in
342 1867 465 1901 studiis
487 1865 574 1904 suis,
601 1875 706 1909 quam
734 1868 767 1894 et
790 1861 878 1894 alios
902 1859 1052 1892 audierit
1076 1856 1178 1891 adhi—

195 1921 327 1957 buisse,
355 1926 387 1952 et
404 1915 531 1950 horum
552 1923 748 1957 temporum
768 1912 856 1945 ratio
874 1911 1016 1952 flagitat.

298 1969 430 2002 Totum
460 1978 548 2009 opus
582 1964 710 2004 Plinii,
758 1964 850 2005 quod
882 1961 1039 1994 continet
1068 1959 1179 1992 libros

197 2019 389 2059 XXXVII,
420 2017 562 2051 titulum
589 2013 709 2048 habet:
747 2012 904 2046 Historia
926 2011 1071 2048 mundi,
1106 2010 1179 2042 sive

196 2071 352 2105 Historia
375 2067 555 2102 naturalis.
610 2065 702 2108 Quia
721 2064 835 2097 voluit
853 2062 989 2101 Plinius
1006 2061 1180 2096 Romanis

197 2123 268 2156 suis
291 2122 328 2154 in
353 2119 419 2153 boc
445 2130 550 2162 opere
574 2127 747 2159 exponere
771 2114 935 2146 universa
968 2113 1047 2150 illa,
1091 2123 1179 2156 quae

199 2173 324 2206 Graeci
343 2171 527 2213 scriptores
543 2166 745 2210 ingentibus
763 2171 794 2197 et
810 2176 896 2207 pene
913 2163 1060 2197 infinitis
1078 2162 1180 2195 libris

198 2225 239 2256 de
257 2223 389 2255 mundo
414 2221 507 2263 ipso,
530 2225 563 2252 et
587 2217 745 2261 partibus
767 2215 841 2247 eius
865 2213 1079 2257 praecipuis,
1108 2213 1178 2245 imo

201 2271 444 2306 minutissimis
461 2281 618 2314 quoque,
645 2267 734 2300 scitu
750 2272 784 2299 et
807 2266 1048 2298 observatione
1074 2263 1179 2306 (ligna

200 2324 437 2360 tradiderunt,
472 2321 560 2352 sicut
580 2318 752 2361 gloriatur
775 2316 866 2359 ipse,
909 2326 943 2347 se
972 2327 1010 2346 ex
1038 2321 1178 2347 centum

200 2372 445 2417 sci-iptoribu5‚
472 2370 630 2412 perlectis
645 2379 765 2401 corum
787 2366 841 2399 bis
864 2365 961 2398 mille
985 2365 1179 2397 volumini-

202 2427 289 2464 bus,
313 2422 395 2456 baec
417 2422 452 2453 in
470 2432 580 2453 unum
602 2417 668 2451 boc
685 2429 772 2462 opus
791 2423 1033 2460 comportasse.
1089 2414 1180 2448 Usus

202 2482 252 2508 est
277 2481 392 2507 autem
413 2472 449 2503 in
474 2477 568 2503 tanta
589 2469 755 2502 varietate
774 2475 807 2501 et
825 2467 1078 2512 propemodum
1099 2465 1179 2497 infi-

200 2527 308 2560 nitate
333 2535 449 2556 rerum
473 2521 774 2559 annotandarum,
808 2519 932 2551 ordine
955 2517 1106 2561 optimO,
1139 2528 1179 2549 ex

200 2589 269 2622 quo
288 2576 362 2620 ipso
379 2571 533 2606 hominis
550 2571 719 2603 excellens
737 2570 916 2612 ingenium
942 2575 975 2602 et
997 2567 1179 2610 diligentia

201 2625 376 2661 aestimari
395 2630 517 2668 potest.
569 2619 632 2654 Est
654 2621 747 2653 enim
770 2620 904 2653 ordinis
921 2618 1117 2652 observatio
1141 2617 1177 2650 in

196 2678 294 2711 omni
312 2676 446 2710 actione
467 2672 672 2717 praecipuus
690 2672 819 2714 ingenii
836 2684 874 2704 ac
890 2670 1012 2703 iudicii
1030 2669 1144 2704 index.

662 117 815 152 DECL.
853 114 924 149 DE
958 113 1097 148 VITA
1123 113 1196 148 ET
1229 112 1501 150 SCRtP'rls
1530 113 1727 148 PLINII.

2133 112 2204 147 184

1327 197 1429 231 Scitis
1445 199 1616 230 mundum
1634 198 1755 236 dividi,
1771 204 1809 231 ut
1828 209 1898 230 non
1917 209 1934 230 a
1949 209 2085 231 summo
2102 209 2204 230 exor-

1226 250 1313 289 diar,
1334 249 1370 280 in
1394 259 1539 290 corpora
1557 248 1740 292 simplicia,
1767 256 1798 282 et
1817 260 1867 289 ea,
1891 260 1978 292 quae
1996 260 2035 280 ex
2052 249 2203 282 mixtura

1226 299 1451 343 simplicium,
1471 295 1536 329 hoc
1554 304 1616 338 est,
1639 297 1923 339 Elementorum,
1947 298 2094 331 conflata
2112 307 2204 332 sunt.

1328 348 1594 392 Simplicissima
1617 361 1761 392 corpora
1789 350 1912 382 mundi
1940 355 2037 388 sunt,
2065 356 2097 382 et
2115 349 2205 382 nulli

1227 399 1412 432 mutationi
1433 399 1604 439 obnoxia,
1631 398 1776 431 Coelum
1800 407 1833 432 et
1854 407 1966 444 partes
1991 399 2097 440 coeli,
2123 400 2207 432 stel-

1228 451 1279 482 lae
1307 449 1471 482 videlicet
1501 449 1628 492 partim
1661 449 1874 488 inerrantes,
1908 462 1996 495 quae
2024 461 2146 482 omnes
2169 449 2205 481 in

1227 513 1296 534 una
1313 500 1410 544 quasi
1429 498 1588 532 machina
1608 500 1712 532 simul
1738 500 2051 541 circumrotantur,
2078 499 2206 544 partim

1227 551 1298 584 suis
1322 550 1534 595 quibusdam
1557 551 1677 583 liberis
1702 550 1896 593 gressibus,
1935 550 2136 584 certissimis
2155 557 2206 584 ta-

1227 614 1324 642 men,
1350 607 1529 643 vagantes,
1556 613 1644 645 quae
1660 601 1820 644 planetae
1838 601 2013 634 dicuntur.

1331 651 1411 687 Alia
1440 658 1521 684 sunt
1550 663 1695 695 corpora
1725 652 1848 684 mundi
1881 652 1998 684 minus
2027 650 2210 694 simplicia,

1229 703 1415 746 minusque
1436 702 1630 742 durabilia,
1664 703 1721 734 sed
1746 702 1782 734 in
1807 709 1973 746 perpetua
1998 708 2210 735 transmuta-

1229 753 1323 785 tione
1346 752 1552 792 constituta,
1582 764 1669 796 quae
1687 753 1867 796 στοιχεῖα,
1892 753 2062 785 elementa
2081 752 2206 784 dicun-

1229 810 1302 843 tur,
1328 816 1367 835 ex
1384 803 1512 847 quibus
1531 803 1621 836 inter
1639 814 1673 835 se
1690 810 1781 835 certa
1804 803 1938 836 ratione
1963 803 2111 843 iunctis,
2141 802 2210 835 alia

1229 855 1381 887 existunt
1399 865 1563 897 corpora,
1590 865 1677 898 quae
1698 853 1775 885 ideo
1794 854 1898 885 mixta
1917 860 2098 888 vocantur.

1330 903 1525 936 Mixtorum
1550 911 1664 936 autem
1693 903 1781 935 varii
1807 910 1888 936 sunt
1922 905 2060 946 gradus,
2127 901 2209 936 Alia

1229 955 1322 986 enim
1346 955 1414 986 levi
1439 961 1472 987 et
1493 954 1692 998 imperfecta
1718 955 1970 986 elementorum
1997 960 2211 987 transmuta-

1229 1005 1324 1037 tione
1348 1005 1395 1038 ita
1426 1005 1532 1044 fiunt,
1573 1012 1611 1037 ut
1637 1005 1730 1037 sacili
1758 1011 1935 1037 momento
1964 1016 2084 1037 rursus
2107 1003 2210 1035 dissi-

1230 1055 1334 1093 liant,
1362 1062 1395 1088 et
1412 1057 1454 1088 ad
1473 1067 1569 1088 suam
1588 1056 1761 1098 originem
1778 1056 1931 1088 redeant.
1975 1053 2026 1087 Ea
2043 1054 2124 1099 quia
2139 1054 2211 1086 sere

1230 1106 1265 1137 in
1291 1106 1452 1143 sublimi,
1486 1104 1552 1138 hoc
1575 1113 1645 1146 est,
1680 1106 1716 1137 in
1741 1103 1806 1138 boc
1831 1105 1964 1148 ingenti
1988 1106 2078 1138 ae'ris
2100 1111 2210 1137 tractu

1229 1156 1400 1196 existunt,
1418 1155 1602 1201 ‹gesu‘wpa
1631 1156 1794 1196 Graecis,
1837 1157 1941 1199 vulgo
1967 1155 2213 1199 impressiones

1229 1213 1489 1248 nuncupantur.

1331 1256 1412 1289 Alia
1428 1257 1534 1288 mixta
1551 1256 1724 1288 eiusmodi
1744 1263 1826 1289 sunt
1843 1256 1941 1288 firma
1960 1256 2212 1288 elementorum

1230 1306 1390 1337 iunctura
1406 1312 1663 1345 coagmentata,
1690 1312 1728 1337 ut
1744 1306 1878 1338 diutius
1895 1306 2098 1346 consistant,
2126 1317 2214 1349 quae

1230 1362 1412 1398 propterea
1447 1354 1595 1397 perfecte
1629 1355 1735 1387 mixta
1779 1355 2020 1398 appellantur,
2063 1367 2214 1400 quorum

1229 1405 1296 1437 alia
1328 1416 1470 1447 prorsus
1510 1410 1591 1436 sunt
1627 1405 1742 1437 omnis
1779 1406 1868 1437 vitae
1905 1406 2076 1449 expertia,
2124 1417 2213 1450 quae

1229 1453 1379 1499 ἄψυχα,
1402 1454 1559 1486 inanima
1581 1454 1764 1493 dicuntur,
1792 1461 1831 1487 ut
1854 1462 1937 1489 sunt
1960 1456 2113 1500 lapides,
2139 1468 2213 1489 me-

1229 1505 1331 1545 talla,
1364 1515 1530 1546 gemmae.

1332 1554 1412 1587 Alia
1436 1555 1578 1587 vitalem
1598 1555 1738 1598 quidem
1765 1556 1835 1587 vim
1857 1556 2034 1600 quandam
2061 1556 2153 1590 intra
2177 1569 2213 1591 se

1231 1603 1379 1645 babent,
1413 1617 1480 1649 qua
1504 1604 1759 1637 nutrimentum
1786 1607 1999 1639 conveniens
2022 1606 2215 1648 attrahunt,

1231 1663 1263 1688 et
1292 1667 1365 1688 sese
1395 1655 1432 1687 in
1462 1667 1582 1688 omnes
1606 1662 1719 1698 partes
1744 1658 1930 1690 crescendo
1956 1659 2151 1692 extendunt
2175 1672 2214 1692 ac

1231 1707 1399 1746 dilatant,
1441 1717 1479 1739 ac
1502 1717 1620 1738 semen
1644 1706 1786 1750 aliquod
1813 1709 2034 1751 producunt,
2075 1721 2115 1742 ex
2143 1722 2213 1755 quo

1232 1758 1385 1789 eiusdem
1408 1756 1535 1800 speciei
1559 1756 1626 1789 alia
1655 1758 1768 1789 enasci
1798 1759 1953 1801 possint:
1988 1760 2048 1792 sed
2065 1767 2164 1794 motu
2181 1768 2214 1794 et

1232 1820 1333 1841 sensu
1363 1814 1501 1847 carent,
1537 1807 1685 1852 ideoque
1708 1806 1859 1853 ἔμψυχα
1885 1810 2028 1854 quidem
2047 1818 2080 1844 et
2098 1809 2212 1858 φυτὰ,

1233 1856 1298 1891 boc
1323 1864 1392 1898 est,
1434 1858 1586 1891 animata
1614 1865 1645 1891 et
1673 1859 1830 1901 plantae,
1865 1861 1923 1893 sed
1953 1862 2112 1895 nondum
2137 1860 2214 1903 ζῶα

1233 1916 1411 1943 vocantur.

1334 1958 1525 1992 Persectius
1541 1959 1666 1992 vivunt
1683 1972 1720 1992 ea
1732 1987 1740 2000 ,
1767 1972 1855 2005 quae
1873 1968 2011 2005 praeter
2032 1962 2214 1996 nutriendi

1233 2010 1304 2042 vim
1329 2010 1432 2043 etiam
1458 2021 1596 2042 sensum
1622 2017 1655 2043 et
1680 2018 1813 2044 motum
1842 2009 1993 2051 habent,
2028 2025 2116 2058 quae
2142 2012 2212 2045 iam

1234 2059 1327 2102 ζῶα,
1355 2061 1518 2093 animalia
1536 2060 1725 2101 (licuntur,
1751 2074 1902 2106 quorum
1919 2075 1989 2096 una
2010 2064 2140 2107 species
2156 2076 2209 2097 ra-

1233 2112 1329 2145 tione
1345 2119 1394 2145 est
1408 2112 1582 2155 praedita,
1610 2124 1714 2156 quam
1730 2113 1876 2146 facultas
1899 2115 2070 2147 sermonis
2088 2121 2120 2147 et
2144 2114 2212 2147 alia

1233 2163 1403 2207 quaedam
1425 2163 1628 2195 excellentia
1658 2164 1749 2196 dona
1782 2164 2003 2198 comitantur.
2070 2163 2213 2198 Caetera

1233 2213 1418 2253 animalia,
1451 2225 1539 2258 quae
1564 2214 1719 2254 ratione,
1754 2214 1903 2259 ideoque
1926 2215 2029 2248 etiam
2052 2226 2213 2248 sermone

1233 2264 1474 2297 destituuntur
1496 2263 1633 2311 ἄλογα,
1662 2265 1763 2298 bruta
1787 2272 1968 2298 vocantur.
2029 2263 2146 2310 Atque
2164 2266 2213 2300 ita

1233 2315 1320 2347 fiunt
1337 2315 1492 2359 quinque
1509 2316 1699 2348 mixtorum
1714 2315 1852 2358 gradUS‚
1870 2328 2020 2360 quorum
2037 2316 2126 2349 alius
2143 2317 2212 2350 alio

1232 2366 1454 2409 perfectiores
1470 2378 1523 2398 res
1539 2367 1707 2401 continet.
1758 2364 1897 2398 Primus
1915 2364 2020 2400 habet
2035 2365 2212 2414 μετέωρα.

1232 2416 1415 2450 Secundus
1432 2415 1574 2462 ἄψυχα.
1616 2416 1757 2450 Tertius
1773 2414 1885 2461 φυτά,
1917 2418 2063 2461 plantas,
2095 2417 2212 2460 Quar-

1232 2474 1287 2500 tus
1306 2465 1381 2508 ζῶα
1399 2466 1526 2515 ἄλογα,
1550 2469 1663 2502 bruta.
1715 2465 1870 2510 Quintus
1887 2466 2049 2515 λογικὸν,
2068 2469 2211 2510 animal,

1232 2515 1425 2554 bominem.

1334 2568 1435 2602 Hanc
1454 2568 1735 2602 distributionem
1754 2580 1871 2602 rerum
1897 2570 1932 2602 in
1953 2577 2095 2611 natura,
2123 2583 2212 2616 quae

1232 2627 1313 2654 sunt
1329 2632 1474 2664 corpora
1500 2627 1532 2652 et
1556 2619 1680 2652 mundi
1705 2626 1817 2662 partes
1843 2621 2044 2662 sensibiles,
2070 2622 2211 2655 intuens

1233 2668 1389 2711 Plinius,
1413 2670 1571 2703 omnium
1590 2682 1707 2703 earum
1727 2678 1868 2704 naturas
1884 2678 1916 2705 et
1931 2672 2022 2705 vires
2040 2673 2210 2717 explicare
