2324 2955
212 126 285 162 355

212 219 269 245 tur
295 212 436 244 illorum
462 207 601 245 officiis,
629 205 683 237 vel
705 211 744 237 ut
770 204 878 239 multa
903 204 1126 248 speculentur
1151 205 1194 238 ad

214 273 271 294 eos
297 262 388 304 ipsos
412 256 634 295 evertendos,
662 267 680 287 a
705 254 831 299 quibus
857 255 894 286 in
920 254 1192 288 familiaritatem

214 311 353 343 admissi
381 314 472 341 sunt.
527 306 620 338 llaec
643 305 787 338 Sinonis
812 311 871 337 aut
889 304 984 338 Sexti
1004 304 1194 349 Tarquinii

214 360 356 392 artificia
388 369 466 389 cnm
498 357 555 389 vix
586 355 699 388 caveri
733 355 806 388 ulla
839 355 1019 397 vigIIantia
1051 356 1195 398 possint,

212 409 314 442 bonis
331 407 542 440 conscientia
559 403 724 438 honestae
743 405 933 438 voluntatis
949 412 1064 438 tamen
1079 412 1194 448 postea

213 459 336 492 solatio
365 464 424 490 est.
485 457 552 490 Sed
584 456 637 488 illi
662 454 775 488 Deum
807 456 983 488 vindi-cem
1012 466 1083 488 esse
1110 456 1195 488 insi-

212 511 348 542 diarum
377 515 407 540 et
431 507 579 540 violatae
604 506 685 538 fidei
709 505 846 538 debitae
871 506 991 539 amicis
1015 506 1196 549 experien-

214 568 288 599 tur,
316 565 353 590 ut
371 569 449 590 vere
469 557 601 590 dictum
619 563 667 589 est
685 568 702 588 a
720 559 836 599 poeta:

263 627 296 657 Si
312 635 344 656 tu
362 628 471 656 oblitus
491 639 536 663 es,
566 632 594 654 at
612 625 664 654 Dii
679 628 894 661 meminerunt,
923 627 1058 654 meminit
1074 625 1155 656 tides.

263 677 349 716 Quae
367 685 394 707 te
412 687 443 707 ut
459 679 609 717 poeniteat
632 677 790 715 postmodo
807 678 877 705 facti
892 678 979 705 faciet
999 677 1050 705 tui.

213 743 332 776 'sertia
358 743 447 775 inter
470 740 635 775 Charites
662 739 788 774 Thalia
817 748 883 781 est,
918 752 1006 785 quae
1029 741 1197 783 significat

538 792 698 824 videlicet
724 792 993 833 gratitudinem,

893 841 961 875 Sed
989 839 1071 874 haec
1096 842 1197 875 tertia

212 794 465 835 germinantem
478 819 486 832 ,

211 855 274 886 pro
303 854 436 880 merce,
470 842 581 874 officia
609 853 673 885 pro
699 842 834 876 officiis.

213 891 301 936 proli
331 893 450 932 dolor,
476 892 597 934 procul
624 891 709 924 alias
733 892 906 936 sequitur,
933 892 1146 925 moesticiam
1165 899 1197 925 et
1222 898 1224 906 '

213 944 313 976 vultu
338 949 368 975 et
397 943 538 975 sordida
559 948 651 974 veste
667 943 864 977 ostendens.

214 994 280 1025 xiia
302 993 496 1025 communis
512 1004 616 1035 quam
635 1004 712 1024 rara
729 992 773 1025 sit
789 1004 851 1035 pro
869 993 1003 1034 magnis
1020 993 1196 1025 beneficiis
1222 1011 1223 1020 η

213 1043 399 1083 gratitudo,

214 1105 332 1126 sumus
350 1091 443 1131 Deo,
472 1092 569 1124 cuius
590 1092 756 1125 beneficia
779 1092 816 1124 in
836 1092 1066 1125 fabricatione
1083 1092 1195 1125 nostri

214 1144 388 1186 corporis,
431 1143 467 1174 in
497 1142 687 1175 donatione
716 1143 826 1182 vitae,
858 1143 895 1174 in
927 1143 1093 1175 missione
1121 1143 1195 1183 filii,

213 1193 442 1236 patefactione
459 1192 655 1232 doctrinae,
682 1193 887 1225 collectione
905 1190 1099 1232 Ecclesiae,
1127 1205 1195 1225 nu-

212 1243 396 1276 tricatione
419 1249 450 1275 et
475 1243 613 1274 assidua
636 1243 870 1285 protectione,
898 1249 1025 1287 quotus
1048 1243 1195 1287 quisque

212 1294 265 1325 vel
284 1293 436 1326 tenuiter
453 1292 659 1326 considerat.

314 1355 538 1401 Alplionsum
555 1356 687 1399 Regem
706 1356 978 1400 Neapolitanum
1003 1359 1194 1400 sapientem

212 1409 411 1452 Principem
444 1413 605 1447 narrant,
637 1407 666 1439 si
695 1409 835 1450 quando
863 1408 971 1440 iratus
996 1408 1062 1441 fnit
1089 1409 1192 1442 alicui

210 1461 363 1502 ingrate,
392 1458 532 1490 solitum
553 1468 624 1489 sese
643 1457 687 1489 ab
704 1457 800 1489 illius
815 1457 1073 1500 vituperatione
1091 1470 1193 1490 revo-

210 1521 298 1547 care,
320 1507 374 1540 his
391 1508 521 1540 verbis:
549 1504 623 1548 Ego
641 1518 722 1539 vero
739 1518 800 1540 cur
816 1504 921 1539 huius
940 1507 1061 1550 culpae
1078 1514 1193 1540 tanto-

209 1571 292 1603 pere
313 1569 514 1597 succenseo,
543 1557 604 1600 qui
628 1568 739 1588 meam
767 1568 925 1589 accusare
949 1558 1064 1600 potius
1087 1559 1193 1590 debe-

209 1621 301 1648 rem,
329 1620 407 1641 cum
424 1607 499 1640 Deo
520 1607 630 1639 multo
650 1607 758 1648 magis
777 1607 932 1650 ingratus
949 1607 1031 1645 sim,
1059 1608 1119 1652 qui
1138 1608 1192 1640 in-

211 1658 442 1691 numerabilia
459 1658 552 1690 bona
568 1654 657 1688 mi'ni
675 1657 810 1691 tribuit.
863 1656 933 1690 Sed
949 1669 1013 1690 oro
1029 1669 1107 1690 eum
1119 1685 1126 1698 ,
1154 1665 1193 1691 ut

212 1708 274 1742 liae
304 1708 522 1742 confessione
547 1718 644 1739 meae
666 1707 788 1750 culpae
813 1707 974 1742 leniatur.
1036 1707 1113 1741 Hoc
1138 1720 1192 1742 sa-

209 1759 419 1802 pientissimi
436 1757 542 1799 Regis
560 1757 756 1800 exemplum
775 1769 873 1801 saepe
889 1759 1130 1797 recordemur,
1160 1765 1192 1792 et
1216 1786 1218 1799 ,,

974 1808 1113 1850 Singuli
1131 1810 1191 1842 de-
1216 1840 1217 1847 ,

210 1816 363 1841 nostram
384 1808 671 1850 ingratitudinem
689 1808 921 1851 deploremuS.

209 1861 292 1891 inde
328 1865 489 1902 parentes
522 1865 654 1890 vestros
691 1858 918 1899 intueamini,
963 1866 996 1892 et
1034 1859 1190 1901 cogitetis

209 1916 337 1954 quanta
364 1920 416 1941 res
435 1909 479 1942 sit
497 1906 631 1954 στοργὴ
649 1908 685 1940 in
704 1909 867 1941 cordibus
884 1921 1005 1941 eorum
1023 1920 1101 1951 erga
1118 1921 1189 1947 vos,

209 1966 338 2003 quanta
363 1959 581 1999 sollicitudo,
609 1965 778 2002 quantum
798 1959 958 1992 laborum
977 1967 1009 1992 et
1026 1960 1189 1993 dolorum

208 2011 245 2041 in
270 2009 493 2048 educatione,
522 2009 558 2039 in
582 2008 735 2048 morbis,
763 2015 795 2042 et
817 2009 895 2041 aliis
921 2010 1095 2053 periculis.
1148 2010 1189 2042 In

208 2058 272 2092 liae
297 2059 573 2092 consideratione
599 2059 754 2091 saniores
778 2070 897 2092 omnes
923 2061 1023 2093 valde
1043 2061 1187 2103 pudebit

207 2109 471 2153 ingratitudinis
494 2120 585 2143 suae.
645 2107 786 2150 Quanta
809 2111 1027 2143 contumacia
1052 2118 1102 2144 est
1127 2112 1189 2143 ad-

208 2171 325 2192 versus
348 2158 592 2201 Magistratus,
618 2158 779 2191 Pastores
795 2157 1029 2193 Ecclesiarum
1056 2168 1087 2194 et
1103 2161 1189 2194 fide-

207 2211 255 2241 les
280 2209 457 2244 Doctores.
526 2208 672 2241 Miserat
694 2207 822 2242 Carolo
847 2212 969 2251 Magno
996 2211 1188 2253 imperator

207 2260 618 2302 (Jonstantinopolitanus
641 2259 732 2291 inter
753 2260 819 2292 alia
841 2261 931 2302 regia
948 2261 1038 2293 dona
1058 2262 1186 2294 librum

206 2308 367 2353 Dionysii
391 2320 549 2351 graecum
583 2317 740 2343 accurate
768 2310 951 2353 scriptum,
995 2311 1062 2344 suit
1094 2313 1185 2344 enim

208 2359 291 2391 olim
311 2358 460 2401 Regium
485 2359 564 2392 talia
590 2360 699 2398 dona,
728 2366 761 2393 et
784 2361 904 2394 dantes
929 2367 961 2393 et
979 2362 1185 2405 accipientes

206 2409 447 2451 magnifacere.
512 2408 614 2441 Nunc
643 2416 772 2454 quanta
804 2411 848 2444 sit
883 2409 986 2444 huius
1019 2414 1186 2455 temporis

206 2459 384 2492 barbaries
397 2485 404 2498 ,
432 2470 550 2491 recens
567 2461 761 2503 exemplum
781 2462 943 2497 ostendit.
995 2460 1075 2495 Non
1092 2463 1183 2494 enim

206 2509 317 2542 multo
340 2516 418 2540 ante
444 2516 590 2542 mortem
610 2509 758 2554 inclytus
774 2509 849 2544 Rex
865 2511 998 2545 Daniae
1015 2510 1185 2546 Christia-

206 2571 272 2592 nus
304 2559 398 2590 misit
431 2565 632 2591 automaton
663 2567 863 2603 argenteum
888 2570 1045 2597 motuum
1073 2563 1185 2596 coele-

207 2611 328 2648 stium,
357 2617 389 2641 et
405 2609 586 2641 artificiose
606 2609 751 2649 sactum,
779 2613 821 2644 ad
840 2611 971 2646 Ducem
982 2612 1184 2646 Moscovio-

206 2672 300 2699 rum,
336 2666 373 2692 ut
407 2659 609 2697 nominant,
645 2667 784 2693 acturus
817 2664 858 2695 de
890 2676 970 2707 pace
1004 2663 1183 2698 Livoniae.
1207 2680 1211 2699 ι
1236 2664 1367 2707 gientes
1384 2669 1570 2707 exceperat.

609 120 767 156 DECL.
806 116 879 154 DE
912 117 1230 155 CHARITUM
1262 116 1834 157 APPELLATIONIBUS.

1042 792 1197 834 precium
1223 798 1224 802 ’

916 940 1084 975 Ostendit
1102 943 1195 975 enim
1221 946 1224 953 ’

460 1041 620 1074 Primum
640 1054 743 1086 quam
762 1043 910 1086 turpiter
928 1043 1055 1084 ingrati
1075 1053 1195 1075 omnes
1222 1068 1223 1073 ,

2157 121 2231 156 386

1247 203 1337 238 Cum
1362 210 1562 237 reverenter
1580 203 1776 239 exhibitum
1797 215 1869 238 esse
1888 202 2120 250 αὐτόματον,
2148 206 2231 240 bar-

1221 250 1226 283 i
1248 256 1332 288 baro
1355 254 1408 286 illi
1430 254 1497 287 fuit
1519 253 1669 300 ἄκαιρος
1694 255 1838 296 εὔνοια,
1867 256 1928 300 qui
1953 268 2031 289 cum
2051 257 2119 290 alia
2139 257 2233 290 dona

1249 305 1433 345 retineret,
1460 301 1526 337 hoe
1551 303 1828 348 pulcherrimum
1848 317 1936 349 opus
1955 317 2033 339 cum
2050 313 2233 340 contume-

1249 355 1294 387 lia
1318 355 1421 387 etiam
1445 354 1547 387 reddi
1572 355 1688 395 iussit,
1719 357 1802 401 quia
1827 368 1900 389 non
1925 356 1969 390 sit
1994 356 2093 400 pium
2118 357 2233 390 consi-

1249 406 1370 438 derare
1394 412 1509 439 motus
1534 405 1709 440 coelestes.
1769 405 1864 439 Hinc
1890 414 1924 440 et
1945 406 2057 449 gentis
2080 413 2113 440 et
2136 407 2234 440 ducis

1249 455 1446 488 barbariem
1462 455 1652 493 aestimate.
1706 454 1773 489 Sed
1791 456 1901 490 multo
1919 452 2109 490 humanius
2119 455 2234 490 Fran-

1250 517 1308 538 cus
1332 512 1458 538 noster.
1512 504 1579 538 Hic
1597 512 1635 539 ut
1652 506 1742 538 liber
1760 506 1880 539 multis
1894 513 1997 540 notus
2015 507 2132 547 fieret,
2160 507 2233 540 ius-

1222 567 1223 590 i
1250 556 1292 588 sit
1315 568 1393 588 enm
1419 556 1455 587 in
1473 555 1637 589 Latinum
1661 568 1859 588 sermonem
1887 557 2078 589 transferri.
2133 557 2232 590 Fuit-

1251 618 1316 650 que
1336 606 1509 649 interpres
1529 604 1704 639 Iohannes
1723 605 1868 647 Scotus‚
1895 606 1957 651 qui
1974 613 2058 640 tunc
2075 606 2232 640 Lutetiae

1250 657 1362 690 studia
1380 656 1558 690 doctrinae
1575 657 1794 699 gubernavit.

1350 704 1426 740 Etsi
1444 713 1559 739 autem
1577 707 1817 750 interpretatio
1837 718 2060 752 nequaquam
2079 712 2129 740 est
2146 706 2232 740 niti-

1222 773 1225 795 ς
1249 758 1312 796 da,
1341 764 1455 790 tamen
1483 758 1567 790 fides
1584 758 1697 790 autori
1713 769 1785 790 non
1803 758 1923 798 defuit,
1951 758 2011 803 qui
2031 769 2233 791 commone-

1249 807 1359 840 factus
1379 808 1452 840 eius
1470 807 1553 840 libri
1572 808 1739 848 lectione,
1766 815 1882 851 postea
1903 809 2071 852 quasdam
2090 807 2232 841 vitiosas

1249 858 1471 891 adorationes
1494 857 1635 891 taxavit.
1688 857 1728 891 Id
1751 870 1829 891 cum
1851 869 1950 901 aegre
1970 859 2076 892 ferret
2092 858 2230 891 audito-

1222 918 1223 936 1
1248 920 1326 941 rum
1353 909 1476 949 turba,
1510 909 1646 951 impetu
1672 908 1710 940 in
1734 920 1850 941 senem
1877 909 1987 949 facto,
2024 909 2084 953 qui
2109 908 2230 941 sedulo

1222 965 1223 979 ³
1249 970 1306 990 eos
1325 958 1429 1002 longo
1445 965 1600 1003 tempore
1616 959 1799 999 docuerat,
1826 965 1860 992 et
1874 956 2126 1002 comprehenso
2145 957 2231 991 effo-

1574 1008 1674 1042 Talis
1704 1009 1814 1052 gratia
1847 1008 1996 1042 fideliter
2025 1007 2231 1042 docentibus

1222 1080 1223 1090 i
1248 1070 1347 1102 saepe
1373 1059 1542 1092 redditur.
1594 1058 1699 1092 Addo
1723 1066 1756 1092 et
1776 1058 2013 1092 narrationem
2033 1059 2074 1091 de
2094 1056 2231 1102 hospite

1249 1108 1386 1151 ingrato
1418 1109 1585 1141 memoria
1615 1109 1778 1151 dignam,
1817 1121 1905 1154 quae
1938 1110 2030 1153 apud
2061 1108 2231 1142 Senecam

1249 1166 1353 1192 extat.
1403 1157 1592 1202 Philippus
1617 1158 1765 1192 Macedo
1797 1160 1962 1192 audacem
1995 1159 2141 1191 militem
2169 1156 2232 1191 ha—

1248 1209 1344 1249 buit,
1371 1221 1474 1253 quem
1492 1216 1532 1241 ut
1550 1207 1694 1242 liaberet
1714 1209 2018 1253 obsequentiorem
2039 1209 2076 1241 in
2094 1209 2231 1253 pericu-

1248 1260 1308 1297 lis,
1335 1259 1467 1302 petenti
1491 1259 1622 1292 maiora
1646 1259 1801 1303 praemia
1826 1259 1923 1293 dedit
1947 1271 2052 1303 quam
2076 1259 2230 1292 caeteris.

1247 1308 1337 1340 Cum
1363 1315 1479 1340 autem
1498 1309 1535 1338 in
1553 1319 1653 1339 saeva
1670 1315 1872 1350 tempestate
1888 1309 2038 1341 misisset
2056 1320 2136 1341 eum
2153 1320 2229 1351 spe-

1248 1357 1401 1390 culatum
1421 1357 1496 1389 loca
1513 1358 1704 1401 quaedam,
1731 1357 1870 1390 rediens
1888 1357 1988 1389 miles
2007 1358 2228 1400 naufragium

1219 1418 1222 1444 z
1246 1408 1348 1445 facit,
1374 1414 1407 1440 et
1429 1407 1467 1439 in
1492 1407 1581 1439 mari
1600 1407 1777 1451 periisset,
1804 1407 1873 1440 nisi
1891 1407 2040 1440 rusticus
2057 1408 2094 1440 in
2111 1408 2228 1441 vicino

1246 1457 1380 1496 littore,
1407 1463 1591 1499 conspecto
1607 1457 1702 1489 illius
1719 1456 1885 1500 periculo,
1913 1468 2060 1499 propere
2077 1458 2113 1489 in
2131 1469 2228 1502 eym-

1246 1507 1325 1539 bam
1345 1506 1596 1546 descendisset,
1622 1513 1654 1539 et
1672 1518 1750 1538 eum
1768 1507 1852 1539 dum
1872 1506 1963 1538 inter
1980 1507 2106 1539 fluctus
2122 1507 2228 1540 iacta-

1245 1563 1304 1590 tur
1332 1556 1528 1599 excepisset.
1592 1554 1752 1600 Cumque
1777 1555 2021 1589 semianimem
2046 1557 2084 1589 in
2107 1557 2227 1590 villam

1219 1634 1221 1639 ,
1246 1618 1343 1639 suam
1375 1606 1539 1643 vexisset,
1573 1606 1691 1639 triduo
1722 1618 1801 1639 enm
1831 1606 1983 1639 officiose
2011 1614 2160 1648 recreat,
2195 1615 2227 1641 et

1244 1663 1437 1690 recreatum
1470 1656 1597 1689 viatico
1631 1657 1785 1690 instruit.
1848 1655 1911 1688 llle
1942 1657 2123 1690 discedens
2143 1670 2226 1701 pro-

1216 1723 1219 1756 4
1244 1707 1348 1740 mittit
1368 1718 1402 1739 se
1422 1707 1629 1739 beneficium
1649 1707 1722 1739 eius
1739 1705 1828 1749 Regi
1846 1706 2127 1749 praedicaturum
2145 1719 2227 1748 esse,

1244 1765 1276 1792 et
1300 1758 1535 1800 perfecturum
1559 1764 1597 1790 ut
1619 1757 1648 1789 ei
1674 1756 1783 1800 gratia
1808 1757 1988 1791 referatur.
2048 1756 2226 1792 Reversus

1243 1809 1286 1841 ad
1304 1805 1510 1851 Philippum
1535 1814 1654 1840 narrat
1677 1806 1916 1850 naufragium,
1943 1807 2112 1841 beneficia
2136 1809 2225 1842 libe-

1242 1859 1367 1891 ratoris
1382 1858 1435 1890 sui
1452 1863 1563 1891 astute
1580 1857 1748 1895 occultat,
1777 1865 1809 1891 et
1826 1863 1864 1890 ut
1882 1864 2016 1891 norunt
2030 1858 2128 1892 aulae
2146 1871 2224 1892 ver-

1243 1920 1318 1942 sum
1335 1907 1498 1941 Hesiodi:

1339 1956 1434 1991 αἷδιὺς
1457 1954 1512 1986 οὐκ
1535 1954 1639 1995 ἀγαθὴ
1665 1954 1849 1995 κεχρημένον
1873 1954 1973 1995 ἄνδρα
1996 1956 2117 1994 κομίζει.

1242 2009 1419 2043 Audacter
1444 2009 1555 2053 poscit
1578 2020 1640 2052 pro
1666 2008 1786 2041 labore
1808 2009 2020 2052 praemium,
2045 2015 2078 2042 et
2102 2018 2222 2044 narrat

1214 2072 1216 2088 ι
1241 2060 1279 2092 in
1301 2072 1340 2092 eo
1362 2060 1478 2092 littore
1506 2059 1625 2091 villam
1651 2070 1741 2099 esse,
1775 2070 1879 2103 quam
1904 2066 2070 2103 tanquam
2093 2071 2222 2093 monu-

1240 2117 1398 2144 mentum
1423 2109 1476 2143 sui
1502 2109 1647 2153 periculi
1673 2109 1741 2142 sibi
1766 2109 1892 2142 donari
1912 2110 2008 2154 petit.
2061 2109 2138 2144 Rex
2156 2112 2215 2142 do-

1240 2168 1301 2195 nat
1319 2167 1351 2194 et
1367 2160 1475 2193 mittit
1491 2167 1729 2204 quaestorem,
1755 2160 1816 2204 qui
1831 2160 1861 2193 ei
1880 2160 2130 2204 possessionem
2148 2168 2219 2193 tra-

1241 2212 1310 2246 dat.
1363 2210 1466 2244 Dolet
1483 2222 1517 2243 se
1534 2211 1683 2244 rusticus
1700 2222 1739 2243 ex
1757 2222 1820 2244 suo
1836 2218 1868 2244 et
1884 2211 2056 2243 maiorum
2074 2222 2217 2244 suorum

1238 2263 1349 2295 fundo
1375 2261 1518 2305 expelli,
1546 2268 1579 2295 et
1601 2261 1742 2305 quidem
1767 2260 2019 2293 benemeritum
2037 2261 2079 2293 de
2097 2262 2218 2296 milite.

1238 2310 1395 2356 Exponit
1419 2312 1526 2354 igitur
1542 2310 1728 2353 Quaestori
1751 2310 1920 2352 integram
1944 2310 2023 2343 facti
2045 2313 2218 2346 narratio-

1239 2374 1337 2402 nem,
1365 2374 1468 2407 quam
1494 2362 1612 2402 miles,
1638 2361 1719 2406 quia
1740 2372 1865 2403 negare
1889 2372 1961 2393 non
1987 2368 2139 2404 poterat,
2165 2363 2217 2394 sa-

1238 2420 1330 2446 tetur
1356 2425 1471 2445 ieram
1497 2424 1578 2446 esse.
1637 2412 1761 2445 Censet
1788 2410 1893 2453 igitur
1919 2410 2092 2453 Quaestor
2115 2425 2215 2445 man-

1238 2465 1317 2496 data
1343 2463 1537 2495 differenda
1562 2473 1651 2502 esse,
1678 2467 1712 2494 et
1733 2461 1827 2493 iubet
1844 2465 2020 2505 utrunque
2039 2473 2152 2495 secum
2170 2465 2213 2495 ad

1237 2513 1367 2556 Regem
1394 2513 1574 2556 proticisci.
1642 2510 1753 2544 Audit
1776 2510 1853 2544 Rex
1878 2513 2082 2554 possessoris
2108 2514 2214 2545 meri—

1237 2571 1330 2603 tum,
1357 2571 1387 2596 et
1412 2564 1564 2596 osticium
1592 2561 1665 2593 eius
1686 2561 1823 2601 laudat,
1850 2568 1882 2594 et
1907 2562 2003 2595 iubet
2026 2574 2104 2595 eum
2129 2564 2213 2597 reti-

1237 2625 1319 2646 nere
1344 2614 1482 2653 villam,
1509 2623 1595 2657 qnae
1619 2618 1651 2643 et
1676 2611 1824 2644 maiores
1845 2611 1952 2656 ipsius
1970 2619 2004 2645 et
2023 2612 2134 2656 ipsum
2152 2626 2212 2646 va-

1636 2660 1788 2695 Militem
1809 2662 1903 2696 iubet
1922 2674 1997 2695 cum
2020 2663 2210 2706 ignominia

1222 1030 1223 1037 κ
1248 1008 1352 1042 diunt
1382 1009 1513 1043 oculos.
