2324 2955
193 122 266 158 375

197 214 296 253 ptum
312 212 431 239 contra
450 201 621 236 Ecclesias
636 205 784 241 nostras,
810 201 904 245 quod
921 207 1021 241 extat,
1047 200 1084 232 in
1103 211 1172 245 quo

199 267 354 301 expresse
379 254 477 287 dicit:
513 251 650 291 Patres,
677 248 812 291 Adam,
838 249 1037 289 Abraham,
1062 249 1173 284 Davi-

200 309 278 340 dem
307 311 338 337 et
361 299 571 345 Prophetas,
607 313 680 334 non
706 301 809 334 aliam
830 301 896 334 Dei
919 300 1086 333 noticiam
1110 297 1173 332 ha-

201 356 333 393 huisse,
374 364 479 396 quam
513 351 650 396 qualem
682 348 882 384 habuerunt
914 348 1115 394 Xenophon
1142 356 1174 382 et

200 405 332 438 Cicero.
384 401 459 435 llos
478 402 571 434 enim
589 401 769 442 nominat,
794 402 855 446 qui
877 412 1018 445 prorsus
1036 401 1175 443 ignora-

201 460 328 486 verunt
346 452 613 497 promissionem
633 451 882 495 redemptoris,
904 459 937 485 et
959 457 1095 485 tantum
1110 448 1174 483 ha-

200 505 353 536 huerunt
376 502 633 546 qualiacunque
656 501 740 544 legis
764 502 919 544 vestigia.
978 500 1047 534 Hic
1070 500 1177 533 Lato-

202 565 278 586 mus
294 553 474 597 aliquanto
493 559 569 596 post
586 552 757 592 moriens,
783 552 900 585 triduo
926 558 1005 584 ante
1029 558 1177 583 mortem

203 603 327 644 iacuit,
353 601 517 635 horribili
535 603 669 644 mugitu
686 602 883 644 significans
901 613 980 635 suos
997 601 1179 641 cruciatus,

204 660 235 686 et
255 653 450 686 exclamans
471 652 667 692 interdum,
701 664 736 684 se
764 652 929 685 scientem
953 651 1092 685 veritati
1118 651 1179 683 ad-

203 709 376 736 versatum
401 714 492 743 esse,
518 709 556 735 ut
581 702 768 746 pontificiis
792 702 950 747 tyrannis
975 708 1111 745 gratum
1129 701 1181 733 sa-

205 760 304 786 cerer.

303 828 404 862 Hanc
435 827 617 862 historiam
648 840 765 861 veram
798 839 869 861 esse
906 828 1009 861 multi
1039 834 1181 868 norunt,

206 891 310 924 quam
333 891 371 911 eo
397 891 649 919 commemoro,
683 885 722 911 ut
744 876 859 912 hostes
881 879 943 911 filii
962 879 1044 919 Dei,
1072 878 1181 910 Tam-

206 941 340 969 merUS‚
366 927 572 974 Staphylus,
600 935 631 961 et
653 928 808 969 similes,
833 927 899 962 hoc
922 929 1080 973 exemplo
1104 940 1181 960 mo·

205 979 288 1019 niti,
314 979 485 1012 iudicium
501 978 567 1012 Dei
590 985 758 1013 metuant.

307 1053 454 1096 Scripsit
489 1053 609 1086 eadem
633 1052 860 1092 'rammerus‚
894 1065 982 1096 quae
1003 1053 1183 1093 Latomus,

208 1110 240 1136 et
264 1104 505 1136 confusionem
528 1103 682 1145 gentium
708 1109 740 1135 et
757 1101 931 1134 Ecclesiae
951 1103 1051 1143 saeit,
1084 1103 1183 1145 fingit

208 1154 408 1195 allegoriam
434 1154 475 1185 de
490 1151 650 1192 Christo,
684 1152 731 1185 ait
755 1164 835 1184 eum
860 1163 930 1185 esse
954 1153 1037 1194 legis
1053 1165 1183 1185 vocem.

210 1204 386 1235 Adversus
406 1200 467 1235 has
484 1200 716 1245 blasphemias
734 1209 913 1235 teneamus
932 1214 1011 1235 vera
1028 1202 1184 1236 testimo-

208 1253 287 1293 nia,
315 1255 357 1285 de
372 1254 506 1285 duabus
524 1252 656 1285 naturis
673 1252 709 1283 in
725 1250 864 1285 Christo
881 1258 963 1284 nato
982 1264 1020 1284 ex
1038 1253 1184 1294 virgine,

208 1310 246 1335 ut
264 1303 437 1335 invocatio
456 1303 497 1334 ad
516 1314 593 1334 eum
611 1302 654 1333 sit
671 1302 770 1333 firma
787 1308 819 1333 et
834 1302 979 1340 ardens,
1007 1308 1039 1333 et
1055 1309 1185 1334 statua-

207 1363 285 1384 mus
302 1364 380 1384 vere
401 1363 463 1383 nos
479 1352 522 1383 ab
539 1363 578 1383 eo
596 1350 769 1389 exaudiri,
793 1350 881 1382 sicut
898 1350 1031 1393 inquit:
1061 1350 1186 1383 Venite

209 1402 251 1434 ad
277 1413 332 1433 me
356 1412 495 1440 omnes,
534 1400 593 1444 qui
619 1400 784 1433 laboratis
810 1406 843 1432 et
866 1400 1000 1432 onerati
1026 1400 1125 1440 estis,
1154 1407 1186 1433 et.

209 1463 270 1493 ego
288 1452 438 1483 reficiam
457 1462 529 1484 vos.
564 1449 764 1483 Redeamus
782 1449 890 1491 igitur
906 1450 948 1481 ad
967 1450 1098 1482 dictum
1115 1450 1186 1483 Da-

208 1502 316 1542 vidis‚
343 1508 376 1534 et
393 1501 475 1532 inde
490 1500 746 1532 consolationes
772 1510 951 1533 sumanus.

310 1573 448 1619 Aspicis
462 1586 534 1613 me,
561 1573 687 1617 inquit.
723 1572 774 1605 Ita
795 1573 924 1615 singuli
941 1573 983 1605 ad
1004 1585 1082 1605 eum
1102 1586 1187 1606 con-

209 1626 390 1667 fugientes,
409 1624 514 1668 aspici
533 1635 567 1656 se
584 1636 601 1655 a
619 1624 689 1655 filio
700 1622 763 1655 Dei
782 1635 861 1655 vere
879 1630 1042 1657 statuant.
1068 1623 1184 1657 Sciant

212 1687 281 1708 esse
300 1676 576 1719 omnipotentem
589 1700 598 1714 ‚
624 1685 661 1706 ac
680 1673 808 1706 intueri
826 1673 984 1705 cordium
1004 1674 1162 1716 gemitus«.

286 1750 423 1784 Deinde
439 1750 586 1782 sciamus
602 1760 665 1781 nos
680 1748 813 1792 placide
830 1755 862 1781 et
878 1748 1066 1781 clementer
1081 1751 1186 1793 aspici

214 1808 245 1833 et
270 1801 373 1843 erigi,
400 1800 481 1845 quia
502 1797 558 1831 hic
581 1799 672 1831 filius
696 1798 798 1831 nobis
825 1799 975 1831 donatus
994 1805 1061 1837 est,
1088 1808 1127 1833 ut
1144 1802 1187 1833 sit

212 1851 399 1890 mediator,
426 1862 469 1881 ne
487 1850 522 1880 in
539 1861 602 1880 nos
618 1849 667 1881 ira
683 1849 751 1881 Dei
768 1848 985 1888 effundatur,
1011 1849 1098 1883 sicut
1115 1851 1187 1894 ipse

211 1901 342 1944 inquit:
369 1900 448 1933 Non
467 1899 560 1932 misit
580 1899 676 1931 Deus
693 1899 803 1931 filium
827 1899 981 1931 suumin
1000 1901 1186 1942 mundum,

210 1958 249 1982 nt
277 1951 405 1984 iudicet
431 1950 622 1989 mundum,
646 1949 705 1982 sed
732 1955 770 1981 ut
789 1949 941 1981 salvetur
959 1951 1109 1984 mundus
1128 1964 1188 1995 per

212 2013 301 2036 eum.

313 2075 390 2119 Ipse
407 2083 455 2108 est
473 2075 716 2107 umbraculum
733 2080 850 2112 tunm,
878 2087 922 2107 ne
945 2075 994 2107 ira
1013 2073 1079 2107 Dei
1103 2088 1186 2109 con-

213 2127 369 2159 sumaris.
425 2125 474 2158 Ac
500 2126 685 2167 diligenter
708 2125 915 2156 immoretur
939 2126 1100 2166 cogitatio
1123 2140 1186 2159 no-

216 2183 281 2208 stra
300 2178 405 2208 verbo
417 2175 633 2219 Aspiciendi,
662 2181 693 2206 et
711 2184 947 2216 agnoscamus,
978 2175 1186 2208 immensum

214 2226 418 2257 beneficium
439 2238 528 2265 esse,
556 2226 648 2270 quod
669 2222 724 2256 hic
742 2222 916 2256 Dominus
933 2237 1012 2257 vere
1039 2238 1101 2258 nos
1120 2227 1186 2258 mi-

214 2287 304 2307 seros
321 2276 461 2318 aspicit,
490 2283 604 2313 curat,
631 2288 667 2307 ac
688 2274 836 2318 protegit
853 2285 932 2313 nos,
959 2287 1030 2306 non
1050 2283 1183 2309 tantum

214 2326 248 2356 in
274 2327 517 2357 communibus
540 2333 683 2359 naturae
708 2324 890 2368 periculis,
914 2327 970 2356 sed
1000 2326 1102 2358 etiam
1122 2329 1183 2358 ad-

214 2388 331 2407 versus
347 2383 511 2419 tyrannos
530 2383 561 2407 et
578 2376 747 2410 diabolos.
800 2372 936 2407 Deinde
954 2382 984 2407 et
1012 2376 1045 2407 in
1075 2385 1184 2409 morte

211 2432 324 2458 servat
342 2438 420 2461 nos,
450 2439 491 2457 ne
507 2427 747 2468 opprimamur
765 2426 914 2457 aeternis
936 2426 1047 2459 malis.

212 2476 341 2520 iuquit:
368 2475 477 2508 hemo
496 2476 605 2518 rapiet
622 2488 702 2508 oves
718 2487 810 2507 meas
828 2488 865 2507 ex
885 2477 1046 2508 manilius
1063 2479 1157 2511 meis.

310 2550 446 2583 Deinde
473 2557 642 2594 quantum
668 2557 735 2589 est,
773 2551 864 2594 quod
901 2564 962 2583 nos
993 2552 1113 2594 aspirit
1148 2555 1180 2585 in

211 2602 318 2633 forma
339 2599 509 2633 hominis?
539 2599 656 2632 lnduit
672 2597 859 2632 humanam
880 2608 1038 2633 naturam
1060 2604 1116 2641 ita,
1145 2614 1178 2636 nt

207 2665 283 2684 rum
302 2660 388 2685 esset
403 2653 476 2685 sine
493 2657 650 2695 peccato,
690 2659 801 2684 tamen
829 2663 956 2693 poenas
982 2660 1180 2685 nostrorum

734 115 893 152 DECL.
926 113 1000 149 DE
1034 112 1221 149 DICTO
1260 115 1277 148 1
1308 108 1574 148 PARAL1P.
1603 110 1669 148 17.

1104 2427 1182 2459 illm)
1210 2457 1211 2461 ,

2122 110 2196 146 876

1225 203 1443 242 peccatorum
1456 220 1467 239 ‚
1493 201 1641 229 mortem
1665 201 1699 229 et
1721 194 1916 228 ineffabiles
1936 195 2075 228 dolores
2092 195 2197 230 susti·-

1226 254 1334 281 nerei·

1324 319 1612 363 Contemplemur
1634 331 1698 353 nos
1721 320 1831 363 ipsos,
1861 330 1965 364 quam
1990 318 2132 351 foedum
2153 319 2198 351 sit

1226 370 1458 414 spectaculum
1476 370 1634 404 cadaver.
1665 368 1764 402 Talis
1783 377 1832 404 est
1849 367 1906 402 hic
1923 368 2097 402 Dominus
2113 379 2198 411 pen·

1227 422 1312 453 dens
1335 420 1372 452 in
1396 431 1515 460 cruce,
1550 426 1583 452 et
1605 418 1761 452 abiectus
1785 420 1823 452 in
1855 417 2089 463 sepulchrum.
2143 416 2200 450 Fit

1228 470 1352 504 similis
1369 470 1497 503 nostris
1513 468 1753 504 cadaveribus.
1805 468 1862 502 Sic
1879 470 2028 502 induens
2045 474 2200 501 nostram

1228 522 1393 558 sormam,
1427 532 1491 552 nos
1514 519 1646 563 aspicit.
1707 519 1776 552 Sed
1801 520 1886 552 dum
1906 520 1943 553 fit
1966 521 2111 552 cadaver
2139 524 2201 550 tuo

1230 571 1360 611 simile,
1386 570 1493 603 simul
1516 577 1565 603 est
1586 568 1682 602 Deus
1709 566 1854 609 lehova,
1893 575 1926 602 et
1951 575 2012 602 tuo
2043 568 2200 601 cadaveri

1231 622 1346 654 reddit
1364 621 1486 661 vitam,
1502 626 1536 653 et
1555 620 1696 664 quidem
1711 620 1892 653 liberatam
1909 631 1927 652 a
1945 624 2094 662 peccato,
2108 628 2203 649 mor-

1232 679 1281 712 te,
1307 678 1339 704 et
1358 671 1522 704 omnibus
1537 670 1722 705 aerumnis.
1776 668 1821 703 Et
1838 667 1920 702 haec
1942 675 2060 702 nostra
2076 666 2205 710 turpis-

1232 723 1318 754 sima
1336 722 1520 761 cadavera,
1548 718 1614 752 hoc
1630 718 1784 753 Domino
1809 731 1906 753 suam
1928 720 2077 752 sormam
2103 716 2205 750 nobis

1233 772 1408 805 tribuente
1463 772 1552 804 fiunt
1576 770 1704 813 templa
1727 777 1760 804 et
1785 770 1961 802 domicilia
1979 768 2043 803 Dei
2071 768 2108 800 in
2133 773 2204 800 tota

1234 822 1445 855 aeternitate..
1497 821 1577 854 Non
1594 826 1706 863 potest
1721 820 1828 853 ullius
1843 826 2019 853 creaturae
2034 818 2202 862 eloquen-

1235 874 1280 906 tia
1311 872 1406 915 pingi
1435 869 1519 904 haec
1551 868 1734 903 antithesis
1759 871 1891 902 formae
1920 867 2093 906 hominis,
2126 878 2205 900 cum

1233 920 1395 955 Christus
1418 922 1455 954 fit
1481 922 1626 953 cadaver
1642 920 1744 953 nobis
1763 920 1897 960 simile,
1925 926 1958 952 et
1975 930 2038 952 nos
2054 917 2207 950 vicissim

1235 973 1417 1005 induimur
1432 972 1544 1004 forma
1565 970 1777 1012 resurgentis
1790 968 1934 1005 Christi.
1986 967 2072 1001 vult
2092 974 2209 1000 tamen

1235 1021 1328 1055 Deus
1345 1022 1445 1054 initia
1464 1019 1567 1054 huius
1583 1032 1663 1053 suae
1680 1020 1868 1063 sapientiae
1881 1026 1913 1052 et
1936 1018 2101 1052 bonitatis
2115 1016 2209 1059 cogi—

1235 1072 1320 1109 tari,
1348 1078 1380 1104 et
1402 1069 1467 1103 hac
1493 1070 1701 1112 cogitatione
1725 1071 1837 1103 lucem
1863 1081 1960 1104 suam
1977 1069 2014 1101 in
2030 1068 2134 1101 nobis
2152 1078 2207 1098 ac-

1236 1121 1363 1154 cendit.

1335 1194 1518 1227 Praeterea
1536 1194 1684 1225 formam
1702 1198 1857 1226 nostram
1876 1191 2004 1232 induit,
2031 1203 2110 1225 cum
2128 1202 2211 1234 pro—

1236 1250 1364 1278 stratus
1382 1255 1499 1277 coram
1515 1250 1654 1276 aeterno
1670 1249 1778 1286 patre,
1803 1249 1836 1275 et
1855 1243 2031 1275 sustinens
2047 1242 2133 1274 iram
2143 1239 2209 1273 Dei

1238 1295 1382 1326 effusam
1398 1295 1435 1325 in
1450 1304 1529 1324 eum
1547 1299 1689 1335 propter
1705 1299 1823 1324 nostra
1838 1299 1987 1335 peccata,
2013 1292 2114 1323 sudat
2130 1301 2211 1323 san—

1238 1343 1392 1386 guinem.
1445 1339 1542 1374 Nihil
1560 1341 1692 1374 tristius
1706 1339 1771 1374 hac
1789 1342 1901 1374 forma
1927 1341 2071 1384 cogitari
2087 1346 2211 1384 potest.

1239 1393 1308 1426 Sed
1334 1390 1423 1424 hanc
1447 1391 1583 1431 induit,
1607 1398 1647 1425 ut
1670 1388 1785 1436 λύτρα
1808 1403 1870 1434 pro
1895 1391 1998 1423 nobis
2015 1391 2143 1430 solvat,
2168 1389 2212 1423 sit

1239 1444 1439 1484 redemptor
1456 1449 1488 1474 et
1504 1442 1718 1483 deprecator,
1735 1441 1823 1473 sicut
1842 1440 2007 1483 scriptum
2026 1447 2091 1473 est:
2118 1437 2212 1472 Eum

1239 1492 1299 1536 qui
1315 1503 1387 1524 non
1402 1491 1500 1523 novit
1514 1496 1691 1533 peccatum
1706 1490 1787 1522 fecit
1801 1496 1992 1533 peccatum,
2007 1496 2045 1522 nt
2062 1500 2125 1522 nos
2150 1489 2212 1522 fia-

1239 1553 1315 1573 mus
1332 1541 1467 1574 iusticia
1478 1539 1545 1572 Dei
1564 1540 1602 1571 in
1619 1539 1705 1583 ipso.
1733 1539 1832 1572 Sicut
1848 1539 1963 1572 induit
1980 1540 2129 1572 formam
2146 1536 2213 1571 ho—

1239 1591 1363 1629 minis,
1397 1598 1436 1624 ut
1471 1590 1508 1622 in
1536 1601 1570 1622 se
1603 1601 1733 1633 poenas
1765 1597 1964 1624 nostrorum
1993 1596 2214 1633 peccatorum

1239 1642 1441 1679 transferat,
1468 1640 1571 1673 nobis
1587 1651 1669 1673 vero
1685 1640 1793 1673 donet
1808 1651 1906 1673 suam
1931 1640 2098 1680 formam,
2125 1651 2214 1683 quae

1239 1698 1288 1725 est
1306 1691 1440 1725 iusticia
1451 1689 1531 1731 Dei,
1553 1697 1584 1724 et
1601 1691 1672 1724 vita
1687 1690 1833 1724 liberata
1850 1702 1869 1723 a
1884 1696 2022 1734 peccato
2040 1696 2073 1723 et
2088 1696 2213 1723 morte.

1338 1765 1415 1800 Etsi
1436 1773 1551 1799 autem
1575 1765 1781 1809 magnitudo
1799 1763 1924 1800 harum
1940 1778 2058 1800 rerum
2075 1772 2215 1809 superat

1240 1817 1397 1850 omnium
1420 1823 1656 1849 creaturarum
1675 1817 1898 1860 sapientiam:
1922 1824 2039 1851 tamen
2055 1816 2214 1849 divinam

1240 1880 1360 1900 vocem
1383 1867 1565 1900 audiamus
1591 1864 1673 1900 haec
1698 1868 1897 1908 docentem,
1924 1875 1957 1902 et
1971 1867 2061 1901 veris
2075 1866 2213 1909 gemiti-

1240 1919 1305 1951 bus
1327 1925 1501 1961 petamus,
1527 1925 1565 1951 ut
1588 1917 1764 1951 illucescat
1785 1919 1960 1952 mentibus
1982 1919 2111 1951 nostris
2132 1928 2213 1950 vera

1240 1969 1303 2001 filii
1318 1967 1384 2000 Dei
1398 1968 1541 2010 agnitio,
1558 1968 1618 2012 qui
1637 1968 1673 2000 in
1689 1966 1743 2000 his
1761 1969 1832 2002 suis
1849 1969 2031 2002 doloribus
2047 1980 2119 2000 non
2133 1975 2211 2002 tan-

1242 2026 1314 2052 tmn
1332 2025 1381 2051 est
1397 2018 1592 2062 exemplum
1609 2019 1812 2062 patientiae,
1840 2021 1900 2052 sed
1924 2026 1975 2053 est
1999 2019 2211 2062 redemptor.

1240 2069 1389 2112 Propter
1405 2080 1468 2101 nos
1486 2069 1574 2101 iram
1590 2069 1721 2102 aeterni
1738 2070 1845 2113 patris
1862 2070 2025 2109 sustinet,
2052 2075 2084 2102 et
2098 2065 2212 2115 λύτρα

1240 2120 1361 2160 solvit,
1387 2131 1425 2152 ac
1448 2119 1550 2152 nobis
1574 2126 1726 2153 meretur
1747 2120 2011 2161 liberationem,
2045 2119 2132 2152 sieut
2156 2120 2212 2152 in-

1240 2171 1316 2215 quit
1333 2169 1478 2202 Paulus:
1508 2169 1683 2203 lustificati
1702 2172 1870 2214 sangnine
1888 2172 2004 2214 ipsiuS.
2048 2168 2094 2202 Et
2110 2169 2210 2202 alibi:

1241 2221 1296 2254 'l'n
1314 2222 1349 2253 iu
1368 2221 1535 2263 sanguine
1552 2222 1746 2254 testamenti
1763 2222 1813 2254 tui
1835 2223 1957 2255 educes
1974 2220 2109 2253 vinctos
2133 2227 2212 2254 tuos

1240 2272 1281 2303 de
1303 2272 1395 2311 lacu,
1423 2272 1458 2303 in
1479 2284 1547 2315 quo
1570 2283 1640 2303 non
1658 2279 1708 2304 est
1726 2284 1824 2315 aqna.

1341 2347 1440 2380 llanc
1458 2353 1564 2380 totam
1583 2347 1787 2391 sapientiam
1805 2345 2104 2391 ridentEpicurei,
2132 2347 2210 2380 Μει-

1237 2397 1420 2438 hoinetici,
1444 2397 1619 2438 Fanatici,
1647 2395 1839 2437 Pharisaei,
1867 2397 2061 2438 pontificii,
2088 2399 2209 2432 adver-

1239 2462 1294 2481 sus
1318 2460 1466 2494 quorum
1495 2446 1726 2491 blasphemias
1744 2448 1901 2480 doctrina
1919 2461 1982 2482 nos
2000 2449 2212 2485 muniamus,

1209 2501 1210 2507 ¹
1237 2507 1267 2532 et
1292 2500 1335 2532 ab
1361 2500 1434 2542 ipso
1462 2499 1532 2531 lilio
1551 2497 1615 2530 Dei
1641 2498 1838 2530 confirmari
1864 2511 1927 2531 nos
1953 2506 2126 2543 petamus,
2153 2499 2209 2532 cui

1208 2586 1209 2590 Ἰ
1235 2551 1361 2589 glutias
1378 2560 1537 2591 agamus,
1564 2555 1601 2580 nt
1616 2547 1686 2589 agit
1698 2546 1811 2580 David
1824 2575 1832 2588 ,
1858 2551 1950 2593 quod
1970 2563 2033 2583 nos
2049 2550 2084 2582 in
2100 2551 2210 2583 forma

1238 2598 1389 2632 hominis
1407 2599 1545 2641 aspicit,
1573 2598 1664 2641 quod
1686 2606 1827 2642 propter
1851 2612 1914 2632 nos
1933 2601 2046 2634 induit
2064 2612 2207 2633 massam

1206 2687 1210 2698 Ι
1238 2658 1380 2682 naturae
1398 2658 1545 2686 nostrae,
1574 2649 1666 2691 quod
1683 2648 1791 2683 sactus
1810 2657 1857 2682 est
1877 2652 2087 2697 redemptor,
2115 2655 2209 2697 qnod
