2324 2955
97 96 171 131 681

90 187 130 214 ut
153 189 275 212 verum
298 177 487 212 discrimen
513 175 764 221 conspiciatur,
804 174 981 212 Ecclesiae
1002 175 1070 211 Dei

89 238 122 264 et
137 229 288 264 aliorum
305 235 481 262 coetuum.

191 278 290 313 XXI.
324 276 557 312 Meminerint
573 288 654 320 ergo
672 290 793 313 omnes
817 279 965 314 studiosi
989 289 1070 322 per-

87 337 195 376 petuo
219 327 310 362 hanc
335 328 509 361 eruditam
534 328 776 363 definitionem
799 330 881 363 fidei
903 328 969 364 hoc
992 329 1069 362 loco

87 382 127 415 in
144 387 240 415 textu
249 378 373 412 Esaiae
389 389 462 422 cap.
479 379 540 414 26.
558 379 733 414 traditam.
786 379 890 414 Fides
907 388 957 414 est
971 380 1070 412 firma

88 430 250 475 cogitatio
265 435 420 462 statuens
436 428 551 462 Deum
568 430 650 462 dare
665 442 784 474 pacem
796 457 805 472 ,
832 431 964 465 scilicet
985 442 1070 475 pro-

87 489 165 526 pter
180 480 292 513 filium
309 479 540 524 promissum,
567 487 601 514 et
617 482 808 514 accendens
822 482 1004 522 fiduciam,
1030 486 1071 514 ut

87 529 144 564 hic
174 530 324 571 dicitur,
364 537 404 564 ut
427 531 646 563 confidamus
672 530 838 565 Domino.
897 531 1070 575 Congruit

84 588 202 615 autem
219 578 302 614 haec
327 580 487 614 definitio
510 592 588 613 cum
611 580 712 614 dictis
729 580 846 616 Pauli.
898 581 1003 616 Fides
1020 587 1070 614 est

84 638 221 670 motus,
248 643 319 676 quo
337 630 522 664 statuimus
539 631 642 663 nobis
666 632 799 665 remitti
822 639 962 676 peccata
984 644 1070 676 pro-

84 690 163 726 pter
179 682 421 722 mediatorem,
443 687 476 713 et
493 681 690 715 accedimus
706 683 749 715 ad
758 680 873 715 Deum
891 689 924 716 et
941 683 1069 715 clama-

86 743 164 766 mus
174 729 275 765 Abba
285 730 398 764 Pater.
450 729 547 764 Haec
561 732 721 765 definitio
738 733 890 766 traditur
899 729 1068 767 Rom.5.:

83 780 269 816 Iustiflcati
285 781 352 814 fide
369 793 490 825 pacem
506 779 675 815 habemus
691 794 771 826 erga
788 782 903 816 Deum
921 795 983 827 per
993 781 1069 816 Do-

83 833 222 866 minum
246 837 408 865 nostrum
424 831 541 865 Iesum
557 830 758 874 Christum,
793 845 855 876 per
875 845 979 878 quem
1005 830 1069 866 ha-

81 884 205 918 bemus
237 894 412 916 accessum
440 889 504 917 etc.
569 881 618 916 Et
649 882 755 919 Rom.
780 883 832 916 8.:
874 883 1068 927 Accepistis

81 932 254 976 Spiritum
268 933 470 976 adoptionis
488 932 655 973 filiorum,
675 945 745 977 quo
762 933 953 966 clamamus
963 931 1068 967 Abba

79 983 194 1018 Pater.
251 981 298 1017 Et
323 980 453 1026 Ephes.
469 983 522 1017 3.:
556 982 624 1015 Per
646 994 751 1026 quem
777 984 947 1017 audemus
970 995 1067 1017 acce-

80 1035 164 1067 dere
189 1033 227 1066 in
251 1033 390 1066 fiducia.
442 1031 490 1066 Et
504 1030 634 1068 Ebrae.
652 1032 706 1067 4.:
743 1032 961 1067 Accedamus
986 1046 1066 1068 cum

79 1083 208 1118 fiducia
227 1083 271 1116 ad
291 1080 459 1116 thronum
480 1083 622 1125 gratiae.

181 1132 299 1168 XXII.
325 1131 403 1166 Etsi
420 1145 498 1165 cum
516 1131 580 1166 hac
598 1133 665 1165 fide
680 1133 871 1177 accipiente
887 1133 1067 1166 remissio-

79 1196 162 1218 nem
195 1195 331 1227 semper
360 1183 568 1216 coniunctae
594 1190 676 1216 sunt
700 1184 788 1216 aliae
813 1184 976 1224 virtutes,
1010 1184 1066 1216 di-

79 1235 183 1268 lectio
200 1240 233 1267 et
249 1244 342 1277 spes,
371 1239 488 1266 tamen
512 1233 592 1265 ideo
615 1233 760 1266 dicitur:
789 1233 876 1267 Fide
899 1234 1066 1267 iustifica-

78 1297 177 1323 mur,
204 1290 243 1317 ut
258 1283 495 1326 intelligamus
512 1295 576 1316 nos
593 1296 664 1315 non
679 1290 823 1327 propter
839 1290 975 1317 nostras
991 1285 1065 1317 vir-

79 1342 189 1374 tutes,
218 1334 277 1366 sed
296 1340 439 1377 propter
455 1334 567 1366 filium
584 1332 649 1366 Dei
669 1334 776 1377 recipi
792 1347 811 1367 a
828 1334 915 1369 Deo.

182 1382 319 1417 XXIII.
355 1382 502 1417 Interim
528 1385 672 1427 prodest
702 1391 821 1417 tenere
846 1383 1065 1417 differentias

78 1442 111 1468 et
129 1434 352 1467 definitiones
371 1431 498 1466 harum
516 1435 700 1468 virtutum.
745 1434 850 1467 Fides
868 1441 919 1468 est
934 1435 1064 1467 adsen-

75 1486 137 1519 tiri
164 1483 262 1517 omni
289 1483 397 1516 verbo
421 1482 488 1515 Dei
514 1490 546 1516 et
570 1484 800 1526 promissioni
833 1483 987 1526 gratiae,
1029 1490 1063 1516 et

76 1534 251 1569 confidere
265 1545 330 1567 nos
354 1533 449 1566 iuxta
472 1534 741 1577 promissionem
766 1533 874 1567 aDeo
898 1533 1008 1577 recipi
1029 1539 1063 1566 et

75 1584 248 1618 exaudiri.
301 1582 388 1627 Spes
404 1589 454 1616 est
469 1584 660 1627 expectatio
676 1584 814 1617 futurae
829 1583 1061 1617 liberationis.

74 1635 256 1668 Differunt
283 1633 466 1677 perspicue
498 1634 584 1666 fides
614 1640 648 1667 et
676 1646 774 1678 spe5‚
809 1646 849 1667 eo
872 1635 967 1679 quod
994 1634 1062 1667 fide

75 1684 296 1728 agnoscimus
324 1684 471 1716 verbum
496 1683 583 1725 Dei,
624 1690 659 1717 et
682 1684 873 1728 accipimus
898 1695 1062 1729 praesens

74 1735 302 1775 beneficium,
329 1733 461 1766 scilicet
477 1734 718 1767 remissionem
736 1741 971 1779 peccatorum.
1013 1733 1062 1767 At

74 1799 135 1830 spe
166 1791 386 1830 expectamus
414 1784 571 1817 futuram
601 1785 773 1827 integram
799 1785 1059 1819 liberationem.

74 1837 180 1879 Quod
218 1835 325 1879 igitur
359 1834 571 1868 cavillantur
605 1834 738 1880 aliqui,
787 1835 952 1869 fiduciam
988 1847 1060 1868 esse

72 1895 188 1922 actum
213 1885 306 1929 spei,
332 1885 436 1929 plane
460 1885 655 1928 respondeo
678 1885 840 1919 fiduciam
868 1886 1061 1930 praesentis

73 1936 372 1973 reconciliationis
391 1947 464 1968 esse
482 1942 598 1968 actum
615 1936 715 1977 fidei,
740 1938 800 1970 sed
820 1936 984 1970 fiduciam
1000 1948 1059 1968 ex-

73 1994 268 2034 pectantem
286 1987 445 2026 futuram⁴
458 1986 705 2019 liberationem
730 1998 802 2020 esse
830 1994 947 2020 actum
971 1987 1059 2030 spei.

72 2038 307 2072 Dilectionem
344 2035 467 2070 Iohan.
498 2037 622 2070 delinit
651 2036 688 2070 in
713 2036 874 2082 Epistola
906 2049 982 2081 cap.
1008 2035 1057 2070 5.:

72 2089 168 2123 Ilaec
182 2095 234 2122 est
252 2088 394 2121 dilectio
413 2086 500 2127 Dei,
527 2094 566 2120 ut
581 2088 744 2121 mandata
768 2088 843 2121 eius
869 2099 1057 2122 servemus.

69 2138 135 2175 Est
152 2140 260 2183 igitur
277 2138 417 2172 dilectio
435 2137 519 2178 Dei,
544 2149 682 2171 servare
699 2140 862 2172 mandata
883 2139 956 2172 eius
975 2150 1056 2171 cum

71 2192 222 2236 quadam
240 2189 370 2223 laetitia
383 2216 393 2229 ,
418 2200 508 2234 quae
526 2188 639 2222 oritur
654 2200 693 2221 ex
712 2190 893 2231 agnitione
917 2189 1056 2222 miseri-

72 2242 227 2281 cordiae,
253 2240 503 2273 beneficiorum
527 2245 560 2272 et
578 2240 793 2283 praesentiae
808 2240 874 2273 Dei
899 2239 1055 2273 curantis

72 2298 105 2324 et
129 2291 327 2334 recipientis
351 2301 415 2323 nos
441 2296 585 2334 propter
607 2290 728 2323 silium.
788 2289 938 2335 Propter
961 2288 1055 2323 hunc

72 2339 241 2375 Iohannis
257 2341 371 2374 locum
391 2337 588 2374 scholastici
607 2341 766 2374 doctores
789 2342 832 2374 de
856 2341 1056 2381 dilectione,

70 2399 110 2426 ut
127 2390 332 2436 Philosophi
354 2393 396 2425 de
421 2392 579 2436 iusticia,
614 2392 805 2426 universali
831 2392 939 2426 locuti
962 2398 1056 2426 sunt.

735 89 999 127 PIIILIPPI
1030 88 1485 130 MELANTHONIS.

2047 95 2119 129 682

1123 174 1194 210 Sed
1211 173 1295 210 haec
1314 176 1447 211 iustitia
1466 177 1666 211 dilectionis
1682 178 1744 212 etsi
1762 175 1819 212 hic
1839 175 2039 213 inchoanda
2055 188 2116 219 est,

1123 232 1241 260 tamen
1263 225 1379 260 adhuc
1403 228 1506 261 valde
1530 229 1706 262 imbecilla
1730 236 1763 262 et
1783 230 1904 273 exigua
1929 237 1997 270 est,
2036 231 2115 263 ideo

1123 283 1260 320 oportet
1274 278 1550 312 consolationem
1567 279 1662 312 illam
1679 280 1822 313 alteram
1840 282 2004 325 proponi,
2021 283 2116 326 quod

1122 327 1191 359 fide
1213 335 1357 372 propter
1378 327 1490 361 filiurn
1506 328 1571 362 Dei
1592 330 1806 373 placeamus,
1838 331 1925 364 sicut
1944 330 2060 366 Galat.
2080 331 2115 366 5.

1123 378 1268 411 dicitur:
1302 377 1375 411 Nos
1399 379 1525 423 spiritu
1550 392 1590 413 ex
1606 380 1694 419 fide,
1721 393 1815 425 spem
1835 382 1992 416 iusticiae
2010 394 2115 427 expe-

1122 435 1267 462 ctamus.
1298 427 1385 461 Item
1402 430 1499 463 nulla
1513 442 1608 464 nunc
1624 432 1880 472 condemnatio,
1898 434 1995 476 quasi
2012 434 2116 474 dicat,

1123 478 1186 512 etsi
1202 479 1362 512 nondum
1376 491 1496 513 sumus
1511 481 1584 513 sine
1601 488 1753 525 peccato,
1781 488 1898 515 tamen
1914 484 2012 517 nulla
2029 497 2113 518 con-

1123 529 1300 562 demnatio
1319 536 1367 563 est
1382 531 1646 564 ambulantibus
1662 532 1699 563 in
1715 529 1857 565 Christo
1874 530 1947 565 Ias
1960 547 1993 569 ιι.

1223 579 1357 613 XXIV.
1393 579 1489 614 Ilaec
1507 582 1668 615 doctrina
1685 593 1765 614 vera
1783 588 1850 623 est,
1880 584 1936 626 pia
1958 592 1989 618 et
2015 585 2112 618 utilis

1121 627 1321 671 Ecclesiae,
1347 631 1406 663 sed
1424 631 1505 676 quia
1522 632 1566 664 ab
1583 631 1708 664 ociosis
1725 638 1758 665 et
1774 644 1846 665 non
1868 636 2112 668 exercentibus

1122 680 1384 714 invocationem
1399 681 1436 713 in
1452 681 1544 714 veris
1561 682 1763 723 doloribus,
1790 694 1863 716 non
1891 683 2113 729 intelligitur,

1121 730 1202 764 ideo
1220 731 1323 764 multi
1342 732 1546 765 reclamant.

1224 780 1339 815 XXV.
1389 780 1547 815 Ecclesia
1582 782 1749 827 intelligit
1784 797 1846 818 cur
1881 785 2034 818 subiecta
2069 786 2113 819 sit

1121 831 1236 869 cruci,
1268 838 1301 865 et
1325 832 1481 874 agnoscit
1503 833 1590 866 iram
1607 833 1674 867 Dei
1697 836 1864 869 adversus
1889 843 2044 880 peccata,
2078 844 2111 869 et

1122 881 1275 914 clamitat
1292 894 1371 915 cum
1388 881 1513 916 Iesaia:
1547 883 1758 929 Iniquitates
1782 895 1920 919 nostrae
1949 894 1984 919 ut
2012 887 2106 920 venti

1121 932 1382 974 dissipaverunt
1400 944 1481 974 n05‚
1506 947 1574 979 qua
1596 947 1679 968 voce
1698 937 1782 980 quid
1801 937 2015 980 significetur
2035 949 2109 970 me—

1121 982 1190 1015 lius
1207 983 1391 1026 intelliges,
1407 983 1435 1016 si
1455 983 1522 1016 iam
1534 983 1737 1027 Hungariae
1757 987 2001 1030 dissipaticnes
2016 988 2111 1031 aspi-

1121 1033 1210 1074 cias,
1246 1040 1305 1066 aut
1330 1034 1547 1067 miserandas
1569 1033 1806 1069 Ecclesiarum
1833 1039 2110 1073 dilacerationes.

1121 1082 1333 1116 Moveamur
1364 1095 1445 1126 ergo
1476 1085 1606 1118 nostris
1627 1092 1660 1119 et
1680 1088 1927 1122 communibus
1949 1089 2110 1126 miseriis,

1121 1140 1154 1167 et
1187 1134 1361 1166 discamus
1397 1146 1516 1167 veram
1550 1136 1832 1177 invocationem,
1881 1146 1913 1173 et
1954 1146 2109 1183 petamus

1121 1183 1248 1217 fiducia
1267 1184 1408 1217 filiiDei
1426 1185 1667 1220 remissionem
1687 1196 1907 1232 peccatorum
1920 1217 1928 1226 ,
1956 1199 1985 1221 vt
2003 1190 2109 1223 sacia—

1120 1245 1198 1267 mus
1215 1234 1350 1268 fructus
1365 1236 1489 1278 dignos
1507 1237 1734 1280 poenitentia.
1776 1239 1869 1273 Ilaec
1887 1241 1913 1272 si
1932 1241 2109 1279 faciemus,

1120 1282 1203 1318 haec
1222 1285 1383 1318 doctrina
1401 1294 1433 1320 et
1449 1287 1622 1320 illustrior
1638 1289 1703 1322 erit
1721 1296 1755 1322 et
1771 1291 1921 1323 dulcior.

1221 1334 1356 1370 XXVI.
1398 1335 1488 1370 Cum
1511 1336 1635 1371 Iesaias
1659 1339 1818 1373 nominat
1848 1342 1971 1379 fidem,
2024 1343 2106 1374 item

1119 1385 1260 1425 definit,
1300 1385 1404 1418 fidem
1437 1398 1508 1419 esse
1538 1388 1787 1431 cogitationem
1822 1391 1977 1429 firmam,
2014 1400 2106 1424 certe

1117 1435 1266 1479 requirit
1283 1436 1578 1478 praedicationem
1595 1440 1693 1472 verbi
1708 1439 1775 1473 Dei
1793 1453 1853 1474 seu
1868 1442 2105 1475 ministerium

1116 1482 1314 1527 Evangelii.
1373 1486 1462 1519 Nam
1486 1488 1570 1520 fides
1593 1500 1632 1521 ex
1659 1491 1783 1523 auditu
1808 1499 1876 1531 est,
1911 1501 1948 1525 ut
1975 1492 2105 1526 Paulus

1116 1534 1246 1578 inquit.
1298 1534 1382 1568 Ideo
1401 1536 1497 1570 iubet
1514 1538 1550 1570 in
1569 1546 1665 1572 textu
1683 1542 1810 1584 aperiri
1829 1549 1963 1585 portas,
1993 1543 2027 1576 id
2044 1550 2105 1584 est,

1114 1584 1352 1618 ministerium
1370 1584 1555 1630 Evangelii
1572 1591 1740 1623 exerceri:
1770 1599 1802 1625 et
1820 1590 1876 1625 hic
1899 1593 1997 1626 locus
2023 1605 2104 1626 rur-

1115 1645 1173 1667 sus
1194 1636 1380 1677 admonet,
1415 1639 1511 1682 quod
1534 1650 1639 1683 supra
1671 1641 1805 1675 dictum
1835 1650 1883 1676 est
1906 1642 2102 1677 Ecclesiam

1115 1684 1289 1718 iustorum
1308 1694 1470 1730 oportere
1488 1690 1651 1723 collocari
1675 1691 1712 1724 in
1738 1690 1803 1725 hac
1826 1694 1958 1728 visibili
1978 1693 2103 1728 Eccle-

1114 1735 1163 1768 sia
1184 1743 1408 1778 vocatorum,
1436 1738 1472 1771 in
1491 1751 1558 1784 qua
1585 1752 1671 1783 pura
1697 1755 1762 1775 vox
1778 1741 1963 1788 Evangelii
1990 1753 2103 1786 sonat,

1113 1792 1146 1819 et
1162 1798 1235 1819 non
1253 1788 1493 1823 defenduntur
1509 1791 1736 1834 pertinaciter
1753 1805 1889 1828 errores
1904 1803 2102 1840 pugnantes

1113 1848 1191 1869 cum
1208 1835 1416 1879 Evangelio,

1214 1887 1366 1924 XXVII.
1400 1889 1680 1926 Commendatur
1696 1894 1799 1928 etiam
1817 1897 1920 1929 nobis
1938 1898 2102 1932 ministe-

1111 1936 1157 1969 rii
1180 1939 1371 1979 evangelici
1399 1941 1549 1975 efficacia
1573 1950 1605 1976 et
1630 1944 1794 1987 dignitas,
1853 1946 2008 1981 Tantum
2038 1961 2099 1992 per

1111 1988 1348 2022 ministerium
1371 1992 1610 2033 evangelicum
1636 1994 1730 2027 Dens
1756 2003 1806 2029 est
1830 1996 1969 2037 efficax,
2002 1999 2098 2034 iuxta

1112 2037 1217 2072 illud:
1258 2037 1492 2083 EvangelIum
1528 2050 1576 2077 est
1608 2045 1762 2087 potentia
1785 2046 1849 2079 Dei
1877 2049 1919 2081 ad
1949 2050 2096 2083 salutem

1110 2090 1207 2121 omni
1240 2091 1407 2125 credenti.
1474 2092 1690 2128 Damnemus
1725 2108 1806 2139 ergo
1844 2099 1979 2132 furores
2012 2113 2097 2134 ana-

1110 2139 1331 2184 baptisticos,
1358 2142 1419 2186 qui
1444 2144 1680 2178 ministerium
1704 2147 1893 2189 damnant,
1927 2157 1959 2183 et
1987 2163 2095 2195 quae-

1108 2198 1192 2224 runt
1215 2203 1326 2225 novos
1347 2194 1496 2227 adflatus
1519 2195 1589 2228 suis
1615 2198 1924 2240 speculationibus.
1980 2201 2096 2235 Vene-

1108 2252 1229 2274 remur
1246 2242 1348 2275 etiam
1368 2245 1499 2277 maiore
1521 2246 1636 2278 studio
1661 2254 1692 2280 et
1711 2248 1916 2284 adiuvemus
1932 2253 2094 2286 ministe-

1108 2291 1201 2324 rium
1221 2292 1257 2324 in
1276 2291 1441 2327 Ecclesiis
1459 2302 1490 2328 et
1509 2294 1660 2336 scholis,
1689 2304 1720 2330 et
1747 2299 1897 2334 sciamus
1924 2300 1989 2336 hoc
2014 2304 2092 2336 ossi-

1108 2342 1201 2375 citnn
1219 2343 1293 2375 Deo
1318 2352 1454 2387 gratum
1482 2358 1553 2378 csse
1579 2347 1741 2380 etheum
1764 2358 1908 2394 propter
1933 2355 2093 2388 ministe-

1108 2392 1200 2426 rium
1219 2394 1355 2440 aliquas
1372 2396 1512 2441 politias
1528 2405 1747 2433 servaturum
1763 2412 1847 2438 csse.
