2324 2955
197 131 270 168 355

204 215 441 262 eloquentiam
458 211 751 247 considerassent,
778 213 812 240 et
829 217 944 239 mores
964 205 1094 239 scirent
1117 206 1183 238 bo-

206 269 260 300 nis
277 267 360 298 viris
377 261 537 307 probari,
561 265 663 291 vocat
678 269 756 290 eum
774 257 857 290 Dux
874 256 1045 289 Saxoniae
1060 255 1186 288 Fride-

207 317 345 350 ricusin
356 313 482 351 aulam,
499 308 749 343 etCancellarii
766 318 893 339 munus
907 306 937 338 ei
953 306 1186 347 commendat,

209 365 301 410 quod
322 362 415 396 scitis
432 361 658 406 praecipuum
675 369 746 391 esse
761 369 833 389 non
859 357 972 389 solum
990 357 1027 388 in
1045 362 1186 400 praeto—

208 415 269 448 riis
279 412 444 455 negociis,
460 412 518 444 sed
528 410 630 443 etiam
641 408 718 441 aliis
729 407 947 450 gravioribus
960 406 1187 439 deliberatio-

210 465 326 498 nibus,
378 461 523 494 Constat
547 466 659 493 autem
685 459 722 490 in
742 457 880 490 iudiciis
904 457 1064 499 regendis
1081 457 1189 490 indu-

212 514 331 547 striam
358 519 390 545 et
414 511 622 555 aequitatem
647 509 720 542 eius
744 508 791 541 ita
815 507 997 551 probatam
1012 507 1116 539 fuisse
1135 518 1190 540 sa-

212 563 390 608 pientibus
403 574 441 595 ac
457 561 559 594 bonis
568 558 805 602 Principibus,
823 557 1002 590 nobilitati
1018 563 1051 590 et
1069 557 1190 590 civita-

214 615 328 654 tibus,
354 619 393 645 ut
411 623 530 644 omnes
551 622 629 643 eum
646 609 775 653 pariter
792 608 987 650 diligerent,
1013 607 1072 640 sed
1092 619 1191 650 prae-

216 664 306 697 toria
326 662 467 705 negocia
491 661 626 696 omitto.
678 658 758 692 Dux
774 658 975 691 Fridericus
998 669 1078 690 eum
1096 657 1192 690 colo-

217 715 312 747 niam
336 724 450 745 secum
471 711 588 751 duxit,
622 710 684 743 ubi
707 708 883 753 colloquio
907 708 1067 742 interfuit
1086 707 1193 740 Ducis

217 763 388 797 Friderici
411 769 444 795 et
466 759 602 794 Erasmi
620 759 861 794 Roterodami.
914 757 968 791 Ibi
991 764 1024 792 et
1040 755 1195 791 Alexan-

218 815 282 846 dro
300 812 429 855 Legato
454 811 631 854 pontificio
656 809 855 853 respondit,
881 808 1030 852 petenti,
1057 814 1095 841 nt
1115 806 1194 840 Dux

219 863 419 896 Fridericus
451 858 645 894 Lutlierum
676 860 828 892 traderet
864 859 965 892 certis
999 856 1196 902 EpiscopiS,

220 913 280 957 qui
307 924 385 945 eum
415 912 543 944 carceri
572 910 804 943 includerent.
859 908 910 942 Ita
939 909 1040 942 initia
1063 908 1195 941 aulicae

220 962 365 995 militiae
385 961 535 994 Pontani
563 960 761 993 inciderunt
793 959 830 991 in
853 959 1001 1002 primam
1027 955 1196 1002 σι”ῤῥαξιν

219 1010 367 1046 Lutheri
385 1010 701 1044 etPontificiorum.
753 1008 795 1041 In
812 1006 876 1041 hac
894 1009 1018 1042 militia
1034 1010 1196 1051 deinceps

219 1074 330 1095 annos
345 1061 481 1094 circiter
497 1061 638 1103 triginta
653 1059 845 1103 plurimum
862 1071 1024 1092 curarum
1050 1065 1082 1091 et
1098 1058 1197 1090 labo-

221 1124 299 1145 rum
325 1111 500 1146 sustinuit.
552 1110 622 1144 Nec
645 1109 762 1143 omnia
794 1115 1032 1141 conventuum
1065 1107 1196 1151 praelia

220 1159 278 1194 hic
300 1161 436 1194 recitari
462 1166 622 1204 possunt:
658 1160 717 1192 sed
741 1160 911 1203 quaedam
934 1158 1122 1200 attingam,
1157 1169 1196 1189 ex

221 1211 349 1256 quibus
371 1212 414 1244 de
436 1211 578 1244 caeteris
593 1210 790 1243 coniectura
815 1209 888 1241 sieri
906 1215 1027 1252 potest.
1080 1207 1198 1240 WVor—

220 1261 347 1294 mattae
363 1273 440 1294 cum
457 1261 499 1293 de
516 1260 673 1292 maximis
689 1260 791 1292 rebus
805 1257 884 1291 Dux
901 1258 1101 1290 Fridericus
1118 1269 1196 1289 cum

221 1310 426 1344 BIercurino
444 1322 542 1352 saepe
560 1310 781 1341 deliberaret:
808 1308 920 1339 multa
940 1319 1018 1339 cum
1036 1306 1196 1338 Pontano

222 1359 449 1393 {Mercurinus
472 1359 692 1391 familiariter
708 1358 844 1390 locutus
861 1362 912 1389 est
930 1357 973 1388 de
990 1355 1107 1389 Caroli
1124 1354 1195 1387 Im·

221 1410 391 1454 peratoris
415 1409 611 1446 voluntate,
646 1419 749 1452 quam
771 1406 924 1439 ostendit
951 1406 1102 1438 alienam
1126 1415 1197 1437 esse

221 1472 241 1493 a
260 1459 484 1498 crudelitate,
510 1465 541 1491 et
557 1458 677 1491 conari
698 1463 736 1489 ut
759 1456 914 1500 synodus
934 1455 1109 1487 indicetur
1124 1466 1196 1486 non

224 1511 337 1542 solum
367 1515 509 1552 propter
533 1505 595 1540 has
628 1505 898 1544 controversias,
932 1505 992 1537 sed
1025 1504 1128 1536 etiam
1158 1509 1197 1535 ut

222 1560 325 1603 plura
350 1557 525 1591 Ecclesiae
556 1557 644 1589 mala
676 1555 905 1597 corrigantur.
955 1551 1003 1586 Et
1034 1553 1197 1585 narrabat

222 1607 658 1642 PontanusMercurinum
677 1604 743 1638 hoc
761 1601 992 1648 epiphonema
1005 1603 1195 1635 addidisse:

223 1657 320 1691 Bene
339 1659 496 1691 fecerunt
512 1657 692 1699 Principes
711 1654 942 1694 Germaniae,
978 1655 1070 1697 quod
1087 1651 1198 1686 Caro-

223 1709 297 1741 lum
322 1709 499 1751 elegerunt
527 1706 787 1750 Imperatorem.
839 1702 1074 1748 Experientur
1103 1703 1197 1735 enim

223 1766 255 1792 et
272 1759 458 1801 sapientem
478 1765 510 1791 et
525 1758 656 1790 bonum
672 1757 756 1791 sore.

299 1808 446 1841 Secutus
463 1815 512 1841 est
527 1807 729 1840 Conventus
739 1803 964 1848 Augustanus
979 1816 1070 1837 anno
1092 1801 1197 1837 1530.

226 1858 286 1901 qui
305 1859 399 1892 velut
417 1858 554 1902 epitasis
570 1857 636 1890 fuit
655 1856 883 1889 certaminum
902 1853 1077 1887 Ecclesiae
1092 1851 1198 1886 huius

224 1908 398 1951 temporis.
453 1907 506 1940 lbi
532 1906 696 1947 Carolus,
738 1906 798 1950 qui
830 1905 899 1938 iam
926 1903 1061 1938 Italiam
1092 1903 1197 1936 armis

224 1957 391 1991 domitam
417 1957 528 1990 victor
551 1957 707 1996 tenebat,
740 1967 941 2000 quanquam
974 1954 1198 1993 incitabatur,

223 2013 262 2040 ut
285 2008 412 2041 nostris
434 2008 566 2041 bellum
588 2007 748 2039 inferret:
788 2011 904 2038 tamen
928 2004 1136 2037 incumbens
1160 2003 1197 2036 in

222 2057 469 2100 cogitationem
493 2059 536 2091 de
558 2058 711 2102 synodo,
729 2061 769 2089 ut
783 2062 884 2089 antea
903 2054 1128 2088 Mercurinus
1142 2053 1196 2086 di-

223 2116 338 2148 xerat,
363 2109 515 2152 postulat
541 2105 696 2140 exhiberi
722 2118 740 2139 a
764 2105 893 2139 nostris
918 2105 1096 2138 doctrinae
1111 2116 1196 2138 con-

222 2158 420 2194 fessionem.
472 2158 587 2201 Quam
612 2157 743 2190 multae
767 2166 821 2188 res
845 2154 1092 2188 deliberandae
1112 2162 1196 2188 tunc

224 2208 430 2249 inciderint,
470 2209 615 2250 longum
649 2213 736 2240 esset
772 2205 903 2245 dicere,
938 2217 1007 2249 quo
1041 2212 1196 2248 tempore

223 2259 427 2302 praecipuas
450 2258 720 2292 deliberationes
743 2257 789 2289 ita
822 2255 909 2288 rexit
931 2253 1130 2295 Pontanus,
1156 2262 1196 2288 ut

224 2308 429 2352 sapientiam
454 2309 544 2349 eius,
575 2309 677 2341 fidem
702 2313 736 2340 et
758 2305 987 2339 constantiam
1022 2305 1195 2349 probave-

222 2358 296 2392 rint
312 2358 434 2401 optimi
452 2357 632 2401 Principes
645 2356 725 2391 Dux
741 2356 912 2390 Saxoniae
929 2352 1103 2389 lohannes
1111 2353 1193 2390 Ele-

223 2415 316 2450 ctor,
345 2414 378 2442 et
392 2408 516 2442 caeteri
531 2409 569 2441 in
585 2405 649 2441 hac
664 2419 764 2441 causa
781 2405 969 2440 coniuncti.

322 2458 412 2493 Cum
436 2465 552 2491 autem
577 2466 657 2491 ante
680 2459 809 2492 exitum
834 2462 1028 2490 conventus
1050 2456 1193 2489 nomine

221 2508 487 2543 pontificiorum
506 2508 698 2541 orationem
714 2506 910 2548 habuisset,
938 2513 1115 2551 praesente
1124 2505 1192 2540 Ca-

220 2560 316 2601 rolo,
341 2557 484 2592 Elector
505 2556 666 2591 Marcbio
691 2555 887 2591 Ioachimus
912 2557 1071 2597 Primus,
1097 2562 1192 2590 atro-

220 2610 305 2643 citer
327 2609 548 2643 minitantem
574 2608 719 2647 nostris,
746 2619 849 2652 quam
868 2620 983 2641 coram
1001 2607 1190 2641 audiebant

217 2657 297 2695 Dux
315 2659 485 2697 Saxoniae
509 2656 684 2693 Iohannes
705 2656 865 2701 Elector,
893 2657 1067 2703 Georgius
1088 2656 1187 2692 Mar-

738 120 892 157 DECL.
927 117 1002 155 DE
1042 114 1366 156 GREGORIO
1399 114 1691 152 PONTANO.

2143 118 2216 156 356

1239 202 1318 238 chio
1343 202 1685 245 Brandeburgensis,
1727 199 1896 237 Ernestus
1925 202 2005 237 Dux
2026 203 2217 238 Lunebur-

1239 253 1362 297 gensis,
1390 251 1688 296 etholffgangus
1704 252 1872 297 Princeps
1891 251 2116 295 Anhaltinus,
2142 255 2216 288 ius-

1240 316 1297 337 sus
1314 309 1364 336 est
1381 301 1506 335 aDuce
1516 301 1855 337 SaxoniaeElectore
1871 303 2053 336 Pontanus
2071 316 2218 348 respon-

1240 356 1331 388 dere.
1385 352 1478 386 Huic
1493 351 1667 385 Pericleae
1689 354 1840 387 orationi
1858 351 2078 387 Marchionis
2100 354 2147 387 ita
2163 367 2219 388 re-

1241 403 1384 448 spondit
1407 402 1589 435 Pomanus
1612 402 1650 434 in
1675 410 1795 436 senatu
1811 403 2038 448 Principum,
2064 410 2103 437 ut
2125 411 2220 438 vete-

1240 456 1339 488 ribus
1354 452 1591 497 Apologeticis
1608 452 1733 486 Iustini
1750 459 1782 486 et
1797 454 1947 488 aliorum
1964 455 2104 499 piorum
2121 460 2220 488 ante-

1241 504 1325 538 ferri
1343 501 1426 536 haec
1443 502 1624 546 responsio
1642 502 1761 546 possit.

1344 552 1537 593 Voluntas,
1572 553 1704 597 inquit,
1731 553 1840 587 Ducis
1858 552 2030 587 Saxoniae
2045 566 2124 598 erga
2150 555 2223 588 cle-

1243 603 1499 638 mentissimum
1526 602 1776 646 Imperatorem
1802 603 1968 637 Carolum
1995 605 2033 636 in
2055 605 2222 638 electione

1245 661 1426 699 conspecta
1444 660 1503 687 est.
1555 653 1692 686 Deinde
1709 654 1866 687 omnium
1880 652 2007 687 horum
2016 653 2223 698 Principum

1246 707 1283 738 in
1306 703 1538 749 reprimendis
1556 702 1682 736 Turcis
1706 710 1738 737 et
1761 704 2011 744 seditionibus,
2040 711 2073 738 et
2087 710 2222 738 constat

1246 756 1343 789 nulla
1361 756 1397 787 in
1413 766 1448 787 re
1467 753 1617 786 defuisse
1635 765 1692 788 eos
1706 755 1783 797 paci
1798 755 1970 799 publicae.
2023 752 2224 788 Adfirmant

1248 807 1350 839 etiam
1381 815 1517 848 semper
1549 815 1584 836 se
1614 815 1784 837 memores
1809 806 1884 838 fore
1910 805 2024 838 divini
2048 805 2221 838 mandati:

1246 855 1334 889 Date
1350 855 1442 893 Deo,
1470 865 1558 898 quae
1574 853 1640 887 Dei
1665 861 1763 894 sunt,
1790 862 1822 889 et
1841 853 2000 897 Caesari,
2027 867 2116 901 quae
2138 860 2222 889 sunt

1248 906 1415 940 Caesaris.
1468 905 1551 937 Non
1569 905 1701 948 privata
1717 905 1907 948 cupiditate
1920 906 2003 946 ulla,
2016 918 2089 938 non
2106 905 2224 939 curio-

1247 957 1363 993 sitate,
1391 967 1463 987 non
1489 966 1623 995 errore,
1650 966 1722 987 non
1747 967 1846 988 coeco
1867 955 1998 999 impetu
2017 955 2226 996 doctrinam,

1248 1007 1291 1039 de
1307 1016 1375 1050 qua
1392 1004 1560 1038 consessio
1579 1002 1732 1038 exhibita
1747 1013 1811 1045 est,
1839 1006 1989 1049 amplexi
2010 1012 2101 1038 sunt.
2155 1004 2225 1038 Sed

1249 1067 1327 1088 cum
1351 1067 1425 1087 eam
1448 1055 1509 1087 diu
1534 1055 1768 1095 audivissent,
1801 1062 1834 1088 et
1859 1056 2015 1089 sontibus
2040 1056 2226 1097 diligenter

1249 1105 1495 1144 consideratis,
1524 1111 1557 1136 et
1576 1105 1709 1137 collatis
1728 1106 1936 1138 testimoniis
1960 1106 2113 1138 sincerae
2131 1105 2225 1138 anti-

1249 1155 1410 1199 quitatis,
1438 1153 1687 1187 intellexissent
1701 1166 1817 1188 veram
1837 1167 1919 1195 esse,
1946 1167 2017 1188 non
2036 1156 2225 1188 voluerunt

1249 1205 1384 1247 agnitae
1407 1203 1545 1236 veritati
1570 1205 1765 1245 adversari,
1796 1217 1966 1238 memores
1989 1204 2225 1238 severissimae

1250 1254 1531 1287 comminationis
1551 1253 1712 1293 divinae,
1738 1254 1858 1298 inqua
1882 1256 2025 1288 dicitur:
2054 1252 2225 1298 Blasplie-

1249 1304 1354 1335 miam
1373 1314 1445 1334 non
1461 1302 1601 1334 remitti.
1651 1302 1768 1344 Quare
1785 1310 1818 1335 et
1838 1312 1979 1347 propter
1994 1305 2139 1346 gloriam
2148 1303 2227 1343 Dei,

1250 1358 1281 1385 et
1298 1358 1441 1396 propter
1459 1351 1636 1394 propriam
1653 1352 1812 1393 salutem,
1839 1360 1872 1386 et
1888 1362 2029 1397 propter
2046 1354 2142 1394 alios,
2165 1354 2227 1398 qui

1250 1402 1405 1435 studium
1423 1399 1556 1434 habent
1571 1401 1727 1444 pietatis,
1754 1415 1905 1446 quorum
1931 1404 2034 1436 multi
2058 1410 2139 1436 sunt
2157 1404 2227 1436 ele-

1249 1451 1316 1491 cti,
1342 1450 1416 1483 Deo
1437 1451 1597 1489 iuvante,
1624 1448 1714 1483 hanc
1734 1452 1928 1484 doctrinam
1950 1459 1982 1485 et
2004 1453 2225 1496 profitebun-

1249 1507 1306 1533 tur
1321 1500 1398 1543 ipsi,
1418 1507 1450 1533 et
1466 1498 1680 1532 inEcclesiis
1699 1500 1768 1533 suis
1779 1501 1895 1534 doceri
1909 1502 2092 1537 curabunt.
2115 1500 2225 1536 Cum-

1250 1561 1316 1595 que
1338 1549 1519 1582 manisesta
1543 1549 1587 1582 sit
1610 1549 1825 1592 impudentia
1850 1550 2136 1592 Pontificiorum,
2163 1553 2226 1597 qui

1250 1600 1366 1632 nullos
1390 1610 1527 1632 errores
1553 1605 1585 1632 et
1611 1599 1708 1632 nulla
1730 1600 1814 1633 vitia
1839 1601 1876 1633 in
1899 1602 1970 1634 suis
1997 1602 2226 1646 opinionibus

1250 1656 1283 1683 et
1306 1649 1464 1682 moribus
1486 1660 1558 1682 esse
1583 1649 1837 1691 vociferantur,
1863 1651 2022 1693 flagitant
2037 1664 2157 1685 omnes
2177 1653 2226 1696 pii

1249 1700 1341 1733 veris
1362 1699 1548 1742 gemitibus
1572 1699 1609 1731 in
1627 1705 1698 1732 tota
1713 1698 1875 1744 Europa,
1903 1707 1942 1734 ut
1966 1702 2003 1734 in
2023 1703 2157 1747 synodo
2174 1703 2226 1735 le-

1250 1750 1369 1793 gitima
1391 1750 1593 1783 instituatur
1613 1750 1828 1783 emendatio:
1864 1750 1959 1783 Idem
1984 1759 2108 1796 petunt
2131 1759 2164 1786 et
2186 1750 2225 1785 hi

1251 1800 1449 1844 Principes,
1484 1806 1517 1833 et
1538 1806 1679 1843 sperant
1701 1800 2008 1835 clementissimum
2032 1802 2224 1846 Imperato-

1250 1862 1342 1890 rem,
1376 1850 1437 1894 qui
1461 1849 1558 1883 videt
1587 1850 1814 1884 necessariam
1844 1862 1916 1884 esse
1943 1853 2224 1886 emendationem

1250 1898 1441 1941 Ecclesiae,
1466 1900 1540 1932 sine
1555 1900 1753 1942 cognitione
1770 1913 1841 1934 non
1858 1913 1929 1934 esse
1952 1914 2046 1936 arma
2063 1910 2224 1947 sumptu-

1250 1962 1346 1988 rum,
1374 1957 1412 1983 ut
1437 1961 1589 1988 errores,
1616 1950 1801 1990 libidines,
1829 1958 1863 1985 et
1887 1952 1954 1985 alia
1974 1953 2057 1986 vitia
2076 1952 2225 1986 Pontifi-

1250 2000 1383 2034 ciorum
1409 2000 1582 2038 stabiliat,
1610 2007 1642 2033 et
1666 2001 1800 2035 alienae
1824 2002 1996 2046 impietati
2015 2010 2047 2037 et
2062 2003 2224 2037 saevitiae

1249 2050 1478 2094 gratificetur,
1504 2057 1537 2084 et
1558 2051 1758 2091 veritatem,
1790 2064 1878 2097 quae
1900 2053 2046 2096 gloriam
2068 2054 2132 2086 filii
2156 2052 2223 2088 Dei

1249 2101 1417 2139 illustrat,
1449 2107 1481 2134 et
1505 2101 1607 2134 saluti
1631 2102 1827 2135 animarum
1850 2104 2041 2137 necessaria
2063 2111 2130 2147 est,
2158 2115 2221 2148 op-

1248 2151 1396 2196 primat,
1422 2151 1625 2195 praesertim
1643 2164 1721 2186 cum
1740 2164 1835 2197 spem
1852 2154 1894 2186 de
1909 2155 2043 2199 synodo
2059 2155 2222 2187 ostende-

1248 2202 1305 2236 rit.
1343 2200 1558 2236 Reverenter
1572 2202 1678 2245 igitur
1692 2202 1873 2247 Principes
1890 2210 1922 2238 et
1940 2204 2138 2237 universam
2150 2202 2221 2238 Ec-

1248 2252 1387 2286 clesiam
1405 2258 1437 2285 et
1453 2263 1524 2286 sese
1541 2252 1811 2286 clementissimo
1821 2253 2024 2298 Imperatori
2041 2266 2221 2288 commen-

1247 2303 1352 2343 dant,
1380 2314 1483 2348 quem
1501 2309 1613 2344 orant,
1639 2310 1679 2337 ut
1695 2303 1798 2337 etiam
1815 2304 1949 2346 cogitet,
1976 2303 2013 2336 in
2030 2301 2094 2338 hac
2110 2305 2221 2340 delira

1246 2353 1371 2386 mundi
1393 2359 1526 2387 senecta
1548 2353 1667 2397 generi
1691 2351 1845 2387 humano
1870 2353 2019 2387 maiores
2042 2355 2220 2390 confusio-

1246 2415 1306 2437 nes
1332 2404 1552 2447 impendere,
1579 2416 1667 2450 quae
1690 2403 1802 2437 caveri
1824 2403 1950 2437 melius
1968 2412 2114 2448 possunt
2128 2406 2218 2438 leni-

1245 2460 1313 2488 tate
1339 2460 1373 2488 et
1394 2452 1580 2500 ἐπιεικείᾳ,
1615 2465 1719 2499 quam
1743 2453 1771 2486 si
1799 2453 1949 2487 maiores
1973 2454 2217 2499 dissipationes

1244 2505 1350 2538 armis
1366 2504 1462 2545 fiant,
1489 2505 1576 2539 sicut
1592 2505 1630 2537 in
1644 2503 1744 2537 bellis
1761 2500 1964 2537 Bohemicis
1982 2505 2124 2544 accidit,
2152 2518 2217 2541 nec

1243 2555 1368 2588 veritas
1384 2555 1536 2599 opprimi
1553 2553 1696 2598 poterit,
1723 2553 1857 2586 etiamsi
1872 2553 2053 2599 Principes
2077 2563 2136 2590 aut
2153 2569 2216 2601 po-

1242 2606 1316 2648 puli
1331 2605 1440 2650 aliqui
1459 2604 1613 2649 oppressi
1631 2603 1770 2644 suerint,
1797 2610 1997 2651 emeryeret
2011 2610 2137 2641 tamen
2153 2618 2215 2641 ve-

1240 2658 1356 2701 ritas,
1394 2666 1464 2692 nec
1493 2654 1609 2691 deleri
1637 2666 1660 2690 α
1680 2657 1799 2701 portis
1825 2653 2036 2702 inferorum
2061 2659 2211 2703 poterit.
