2324 2955
166 123 237 158 827

166 210 312 247 talenta,
342 208 373 239 id
401 213 469 244 est,
497 211 635 237 centum
660 202 771 235 millia
788 208 819 234 et
837 202 1012 243 octoginta
1027 201 1139 234 millia

166 265 421 290 coro-iuztortun.
502 255 694 286 Accersunt
726 259 759 286 et
791 251 994 295 Philippum
1026 263 1140 294 regem

167 307 431 340 Macedonicum
458 302 642 341 Thebani,

168 357 400 389 Macedonum
427 361 458 386 et
479 351 730 386 Thessalorum
759 352 903 385 adduxit
929 352 966 383 in
994 352 1067 385 loca
1090 352 1142 384 vi-

166 408 240 438 ciua
272 404 454 443 Boeotiae,
490 404 551 436 ubi
581 401 815 436 Phocensium
847 403 916 434 dux
939 399 1144 435 Phallaecus

166 462 237 488 erat
262 467 339 487 cum
363 455 524 486 exercitu.
580 453 649 487 Sed
673 465 751 486 cum
768 449 974 485 Phallaecus
991 464 1064 485 non
1083 464 1142 485 au-

165 508 260 537 deret
290 505 474 543 dimicare,
512 503 635 546 petivit
662 515 680 536 a
710 501 876 546 Philippo
909 514 1050 545 pacem,
1085 503 1145 546 qui

167 556 332 587 concessit
356 567 392 587 ea
417 556 636 593 conditione,
661 561 699 586 ut
724 553 843 585 relicta
867 560 957 585 terra
974 550 1145 585 Phocensi

166 614 196 637 et
220 604 381 637 Boeotica
406 605 569 637 transiret
593 604 629 636 in
648 603 940 647 Peloponnesum.
995 601 1046 635 Ita
1071 603 1146 635 sine

166 656 296 698 praelio
314 653 499 698 Philippus
525 655 625 686 finem
652 654 732 686 belli
751 653 843 688 fecit.
896 650 1093 685 Phocenses
1108 653 1145 684 in

167 706 367 737 servitutem
399 705 524 737 redacti
559 712 657 743 sunt,
700 704 818 736 omnia
851 703 978 746 oppida
1011 704 1147 736 destru-

166 763 217 787 rta
243 763 342 794 suut,
370 763 402 787 et
428 755 617 787 multitudo
643 755 679 785 in
702 754 802 785 villas
819 753 1007 786 distributa
1024 760 1092 793 est,
1115 759 1148 786 et

166 806 238 847 agri
257 805 304 837 eis
325 805 442 837 traditi
463 812 562 843 sunt,
589 805 646 836 sed
668 804 733 843 ita,
758 810 796 836 ut
812 802 1000 847 quotannis
1017 804 1147 846 pende-

165 862 242 887 rent
258 855 431 896 sexaginta
448 854 594 893 talenta,
622 854 656 885 id
673 860 734 891 est,
760 853 901 895 triginta
919 859 951 885 et
966 864 1022 885 sex
1037 853 1147 885 millia

167 913 422 937 coronatorum.
478 903 651 936 Iudicium
677 901 979 947 Amphictyonum
1006 903 1148 936 restitu-

166 963 238 986 tum
261 962 330 993 est,
355 961 387 987 et
408 956 606 993 decretum,
633 961 672 986 ut
689 951 876 995 Philippus
898 953 947 985 ibi
964 959 996 985 et
1013 964 1147 985 succes-

167 1016 259 1036 sores
294 1016 389 1045 reges
415 1004 635 1036 Macedonici
669 1004 740 1036 duo
772 1002 933 1044 suffragia
967 1000 1148 1035 haherent.

167 1055 407 1087 Pliocensibus
429 1055 628 1096 ademptum
653 1060 701 1085 est
723 1053 775 1084 ius
799 1052 965 1092 suffragii.
1017 1051 1147 1084 Decre-

169 1114 240 1137 tum
267 1112 315 1135 est
339 1104 459 1142 etiam,
487 1112 524 1135 ut
543 1101 729 1145 Philippus
749 1101 966 1134 Graecorum
989 1102 1058 1133 dux
1082 1113 1148 1133 no—

167 1155 370 1188 minaretur.
423 1153 542 1186 Finito
568 1153 675 1194 igitur
700 1152 791 1184 bello
810 1148 998 1194 Philippus
1014 1151 1051 1182 in
1068 1150 1147 1183 Ma-

168 1205 348 1236 cedoniani
370 1204 490 1240 rediit,
519 1209 616 1246 parta
634 1214 705 1234 non
722 1202 834 1234 solum
854 1201 1020 1233 victoriae
1038 1201 1147 1243 gloria

169 1255 203 1285 iu
227 1266 326 1286 causa
350 1254 438 1286 iusta
462 1260 493 1286 et
509 1253 680 1296 speciosa,
707 1254 800 1296 quod
818 1251 987 1295 templum
1006 1259 1038 1284 et
1054 1251 1148 1284 iudi-

168 1305 259 1336 cium
284 1302 584 1347 Amphictyonum
606 1302 834 1342 defendisset,
861 1303 920 1334 sed
944 1302 1047 1335 etiam
1072 1313 1148 1334 mo-

167 1354 358 1386 derationis
377 1354 413 1385 in
432 1353 591 1385 victoria.

268 1402 473 1436 Phallaecus
497 1409 614 1446 postea
640 1401 677 1435 in
697 1399 799 1435 Creta
821 1401 978 1434 militans
1001 1401 1038 1433 in
1061 1412 1148 1445 qua—

169 1454 246 1486 dam
270 1453 532 1496 oppugnatione
557 1452 705 1485 fulmine
724 1453 811 1484 ictus
829 1451 951 1495 periit,
978 1458 1011 1484 et
1028 1451 1149 1483 incen-

170 1505 215 1535 sis
253 1501 420 1536 machinis
450 1503 551 1536 multi
587 1502 660 1534 eius
690 1503 820 1534 milites
852 1502 925 1544 igni
958 1502 1149 1544 perierunt.

169 1553 357 1585 Pausanias
388 1554 528 1593 scribit,
562 1553 666 1584 finem
699 1553 784 1584 belli
816 1552 902 1585 sacri
928 1551 1033 1584 fuisse
1056 1563 1149 1585 anno

170 1604 284 1646 primo
309 1602 532 1648 Olympiadis
557 1602 764 1635 centesimae
791 1609 948 1639 octavae,
981 1613 1019 1634 ac
1045 1602 1150 1635 fuisse

171 1665 248 1684 eum
272 1665 403 1685 annum
428 1653 510 1685 belli
537 1651 723 1685 decimum.
783 1651 934 1694 Fuitquc
957 1649 1014 1682 hie
1037 1663 1150 1683 annus

171 1701 264 1735 Ochi
281 1704 370 1746 regis
384 1702 567 1736 Persarum
585 1702 740 1733 decimus
756 1711 883 1733 nonus.

256 1787 490 1827 Arsames,
530 1794 613 1818 rex
639 1786 886 1817 Persarum
917 1794 1067 1817 nonus.

174 1902 334 1935 interitus
354 1908 565 1946 sequuntur,
592 1901 685 1932 iuxta
705 1899 877 1938 regulam:
907 1898 978 1941 Qui
997 1900 1150 1942 gladium
1178 1929 1179 1932 ,

174 1953 360 1994 acceperit,
395 1951 510 1992 eladio
537 1950 673 1994 peribit.
726 1947 849 1981 Ochus
878 1949 1077 1983 interfectus
1103 1959 1152 1984 est

174 2015 190 2034 a
217 2003 371 2045 principe
389 2000 520 2043 Bagoa,
547 2001 607 2045 qui
631 2012 708 2032 cum
732 2011 876 2038 regnum
894 2000 930 2031 in
948 2011 1019 2033 sese
1037 2008 1152 2034 trans-

174 2053 262 2084 ferre
301 2065 371 2084 uon
407 2058 537 2093 posset,
590 2062 703 2091 regem
737 2051 817 2082 fecit
853 2050 1024 2082 Arsamen
1057 2049 1152 2085 Ochi

176 2103 296 2135 tilium.
350 2103 420 2145 Qui
441 2114 517 2134 cum
535 2112 645 2132 annos
663 2107 812 2144 quatuor
828 2108 1020 2142 regnasset,
1049 2102 1151 2134 etiam

176 2153 218 2185 ab
236 2150 299 2185 hoc
315 2153 389 2195 ipso
402 2151 515 2194 Bagoa
534 2151 734 2183 interfectus
750 2157 811 2190 est,
839 2157 1014 2183 metuente
1031 2152 1152 2193 filium,

176 2210 316 2244 propter
340 2214 458 2234 necem
485 2208 674 2244 paternam.
730 2199 798 2232 Hic
822 2200 900 2232 finis
918 2200 983 2233 suit
999 2201 1152 2236 familiae

177 2252 276 2296 (Jyri,
303 2254 338 2284 iu
364 2253 461 2285 cuius
484 2251 762 2284 consideratione
785 2251 998 2294 deploranda
1021 2261 1070 2286 est
1085 2253 1152 2285 mi-
1178 2268 1179 2277 π
1428 2281 1440 2300 )
1472 2282 1479 2288 .
1500 2283 1506 2289 .
1748 2284 1755 2290 .
1961 2284 1968 2291 .
2149 2288 2156 2294 .

178 2303 265 2334 seria
290 2300 459 2341 humana,
486 2302 578 2346 quod
603 2301 704 2333 etiam
731 2301 854 2333 talium
876 2302 1059 2344 posteritas
1083 2304 1150 2337 cito
1204 2290 1380 2327 praestum
1414 2279 1599 2326 lhlhppus
1631 2291 1814 2317 accersam
1844 2283 2026 2317 Graefflam
2056 2298 2177 2330 Oppm‘

178 2353 380 2394 degenerat,
423 2353 459 2384 in
498 2352 625 2396 quibus
657 2351 721 2383 suit
755 2363 835 2383 vera
867 2352 998 2393 agnitio
1027 2352 1091 2386 Dei
1120 2361 1177 2391 et,

537 2401 693 2434 Fuerunt
707 2408 821 2434 autem
841 2401 875 2433 in
894 2413 999 2444 rpgno
1013 2403 1150 2437 persico
1176 2392 1177 2430 J
1204 2384 1292 2416 illud
1308 2397 1325 2416 a
1346 2383 1504 2427 pluribus
1521 2384 1648 2417 factum
1665 2396 1736 2417 esse
1754 2384 1921 2417 existimo.

179 2402 347 2434 excellens
365 2403 484 2435 virtus.

179 2463 274 2494 reges
290 2451 402 2485 Deum
421 2459 508 2484 recte
522 2452 688 2485 colentes:
715 2451 844 2484 Darius
863 2451 1006 2492 Medus,
1037 2453 1150 2499 Cyrus
1175 2470 1177 2484 ς

178 2510 208 2535 et
233 2501 440 2536 Artaxerxes
458 2501 706 2543 Longimanus.
760 2501 808 2534 Hi
832 2502 1021 2536 laudantur
1046 2504 1083 2537 in
1106 2506 1150 2537 li-

178 2553 249 2586 bris
265 2551 422 2586 Danielis
438 2558 470 2584 et
486 2549 630 2584 Esdrae.

277 2601 464 2636 Interfecto
484 2601 628 2633 Arsame
650 2600 780 2643 Bagoas
804 2603 844 2635 ad
870 2603 1063 2647 principem
1081 2605 1151 2638 Ar-

180 2653 313 2686 meniae
336 2663 480 2696 regnum
504 2651 698 2691 transtulit,
725 2653 782 2696 qui
807 2665 877 2685 non
896 2653 961 2688 fuit
980 2667 1017 2688 ex
1036 2664 1150 2700 poste-

410 121 615 158 SsRlPTA
644 120 721 153 PII.
751 117 865 152 MEL.
896 116 960 151 AD
983 115 1109 152 HIST.
1138 114 1280 151 PROF.
1308 112 1374 148 ET
1400 113 1593 150 PHlLOS.
1623 113 1942 151 SPECTANTIA.

676 303 737 347 qui
764 313 928 343 magnum
955 302 1141 335 exercitum
1166 317 1168 323 ι

1172 1141 1176 1214 1

1173 1220 1175 1233 A

1173 1239 1176 1252 l

1176 1695 1177 1699 ¹
1203 1688 1241 1713 ut
1265 1681 1313 1712 ibi
1333 1680 1432 1712 villas
1449 1687 1664 1720 extruerent,
1692 1689 1724 1714 et
1741 1682 1894 1714 colerent
1910 1694 2021 1723 agros.

1175 1878 1179 1911 l

1175 2435 1177 2450 l

1176 2456 1177 2468 l

1175 2489 1177 2501 l

1173 2510 1176 2542 i

2096 118 2169 151 828

1192 201 1293 233 ritate
1314 197 1414 243 Cyri,
1441 210 1480 232 ac
1505 211 1634 232 nomen
1659 200 1690 232 ei
1711 200 1836 233 tribuit
1852 199 1963 236 Darii.
2015 200 2082 235 Hic
2100 200 2172 234 Da-

1194 251 1268 283 rius
1299 249 1444 282 ultimus
1473 250 1518 282 ab
1541 249 1743 283 Alexandro
1775 250 1887 284 victus
1916 257 1950 283 et
1970 262 2114 293 regnum
2139 259 2171 284 et

1195 300 1298 333 xitam
1318 299 1453 339 amisit,
1481 307 1519 332 ut
1536 307 1652 343 postea
1670 301 1835 334 dicemus.

1294 365 1396 399 Nunc
1429 367 1472 398 ad
1502 377 1556 399 res
1580 365 1824 400 Macedonicas
1851 369 2048 401 redeamus:
2083 367 2172 401 Cum

1195 415 1383 460 Philippus
1401 415 1548 449 Macedo
1575 416 1680 448 finem
1698 418 1782 449 belli
1799 419 1887 451 sacri
1906 430 1964 451 seu
1982 416 2172 451 Phocensis

1196 468 1350 506 fecisset,
1376 478 1469 499 anno
1488 467 1600 509 primo
1618 464 1842 511 Olympiadis
1857 469 2061 501 centesimae
2079 476 2170 501 octa-

1198 530 1274 555 vae,
1302 524 1333 550 et
1358 528 1440 560 pace
1463 529 1541 549 cum
1562 517 1727 550 omnibus
1750 516 1892 550 Graecis
1907 519 1994 551 facta
2015 519 2174 551 rediisset

1199 569 1234 600 in
1256 566 1520 607 Macedoniam,
1547 574 1663 609 postea
1690 567 1816 600 multas
1840 568 1944 600 urbes
1967 568 2004 599 iu
2021 566 2172 600 Thracia

1198 618 1389 660 occupavit.
1448 615 1593 660 Expulit
1625 617 1725 649 etiam
1751 630 1790 650 ex
1813 615 1957 651 Euheea
1982 625 2173 662 tyrannum

1198 667 1343 701 Calliam
1356 695 1364 707 ‚
1393 668 1434 699 de
1453 679 1521 710 quo
1540 667 1623 700 dicit
1640 665 1849 707 Aeschines,
1876 669 1981 700 fuisse
2000 680 2077 701 eum
2098 679 2176 700 mn-

1199 718 1395 751 tabiliorem
1411 715 1546 761 Euripo
1570 718 1694 757 maris,
1720 718 1775 750 cui
1799 718 1934 751 vicinus
1957 718 2033 751 fuit.
2084 716 2175 751 Cum

1199 776 1312 802 autem
1328 765 1559 800 Athenienses
1576 775 1785 800 crescentem
1802 769 1875 801 eius
1891 769 2082 811 potentiam
2100 779 2176 800 rne-

1200 825 1356 858 tuerent,
1393 824 1425 850 et
1451 829 1529 850 eum
1555 817 1751 857 irritarent,
1780 825 1814 851 et
1838 819 1990 851 vicissim
2015 819 2088 861 ipse
2114 818 2175 850 de-

1199 869 1337 900 bilitare
1353 869 1543 911 potentiam
1561 868 1717 911 ipsorum
1734 875 1935 909 conaretur,
1962 871 2104 902 tandem
2121 880 2176 900 re-

1199 918 1263 951 diit
1281 918 1315 950 in
1335 917 1517 951 Graeciam
1537 915 1752 963 Olympiade
1768 919 1912 950 decima.
1965 918 2055 951 Sunt
2071 918 2177 961 igitur

1200 968 1283 1000 anni
1309 968 1399 999 inter
1424 968 1506 1000 belli
1532 969 1618 1000 sacri
1643 968 1766 1005 finem,
1795 969 1837 1000 (le
1859 980 1928 1012 quo
1949 968 2117 1006 diximus,
2144 974 2177 1000 et

1201 1025 1415 1060 postremum
1439 1019 1627 1050 adventum
1645 1015 1801 1061 Philippi
1823 1019 1858 1050 in
1878 1017 2080 1060 Graeciam,
2108 1018 2176 1050 cir-

1201 1068 1285 1098 citer
1307 1078 1444 1100 novem.
1498 1067 1648 1109 Fuitque
1672 1068 1804 1099 occasio
1822 1068 1986 1109 postremi
2007 1069 2178 1100 adventus

1201 1115 1284 1148 haec
1308 1116 1421 1147 aliena
1446 1127 1465 1147 a
1489 1115 1600 1147 causis
1626 1116 1753 1157 prioris
1776 1117 1882 1156 belli,
1909 1117 1945 1148 in
1968 1130 2035 1161 qua
2061 1125 2177 1150 tamen

1201 1166 1302 1198 etiam
1324 1172 1520 1209 praetextus
1544 1165 1724 1208 religionis
1745 1173 1904 1199 ostensus
1927 1173 1994 1205 est,
2024 1173 2062 1199 ut
2078 1178 2178 1209 saepe

1201 1214 1361 1248 homiues
1391 1215 1506 1259 pravis
1540 1215 1790 1258 cupiditatibus
1814 1217 2017 1259 religionem
2043 1224 2178 1259 practe-

1200 1272 1304 1306 xunt,
1332 1265 1411 1310 quia
1432 1265 1544 1298 videri
1561 1265 1702 1306 volunt,
1729 1278 1764 1299 se
1780 1267 1880 1300 iustis
1897 1274 1930 1300 et
1946 1267 2080 1308 maguis
2097 1278 2178 1298 eau-

1201 1317 1247 1348 sis
1270 1317 1311 1348 ad
1334 1316 1426 1349 bella
1450 1316 1622 1348 movenda
1641 1316 1727 1356 cogi.
1777 1315 1879 1347 Hanc
1895 1317 2052 1348 iusticiae
2067 1316 2177 1348 simu-

1201 1367 1369 1398 lationem
1393 1365 1569 1407 graviores
1596 1376 1726 1407 poenae
1750 1372 1955 1409 sequuntur.
2015 1363 2062 1398 Et
2083 1364 2180 1399 Deus

1202 1416 1285 1449 sinit
1309 1413 1470 1448 homines
1492 1415 1529 1446 in
1548 1414 1633 1448 tales
1653 1415 1788 1448 furores
1805 1427 1924 1456 ruere,
1951 1421 1989 1448 ut
2005 1415 2178 1449 idoloma-

1201 1466 1279 1499 niae
1295 1465 1499 1509 puniantur.

1303 1531 1385 1565 Fuit
1407 1531 1577 1575 oppidum
1604 1531 1640 1564 in
1663 1531 1803 1571 Locris,
1833 1529 2053 1579 Amphissa,
2083 1537 2177 1579 quod

1203 1594 1363 1626 campum
1387 1583 1537 1614 duorum
1562 1582 1766 1615 milliarium
1785 1581 2077 1617 Germanicorum
2095 1597 2181 1618 cou-

1203 1640 1372 1666 secratum
1399 1638 1644 1674 occupaverat,
1672 1639 1704 1664 et
1728 1632 1919 1665 tradiderat
1940 1633 2012 1665 suis
2034 1635 2180 1675 civibus,

1204 1742 1363 1773 rainpum
1394 1741 1471 1762 cum
1504 1731 1638 1763 restitui
1670 1731 1799 1773 templo
1829 1729 2000 1774 Delphico
2026 1683 2179 1777 Ariiifiliiff

1176 1803 1179 1831 ζ
1205 1788 1345 1825 rtyoues
1368 1780 1565 1819 iussissent,
1593 1780 1699 1813 armis
1714 1781 1816 1813 etiam
1835 1789 1987 1815 evertere
2004 1784 2103 1816 villas
2121 1798 2179 1818 co-

272 1850 365 1884 Ochi
391 1851 629 1884 crudelitatem
656 1857 689 1882 et
715 1861 845 1893 poenae
869 1849 974 1893 ipsius
1001 1856 1034 1883 et
1052 1851 1151 1890 regni
1176 1835 1179 1869 ἓ
1205 1836 1393 1867 narentur,
1427 1841 1599 1861 concursu
1622 1828 1928 1873 Amphissensium
1951 1844 2104 1876 repressa
2130 1844 2179 1868 est

1204 1881 1325 1919 turha,
1352 1891 1455 1924 quam
1475 1876 1751 1924 Amphictyones
1770 1882 1998 1916 adduxerant.
2048 1883 2179 1918 Defen-

1205 1933 1332 1963 derunt
1348 1937 1462 1962 autem
1480 1936 1512 1962 et
1529 1927 1691 1962 Thebani
1711 1929 1954 1974 Amphissam,
1980 1934 2059 1977 quia
2074 1934 2180 1969 Locri

1205 1979 1386 2014 Thebanis
1409 1979 1509 2013 amici
1535 1986 1645 2015 erant.
1698 1979 1754 2013 Fit
1776 1981 1882 2021 igitur
1899 1983 2074 2017 decretum
2092 1984 2180 2018 Am-

1206 2029 1452 2076 phictyonum,
1478 2030 1521 2062 de
1544 2032 1750 2066 accersendo
1775 2030 1942 2076 Philippo
1967 2045 2046 2077 rege
2061 2035 2180 2069 Mace-

1206 2082 1352 2121 donico,
1386 2081 1587 2124 praesertim
1620 2093 1697 2114 cum
1725 2082 1792 2113 iam
1818 2090 1851 2115 et
1877 2083 1949 2126 ipse
1971 2085 2007 2117 in
2032 2086 2178 2119 consilio

1207 2129 1508 2176 Amphictyonum
1531 2132 1601 2163 duo
1625 2132 1788 2174 suffragia
1810 2130 1964 2169 haberet.
2028 2135 2081 2169 Ac
2103 2136 2178 2169 De—

1205 2180 1403 2215 mosthenes
1441 2181 1576 2225 iuquit,
1617 2184 1785 2227 quosdam
1821 2184 1967 2227 pecunia
1997 2194 2179 2230 corruptos

1205 2239 1314 2266 astute
1337 2232 1535 2276 perfecisse,
1562 2233 1710 2266 ut·itlud
1738 2234 1914 2267 decretum
1938 2235 2050 2276 fieret,
2078 2243 2115 2269 ut
2137 2249 2176 2269 eo

1206 2340 1323 2368 meret.
1382 2330 1458 2372 Ego
1481 2333 1563 2366 odio
1589 2331 1780 2366 Thebanae
1805 2334 1978 2376 potentiae
1999 2336 2176 2370 decretum

1306 2450 1456 2483 vocatus
1487 2451 1593 2493 igitur
1615 2447 1798 2493 Philippus
1820 2451 2008 2484 exercitum
2027 2455 2176 2488 ‘adduxit

1204 2502 1239 2534 in
1275 2501 1476 2541 Graeciam,
1513 2512 1630 2533 mense
1665 2499 1867 2535 februario.
1937 2500 1990 2535 Ac
2024 2505 2175 2547 primum

1204 2550 1472 2596 Amphissenses
1507 2551 1619 2594 punit.
1688 2548 1800 2583 Erant
1831 2551 1971 2596 utrique
2001 2553 2037 2586 in
2069 2562 2174 2593 metu,

1204 2601 1364 2636 Thebani
1383 2601 1462 2646 quia
1473 2598 1738 2643 Amphissenses
1754 2601 1994 2644 defenderant,
2021 2611 2054 2638 et
2064 2603 2174 2638 Athe-

1202 2653 1338 2686 nienses
1357 2657 1498 2696 propter
1513 2649 1705 2686 Euboeam.
1755 2651 1905 2686 Mittunt
1924 2653 2031 2696 igitur
2044 2656 2174 2698 legatos
