2324 2955
192 116 264 150 739

197 199 289 236 Cum
315 209 387 231 non
411 195 522 227 multo
547 197 627 224 ante
652 186 834 223 Abraham
858 188 970 222 victor
993 189 1182 233 pepulisset

201 249 388 284 exercitum
413 254 552 285 regum,
579 240 640 285 qui
664 241 880 273 abduxerant
905 250 1067 282 magnam
1089 241 1183 273 mul-

200 299 386 335 titudinem
411 305 450 326 ex
474 292 543 324 illis
561 291 729 329 urbibus,
757 301 861 334 quam
880 287 1061 322 Abraham
1078 291 1184 323 redu„

201 353 263 384 xit.
324 345 376 379 Ac
401 354 537 386 semper
560 342 596 374 in
619 341 690 374 sola
714 338 868 373 Ecclesia
892 339 958 373 Dei
982 340 1109 374 mansit
1130 341 1184 374 lex

200 398 321 433 divina
345 396 566 436 incorrupta,
593 398 632 425 ut
652 391 695 425 sit
713 390 969 431 testimonium,
995 391 1056 435 qui
1072 402 1184 435 popu,

201 451 256 483 lus
273 447 317 480 sit
331 444 496 479 Ecclesia.

305 514 517 556 Quanquam
541 516 654 542 autem
679 508 732 540 lex
756 519 827 540 non
847 514 920 540 erat
938 507 1057 550 ignota
1073 509 1186 552 genti-

203 569 290 606 bus,
323 571 439 597 tamen
473 560 554 605 qnia
586 565 705 601 gentes
736 570 826 590 nova
852 558 998 591 numina
1021 565 1053 592 et
1076 571 1186 592 novos

205 617 320 650 cultus
344 612 538 654 fingebant,
565 617 596 642 et
620 608 868 652 permittebant
886 614 991 641 tetras
1010 609 1186 642 confusio-

205 677 268 700 nes
297 663 508 704 libidinum,
542 660 644 693 etiam
675 670 759 691 voce
792 659 876 699 legis
906 658 1188 701 distinguebatur

206 715 364 751 Ecclesia
387 725 405 746 a
429 711 570 744 caeteris
593 709 764 751 gentibus.
823 706 870 741 Et
893 709 974 753 quia
1001 710 1189 742 damnabat

207 767 355 803 scelera,
381 770 498 806 gentes
513 759 696 793 saeviciam
714 759 918 791 exercebant
935 759 971 790 in
983 757 1188 800 Ecclesiam,

208 828 295 861 quae
314 822 431 847 tamen
446 810 654 844 mirabiliter
671 821 688 841 a
701 808 774 842 Deo
793 809 1049 851 protegebatur.
1102 809 1189 842 Inde

208 865 357 908 intelligi
375 869 495 907 potest,
524 860 636 905 qualis
650 859 756 892 fuerit
769 858 935 897 Ecclesia,
963 860 1092 892 scilicet
1107 861 1189 892 sub-

208 918 295 950 iecta
323 914 437 956 cruci,
479 923 556 944 cum
582 909 726 953 imperia
758 916 917 942 tenerent
946 910 1049 942 multi
1079 910 1190 954 impii,

208 973 248 1000 ut
278 966 315 998 in
339 963 521 1008 Babylone
549 967 582 994 et
611 960 647 992 in
671 959 850 993 Sodomis.
907 959 1043 993 Interea
1074 967 1190 993 tamen

209 1016 304 1050 Deus
327 1014 479 1048 ostendit
502 1009 700 1044 testimonia
725 1021 806 1042 suae
828 1010 1044 1052 praesentiae
1068 1011 1105 1042 in
1122 1009 1190 1043 Ec-

209 1066 312 1100 clesia
327 1063 498 1097 mirandis
514 1060 802 1099 liberationibus,
827 1066 865 1092 ut
880 1060 1007 1092 docent
1022 1056 1190 1093 historiae

210 1113 374 1151 Abrahae
390 1120 422 1147 et
438 1110 544 1146 Loth.

518 1208 578 1240 De
607 1205 878 1239 Monarchiis.

312 1279 361 1315 Ut
380 1290 515 1322 semper
540 1278 576 1309 in
602 1274 758 1310 historiis
780 1276 1020 1320 quaerendum
1040 1282 1107 1316 est,
1131 1274 1191 1308 ubi

211 1341 244 1367 et
263 1343 349 1377 quae
365 1329 519 1363 Ecclesia
537 1326 601 1360 Dei
622 1327 658 1358 in
676 1338 800 1369 genere
819 1323 974 1359 humano
994 1326 1115 1359 suerit:
1145 1326 1192 1359 ita

193 1382 244 1417 'et
270 1382 373 1415 series
396 1378 625 1422 imperiorum
650 1377 905 1410 consideranda
932 1383 998 1417 est,
1025 1388 1114 1420 quae
1131 1389 1192 1409 vo—

210 1433 278 1467 luit
294 1431 390 1465 Deus
407 1428 572 1462 constitui
588 1434 620 1460 et
634 1427 839 1471 disciplinae
855 1438 954 1460 causa
967 1454 976 1467 ‚
1003 1434 1036 1460 et
1050 1434 1194 1470 propter

212 1481 452 1517 defensionem
477 1478 672 1511 communis
696 1476 879 1513 societatis.
944 1477 1033 1510 Nam
1058 1477 1086 1509 si
1110 1477 1191 1509 mali

214 1545 287 1567 non
304 1531 599 1575 reprimerentur,
625 1528 683 1560 sed
702 1528 844 1571 impune
862 1535 1025 1571 raperent
1041 1528 1190 1560 aliorum

213 1595 285 1624 res,
312 1581 494 1622 coniuges,
520 1578 610 1610 filios
632 1584 664 1611 et
686 1577 794 1617 filias,
821 1584 854 1611 et
870 1578 1086 1610 trucidarent
1106 1588 1192 1622 quos

212 1634 361 1673 vellent,
388 1630 486 1664 nulla
510 1634 625 1673 posset
642 1639 783 1660 manere
802 1625 949 1661 honesta
966 1628 1111 1661 societas
1128 1626 1192 1659 ho-

211 1684 360 1718 minum.
411 1679 501 1714 Cum
524 1686 640 1711 autem
663 1678 765 1710 initio
790 1678 936 1710 fuissent
958 1685 1102 1721 paterna
1127 1678 1192 1708 im-

212 1734 329 1778 peria,
362 1737 396 1764 et
421 1730 520 1762 nulla
547 1727 680 1761 familia
710 1733 825 1760 sontes
853 1727 1041 1770 reciperet,
1076 1733 1193 1770 postea

210 1796 289 1818 cum
308 1781 497 1815 multitudo
516 1778 690 1815 crevisset,
718 1784 750 1811 et
768 1777 885 1820 plures
902 1774 1112 1819 essentlmali
1126 1803 1134 1816 ,
1162 1783 1194 1809 et

212 1841 328 1869 sontes
344 1830 514 1864 haberent
529 1829 639 1861 socios
655 1835 688 1860 et
704 1834 879 1871 receptus,
906 1826 1001 1860 Deus
1016 1825 1083 1859 hoc
1099 1838 1192 1858 novo

211 1883 359 1918 consilio
382 1880 510 1914 muniit
534 1879 752 1918 societatem,
778 1878 941 1910 videlicet
963 1877 1109 1910 excitato
1128 1877 1193 1908 du-

211 1947 268 1975 ce,
295 1933 356 1977 qui
374 1930 478 1964 armis
497 1935 528 1962 et
544 1928 726 1973 praesidiis
744 1925 942 1961 coherceret
958 1927 1128 1972 populos,
1150 1938 1195 1959 ne

211 1982 396 2019 latrocinia
420 1985 639 2017 exercerent,
676 1984 709 2011 et
731 1985 770 2011 ut
793 1979 835 2011 ad
859 1978 988 2011 iudicia
1012 1984 1044 2010 et
1066 1988 1196 2021 poenas

211 2035 246 2068 vi
277 2031 510 2067 traherentur.
571 2028 742 2073 Adeoque
772 2029 840 2062 cito
872 2029 983 2062 crevit
1009 2025 1195 2061 hominum

211 2084 351 2119 malicia
381 2082 521 2115 vivente
546 2077 661 2112 adhuc
682 2076 805 2120 Noha,
838 2085 878 2112 ut
903 2079 1040 2112 circiter
1063 2089 1195 2110 annum

212 2134 440 2169 centesimum
474 2137 553 2175 post
585 2129 759 2162 diluvium
789 2136 822 2163 et
852 2129 959 2163 turris
981 2127 1196 2174 Babylonica

213 2185 353 2218 condita
379 2184 439 2223 sit,
473 2188 507 2215 et
528 2180 685 2224 gentium
706 2180 834 2212 divisio
856 2181 944 2212 sacta
969 2179 1032 2219 sit,
1059 2185 1092 2211 et
1116 2189 1197 2211 mox

210 2235 368 2268 Nemrod
390 2232 577 2275 imperium
597 2230 702 2262 armis
719 2230 930 2263 constituere
948 2229 1088 2272 ceperit.
1141 2228 1198 2261 Si—

214 2285 355 2328 gnificat
393 2290 507 2316 autem
538 2280 692 2314 Nemrod
730 2292 888 2314 amarum
929 2279 1199 2319 dominatorem,

214 2335 297 2381 quia
328 2332 412 2366 haec
442 2333 554 2365 forma
584 2329 724 2374 imperii
757 2331 824 2364 fuit
848 2330 1059 2370 terribilior,
1093 2340 1198 2373 quam

213 2392 313 2420 antea
333 2390 477 2427 paterna
493 2381 673 2414 autoritas.

311 2447 359 2483 Et
401 2448 604 2481 nominatur
649 2444 812 2479 Venator
857 2456 977 2479 coram
1018 2443 1200 2488 Domino,

211 2502 295 2548 quia
337 2506 371 2533 et
405 2500 495 2531 seras
531 2504 563 2530 et
597 2498 750 2530 latrones
786 2497 894 2539 cepit,
936 2504 969 2530 et
996 2508 1015 2529 a
1039 2494 1123 2529 Deo
1145 2508 1202 2529 ar-

211 2559 326 2585 matus
355 2555 406 2582 est
430 2548 557 2580 robore
589 2554 623 2580 et
651 2547 887 2587 successibus,
925 2554 965 2580 ut
990 2547 1202 2580 constituere

209 2601 407 2636 durabilem
439 2597 579 2641 imperii
611 2597 759 2629 formam
784 2597 939 2638 legibus,
974 2597 1136 2639 iudiciis,
1171 2604 1205 2631 et

438 106 646 146 SCRIPTA
673 105 748 139 PH.
776 102 891 138 MEL.
920 102 988 139 AD
1014 103 1141 139 HIST.
1167 104 1312 145 PROF.
1337 105 1403 143 ET
1431 107 1620 147 PHILOS.
1649 108 1967 148 SPECTANTIA.

2139 111 2211 148 740

1235 192 1285 227 Ita
1315 193 1457 227 initium
1487 206 1677 238 regnorum
1702 196 1739 229 in
1763 195 1945 242 Babylone
1967 198 2052 238 snit,
2094 204 2212 241 postea

1235 244 1319 276 alibi
1343 243 1409 276 alia
1432 251 1507 277 orta
1528 253 1620 279 sunt.
1674 246 1743 281 Sed
1762 246 1856 281 Deus
1879 248 2046 290 singulari
2065 247 2213 281 consilio

1236 294 1435 327 societatem
1459 296 1594 337 generis
1619 293 1767 330 humani
1789 298 1837 330 sic
1860 298 2007 336 muniit,
2035 304 2074 332 ut
2090 298 2213 331 ordine

1236 343 1385 377 maxima
1413 343 1577 388 imperia,
1618 358 1706 390 quae
1748 345 2059 381 ,Monarchiae
2098 348 2214 380 nomi-

1236 401 1386 434 nantur,
1413 395 1579 429 constitui
1603 396 1773 438 voluerit,
1798 406 1837 432 ut
1861 399 1978 442 plures
1995 405 2114 442 gentes
2130 409 2216 430 con-

1238 445 1333 487 iungi
1363 452 1523 488 possent,
1555 452 1589 480 et
1614 446 1720 480 unius
1749 449 1876 480 summi
1901 449 2038 492 imperii
2060 447 2218 492 potentia

1238 495 1373 528 facilius
1397 496 1538 540 tyranni
1565 497 1787 539 punirentur.
1839 496 1892 530 Ac
1917 499 1954 531 in
1978 499 2060 542 ipsis
2075 509 2218 531 monar-

1239 543 1326 578 chiis
1358 552 1474 579 exorta
1505 547 1712 591 tyrannide,
1744 559 1878 580 summa
1909 549 2063 592 potentia
2094 549 2150 581 vel
2173 548 2219 580 ad

1240 596 1326 628 alios
1361 597 1489 637 duces,
1529 597 1585 629 vel
1623 598 1666 630 ad
1698 598 1783 631 alias
1812 605 1930 640 gentes
1961 597 2126 631 translata
2158 603 2219 632 est.

1240 645 1307 678 Hic
1332 647 1419 678 ordo
1443 646 1672 690 imperiorum
1696 655 1729 682 et
1748 660 1869 681 causae
1885 648 2089 682 mutationis
2104 647 2220 680 consi-

1240 697 1413 729 derandae
1439 704 1536 737 sunt,
1569 710 1657 742 quae
1687 697 2036 743 comprehenduntur
2067 698 2104 730 in
2128 698 2220 731 dicto

1241 745 1437 787 Siracidae‚
1476 747 1588 791 capite
1620 749 1771 781 decimo:
1809 748 1973 791 Regnum
2002 761 2021 782 a
2050 756 2150 792 gente
2181 747 2220 780 in

1241 803 1375 839 gentem
1398 798 1624 840 transfertur,
1652 805 1794 843 propter
1809 799 2034 832 iniusticiam.

1342 854 1520 888 IIactenus
1558 857 1596 889 in
1629 857 1744 901 primo
1777 858 1869 890 libro
1897 857 2068 902 complexi
2101 866 2222 889 sumus

1242 905 1331 938 duos
1363 906 1599 948 millenarios,
1653 908 1690 940 in
1727 908 1856 952 quibus
1894 908 2086 941 recitantur
2121 906 2222 940 initia

1243 955 1367 988 mundi
1400 963 1432 989 et
1461 958 1596 999 generis
1627 955 1790 997 humani,
1823 965 1856 991 et
1881 958 2013 1002 primae
2035 955 2224 991 Ecclesiae.

1242 1004 1326 1038 Post
1356 1006 1530 1039 diluvium
1564 1008 1747 1049 posteritas
1774 1006 1915 1048 Nohae,
1945 1020 1964 1041 a
1993 1020 2062 1052 quo
2094 1007 2222 1040 iterum

1246 1061 1474 1097 propagatum
1498 1063 1548 1088 est
1570 1054 1784 1096 humanum,
1811 1064 1843 1090 et
1860 1070 1921 1100 per
1936 1070 2014 1090 eum
2034 1058 2223 1089 instaurata

1244 1102 1411 1136 Ecclesia.
1462 1103 1509 1137 Et
1525 1105 1652 1137 deinde
1669 1118 1730 1148 per
1747 1107 1821 1138 eius
1837 1114 2066 1151 pronepotem
2088 1103 2197 1138 Nem
2209 1123 2225 1128 -

1246 1150 1329 1185 rod
1349 1150 1513 1187 inchoata
1527 1154 1639 1187 forma
1654 1155 1804 1199 imperii.

1346 1213 1464 1257 Atque
1498 1211 1583 1246 haec
1605 1220 1687 1246 sunt
1712 1213 1813 1247 initia
1837 1213 1971 1257 primae
1992 1210 2226 1254 monarchiae,

1246 1274 1333 1307 quae
1357 1269 1474 1296 tamen
1498 1264 1611 1296 varias
1634 1264 1725 1296 vices
1748 1262 1883 1299 habuit.
1936 1263 2026 1297 Nam
2041 1275 2060 1296 a
2079 1264 2226 1308 posteris

1245 1311 1356 1346 Cham
1377 1320 1452 1357 post
1474 1325 1584 1346 annos
1607 1315 1678 1346 sere
1696 1315 1864 1348 ducentos
1880 1314 2046 1347 translata
2066 1320 2116 1347 est
2131 1325 2226 1346 sum-

1245 1375 1301 1396 ma
1324 1364 1480 1407 potentia
1503 1364 1545 1396 ad
1569 1371 1726 1408 posteros
1750 1364 1851 1404 Sem,
1878 1364 2039 1397 videlicet
2063 1365 2105 1397 ad
2119 1362 2227 1408 Assy-

1246 1414 1326 1455 rios,
1354 1426 1433 1446 cum
1455 1411 1608 1447 Ninus
1634 1414 1972 1448 conderetNiniven.
2022 1413 2141 1448 Prima
2160 1414 2226 1456 igi-

1247 1472 1303 1497 tur
1320 1463 1523 1497 monarchia
1539 1465 1623 1497 alias
1644 1461 1904 1504 Chaldaea,
1930 1464 2007 1496 aliis
2028 1462 2226 1508 Assyria

1247 1515 1460 1547 nominatur.
1509 1513 1555 1547 Et
1578 1513 1778 1557 Xenophon
1804 1522 1894 1548 recte
1919 1514 2057 1554 scribit,
2094 1515 2226 1558 primos

1246 1563 1431 1597 hominum
1447 1562 1641 1598 Chaldaeos
1658 1565 1725 1598 late
1742 1576 1912 1608 regnasse.

1302 1693 1584 1736 Secundus
1616 1697 1752 1736 liber
1784 1695 2172 1737 chronicorum.

1246 1778 1359 1817 Anno
1375 1793 1393 1815 a
1408 1782 1549 1815 condito
1560 1783 1694 1816 mundo
1707 1783 1819 1818 2007.
1832 1790 1991 1817 mortuus
2004 1789 2055 1817 est
2077 1778 2181 1817 Noh
2194 1793 2229 1817 a.

1246 1833 1382 1866 Deinde
1406 1833 1579 1865 sedecimo
1604 1845 1697 1866 anno
1718 1831 1898 1867 Abraham
1920 1846 1997 1866 cum
2022 1833 2139 1866 fratris
2155 1833 2228 1865 filio

1247 1881 1353 1923 Loth,
1379 1883 1475 1915 venit
1492 1895 1531 1915 ex
1548 1882 1669 1916 Haran
1688 1884 1723 1916 in
1734 1881 1886 1923 Sichem,
1913 1884 1975 1917 ubi
1993 1895 2080 1929 quae
2098 1883 2230 1917 suerint

1247 1944 1434 1967 aerumnae
1456 1934 1777 1977 peregrinationum
1800 1935 1892 1974 eius,
1915 1940 1947 1967 et
1969 1935 2107 1979 qualem
2125 1933 2231 1967 colle-

1248 1984 1336 2027 gerit
1355 1981 1566 2024 Ecclesiam,
1594 1986 1785 2018 ostendnnt
1809 1985 2028 2017 narrationes
2050 1985 2088 2017 in
2105 1983 2229 2017 Moise.

1249 2033 1300 2068 Ac
1324 2034 1392 2066 iam
1416 2034 1453 2066 in
1471 2032 1612 2079 Assyria
1631 2042 1662 2068 et
1677 2034 1861 2080 Babylone
1876 2033 2116 2068 monarchiam
2133 2040 2230 2067 tene-

1248 2085 1306 2118 bat
1328 2083 1411 2117 Nini
1439 2084 1531 2117 filius
1557 2091 1636 2127 post
1665 2092 1810 2119 matrem
1836 2084 2114 2119 Semiramidem.
2177 2082 2230 2116 Ac

1249 2135 1424 2178 singulare
1442 2142 1475 2168 et
1492 2141 1615 2177 potens
1632 2146 1778 2178 regnum
1795 2136 1831 2168 in
1849 2133 2008 2180 Aegypto
2025 2146 2096 2168 esse
2111 2145 2233 2177 coepe-

1250 2192 1321 2226 rat,
1354 2185 1417 2219 ubi
1440 2196 1560 2228 regum
1585 2187 1780 2219 communis
1804 2186 1991 2230 appellatio
2011 2191 2083 2217 erat
2104 2180 2231 2217 Plza-

1251 2247 1353 2275 rao,
1385 2247 1404 2268 a
1436 2235 1595 2269 libertate
1626 2243 1773 2281 sumpta.
1831 2236 1921 2269 Nam
1953 2231 2231 2268 Pharaones

1250 2286 1423 2330 significat
1439 2286 1578 2321 liberos.

1354 2343 1507 2388 Attingit
1533 2352 1648 2379 autem
1673 2343 1818 2380 historia
1835 2344 2023 2378 Isra'e'litica
2047 2356 2101 2377 res
2124 2351 2233 2387 gestas

1253 2407 1272 2428 a
1311 2397 1453 2439 regibus
1484 2395 1727 2442 Babylonicis,
1784 2395 1938 2439 Assyriis
1972 2402 2003 2427 et
2040 2394 2230 2439 Aegyptiis.

1255 2445 1337 2480 Ideo
1359 2446 1512 2480 recitabo
1535 2454 1704 2492 quantum
1727 2451 1817 2478 extat
1832 2446 1875 2477 de
1889 2456 1994 2487 regno
2014 2444 2231 2490 Babylonico

1254 2504 1287 2530 et
1305 2495 1470 2542 Assyrio,
1495 2504 1534 2531 ut
1556 2498 1593 2529 in
1616 2496 1735 2529 multis
1754 2493 1910 2529 historiis
1929 2496 2016 2528 ordo
2034 2503 2231 2539 temporum

1255 2548 1379 2581 melius
1407 2547 1567 2590 cognosci
1598 2546 1727 2591 possit,
1759 2552 1792 2579 et
1822 2543 1880 2579 hic
1908 2557 2046 2591 quoque
2072 2552 2234 2580 cernatur

1255 2598 1444 2643 antiquitas
1480 2597 1597 2640 stirpis
1639 2595 1867 2637 lsraiihficae,
1919 2603 1953 2630 et
1983 2596 2233 2636 consideretur,

208 2651 406 2698 praesidiis,
433 2656 467 2682 et
489 2655 605 2681 sontes
629 2646 662 2677 vi
687 2644 823 2679 trahere
849 2648 891 2679 ad
918 2659 1048 2691 poenas
1073 2654 1202 2694 posset.
1226 2651 1233 2692 ξ
1255 2649 1430 2694 quomodo
1448 2646 1602 2681 Ecclesia
1626 2653 1657 2681 et
1681 2647 1814 2682 duriter
1832 2647 1875 2681 ab
1894 2646 2058 2681 omnibus
2074 2652 2232 2692 quassata
