<?xml version="1.0" encoding="UTF-8"?>
<!DOCTYPE html PUBLIC "-//W3C//DTD XHTML 1.0 Transitional//EN"
    "http://www.w3.org/TR/xhtml1/DTD/xhtml1-transitional.dtd">
<html xmlns="http://www.w3.org/1999/xhtml" xml:lang="en" lang="en">
 <head>
  <title>
</title>
<meta http-equiv="Content-Type" content="text/html;charset=utf-8" />
  <meta name='ocr-system' content='tesseract 3.04.00' />
  <meta name='ocr-capabilities' content='ocr_page ocr_carea ocr_par ocr_line ocrx_word'/>
</head>
<body>
  <div class='ocr_page' id='page_1' title='image "./operaquaesupersu12melauoft/operaquaesupersu12melauoft_0535.png"; bbox 0 0 2324 2955; ppageno 0'>
   <div class='ocr_carea' id='block_1_1' title="bbox 106 124 1545 187">
    <p class='ocr_par' dir='ltr' id='par_1_1' title="bbox 106 124 1545 187">
     <span class='ocr_line' id='line_1_1' title="bbox 106 124 1545 187; baseline 0.001 -25"><span class='ocrx_word' id='word_1_1' title='bbox 106 126 201 163; x_wconf 71' lang='lat'>1045</span> <span class='ocrx_word' id='word_1_2' title='bbox 669 127 695 162; x_wconf 93' lang='grc' dir='ltr'>Ι.</span> <span class='ocrx_word' id='word_1_3' title='bbox 736 124 1025 163; x_wconf 78' lang='lat' dir='ltr'>CHRONICON</span> <span class='ocrx_word' id='word_1_4' title='bbox 1052 125 1296 187; x_wconf 42' lang='lat' dir='ltr'>CARIOQIS.</span> <span class='ocrx_word' id='word_1_5' title='bbox 1348 127 1472 163; x_wconf 70' lang='lat' dir='ltr'>PARS</span> <span class='ocrx_word' id='word_1_6' title='bbox 1499 127 1545 164; x_wconf 92' lang='lat'>11.</span> 
     </span>
    </p>
   </div>
   <div class='ocr_carea' id='block_1_2' title="bbox 104 209 2107 455">
    <p class='ocr_par' dir='ltr' id='par_1_2' title="bbox 104 209 2107 455">
     <span class='ocr_line' id='line_1_2' title="bbox 108 209 2107 261; baseline 0.001 -16"><span class='ocrx_word' id='word_1_7' title='bbox 108 211 245 245; x_wconf 83' lang='lat' dir='ltr'>Italiam</span> <span class='ocrx_word' id='word_1_8' title='bbox 262 211 389 245; x_wconf 84' lang='lat' dir='ltr'>rexerit</span> <span class='ocrx_word' id='word_1_9' title='bbox 405 211 553 245; x_wconf 81' lang='lat' dir='ltr'>sedecim</span> <span class='ocrx_word' id='word_1_10' title='bbox 572 222 700 252; x_wconf 89' lang='lat' dir='ltr'>annos,</span> <span class='ocrx_word' id='word_1_11' title='bbox 728 218 760 245; x_wconf 91' lang='lat' dir='ltr'>et</span> <span class='ocrx_word' id='word_1_12' title='bbox 779 224 818 245; x_wconf 88' lang='lat' dir='ltr'>ex</span> <span class='ocrx_word' id='word_1_13' title='bbox 843 211 978 255; x_wconf 85' lang='lat' dir='ltr'>magnis</span> <span class='ocrx_word' id='word_1_14' title='bbox 993 211 1084 244; x_wconf 88' lang='lat' dir='ltr'>cala·</span> <span class='ocrx_word' id='word_1_15' title='bbox 1107 218 1110 261; x_wconf 69' lang='grc' dir='ltr'>Ι</span> <span class='ocrx_word' id='word_1_16' title='bbox 1133 209 1179 245; x_wconf 89' lang='lat' dir='ltr'>Et</span> <span class='ocrx_word' id='word_1_17' title='bbox 1199 212 1364 245; x_wconf 71' lang='lat' dir='ltr'>scribitur</span> <span class='ocrx_word' id='word_1_18' title='bbox 1377 223 1395 245; x_wconf 90' lang='lat' dir='ltr'>a</span> <span class='ocrx_word' id='word_1_19' title='bbox 1413 211 1537 246; x_wconf 86' lang='lat' dir='ltr'>Proclo</span> <span class='ocrx_word' id='word_1_20' title='bbox 1555 210 1816 251; x_wconf 81' lang='lat' dir='ltr'>Mathematico,</span> <span class='ocrx_word' id='word_1_21' title='bbox 1844 223 1949 246; x_wconf 79' lang='lat' dir='ltr'>naves</span> <span class='ocrx_word' id='word_1_22' title='bbox 1964 214 2107 247; x_wconf 87' lang='lat' dir='ltr'>seditio-</span> 
     </span>
     <span class='ocr_line' id='line_1_3' title="bbox 105 261 2105 306; baseline 0.001 -12"><span class='ocrx_word' id='word_1_23' title='bbox 105 261 287 295; x_wconf 86' lang='lat' dir='ltr'>mitatibus</span> <span class='ocrx_word' id='word_1_24' title='bbox 312 269 490 306; x_wconf 86' lang='lat' dir='ltr'>utcunque</span> <span class='ocrx_word' id='word_1_25' title='bbox 519 272 594 294; x_wconf 87' lang='lat' dir='ltr'>eam</span> <span class='ocrx_word' id='word_1_26' title='bbox 626 262 854 300; x_wconf 79' lang='lat' dir='ltr'>recreaverit,</span> <span class='ocrx_word' id='word_1_27' title='bbox 895 261 1084 305; x_wconf 77' lang='lat' dir='ltr'>sapientiae</span> <span class='ocrx_word' id='word_1_28' title='bbox 1134 273 1253 294; x_wconf 90' lang='lat' dir='ltr'>sorum</span> <span class='ocrx_word' id='word_1_29' title='bbox 1275 262 1384 296; x_wconf 75' lang='lat' dir='ltr'>veteri</span> <span class='ocrx_word' id='word_1_30' title='bbox 1414 264 1570 306; x_wconf 81' lang='lat' dir='ltr'>exemplo</span> <span class='ocrx_word' id='word_1_31' title='bbox 1595 261 1820 296; x_wconf 83' lang='lat' dir='ltr'>Archimedis</span> <span class='ocrx_word' id='word_1_32' title='bbox 1841 263 1998 296; x_wconf 85' lang='lat' dir='ltr'>incensas</span> <span class='ocrx_word' id='word_1_33' title='bbox 2023 275 2105 299; x_wconf 79' lang='lat' dir='ltr'>esse.</span> 
     </span>
     <span class='ocr_line' id='line_1_4' title="bbox 104 309 2102 358; baseline 0.001 -14"><span class='ocrx_word' id='word_1_34' title='bbox 104 318 137 345; x_wconf 90' lang='lat' dir='ltr'>et</span> <span class='ocrx_word' id='word_1_35' title='bbox 155 311 312 344; x_wconf 85' lang='lat' dir='ltr'>iusticiae</span> <span class='ocrx_word' id='word_1_36' title='bbox 329 312 466 354; x_wconf 83' lang='lat' dir='ltr'>signum</span> <span class='ocrx_word' id='word_1_37' title='bbox 484 317 533 344; x_wconf 89' lang='lat' dir='ltr'>est</span> <span class='ocrx_word' id='word_1_38' title='bbox 550 310 695 345; x_wconf 83' lang='lat' dir='ltr'>illustre.</span> <span class='ocrx_word' id='word_1_39' title='bbox 748 312 818 346; x_wconf 85' lang='lat' dir='ltr'>Sed</span> <span class='ocrx_word' id='word_1_40' title='bbox 843 309 951 345; x_wconf 88' lang='lat' dir='ltr'>huius</span> <span class='ocrx_word' id='word_1_41' title='bbox 977 311 1082 345; x_wconf 86' lang='lat' dir='ltr'>etiam</span> <span class='ocrx_word' id='word_1_42' title='bbox 1133 310 1235 345; x_wconf 89' lang='lat' dir='ltr'>Facta</span> <span class='ocrx_word' id='word_1_43' title='bbox 1252 320 1333 346; x_wconf 90' lang='lat' dir='ltr'>sunt</span> <span class='ocrx_word' id='word_1_44' title='bbox 1352 312 1446 344; x_wconf 88' lang='lat' dir='ltr'>enim</span> <span class='ocrx_word' id='word_1_45' title='bbox 1466 324 1547 346; x_wconf 86' lang='lat' dir='ltr'>cava</span> <span class='ocrx_word' id='word_1_46' title='bbox 1563 313 1700 357; x_wconf 90' lang='lat' dir='ltr'>specula</span> <span class='ocrx_word' id='word_1_47' title='bbox 1712 339 1720 353; x_wconf 88' lang='lat'>,</span> <span class='ocrx_word' id='word_1_48' title='bbox 1748 325 1765 346; x_wconf 90' lang='lat' dir='ltr'>a</span> <span class='ocrx_word' id='word_1_49' title='bbox 1782 313 1908 358; x_wconf 88' lang='lat' dir='ltr'>quibus</span> <span class='ocrx_word' id='word_1_50' title='bbox 1925 314 2016 346; x_wconf 89' lang='lat' dir='ltr'>radii</span> <span class='ocrx_word' id='word_1_51' title='bbox 2034 314 2102 347; x_wconf 85' lang='lat' dir='ltr'>So-</span> 
     </span>
     <span class='ocr_line' id='line_1_5' title="bbox 110 361 2100 406; baseline 0.001 -12"><span class='ocrx_word' id='word_1_52' title='bbox 110 361 267 404; x_wconf 80' lang='lat' dir='ltr'>potentia</span> <span class='ocrx_word' id='word_1_53' title='bbox 291 368 447 404; x_wconf 86' lang='lat' dir='ltr'>suspecta</span> <span class='ocrx_word' id='word_1_54' title='bbox 471 361 539 394; x_wconf 90' lang='lat' dir='ltr'>suit</span> <span class='ocrx_word' id='word_1_55' title='bbox 564 361 682 402; x_wconf 87' lang='lat' dir='ltr'>aulae,</span> <span class='ocrx_word' id='word_1_56' title='bbox 709 368 742 395; x_wconf 90' lang='lat' dir='ltr'>et</span> <span class='ocrx_word' id='word_1_57' title='bbox 756 369 833 406; x_wconf 89' lang='lat' dir='ltr'>post</span> <span class='ocrx_word' id='word_1_58' title='bbox 849 361 1082 395; x_wconf 85' lang='lat' dir='ltr'>Iustinianum</span> <span class='ocrx_word' id='word_1_59' title='bbox 1106 380 1109 403; x_wconf 75' lang='lat' dir='ltr'>J</span> <span class='ocrx_word' id='word_1_60' title='bbox 1132 361 1175 393; x_wconf 90' lang='lat' dir='ltr'>lis</span> <span class='ocrx_word' id='word_1_61' title='bbox 1193 362 1324 395; x_wconf 75' lang='lat' dir='ltr'>accensi</span> <span class='ocrx_word' id='word_1_62' title='bbox 1343 362 1474 394; x_wconf 80' lang='lat' dir='ltr'>vicinas</span> <span class='ocrx_word' id='word_1_63' title='bbox 1499 374 1604 396; x_wconf 78' lang='lat' dir='ltr'>naves</span> <span class='ocrx_word' id='word_1_64' title='bbox 1629 363 1903 399; x_wconf 86' lang='lat' dir='ltr'>inflammarunt.</span> <span class='ocrx_word' id='word_1_65' title='bbox 1955 363 2037 396; x_wconf 84' lang='lat' dir='ltr'>Fuit</span> <span class='ocrx_word' id='word_1_66' title='bbox 2060 376 2100 396; x_wconf 88' lang='lat' dir='ltr'>eo</span> 
     </span>
     <span class='ocr_line' id='line_1_6' title="bbox 104 406 2102 455; baseline 0.002 -12"><span class='ocrx_word' id='word_1_67' title='bbox 104 410 260 444; x_wconf 90' lang='lat' dir='ltr'>Iustinus</span> <span class='ocrx_word' id='word_1_68' title='bbox 277 422 509 444; x_wconf 87' lang='lat' dir='ltr'>successorem</span> <span class='ocrx_word' id='word_1_69' title='bbox 528 411 558 443; x_wconf 91' lang='lat' dir='ltr'>ei</span> <span class='ocrx_word' id='word_1_70' title='bbox 580 412 675 445; x_wconf 88' lang='lat' dir='ltr'>misit</span> <span class='ocrx_word' id='word_1_71' title='bbox 691 411 911 453; x_wconf 74' lang='lat' dir='ltr'>Longinum,</span> <span class='ocrx_word' id='word_1_72' title='bbox 938 411 1083 445; x_wconf 82' lang='lat' dir='ltr'>scelera·</span> <span class='ocrx_word' id='word_1_73' title='bbox 1106 406 1109 417; x_wconf 91' lang='lat'>&#39;</span> <span class='ocrx_word' id='word_1_74' title='bbox 1131 417 1286 455; x_wconf 87' lang='lat' dir='ltr'>tempore</span> <span class='ocrx_word' id='word_1_75' title='bbox 1309 418 1341 445; x_wconf 80' lang='lat' dir='ltr'>et</span> <span class='ocrx_word' id='word_1_76' title='bbox 1365 411 1548 445; x_wconf 89' lang='lat' dir='ltr'>Persarum</span> <span class='ocrx_word' id='word_1_77' title='bbox 1574 425 1632 445; x_wconf 84' lang='lat' dir='ltr'>rex</span> <span class='ocrx_word' id='word_1_78' title='bbox 1658 408 1844 452; x_wconf 75' lang='lat' dir='ltr'>Cabades,</span> <span class='ocrx_word' id='word_1_79' title='bbox 1873 414 1907 445; x_wconf 91' lang='lat' dir='ltr'>id</span> <span class='ocrx_word' id='word_1_80' title='bbox 1932 420 1999 453; x_wconf 86' lang='lat' dir='ltr'>est,</span> <span class='ocrx_word' id='word_1_81' title='bbox 2027 414 2102 455; x_wconf 83' lang='lat' dir='ltr'>glo-</span> 
     </span>
    </p>
   </div>
   <div class='ocr_carea' id='block_1_3' title="bbox 2022 131 2115 166">
    <p class='ocr_par' dir='ltr' id='par_1_3' title="bbox 2022 131 2115 166">
     <span class='ocr_line' id='line_1_7' title="bbox 2022 131 2115 166; baseline 0.032 -3"><span class='ocrx_word' id='word_1_82' title='bbox 2022 131 2115 166; x_wconf 83' lang='lat'>1046</span> 
     </span>
    </p>
   </div>
   <div class='ocr_carea' id='block_1_4' title="bbox 1106 263 1110 352">
    <p class='ocr_par' dir='ltr' id='par_1_4' title="bbox 1106 263 1110 352">
     <span class='ocr_line' id='line_1_8' title="bbox 1106 263 1110 352; baseline 0 2603"><span class='ocrx_word' id='word_1_83' title='bbox 1106 263 1110 352; x_wconf 95' lang='lat' dir='ltr'> </span> 
     </span>
    </p>
   </div>
   <div class='ocr_carea' id='block_1_5' title="bbox 105 458 1082 605">
    <p class='ocr_par' dir='ltr' id='par_1_5' title="bbox 105 458 1082 605">
     <span class='ocr_line' id='line_1_9' title="bbox 105 458 1082 501; baseline -0.002 -6"><span class='ocrx_word' id='word_1_84' title='bbox 105 468 179 495; x_wconf 90' lang='lat' dir='ltr'>tum</span> <span class='ocrx_word' id='word_1_85' title='bbox 196 458 389 501; x_wconf 87' lang='lat' dir='ltr'>hominem,</span> <span class='ocrx_word' id='word_1_86' title='bbox 407 468 438 494; x_wconf 89' lang='lat' dir='ltr'>et</span> <span class='ocrx_word' id='word_1_87' title='bbox 453 461 607 494; x_wconf 86' lang='lat' dir='ltr'>coniunx</span> <span class='ocrx_word' id='word_1_88' title='bbox 624 461 750 495; x_wconf 90' lang='lat' dir='ltr'>Iustini</span> <span class='ocrx_word' id='word_1_89' title='bbox 768 462 866 495; x_wconf 87' lang='lat' dir='ltr'>iussit</span> <span class='ocrx_word' id='word_1_90' title='bbox 877 461 1010 495; x_wconf 71' lang='lat' dir='ltr'>Narseo</span> <span class='ocrx_word' id='word_1_91' title='bbox 1027 472 1082 493; x_wconf 91' lang='lat' dir='ltr'>re-</span> 
     </span>
     <span class='ocr_line' id='line_1_10' title="bbox 107 511 1081 556; baseline -0.001 -13"><span class='ocrx_word' id='word_1_92' title='bbox 107 511 183 544; x_wconf 91' lang='lat' dir='ltr'>dire</span> <span class='ocrx_word' id='word_1_93' title='bbox 193 511 235 543; x_wconf 91' lang='lat' dir='ltr'>ad</span> <span class='ocrx_word' id='word_1_94' title='bbox 246 522 350 554; x_wconf 91' lang='lat' dir='ltr'>pensa</span> <span class='ocrx_word' id='word_1_95' title='bbox 363 511 398 543; x_wconf 92' lang='lat' dir='ltr'>in</span> <span class='ocrx_word' id='word_1_96' title='bbox 410 522 596 556; x_wconf 83' lang='lat' dir='ltr'>gynaeceo,</span> <span class='ocrx_word' id='word_1_97' title='bbox 614 513 828 555; x_wconf 83' lang='lat' dir='ltr'>exprobrans</span> <span class='ocrx_word' id='word_1_98' title='bbox 839 512 870 544; x_wconf 92' lang='lat' dir='ltr'>ei</span> <span class='ocrx_word' id='word_1_99' title='bbox 881 511 1081 548; x_wconf 81' lang='lat' dir='ltr'>molliciem,</span> 
     </span>
     <span class='ocr_line' id='line_1_11' title="bbox 107 558 1081 605; baseline -0.001 -12"><span class='ocrx_word' id='word_1_100' title='bbox 107 561 202 605; x_wconf 91' lang='lat' dir='ltr'>quod</span> <span class='ocrx_word' id='word_1_101' title='bbox 213 558 409 594; x_wconf 88' lang='lat' dir='ltr'>Eunuchus</span> <span class='ocrx_word' id='word_1_102' title='bbox 419 568 515 594; x_wconf 88' lang='lat' dir='ltr'>esset.</span> <span class='ocrx_word' id='word_1_103' title='bbox 543 560 612 594; x_wconf 89' lang='lat' dir='ltr'>Sed</span> <span class='ocrx_word' id='word_1_104' title='bbox 627 561 699 605; x_wconf 91' lang='lat' dir='ltr'>ipse</span> <span class='ocrx_word' id='word_1_105' title='bbox 714 562 907 605; x_wconf 88' lang='lat' dir='ltr'>respondit,</span> <span class='ocrx_word' id='word_1_106' title='bbox 924 573 959 595; x_wconf 88' lang='lat' dir='ltr'>se</span> <span class='ocrx_word' id='word_1_107' title='bbox 976 561 1081 595; x_wconf 88' lang='lat' dir='ltr'>telam</span> 
     </span>
    </p>
   </div>
   <div class='ocr_carea' id='block_1_6' title="bbox 1104 422 1108 577">
    <p class='ocr_par' dir='ltr' id='par_1_6' title="bbox 1104 422 1108 577">
     <span class='ocr_line' id='line_1_12' title="bbox 1104 422 1108 577; baseline 0 2378"><span class='ocrx_word' id='word_1_108' title='bbox 1104 422 1108 577; x_wconf 95' lang='lat' dir='ltr'> </span> 
     </span>
    </p>
   </div>
   <div class='ocr_carea' id='block_1_7' title="bbox 1131 460 2101 605">
    <p class='ocr_par' dir='ltr' id='par_1_7' title="bbox 1131 460 2101 605">
     <span class='ocr_line' id='line_1_13' title="bbox 1131 460 2101 507; baseline 0.003 -15"><span class='ocrx_word' id='word_1_109' title='bbox 1131 461 1261 501; x_wconf 89' lang='lat' dir='ltr'>riosus,</span> <span class='ocrx_word' id='word_1_110' title='bbox 1289 462 1344 495; x_wconf 92' lang='lat' dir='ltr'>cui</span> <span class='ocrx_word' id='word_1_111' title='bbox 1361 460 1501 502; x_wconf 86' lang='lat' dir='ltr'>Persae,</span> <span class='ocrx_word' id='word_1_112' title='bbox 1528 463 1608 507; x_wconf 83' lang='lat' dir='ltr'>quia</span> <span class='ocrx_word' id='word_1_113' title='bbox 1634 463 1742 504; x_wconf 84' lang='lat' dir='ltr'>legem</span> <span class='ocrx_word' id='word_1_114' title='bbox 1766 463 1912 504; x_wconf 86' lang='lat' dir='ltr'>tulerat,</span> <span class='ocrx_word' id='word_1_115' title='bbox 1939 475 1983 495; x_wconf 89' lang='lat' dir='ltr'>ne</span> <span class='ocrx_word' id='word_1_116' title='bbox 2000 464 2101 495; x_wconf 87' lang='lat' dir='ltr'>adnl-</span> 
     </span>
     <span class='ocr_line' id='line_1_14' title="bbox 1131 511 2099 555; baseline 0.001 -11"><span class='ocrx_word' id='word_1_117' title='bbox 1131 512 1216 544; x_wconf 87' lang='lat' dir='ltr'>teria</span> <span class='ocrx_word' id='word_1_118' title='bbox 1233 512 1306 544; x_wconf 92' lang='lat' dir='ltr'>sine</span> <span class='ocrx_word' id='word_1_119' title='bbox 1324 511 1492 544; x_wconf 84' lang='lat' dir='ltr'>violentia</span> <span class='ocrx_word' id='word_1_120' title='bbox 1509 512 1596 545; x_wconf 85' lang='lat' dir='ltr'>facta</span> <span class='ocrx_word' id='word_1_121' title='bbox 1613 513 1837 555; x_wconf 80' lang='lat' dir='ltr'>punirentur,</span> <span class='ocrx_word' id='word_1_122' title='bbox 1853 523 2000 554; x_wconf 82' lang='lat' dir='ltr'>regnum</span> <span class='ocrx_word' id='word_1_123' title='bbox 2017 515 2099 545; x_wconf 80' lang='lat' dir='ltr'>ade·</span> 
     </span>
     <span class='ocr_line' id='line_1_15' title="bbox 1131 561 2100 605; baseline 0.002 -12"><span class='ocrx_word' id='word_1_124' title='bbox 1131 568 1289 600; x_wconf 91' lang='lat' dir='ltr'>merunt,</span> <span class='ocrx_word' id='word_1_125' title='bbox 1317 572 1467 605; x_wconf 85' lang='lat' dir='ltr'>eumque</span> <span class='ocrx_word' id='word_1_126' title='bbox 1488 561 1524 593; x_wconf 93' lang='lat' dir='ltr'>in</span> <span class='ocrx_word' id='word_1_127' title='bbox 1543 573 1712 594; x_wconf 85' lang='lat' dir='ltr'>carcerem</span> <span class='ocrx_word' id='word_1_128' title='bbox 1730 562 1958 596; x_wconf 87' lang='lat' dir='ltr'>incluserunt.</span> <span class='ocrx_word' id='word_1_129' title='bbox 2012 561 2100 595; x_wconf 84' lang='lat' dir='ltr'>Cum</span> 
     </span>
    </p>
   </div>
   <div class='ocr_carea' id='block_1_8' title="bbox 102 610 2101 923">
    <p class='ocr_par' dir='ltr' id='par_1_8' title="bbox 102 610 2101 923">
     <span class='ocr_line' id='line_1_16' title="bbox 103 610 2101 656; baseline 0 -12"><span class='ocrx_word' id='word_1_130' title='bbox 103 610 276 654; x_wconf 85' lang='lat' dir='ltr'>exordiri,</span> <span class='ocrx_word' id='word_1_131' title='bbox 311 622 416 655; x_wconf 91' lang='lat' dir='ltr'>quam</span> <span class='ocrx_word' id='word_1_132' title='bbox 441 623 515 644; x_wconf 90' lang='lat' dir='ltr'>non</span> <span class='ocrx_word' id='word_1_133' title='bbox 539 618 653 655; x_wconf 89' lang='lat' dir='ltr'>posset</span> <span class='ocrx_word' id='word_1_134' title='bbox 684 612 758 656; x_wconf 85' lang='lat' dir='ltr'>ipsa</span> <span class='ocrx_word' id='word_1_135' title='bbox 781 613 930 656; x_wconf 86' lang='lat' dir='ltr'>superba</span> <span class='ocrx_word' id='word_1_136' title='bbox 954 610 1082 644; x_wconf 90' lang='lat' dir='ltr'>mulier</span> <span class='ocrx_word' id='word_1_137' title='bbox 1131 618 1244 644; x_wconf 87' lang='lat' dir='ltr'>autem</span> <span class='ocrx_word' id='word_1_138' title='bbox 1264 611 1337 644; x_wconf 87' lang='lat' dir='ltr'>eius</span> <span class='ocrx_word' id='word_1_139' title='bbox 1355 611 1510 643; x_wconf 88' lang='lat' dir='ltr'>coniunx</span> <span class='ocrx_word' id='word_1_140' title='bbox 1526 612 1660 644; x_wconf 89' lang='lat' dir='ltr'>aditum</span> <span class='ocrx_word' id='word_1_141' title='bbox 1678 612 1720 643; x_wconf 88' lang='lat' dir='ltr'>ad</span> <span class='ocrx_word' id='word_1_142' title='bbox 1746 622 1824 644; x_wconf 89' lang='lat' dir='ltr'>eum</span> <span class='ocrx_word' id='word_1_143' title='bbox 1849 618 1996 654; x_wconf 89' lang='lat' dir='ltr'>peteret,</span> <span class='ocrx_word' id='word_1_144' title='bbox 2023 619 2101 645; x_wconf 91' lang='lat' dir='ltr'>tan-</span> 
     </span>
     <span class='ocr_line' id='line_1_17' title="bbox 103 659 2101 705; baseline -0.001 -11"><span class='ocrx_word' id='word_1_145' title='bbox 103 667 294 704; x_wconf 79' lang='lat' dir='ltr'>pertexere.</span> <span class='ocrx_word' id='word_1_146' title='bbox 354 660 522 695; x_wconf 77' lang='lat' dir='ltr'>Invitavit</span> <span class='ocrx_word' id='word_1_147' title='bbox 554 661 648 694; x_wconf 90' lang='lat' dir='ltr'>enim</span> <span class='ocrx_word' id='word_1_148' title='bbox 672 661 925 705; x_wconf 86' lang='lat' dir='ltr'>Longohardos</span> <span class='ocrx_word' id='word_1_149' title='bbox 948 662 986 694; x_wconf 93' lang='lat' dir='ltr'>in</span> <span class='ocrx_word' id='word_1_150' title='bbox 1013 659 1082 693; x_wconf 91' lang='lat' dir='ltr'>Ita-</span> <span class='ocrx_word' id='word_1_151' title='bbox 1104 676 1106 683; x_wconf 66' lang='lat'><em>&gt;</em></span> <span class='ocrx_word' id='word_1_152' title='bbox 1131 663 1209 694; x_wconf 88' lang='lat' dir='ltr'>dem</span> <span class='ocrx_word' id='word_1_153' title='bbox 1226 668 1339 694; x_wconf 89' lang='lat' dir='ltr'>custos</span> <span class='ocrx_word' id='word_1_154' title='bbox 1356 661 1501 693; x_wconf 87' lang='lat' dir='ltr'>carceris</span> <span class='ocrx_word' id='word_1_155' title='bbox 1515 673 1553 693; x_wconf 90' lang='lat' dir='ltr'>ea</span> <span class='ocrx_word' id='word_1_156' title='bbox 1577 661 1778 694; x_wconf 90' lang='lat' dir='ltr'>conditione</span> <span class='ocrx_word' id='word_1_157' title='bbox 1796 661 1955 703; x_wconf 87' lang='lat' dir='ltr'>promisit</span> <span class='ocrx_word' id='word_1_158' title='bbox 1974 672 2009 693; x_wconf 88' lang='lat' dir='ltr'>se</span> <span class='ocrx_word' id='word_1_159' title='bbox 2025 662 2101 694; x_wconf 88' lang='lat' dir='ltr'>adi-</span> 
     </span>
     <span class='ocr_line' id='line_1_18' title="bbox 103 700 2100 759; baseline 0.001 -16"><span class='ocrx_word' id='word_1_160' title='bbox 103 711 204 751; x_wconf 86' lang='lat' dir='ltr'>liam,</span> <span class='ocrx_word' id='word_1_161' title='bbox 231 723 383 756; x_wconf 90' lang='lat' dir='ltr'>quorum</span> <span class='ocrx_word' id='word_1_162' title='bbox 401 711 531 744; x_wconf 80' lang='lat' dir='ltr'>auxilio</span> <span class='ocrx_word' id='word_1_163' title='bbox 549 718 648 745; x_wconf 90' lang='lat' dir='ltr'>antea</span> <span class='ocrx_word' id='word_1_164' title='bbox 664 713 829 745; x_wconf 87' lang='lat' dir='ltr'>adversus</span> <span class='ocrx_word' id='word_1_165' title='bbox 848 711 976 745; x_wconf 86' lang='lat' dir='ltr'>Gottos</span> <span class='ocrx_word' id='word_1_166' title='bbox 998 720 1080 743; x_wconf 87' lang='lat' dir='ltr'>usus</span> <span class='ocrx_word' id='word_1_167' title='bbox 1103 700 1106 759; x_wconf 45' lang='grc' dir='ltr'><em>ζ</em></span> <span class='ocrx_word' id='word_1_168' title='bbox 1130 718 1203 744; x_wconf 91' lang='lat' dir='ltr'>tum</span> <span class='ocrx_word' id='word_1_169' title='bbox 1237 722 1483 743; x_wconf 89' lang='lat' dir='ltr'>concessurum</span> <span class='ocrx_word' id='word_1_170' title='bbox 1517 722 1606 749; x_wconf 89' lang='lat' dir='ltr'>esse,</span> <span class='ocrx_word' id='word_1_171' title='bbox 1643 711 1670 744; x_wconf 90' lang='lat' dir='ltr'>si</span> <span class='ocrx_word' id='word_1_172' title='bbox 1704 722 1818 743; x_wconf 85' lang='lat' dir='ltr'>secum</span> <span class='ocrx_word' id='word_1_173' title='bbox 1844 711 2100 744; x_wconf 83' lang='lat' dir='ltr'>concumberet.</span> 
     </span>
     <span class='ocr_line' id='line_1_19' title="bbox 103 757 2101 804; baseline 0 -11"><span class='ocrx_word' id='word_1_174' title='bbox 103 767 188 796; x_wconf 86' lang='lat' dir='ltr'>erat.</span> <span class='ocrx_word' id='word_1_175' title='bbox 240 759 292 794; x_wconf 88' lang='lat' dir='ltr'>Ac</span> <span class='ocrx_word' id='word_1_176' title='bbox 307 768 346 795; x_wconf 88' lang='lat' dir='ltr'>ut</span> <span class='ocrx_word' id='word_1_177' title='bbox 364 762 473 795; x_wconf 88' lang='lat' dir='ltr'>tutior</span> <span class='ocrx_word' id='word_1_178' title='bbox 491 768 595 801; x_wconf 91' lang='lat' dir='ltr'>esset,</span> <span class='ocrx_word' id='word_1_179' title='bbox 620 773 694 794; x_wconf 88' lang='lat' dir='ltr'>non</span> <span class='ocrx_word' id='word_1_180' title='bbox 712 762 816 795; x_wconf 90' lang='lat' dir='ltr'>rediit</span> <span class='ocrx_word' id='word_1_181' title='bbox 831 760 1081 795; x_wconf 89' lang='lat' dir='ltr'>Constantino·</span> <span class='ocrx_word' id='word_1_182' title='bbox 1130 760 1193 794; x_wconf 87' lang='lat' dir='ltr'>Illa</span> <span class='ocrx_word' id='word_1_183' title='bbox 1209 762 1334 794; x_wconf 86' lang='lat' dir='ltr'>marito</span> <span class='ocrx_word' id='word_1_184' title='bbox 1354 757 1420 794; x_wconf 90' lang='lat' dir='ltr'>hoc</span> <span class='ocrx_word' id='word_1_185' title='bbox 1437 760 1622 802; x_wconf 85' lang='lat' dir='ltr'>significat,</span> <span class='ocrx_word' id='word_1_186' title='bbox 1650 761 1710 804; x_wconf 89' lang='lat' dir='ltr'>qui</span> <span class='ocrx_word' id='word_1_187' title='bbox 1735 772 1792 804; x_wconf 88' lang='lat' dir='ltr'>spe</span> <span class='ocrx_word' id='word_1_188' title='bbox 1811 760 2027 793; x_wconf 85' lang='lat' dir='ltr'>liberationis</span> <span class='ocrx_word' id='word_1_189' title='bbox 2047 761 2101 793; x_wconf 88' lang='lat' dir='ltr'>iu-</span> 
     </span>
     <span class='ocr_line' id='line_1_20' title="bbox 102 810 2099 856; baseline -0.001 -13"><span class='ocrx_word' id='word_1_190' title='bbox 102 811 222 854; x_wconf 90' lang='lat' dir='ltr'>polin,</span> <span class='ocrx_word' id='word_1_191' title='bbox 256 812 315 844; x_wconf 89' lang='lat' dir='ltr'>sed</span> <span class='ocrx_word' id='word_1_192' title='bbox 337 818 376 845; x_wconf 92' lang='lat' dir='ltr'>ut</span> <span class='ocrx_word' id='word_1_193' title='bbox 399 812 556 856; x_wconf 88' lang='lat' dir='ltr'>privatus</span> <span class='ocrx_word' id='word_1_194' title='bbox 583 811 731 856; x_wconf 74' lang='lat' dir='ltr'>Neapoli</span> <span class='ocrx_word' id='word_1_195' title='bbox 753 812 858 852; x_wconf 79' lang='lat' dir='ltr'>vixit,</span> <span class='ocrx_word' id='word_1_196' title='bbox 892 813 1003 846; x_wconf 85' lang='lat' dir='ltr'>donec</span> <span class='ocrx_word' id='word_1_197' title='bbox 1031 810 1081 843; x_wconf 88' lang='lat' dir='ltr'>ibi</span> <span class='ocrx_word' id='word_1_198' title='bbox 1104 825 1105 834; x_wconf 56' lang='lat'>¹</span> <span class='ocrx_word' id='word_1_199' title='bbox 1129 811 1187 843; x_wconf 87' lang='lat' dir='ltr'>het</span> <span class='ocrx_word' id='word_1_200' title='bbox 1211 823 1354 844; x_wconf 79' lang='lat' dir='ltr'>uxorem</span> <span class='ocrx_word' id='word_1_201' title='bbox 1379 811 1552 844; x_wconf 85' lang='lat' dir='ltr'>voluntati</span> <span class='ocrx_word' id='word_1_202' title='bbox 1569 811 1721 844; x_wconf 87' lang='lat' dir='ltr'>custodis</span> <span class='ocrx_word' id='word_1_203' title='bbox 1738 822 1876 853; x_wconf 83' lang='lat' dir='ltr'>parere,</span> <span class='ocrx_word' id='word_1_204' title='bbox 1903 811 2001 855; x_wconf 88' lang='lat' dir='ltr'>quod</span> <span class='ocrx_word' id='word_1_205' title='bbox 2019 822 2099 843; x_wconf 89' lang='lat' dir='ltr'>cum</span> 
     </span>
     <span class='ocr_line' id='line_1_21' title="bbox 102 860 2101 923; baseline -0.001 -30"><span class='ocrx_word' id='word_1_206' title='bbox 102 868 262 895; x_wconf 89' lang='lat' dir='ltr'>mortuus</span> <span class='ocrx_word' id='word_1_207' title='bbox 278 868 338 897; x_wconf 86' lang='lat' dir='ltr'>est.</span> <span class='ocrx_word' id='word_1_208' title='bbox 1103 889 1106 923; x_wconf 56' lang='grc' dir='ltr'>Ι</span> <span class='ocrx_word' id='word_1_209' title='bbox 1129 861 1273 901; x_wconf 82' lang='lat' dir='ltr'>faceret,</span> <span class='ocrx_word' id='word_1_210' title='bbox 1299 861 1426 893; x_wconf 86' lang='lat' dir='ltr'>mulier</span> <span class='ocrx_word' id='word_1_211' title='bbox 1449 868 1565 903; x_wconf 88' lang='lat' dir='ltr'>postea</span> <span class='ocrx_word' id='word_1_212' title='bbox 1588 860 1804 894; x_wconf 81' lang='lat' dir='ltr'>familiariter</span> <span class='ocrx_word' id='word_1_213' title='bbox 1830 860 2029 893; x_wconf 87' lang='lat' dir='ltr'>intromissa</span> <span class='ocrx_word' id='word_1_214' title='bbox 2046 861 2101 891; x_wconf 79' lang='lat' dir='ltr'>vi-</span> 
     </span>
    </p>
   </div>
   <div class='ocr_carea' id='block_1_9' title="bbox 1103 911 2102 968">
    <p class='ocr_par' dir='ltr' id='par_1_9' title="bbox 1103 911 2102 968">
     <span class='ocr_line' id='line_1_22' title="bbox 1103 911 2102 968; baseline 0.002 -25"><span class='ocrx_word' id='word_1_215' title='bbox 1103 923 1209 968; x_wconf 25' lang='lat' dir='ltr'>{rum</span> <span class='ocrx_word' id='word_1_216' title='bbox 1242 912 1382 943; x_wconf 83' lang='lat' dir='ltr'>tandem</span> <span class='ocrx_word' id='word_1_217' title='bbox 1413 911 1576 944; x_wconf 88' lang='lat' dir='ltr'>liberavit</span> <span class='ocrx_word' id='word_1_218' title='bbox 1605 911 1769 943; x_wconf 89' lang='lat' dir='ltr'>indutum</span> <span class='ocrx_word' id='word_1_219' title='bbox 1801 911 1965 943; x_wconf 86' lang='lat' dir='ltr'>muliebri</span> <span class='ocrx_word' id='word_1_220' title='bbox 1996 918 2102 945; x_wconf 84' lang='lat' dir='ltr'>veste.</span> 
     </span>
    </p>
   </div>
   <div class='ocr_carea' id='block_1_10' title="bbox 151 958 2102 1006">
    <p class='ocr_par' dir='ltr' id='par_1_10' title="bbox 151 958 2102 1006">
     <span class='ocr_line' id='line_1_23' title="bbox 151 958 2102 1006; baseline -0.001 -12"><span class='ocrx_word' id='word_1_221' title='bbox 151 958 260 994; x_wconf 90' lang='lat' dir='ltr'>Anno</span> <span class='ocrx_word' id='word_1_222' title='bbox 283 961 408 995; x_wconf 89' lang='lat' dir='ltr'>mundi</span> <span class='ocrx_word' id='word_1_223' title='bbox 431 968 554 1006; x_wconf 90' lang='lat' dir='ltr'>quater</span> <span class='ocrx_word' id='word_1_224' title='bbox 588 961 776 994; x_wconf 90' lang='lat' dir='ltr'>millesimo</span> <span class='ocrx_word' id='word_1_225' title='bbox 806 959 1080 1004; x_wconf 81' lang='lat' dir='ltr'>quadringente·</span> <span class='ocrx_word' id='word_1_226' title='bbox 1130 959 1295 1001; x_wconf 84' lang='lat' dir='ltr'>Quicum</span> <span class='ocrx_word' id='word_1_227' title='bbox 1313 960 1495 1000; x_wconf 86' lang='lat' dir='ltr'>evasisset,</span> <span class='ocrx_word' id='word_1_228' title='bbox 1522 961 1660 993; x_wconf 90' lang='lat' dir='ltr'>adiutus</span> <span class='ocrx_word' id='word_1_229' title='bbox 1682 961 1725 993; x_wconf 87' lang='lat' dir='ltr'>ab</span> <span class='ocrx_word' id='word_1_230' title='bbox 1748 960 1867 992; x_wconf 85' lang='lat' dir='ltr'>amicis</span> <span class='ocrx_word' id='word_1_231' title='bbox 1885 971 2030 1002; x_wconf 84' lang='lat' dir='ltr'>regnum</span> <span class='ocrx_word' id='word_1_232' title='bbox 2048 972 2102 992; x_wconf 84' lang='lat' dir='ltr'>re-</span> 
     </span>
    </p>
   </div>
   <div class='ocr_carea' id='block_1_11' title="bbox 153 1011 1080 1155">
    <p class='ocr_par' dir='ltr' id='par_1_11' title="bbox 153 1011 1080 1155">
     <span class='ocr_line' id='line_1_24' title="bbox 304 1011 824 1056; baseline 0 -12"><span class='ocrx_word' id='word_1_233' title='bbox 304 1012 392 1044; x_wconf 87' lang='lat' dir='ltr'>simo</span> <span class='ocrx_word' id='word_1_234' title='bbox 410 1011 699 1056; x_wconf 86' lang='lat' dir='ltr'>quinquagesimo</span> <span class='ocrx_word' id='word_1_235' title='bbox 717 1017 824 1044; x_wconf 80' lang='lat' dir='ltr'>sextu.</span> 
     </span>
     <span class='ocr_line' id='line_1_25' title="bbox 153 1058 1080 1103; baseline -0.004 -9"><span class='ocrx_word' id='word_1_236' title='bbox 153 1059 261 1094; x_wconf 89' lang='lat' dir='ltr'>Anno</span> <span class='ocrx_word' id='word_1_237' title='bbox 302 1062 489 1094; x_wconf 82' lang='lat' dir='ltr'>millesimo</span> <span class='ocrx_word' id='word_1_238' title='bbox 532 1059 770 1093; x_wconf 87' lang='lat' dir='ltr'>ducentesimo</span> <span class='ocrx_word' id='word_1_239' title='bbox 814 1058 1080 1103; x_wconf 87' lang='lat' dir='ltr'>quadragesimo</span> 
     </span>
     <span class='ocr_line' id='line_1_26' title="bbox 309 1117 445 1155; baseline 0.007 -12"><span class='ocrx_word' id='word_1_240' title='bbox 309 1117 445 1155; x_wconf 78' lang='lat' dir='ltr'>quarto,</span> 
     </span>
    </p>
   </div>
   <div class='ocr_carea' id='block_1_12' title="bbox 158 1143 1106 1204">
    <p class='ocr_par' dir='ltr' id='par_1_12' title="bbox 158 1143 1106 1204">
     <span class='ocr_line' id='line_1_27' title="bbox 158 1143 1106 1204; baseline -0.002 -11"><span class='ocrx_word' id='word_1_241' title='bbox 158 1158 265 1193; x_wconf 91' lang='lat' dir='ltr'>Anno</span> <span class='ocrx_word' id='word_1_242' title='bbox 304 1157 435 1194; x_wconf 87' lang='lat' dir='ltr'>Christi</span> <span class='ocrx_word' id='word_1_243' title='bbox 468 1158 813 1204; x_wconf 86' lang='lat' dir='ltr'>quadringentesimo</span> <span class='ocrx_word' id='word_1_244' title='bbox 855 1143 1106 1202; x_wconf 75' lang='lat' dir='ltr'>nonagesimo¹</span> 
     </span>
    </p>
   </div>
   <div class='ocr_carea' id='block_1_13' title="bbox 1102 977 1106 1140">
    <p class='ocr_par' dir='ltr' id='par_1_13' title="bbox 1102 977 1106 1140">
     <span class='ocr_line' id='line_1_28' title="bbox 1102 977 1106 1140; baseline 0 1815"><span class='ocrx_word' id='word_1_245' title='bbox 1102 977 1106 1140; x_wconf 95' lang='lat' dir='ltr'> </span> 
     </span>
    </p>
   </div>
   <div class='ocr_carea' id='block_1_14' title="bbox 1130 1008 2104 1202">
    <p class='ocr_par' dir='ltr' id='par_1_14' title="bbox 1130 1008 2104 1202">
     <span class='ocr_line' id='line_1_29' title="bbox 1130 1008 2103 1053; baseline 0.001 -12"><span class='ocrx_word' id='word_1_246' title='bbox 1130 1008 1327 1052; x_wconf 83' lang='lat' dir='ltr'>cuperavit‚</span> <span class='ocrx_word' id='word_1_247' title='bbox 1361 1015 1394 1041; x_wconf 89' lang='lat' dir='ltr'>et</span> <span class='ocrx_word' id='word_1_248' title='bbox 1420 1009 1581 1047; x_wconf 86' lang='lat' dir='ltr'>fratrem,</span> <span class='ocrx_word' id='word_1_249' title='bbox 1625 1010 1685 1053; x_wconf 89' lang='lat' dir='ltr'>qui</span> <span class='ocrx_word' id='word_1_250' title='bbox 1716 1009 1859 1042; x_wconf 87' lang='lat' dir='ltr'>biennio</span> <span class='ocrx_word' id='word_1_251' title='bbox 1888 1018 2103 1052; x_wconf 70' lang='lat' dir='ltr'>regnaverat,</span> 
     </span>
     <span class='ocr_line' id='line_1_30' title="bbox 1130 1055 2104 1091; baseline 0 -1"><span class='ocrx_word' id='word_1_252' title='bbox 1130 1058 1313 1091; x_wconf 83' lang='lat' dir='ltr'>interfecit.</span> <span class='ocrx_word' id='word_1_253' title='bbox 1361 1055 1450 1090; x_wconf 90' lang='lat' dir='ltr'>Cum</span> <span class='ocrx_word' id='word_1_254' title='bbox 1479 1055 1544 1090; x_wconf 91' lang='lat' dir='ltr'>hoc</span> <span class='ocrx_word' id='word_1_255' title='bbox 1559 1057 1699 1091; x_wconf 88' lang='lat' dir='ltr'>Cabade</span> <span class='ocrx_word' id='word_1_256' title='bbox 1721 1059 1781 1089; x_wconf 92' lang='lat' dir='ltr'>diu</span> <span class='ocrx_word' id='word_1_257' title='bbox 1800 1057 2005 1091; x_wconf 81' lang='lat' dir='ltr'>Anastasius</span> <span class='ocrx_word' id='word_1_258' title='bbox 2028 1059 2104 1090; x_wconf 90' lang='lat' dir='ltr'>bel-</span> 
     </span>
     <span class='ocr_line' id='line_1_31' title="bbox 1130 1106 2104 1152; baseline -0.001 -12"><span class='ocrx_word' id='word_1_259' title='bbox 1130 1108 1203 1141; x_wconf 92' lang='lat' dir='ltr'>lum</span> <span class='ocrx_word' id='word_1_260' title='bbox 1226 1119 1288 1151; x_wconf 90' lang='lat' dir='ltr'>per</span> <span class='ocrx_word' id='word_1_261' title='bbox 1317 1107 1422 1139; x_wconf 90' lang='lat' dir='ltr'>duces</span> <span class='ocrx_word' id='word_1_262' title='bbox 1450 1108 1572 1149; x_wconf 82' lang='lat' dir='ltr'>gessit,</span> <span class='ocrx_word' id='word_1_263' title='bbox 1606 1108 1700 1152; x_wconf 89' lang='lat' dir='ltr'>quod</span> <span class='ocrx_word' id='word_1_264' title='bbox 1726 1113 1842 1150; x_wconf 85' lang='lat' dir='ltr'>postea</span> <span class='ocrx_word' id='word_1_265' title='bbox 1868 1106 1993 1141; x_wconf 88' lang='lat' dir='ltr'>Iustini</span> <span class='ocrx_word' id='word_1_266' title='bbox 2017 1114 2104 1140; x_wconf 86' lang='lat' dir='ltr'>tem-</span> 
     </span>
     <span class='ocr_line' id='line_1_32' title="bbox 1131 1157 1456 1202; baseline -0.003 -11"><span class='ocrx_word' id='word_1_267' title='bbox 1131 1169 1214 1202; x_wconf 90' lang='lat' dir='ltr'>pore</span> <span class='ocrx_word' id='word_1_268' title='bbox 1232 1157 1370 1191; x_wconf 81' lang='lat' dir='ltr'>finitum</span> <span class='ocrx_word' id='word_1_269' title='bbox 1395 1163 1456 1190; x_wconf 89' lang='lat' dir='ltr'>est.</span> 
     </span>
    </p>
   </div>
   <div class='ocr_carea' id='block_1_15' title="bbox 203 1184 2104 1459">
    <p class='ocr_par' dir='ltr' id='par_1_15' title="bbox 203 1184 2104 1459">
     <span class='ocr_line' id='line_1_33' title="bbox 307 1184 2103 1271; baseline 0.003 -28"><span class='ocrx_word' id='word_1_270' title='bbox 307 1216 444 1255; x_wconf 85' lang='lat' dir='ltr'>quarto.</span> <span class='ocrx_word' id='word_1_271' title='bbox 1102 1184 1107 1271; x_wconf 61' lang='grc'><strong>1</strong></span> <span class='ocrx_word' id='word_1_272' title='bbox 1234 1214 1317 1248; x_wconf 90' lang='lat' dir='ltr'>ldeo</span> <span class='ocrx_word' id='word_1_273' title='bbox 1342 1221 1457 1248; x_wconf 88' lang='lat' dir='ltr'>autem</span> <span class='ocrx_word' id='word_1_274' title='bbox 1480 1213 1586 1248; x_wconf 90' lang='lat' dir='ltr'>huius</span> <span class='ocrx_word' id='word_1_275' title='bbox 1611 1213 1772 1249; x_wconf 86' lang='lat' dir='ltr'>Cahadae</span> <span class='ocrx_word' id='word_1_276' title='bbox 1799 1215 2012 1249; x_wconf 91' lang='lat' dir='ltr'>mentionem</span> <span class='ocrx_word' id='word_1_277' title='bbox 2046 1214 2103 1249; x_wconf 82' lang='lat' dir='ltr'>hic</span> 
     </span>
     <span class='ocr_line' id='line_1_34' title="bbox 1102 1264 2104 1311; baseline -0.001 -13"><span class='ocrx_word' id='word_1_278' title='bbox 1102 1275 1107 1311; x_wconf 63' lang='lat' dir='ltr'>J</span> <span class='ocrx_word' id='word_1_279' title='bbox 1130 1264 1212 1305; x_wconf 85' lang='lat' dir='ltr'>feci,</span> <span class='ocrx_word' id='word_1_280' title='bbox 1239 1265 1321 1309; x_wconf 89' lang='lat' dir='ltr'>quia</span> <span class='ocrx_word' id='word_1_281' title='bbox 1346 1271 1379 1298; x_wconf 88' lang='lat' dir='ltr'>et</span> <span class='ocrx_word' id='word_1_282' title='bbox 1403 1271 1522 1298; x_wconf 87' lang='lat' dir='ltr'>nostro</span> <span class='ocrx_word' id='word_1_283' title='bbox 1546 1271 1702 1308; x_wconf 87' lang='lat' dir='ltr'>tempore</span> <span class='ocrx_word' id='word_1_284' title='bbox 1726 1265 1832 1298; x_wconf 85' lang='lat' dir='ltr'>simili</span> <span class='ocrx_word' id='word_1_285' title='bbox 1855 1273 1953 1309; x_wconf 89' lang='lat' dir='ltr'>pacto</span> <span class='ocrx_word' id='word_1_286' title='bbox 1977 1266 2104 1297; x_wconf 87' lang='lat' dir='ltr'>mulier</span> 
     </span>
     <span class='ocr_line' id='line_1_35' title="bbox 1103 1313 2104 1358; baseline 0.001 -12"><span class='ocrx_word' id='word_1_287' title='bbox 1103 1317 1107 1354; x_wconf 93' lang='grc' dir='ltr'>Ι</span> <span class='ocrx_word' id='word_1_288' title='bbox 1131 1316 1245 1348; x_wconf 82' lang='lat' dir='ltr'>virum</span> <span class='ocrx_word' id='word_1_289' title='bbox 1264 1315 1411 1348; x_wconf 85' lang='lat' dir='ltr'>liberare</span> <span class='ocrx_word' id='word_1_290' title='bbox 1429 1322 1551 1348; x_wconf 88' lang='lat' dir='ltr'>conata</span> <span class='ocrx_word' id='word_1_291' title='bbox 1567 1321 1627 1347; x_wconf 88' lang='lat' dir='ltr'>est.</span> <span class='ocrx_word' id='word_1_292' title='bbox 1679 1313 1767 1348; x_wconf 92' lang='lat' dir='ltr'>Cum</span> <span class='ocrx_word' id='word_1_293' title='bbox 1787 1314 1950 1358; x_wconf 85' lang='lat' dir='ltr'>Gonzaga</span> <span class='ocrx_word' id='word_1_294' title='bbox 1963 1314 2104 1348; x_wconf 83' lang='lat' dir='ltr'>Medio-</span> 
     </span>
     <span class='ocr_line' id='line_1_36' title="bbox 1103 1359 2104 1408; baseline 0 -11"><span class='ocrx_word' id='word_1_295' title='bbox 1103 1359 1106 1391; x_wconf 70' lang='grc'><strong>1</strong></span> <span class='ocrx_word' id='word_1_296' title='bbox 1130 1365 1202 1398; x_wconf 90' lang='lat' dir='ltr'>lani</span> <span class='ocrx_word' id='word_1_297' title='bbox 1219 1364 1361 1398; x_wconf 90' lang='lat' dir='ltr'>Praeses</span> <span class='ocrx_word' id='word_1_298' title='bbox 1378 1372 1479 1405; x_wconf 90' lang='lat' dir='ltr'>esset,</span> <span class='ocrx_word' id='word_1_299' title='bbox 1507 1364 1625 1397; x_wconf 91' lang='lat' dir='ltr'>Caroli</span> <span class='ocrx_word' id='word_1_300' title='bbox 1642 1364 1683 1396; x_wconf 67' lang='lat' dir='ltr'>V.</span> <span class='ocrx_word' id='word_1_301' title='bbox 1700 1365 1921 1408; x_wconf 87' lang='lat' dir='ltr'>imperatoris</span> <span class='ocrx_word' id='word_1_302' title='bbox 1936 1372 2104 1408; x_wconf 84' lang='lat' dir='ltr'>tempore,</span> 
     </span>
     <span class='ocr_line' id='line_1_37' title="bbox 203 1398 2103 1459; baseline 0.001 -14"><span class='ocrx_word' id='word_1_303' title='bbox 203 1405 429 1442; x_wconf 77' lang='lat' dir='ltr'>Anastasius</span> <span class='ocrx_word' id='word_1_304' title='bbox 439 1407 590 1443; x_wconf 63' lang='lat' dir='ltr'>Dstorus</span> <span class='ocrx_word' id='word_1_305' title='bbox 603 1409 714 1443; x_wconf 75' lang='lat' dir='ltr'>factus</span> <span class='ocrx_word' id='word_1_306' title='bbox 729 1415 779 1443; x_wconf 75' lang='lat' dir='ltr'>est</span> <span class='ocrx_word' id='word_1_307' title='bbox 797 1408 998 1452; x_wconf 66' lang='lat' dir='ltr'>imperator,</span> <span class='ocrx_word' id='word_1_308' title='bbox 1024 1421 1081 1442; x_wconf 82' lang='lat' dir='ltr'>re-</span> <span class='ocrx_word' id='word_1_309' title='bbox 1103 1398 1106 1443; x_wconf 82' lang='grc'><strong>1</strong></span> <span class='ocrx_word' id='word_1_310' title='bbox 1131 1415 1168 1447; x_wconf 91' lang='lat' dir='ltr'>in</span> <span class='ocrx_word' id='word_1_311' title='bbox 1187 1415 1302 1448; x_wconf 87' lang='lat' dir='ltr'>vicina</span> <span class='ocrx_word' id='word_1_312' title='bbox 1317 1416 1467 1459; x_wconf 90' lang='lat' dir='ltr'>quadam</span> <span class='ocrx_word' id='word_1_313' title='bbox 1487 1416 1573 1448; x_wconf 90' lang='lat' dir='ltr'>urbe</span> <span class='ocrx_word' id='word_1_314' title='bbox 1586 1413 1785 1448; x_wconf 86' lang='lat' dir='ltr'>Praefectus</span> <span class='ocrx_word' id='word_1_315' title='bbox 1795 1414 1972 1459; x_wconf 85' lang='lat' dir='ltr'>Hispanus</span> <span class='ocrx_word' id='word_1_316' title='bbox 1989 1415 2103 1448; x_wconf 77' lang='lat' dir='ltr'>virum</span> 
     </span>
    </p>
   </div>
   <div class='ocr_carea' id='block_1_16' title="bbox 433 1327 740 1360">
    <p class='ocr_par' dir='ltr' id='par_1_16' title="bbox 433 1327 740 1360">
     <span class='ocr_line' id='line_1_38' title="bbox 433 1327 740 1360; baseline 0 0"><span class='ocrx_word' id='word_1_317' title='bbox 433 1327 740 1360; x_wconf 78' lang='lat' dir='ltr'>Anastasius.</span> 
     </span>
    </p>
   </div>
   <div class='ocr_carea' id='block_1_17' title="bbox 102 1457 1106 1600">
    <p class='ocr_par' dir='ltr' id='par_1_17' title="bbox 102 1457 1106 1600">
     <span class='ocr_line' id='line_1_39' title="bbox 103 1457 1106 1503; baseline 0.003 -12"><span class='ocrx_word' id='word_1_318' title='bbox 103 1458 224 1502; x_wconf 83' lang='lat' dir='ltr'>gnavit</span> <span class='ocrx_word' id='word_1_319' title='bbox 239 1469 349 1492; x_wconf 90' lang='lat' dir='ltr'>annos</span> <span class='ocrx_word' id='word_1_320' title='bbox 367 1459 492 1502; x_wconf 83' lang='lat' dir='ltr'>viginti</span> <span class='ocrx_word' id='word_1_321' title='bbox 508 1466 639 1503; x_wconf 84' lang='lat' dir='ltr'>septem</span> <span class='ocrx_word' id='word_1_322' title='bbox 651 1486 660 1501; x_wconf 95' lang='lat'>,</span> <span class='ocrx_word' id='word_1_323' title='bbox 686 1470 822 1493; x_wconf 89' lang='lat' dir='ltr'>menses</span> <span class='ocrx_word' id='word_1_324' title='bbox 838 1466 918 1492; x_wconf 83' lang='lat' dir='ltr'>treS.</span> <span class='ocrx_word' id='word_1_325' title='bbox 953 1457 1081 1494; x_wconf 78' lang='lat' dir='ltr'>Evexit</span> <span class='ocrx_word' id='word_1_326' title='bbox 1104 1461 1106 1471; x_wconf 80' lang='lat'><em>&#39;</em></span> 
     </span>
     <span class='ocr_line' id='line_1_40' title="bbox 103 1509 1080 1553; baseline 0.001 -11"><span class='ocrx_word' id='word_1_327' title='bbox 103 1520 221 1542; x_wconf 90' lang='lat' dir='ltr'>senem</span> <span class='ocrx_word' id='word_1_328' title='bbox 245 1510 289 1542; x_wconf 89' lang='lat' dir='ltr'>ad</span> <span class='ocrx_word' id='word_1_329' title='bbox 321 1509 509 1553; x_wconf 91' lang='lat' dir='ltr'>imperium</span> <span class='ocrx_word' id='word_1_330' title='bbox 541 1521 630 1543; x_wconf 91' lang='lat' dir='ltr'>anus</span> <span class='ocrx_word' id='word_1_331' title='bbox 654 1509 811 1542; x_wconf 78' lang='lat' dir='ltr'>Ariadne</span> <span class='ocrx_word' id='word_1_332' title='bbox 835 1509 989 1542; x_wconf 82' lang='lat' dir='ltr'>coniunx</span> <span class='ocrx_word' id='word_1_333' title='bbox 1013 1509 1080 1543; x_wconf 91' lang='lat' dir='ltr'>Ze-</span> 
     </span>
     <span class='ocr_line' id='line_1_41' title="bbox 102 1558 1078 1600; baseline 0 -8"><span class='ocrx_word' id='word_1_334' title='bbox 102 1559 226 1600; x_wconf 87' lang='lat' dir='ltr'>nonis,</span> <span class='ocrx_word' id='word_1_335' title='bbox 256 1571 334 1592; x_wconf 92' lang='lat' dir='ltr'>cum</span> <span class='ocrx_word' id='word_1_336' title='bbox 360 1566 462 1592; x_wconf 89' lang='lat' dir='ltr'>antea</span> <span class='ocrx_word' id='word_1_337' title='bbox 484 1560 605 1593; x_wconf 87' lang='lat' dir='ltr'>fuisset</span> <span class='ocrx_word' id='word_1_338' title='bbox 629 1560 742 1593; x_wconf 90' lang='lat' dir='ltr'>scriba</span> <span class='ocrx_word' id='word_1_339' title='bbox 769 1559 918 1593; x_wconf 77' lang='lat' dir='ltr'>aulicus.</span> <span class='ocrx_word' id='word_1_340' title='bbox 970 1558 1078 1593; x_wconf 90' lang='lat' dir='ltr'>Initio</span> 
     </span>
    </p>
   </div>
   <div class='ocr_carea' id='block_1_18' title="bbox 101 1604 1105 1652">
    <p class='ocr_par' dir='ltr' id='par_1_18' title="bbox 101 1604 1105 1652">
     <span class='ocr_line' id='line_1_42' title="bbox 101 1604 1105 1652; baseline 0 -11"><span class='ocrx_word' id='word_1_341' title='bbox 101 1610 256 1642; x_wconf 87' lang='lat' dir='ltr'>favorem</span> <span class='ocrx_word' id='word_1_342' title='bbox 284 1609 408 1652; x_wconf 90' lang='lat' dir='ltr'>populi</span> <span class='ocrx_word' id='word_1_343' title='bbox 432 1609 500 1642; x_wconf 90' lang='lat' dir='ltr'>sibi</span> <span class='ocrx_word' id='word_1_344' title='bbox 531 1609 750 1650; x_wconf 89' lang='lat' dir='ltr'>conciliavit,</span> <span class='ocrx_word' id='word_1_345' title='bbox 792 1609 923 1642; x_wconf 90' lang='lat' dir='ltr'>abolito</span> <span class='ocrx_word' id='word_1_346' title='bbox 955 1610 1079 1651; x_wconf 84' lang='lat' dir='ltr'>grandi</span> <span class='ocrx_word' id='word_1_347' title='bbox 1103 1604 1105 1641; x_wconf 71' lang='grc'><strong>1</strong></span> 
     </span>
    </p>
   </div>
   <div class='ocr_carea' id='block_1_19' title="bbox 101 1659 1079 2705">
    <p class='ocr_par' dir='ltr' id='par_1_19' title="bbox 101 1659 1079 2705">
     <span class='ocr_line' id='line_1_43' title="bbox 103 1659 1079 1703; baseline 0.001 -11"><span class='ocrx_word' id='word_1_348' title='bbox 103 1659 238 1692; x_wconf 89' lang='lat' dir='ltr'>tributo</span> <span class='ocrx_word' id='word_1_349' title='bbox 261 1669 403 1701; x_wconf 90' lang='lat' dir='ltr'>annuo,</span> <span class='ocrx_word' id='word_1_350' title='bbox 430 1659 621 1692; x_wconf 90' lang='lat' dir='ltr'>seditiones</span> <span class='ocrx_word' id='word_1_351' title='bbox 646 1660 811 1703; x_wconf 92' lang='lat' dir='ltr'>quasdam</span> <span class='ocrx_word' id='word_1_352' title='bbox 834 1659 1017 1702; x_wconf 88' lang='lat' dir='ltr'>repressit,</span> <span class='ocrx_word' id='word_1_353' title='bbox 1045 1667 1079 1694; x_wconf 89' lang='lat' dir='ltr'>et</span> 
     </span>
     <span class='ocr_line' id='line_1_44' title="bbox 103 1706 1079 1752; baseline -0.004 -10"><span class='ocrx_word' id='word_1_354' title='bbox 103 1708 181 1742; x_wconf 91' lang='lat' dir='ltr'>cum</span> <span class='ocrx_word' id='word_1_355' title='bbox 199 1706 315 1740; x_wconf 89' lang='lat' dir='ltr'>Persis</span> <span class='ocrx_word' id='word_1_356' title='bbox 337 1708 496 1740; x_wconf 83' lang='lat' dir='ltr'>inducias</span> <span class='ocrx_word' id='word_1_357' title='bbox 517 1709 616 1747; x_wconf 85' lang='lat' dir='ltr'>fecit,</span> <span class='ocrx_word' id='word_1_358' title='bbox 642 1715 682 1743; x_wconf 89' lang='lat' dir='ltr'>ut</span> <span class='ocrx_word' id='word_1_359' title='bbox 706 1716 824 1752; x_wconf 79' lang='lat' dir='ltr'>postea</span> <span class='ocrx_word' id='word_1_360' title='bbox 847 1709 980 1745; x_wconf 88' lang='lat' dir='ltr'>dicam,</span> <span class='ocrx_word' id='word_1_361' title='bbox 1016 1717 1079 1739; x_wconf 89' lang='lat' dir='ltr'>nec</span> 
     </span>
     <span class='ocr_line' id='line_1_45' title="bbox 102 1755 1076 1800; baseline -0.002 -9"><span class='ocrx_word' id='word_1_362' title='bbox 102 1769 242 1800; x_wconf 86' lang='lat' dir='ltr'>magnas</span> <span class='ocrx_word' id='word_1_363' title='bbox 266 1768 322 1790; x_wconf 84' lang='lat' dir='ltr'>res</span> <span class='ocrx_word' id='word_1_364' title='bbox 347 1757 440 1790; x_wconf 88' lang='lat' dir='ltr'>bello</span> <span class='ocrx_word' id='word_1_365' title='bbox 458 1757 580 1799; x_wconf 85' lang='lat' dir='ltr'>gessit,</span> <span class='ocrx_word' id='word_1_366' title='bbox 606 1756 781 1789; x_wconf 84' lang='lat' dir='ltr'>Ecclesias</span> <span class='ocrx_word' id='word_1_367' title='bbox 795 1755 896 1788; x_wconf 88' lang='lat' dir='ltr'>valde</span> <span class='ocrx_word' id='word_1_368' title='bbox 911 1755 1076 1789; x_wconf 81' lang='lat' dir='ltr'>turbavit.</span> 
     </span>
     <span class='ocr_line' id='line_1_46' title="bbox 102 1803 1077 1848; baseline -0.004 -6"><span class='ocrx_word' id='word_1_369' title='bbox 102 1808 210 1842; x_wconf 90' lang='lat' dir='ltr'>Hunc</span> <span class='ocrx_word' id='word_1_370' title='bbox 225 1807 417 1841; x_wconf 89' lang='lat' dir='ltr'>secundum</span> <span class='ocrx_word' id='word_1_371' title='bbox 436 1806 583 1848; x_wconf 82' lang='lat' dir='ltr'>legimns</span> <span class='ocrx_word' id='word_1_372' title='bbox 599 1812 806 1838; x_wconf 87' lang='lat' dir='ltr'>coronatum</span> <span class='ocrx_word' id='word_1_373' title='bbox 829 1816 846 1837; x_wconf 89' lang='lat' dir='ltr'>a</span> <span class='ocrx_word' id='word_1_374' title='bbox 862 1803 1077 1841; x_wconf 86' lang='lat' dir='ltr'>Patriarcha.</span> 
     </span>
     <span class='ocr_line' id='line_1_47' title="bbox 103 1852 1078 1902; baseline -0.004 -10"><span class='ocrx_word' id='word_1_375' title='bbox 103 1858 183 1893; x_wconf 67' lang='lat' dir='ltr'>Sed.</span> <span class='ocrx_word' id='word_1_376' title='bbox 199 1857 296 1902; x_wconf 86' lang='lat' dir='ltr'>prius</span> <span class='ocrx_word' id='word_1_377' title='bbox 322 1857 402 1889; x_wconf 88' lang='lat' dir='ltr'>data</span> <span class='ocrx_word' id='word_1_378' title='bbox 417 1852 615 1900; x_wconf 84' lang='lat' dir='ltr'>syngrapha</span> <span class='ocrx_word' id='word_1_379' title='bbox 629 1881 637 1895; x_wconf 92' lang='lat'>‚</span> <span class='ocrx_word' id='word_1_380' title='bbox 667 1866 735 1899; x_wconf 90' lang='lat' dir='ltr'>qua</span> <span class='ocrx_word' id='word_1_381' title='bbox 752 1854 911 1897; x_wconf 87' lang='lat' dir='ltr'>promisit</span> <span class='ocrx_word' id='word_1_382' title='bbox 927 1852 1078 1888; x_wconf 90' lang='lat' dir='ltr'>Anasta-</span> 
     </span>
     <span class='ocr_line' id='line_1_48' title="bbox 103 1904 1077 1949; baseline -0.004 -7"><span class='ocrx_word' id='word_1_383' title='bbox 103 1909 195 1949; x_wconf 90' lang='lat' dir='ltr'>sius,</span> <span class='ocrx_word' id='word_1_384' title='bbox 221 1918 256 1940; x_wconf 90' lang='lat' dir='ltr'>se</span> <span class='ocrx_word' id='word_1_385' title='bbox 281 1918 300 1940; x_wconf 89' lang='lat' dir='ltr'>a</span> <span class='ocrx_word' id='word_1_386' title='bbox 316 1904 664 1940; x_wconf 88' lang='lat' dir='ltr'>Chalcedonensibus</span> <span class='ocrx_word' id='word_1_387' title='bbox 687 1905 835 1938; x_wconf 87' lang='lat' dir='ltr'>decretis</span> <span class='ocrx_word' id='word_1_388' title='bbox 861 1916 933 1937; x_wconf 89' lang='lat' dir='ltr'>non</span> <span class='ocrx_word' id='word_1_389' title='bbox 950 1905 1077 1938; x_wconf 87' lang='lat' dir='ltr'>disces-</span> 
     </span>
     <span class='ocr_line' id='line_1_49' title="bbox 105 1962 805 1995; baseline -0.007 -3"><span class='ocrx_word' id='word_1_390' title='bbox 105 1970 225 1992; x_wconf 90' lang='lat' dir='ltr'>surum</span> <span class='ocrx_word' id='word_1_391' title='bbox 257 1968 348 1995; x_wconf 91' lang='lat' dir='ltr'>esse,</span> <span class='ocrx_word' id='word_1_392' title='bbox 395 1967 459 1989; x_wconf 89' lang='lat' dir='ltr'>nec</span> <span class='ocrx_word' id='word_1_393' title='bbox 489 1962 667 1989; x_wconf 87' lang='lat' dir='ltr'>moturum</span> <span class='ocrx_word' id='word_1_394' title='bbox 695 1966 805 1988; x_wconf 90' lang='lat' dir='ltr'>novos</span> 
     </span>
     <span class='ocr_line' id='line_1_50' title="bbox 102 2001 1077 2051; baseline -0.005 -9"><span class='ocrx_word' id='word_1_395' title='bbox 102 2007 269 2043; x_wconf 85' lang='lat' dir='ltr'>Ecclesia.</span> <span class='ocrx_word' id='word_1_396' title='bbox 348 2005 424 2040; x_wconf 87' lang='lat' dir='ltr'>Hac</span> <span class='ocrx_word' id='word_1_397' title='bbox 455 2004 651 2051; x_wconf 82' lang='lat' dir='ltr'>syngrapha</span> <span class='ocrx_word' id='word_1_398' title='bbox 679 2012 815 2049; x_wconf 89' lang='lat' dir='ltr'>accepta</span> <span class='ocrx_word' id='word_1_399' title='bbox 846 2001 1077 2051; x_wconf 78' lang='lat' dir='ltr'>Euphemius</span> 
     </span>
     <span class='ocr_line' id='line_1_51' title="bbox 103 2055 1077 2100; baseline -0.001 -8"><span class='ocrx_word' id='word_1_400' title='bbox 103 2055 324 2098; x_wconf 74' lang='lat' dir='ltr'>patriarcha,</span> <span class='ocrx_word' id='word_1_401' title='bbox 345 2069 424 2090; x_wconf 90' lang='lat' dir='ltr'>eum</span> <span class='ocrx_word' id='word_1_402' title='bbox 442 2056 635 2091; x_wconf 86' lang='lat' dir='ltr'>coronavit.</span> <span class='ocrx_word' id='word_1_403' title='bbox 688 2056 756 2089; x_wconf 85' lang='lat' dir='ltr'>Sed</span> <span class='ocrx_word' id='word_1_404' title='bbox 781 2067 854 2088; x_wconf 89' lang='lat' dir='ltr'>non</span> <span class='ocrx_word' id='word_1_405' title='bbox 870 2056 982 2089; x_wconf 88' lang='lat' dir='ltr'>multo</span> <span class='ocrx_word' id='word_1_406' title='bbox 999 2063 1077 2100; x_wconf 83' lang='lat' dir='ltr'>post</span> 
     </span>
     <span class='ocr_line' id='line_1_52' title="bbox 104 2103 1078 2151; baseline -0.004 -8"><span class='ocrx_word' id='word_1_407' title='bbox 104 2108 309 2143; x_wconf 80' lang='lat' dir='ltr'>Anastasius</span> <span class='ocrx_word' id='word_1_408' title='bbox 330 2107 485 2140; x_wconf 84' lang='lat' dir='ltr'>delirans</span> <span class='ocrx_word' id='word_1_409' title='bbox 508 2103 740 2151; x_wconf 85' lang='lat' dir='ltr'>syngrapham</span> <span class='ocrx_word' id='word_1_410' title='bbox 765 2105 935 2150; x_wconf 89' lang='lat' dir='ltr'>reposcit,</span> <span class='ocrx_word' id='word_1_411' title='bbox 961 2113 994 2140; x_wconf 90' lang='lat' dir='ltr'>et</span> <span class='ocrx_word' id='word_1_412' title='bbox 1015 2118 1078 2149; x_wconf 86' lang='lat' dir='ltr'>pa-</span> 
     </span>
     <span class='ocr_line' id='line_1_53' title="bbox 103 2154 1077 2202; baseline -0.002 -10"><span class='ocrx_word' id='word_1_413' title='bbox 103 2161 172 2194; x_wconf 79' lang='lat' dir='ltr'>lam</span> <span class='ocrx_word' id='word_1_414' title='bbox 194 2158 351 2192; x_wconf 87' lang='lat' dir='ltr'>defendit</span> <span class='ocrx_word' id='word_1_415' title='bbox 364 2155 605 2202; x_wconf 83' lang='lat' dir='ltr'>Eutychianos</span> <span class='ocrx_word' id='word_1_416' title='bbox 632 2163 663 2190; x_wconf 91' lang='lat' dir='ltr'>et</span> <span class='ocrx_word' id='word_1_417' title='bbox 690 2154 882 2200; x_wconf 89' lang='lat' dir='ltr'>Episcopos</span> <span class='ocrx_word' id='word_1_418' title='bbox 906 2155 989 2199; x_wconf 83' lang='lat' dir='ltr'>ipsis</span> <span class='ocrx_word' id='word_1_419' title='bbox 1014 2157 1077 2190; x_wconf 88' lang='lat' dir='ltr'>ad-</span> 
     </span>
     <span class='ocr_line' id='line_1_54' title="bbox 106 2204 1077 2252; baseline -0.005 -8"><span class='ocrx_word' id='word_1_420' title='bbox 106 2215 281 2243; x_wconf 87' lang='lat' dir='ltr'>versantes</span> <span class='ocrx_word' id='word_1_421' title='bbox 306 2208 438 2252; x_wconf 87' lang='lat' dir='ltr'>expulit</span> <span class='ocrx_word' id='word_1_422' title='bbox 461 2219 501 2240; x_wconf 84' lang='lat' dir='ltr'>ex</span> <span class='ocrx_word' id='word_1_423' title='bbox 528 2207 598 2240; x_wconf 90' lang='lat' dir='ltr'>suis</span> <span class='ocrx_word' id='word_1_424' title='bbox 619 2204 801 2247; x_wconf 88' lang='lat' dir='ltr'>Ecclesiis,</span> <span class='ocrx_word' id='word_1_425' title='bbox 826 2204 1077 2250; x_wconf 75' lang='lat' dir='ltr'>Euphemiam,</span> 
     </span>
     <span class='ocr_line' id='line_1_55' title="bbox 105 2255 1077 2304; baseline -0.004 -11"><span class='ocrx_word' id='word_1_426' title='bbox 105 2272 124 2293; x_wconf 92' lang='lat' dir='ltr'>a</span> <span class='ocrx_word' id='word_1_427' title='bbox 149 2267 218 2304; x_wconf 84' lang='lat' dir='ltr'>quo</span> <span class='ocrx_word' id='word_1_428' title='bbox 245 2265 431 2291; x_wconf 86' lang='lat' dir='ltr'>coronatus</span> <span class='ocrx_word' id='word_1_429' title='bbox 457 2257 587 2297; x_wconf 82' lang='lat' dir='ltr'>fuerat,</span> <span class='ocrx_word' id='word_1_430' title='bbox 612 2257 743 2300; x_wconf 87' lang='lat' dir='ltr'>expulit</span> <span class='ocrx_word' id='word_1_431' title='bbox 767 2269 807 2290; x_wconf 87' lang='lat' dir='ltr'>ex</span> <span class='ocrx_word' id='word_1_432' title='bbox 824 2255 1077 2290; x_wconf 88' lang='lat' dir='ltr'>Constantino-</span> 
     </span>
     <span class='ocr_line' id='line_1_56' title="bbox 105 2306 1075 2354; baseline -0.005 -10"><span class='ocrx_word' id='word_1_433' title='bbox 105 2310 190 2354; x_wconf 89' lang='lat' dir='ltr'>poli.</span> <span class='ocrx_word' id='word_1_434' title='bbox 216 2307 354 2342; x_wconf 90' lang='lat' dir='ltr'>Deinde</span> <span class='ocrx_word' id='word_1_435' title='bbox 370 2307 444 2341; x_wconf 85' lang='lat' dir='ltr'>eius</span> <span class='ocrx_word' id='word_1_436' title='bbox 461 2318 689 2341; x_wconf 87' lang='lat' dir='ltr'>successorem</span> <span class='ocrx_word' id='word_1_437' title='bbox 707 2306 956 2340; x_wconf 89' lang='lat' dir='ltr'>Macedonium</span> <span class='ocrx_word' id='word_1_438' title='bbox 972 2306 1075 2340; x_wconf 87' lang='lat' dir='ltr'>etiam</span> 
     </span>
     <span class='ocr_line' id='line_1_57' title="bbox 101 2356 1076 2402; baseline -0.004 -8"><span class='ocrx_word' id='word_1_439' title='bbox 101 2359 292 2394; x_wconf 78' lang='lat' dir='ltr'>interfecit.</span> <span class='ocrx_word' id='word_1_440' title='bbox 341 2357 542 2392; x_wconf 90' lang='lat' dir='ltr'>Convocata</span> <span class='ocrx_word' id='word_1_441' title='bbox 559 2364 609 2390; x_wconf 90' lang='lat' dir='ltr'>est</span> <span class='ocrx_word' id='word_1_442' title='bbox 629 2358 672 2390; x_wconf 83' lang='lat' dir='ltr'>ab</span> <span class='ocrx_word' id='word_1_443' title='bbox 686 2369 726 2390; x_wconf 91' lang='lat' dir='ltr'>eo</span> <span class='ocrx_word' id='word_1_444' title='bbox 743 2364 775 2391; x_wconf 95' lang='lat' dir='ltr'>et</span> <span class='ocrx_word' id='word_1_445' title='bbox 790 2357 896 2401; x_wconf 87' lang='lat' dir='ltr'>impia</span> <span class='ocrx_word' id='word_1_446' title='bbox 912 2356 1076 2402; x_wconf 78' lang='lat' dir='ltr'>Synodus</span> 
     </span>
     <span class='ocr_line' id='line_1_58' title="bbox 105 2404 1075 2451; baseline -0.004 -7"><span class='ocrx_word' id='word_1_447' title='bbox 105 2409 252 2445; x_wconf 90' lang='lat' dir='ltr'>Sidonia</span> <span class='ocrx_word' id='word_1_448' title='bbox 274 2415 396 2442; x_wconf 89' lang='lat' dir='ltr'>contra</span> <span class='ocrx_word' id='word_1_449' title='bbox 411 2406 561 2442; x_wconf 81' lang='lat' dir='ltr'>Heliam</span> <span class='ocrx_word' id='word_1_450' title='bbox 578 2405 790 2451; x_wconf 88' lang='lat' dir='ltr'>Episcopum</span> <span class='ocrx_word' id='word_1_451' title='bbox 808 2404 1015 2447; x_wconf 81' lang='lat' dir='ltr'>Armeniae,</span> <span class='ocrx_word' id='word_1_452' title='bbox 1043 2414 1075 2441; x_wconf 89' lang='lat' dir='ltr'>et</span> 
     </span>
     <span class='ocr_line' id='line_1_59' title="bbox 106 2456 1050 2501; baseline -0.005 -6"><span class='ocrx_word' id='word_1_453' title='bbox 106 2461 194 2495; x_wconf 88' lang='lat' dir='ltr'>alios</span> <span class='ocrx_word' id='word_1_454' title='bbox 209 2464 300 2492; x_wconf 89' lang='lat' dir='ltr'>recte</span> <span class='ocrx_word' id='word_1_455' title='bbox 316 2457 515 2493; x_wconf 88' lang='lat' dir='ltr'>sentientes.</span> <span class='ocrx_word' id='word_1_456' title='bbox 556 2457 654 2491; x_wconf 91' lang='lat' dir='ltr'>Talis</span> <span class='ocrx_word' id='word_1_457' title='bbox 670 2469 749 2501; x_wconf 84' lang='lat' dir='ltr'>erga</span> <span class='ocrx_word' id='word_1_458' title='bbox 766 2456 958 2492; x_wconf 84' lang='lat' dir='ltr'>Ecclesiam</span> <span class='ocrx_word' id='word_1_459' title='bbox 974 2458 1050 2491; x_wconf 89' lang='lat' dir='ltr'>fnit.</span> 
     </span>
     <span class='ocr_line' id='line_1_60' title="bbox 205 2505 1076 2551; baseline -0.002 -8"><span class='ocrx_word' id='word_1_460' title='bbox 205 2508 258 2543; x_wconf 91' lang='lat' dir='ltr'>De</span> <span class='ocrx_word' id='word_1_461' title='bbox 289 2508 391 2543; x_wconf 87' lang='lat' dir='ltr'>bellis</span> <span class='ocrx_word' id='word_1_462' title='bbox 422 2505 507 2542; x_wconf 88' lang='lat' dir='ltr'>haec</span> <span class='ocrx_word' id='word_1_463' title='bbox 541 2508 645 2551; x_wconf 86' lang='lat' dir='ltr'>digna</span> <span class='ocrx_word' id='word_1_464' title='bbox 675 2508 845 2541; x_wconf 87' lang='lat' dir='ltr'>memoria</span> <span class='ocrx_word' id='word_1_465' title='bbox 868 2508 1076 2542; x_wconf 87' lang='lat' dir='ltr'>recitantur:</span> 
     </span>
     <span class='ocr_line' id='line_1_61' title="bbox 108 2557 1075 2594; baseline -0.003 0"><span class='ocrx_word' id='word_1_466' title='bbox 108 2560 304 2594; x_wconf 83' lang='lat' dir='ltr'>Vitalianus</span> <span class='ocrx_word' id='word_1_467' title='bbox 322 2565 416 2592; x_wconf 85' lang='lat' dir='ltr'>mota</span> <span class='ocrx_word' id='word_1_468' title='bbox 438 2558 608 2592; x_wconf 87' lang='lat' dir='ltr'>seditione</span> <span class='ocrx_word' id='word_1_469' title='bbox 631 2559 818 2592; x_wconf 86' lang='lat' dir='ltr'>exercitum</span> <span class='ocrx_word' id='word_1_470' title='bbox 842 2565 961 2592; x_wconf 85' lang='lat' dir='ltr'>contra</span> <span class='ocrx_word' id='word_1_471' title='bbox 978 2557 1075 2592; x_wconf 89' lang='lat' dir='ltr'>Ana-</span> 
     </span>
     <span class='ocr_line' id='line_1_62' title="bbox 106 2608 1075 2652; baseline -0.004 -8"><span class='ocrx_word' id='word_1_472' title='bbox 106 2611 250 2645; x_wconf 86' lang='lat' dir='ltr'>stasinm</span> <span class='ocrx_word' id='word_1_473' title='bbox 274 2610 317 2642; x_wconf 87' lang='lat' dir='ltr'>ad</span> <span class='ocrx_word' id='word_1_474' title='bbox 333 2608 669 2652; x_wconf 80' lang='lat' dir='ltr'>Constantinopolin</span> <span class='ocrx_word' id='word_1_475' title='bbox 691 2609 856 2651; x_wconf 83' lang='lat' dir='ltr'>adduxit,</span> <span class='ocrx_word' id='word_1_476' title='bbox 881 2608 942 2642; x_wconf 88' lang='lat' dir='ltr'>ubi</span> <span class='ocrx_word' id='word_1_477' title='bbox 958 2608 1075 2642; x_wconf 85' lang='lat' dir='ltr'>navali</span> 
     </span>
     <span class='ocr_line' id='line_1_63' title="bbox 105 2657 1074 2705; baseline 0 -10"><span class='ocrx_word' id='word_1_478' title='bbox 105 2661 234 2705; x_wconf 86' lang='lat' dir='ltr'>praelio</span> <span class='ocrx_word' id='word_1_479' title='bbox 258 2659 442 2694; x_wconf 86' lang='lat' dir='ltr'>Marianus</span> <span class='ocrx_word' id='word_1_480' title='bbox 466 2660 536 2693; x_wconf 83' lang='lat' dir='ltr'>dux</span> <span class='ocrx_word' id='word_1_481' title='bbox 559 2657 734 2694; x_wconf 83' lang='lat' dir='ltr'>Anastasii</span> <span class='ocrx_word' id='word_1_482' title='bbox 767 2659 949 2693; x_wconf 86' lang='lat' dir='ltr'>seditiosos</span> <span class='ocrx_word' id='word_1_483' title='bbox 980 2659 1074 2695; x_wconf 81' lang='lat' dir='ltr'>vicit.</span> 
     </span>
    </p>
   </div>
   <div class='ocr_carea' id='block_1_20' title="bbox 1103 1485 1106 1585">
    <p class='ocr_par' dir='ltr' id='par_1_20' title="bbox 1103 1485 1106 1585">
     <span class='ocr_line' id='line_1_64' title="bbox 1103 1485 1106 1585; baseline 0 0"><span class='ocrx_word' id='word_1_484' title='bbox 1103 1485 1106 1585; x_wconf 95' lang='lat' dir='ltr'> </span> 
     </span>
    </p>
   </div>
   <div class='ocr_carea' id='block_1_21' title="bbox 839 1955 1103 1988">
    <p class='ocr_par' dir='ltr' id='par_1_21' title="bbox 839 1955 1103 1988">
     <span class='ocr_line' id='line_1_65' title="bbox 839 1955 1103 1988; baseline 0 0"><span class='ocrx_word' id='word_1_485' title='bbox 839 1955 1011 1988; x_wconf 88' lang='lat' dir='ltr'>tumultus</span> <span class='ocrx_word' id='word_1_486' title='bbox 1040 1955 1077 1988; x_wconf 92' lang='lat' dir='ltr'>in</span> <span class='ocrx_word' id='word_1_487' title='bbox 1102 1964 1103 1968; x_wconf 59' lang='lat'>¹</span> 
     </span>
    </p>
   </div>
   <div class='ocr_carea' id='block_1_22' title="bbox 1130 1464 2104 1658">
    <p class='ocr_par' dir='ltr' id='par_1_22' title="bbox 1130 1464 2104 1658">
     <span class='ocr_line' id='line_1_66' title="bbox 1130 1464 2103 1509; baseline -0.001 -12"><span class='ocrx_word' id='word_1_488' title='bbox 1130 1465 1286 1498; x_wconf 90' lang='lat' dir='ltr'>nobilem</span> <span class='ocrx_word' id='word_1_489' title='bbox 1319 1465 1513 1498; x_wconf 87' lang='lat' dir='ltr'>coniecerat</span> <span class='ocrx_word' id='word_1_490' title='bbox 1543 1465 1579 1497; x_wconf 90' lang='lat' dir='ltr'>in</span> <span class='ocrx_word' id='word_1_491' title='bbox 1611 1476 1793 1498; x_wconf 88' lang='lat' dir='ltr'>carcerem.</span> <span class='ocrx_word' id='word_1_492' title='bbox 1846 1464 1941 1499; x_wconf 83' lang='lat' dir='ltr'>Uxor</span> <span class='ocrx_word' id='word_1_493' title='bbox 1974 1465 2103 1509; x_wconf 71' lang='lat' dir='ltr'>captivi</span> 
     </span>
     <span class='ocr_line' id='line_1_67' title="bbox 1130 1512 2103 1558; baseline -0.002 -10"><span class='ocrx_word' id='word_1_494' title='bbox 1130 1526 1255 1558; x_wconf 83' lang='lat' dir='ltr'>magna</span> <span class='ocrx_word' id='word_1_495' title='bbox 1274 1515 1422 1558; x_wconf 90' lang='lat' dir='ltr'>pecunia</span> <span class='ocrx_word' id='word_1_496' title='bbox 1440 1515 1611 1548; x_wconf 84' lang='lat' dir='ltr'>redimere</span> <span class='ocrx_word' id='word_1_497' title='bbox 1626 1515 1790 1548; x_wconf 89' lang='lat' dir='ltr'>maritum</span> <span class='ocrx_word' id='word_1_498' title='bbox 1809 1523 1930 1548; x_wconf 85' lang='lat' dir='ltr'>conata</span> <span class='ocrx_word' id='word_1_499' title='bbox 1949 1522 2008 1548; x_wconf 89' lang='lat' dir='ltr'>est.</span> <span class='ocrx_word' id='word_1_500' title='bbox 2050 1512 2103 1546; x_wconf 82' lang='lat' dir='ltr'>Ea</span> 
     </span>
     <span class='ocr_line' id='line_1_68' title="bbox 1130 1564 2103 1609; baseline -0.002 -11"><span class='ocrx_word' id='word_1_501' title='bbox 1130 1566 1275 1609; x_wconf 89' lang='lat' dir='ltr'>pecunia</span> <span class='ocrx_word' id='word_1_502' title='bbox 1293 1571 1429 1609; x_wconf 84' lang='lat' dir='ltr'>accepta</span> <span class='ocrx_word' id='word_1_503' title='bbox 1441 1564 1620 1609; x_wconf 87' lang='lat' dir='ltr'>Hispanus</span> <span class='ocrx_word' id='word_1_504' title='bbox 1639 1565 1810 1608; x_wconf 89' lang='lat' dir='ltr'>promittit</span> <span class='ocrx_word' id='word_1_505' title='bbox 1829 1565 1875 1598; x_wconf 92' lang='lat' dir='ltr'>ita</span> <span class='ocrx_word' id='word_1_506' title='bbox 1891 1576 1925 1598; x_wconf 89' lang='lat' dir='ltr'>se</span> <span class='ocrx_word' id='word_1_507' title='bbox 1944 1566 2103 1597; x_wconf 86' lang='lat' dir='ltr'>redditu-</span> 
     </span>
     <span class='ocr_line' id='line_1_69' title="bbox 1130 1613 2104 1658; baseline -0.002 -11"><span class='ocrx_word' id='word_1_508' title='bbox 1130 1627 1208 1648; x_wconf 90' lang='lat' dir='ltr'>rum</span> <span class='ocrx_word' id='word_1_509' title='bbox 1227 1627 1298 1648; x_wconf 92' lang='lat' dir='ltr'>esse</span> <span class='ocrx_word' id='word_1_510' title='bbox 1316 1615 1443 1656; x_wconf 88' lang='lat' dir='ltr'>virum,</span> <span class='ocrx_word' id='word_1_511' title='bbox 1470 1615 1498 1647; x_wconf 91' lang='lat' dir='ltr'>si</span> <span class='ocrx_word' id='word_1_512' title='bbox 1517 1616 1575 1647; x_wconf 88' lang='lat' dir='ltr'>illa</span> <span class='ocrx_word' id='word_1_513' title='bbox 1593 1622 1730 1648; x_wconf 91' lang='lat' dir='ltr'>noctem</span> <span class='ocrx_word' id='word_1_514' title='bbox 1749 1615 1978 1658; x_wconf 87' lang='lat' dir='ltr'>promitteret.</span> <span class='ocrx_word' id='word_1_515' title='bbox 2030 1613 2104 1647; x_wconf 67' lang='lat' dir='ltr'>Re-</span> 
     </span>
    </p>
   </div>
   <div class='ocr_carea' id='block_1_23' title="bbox 1128 1663 2105 1755">
    <p class='ocr_par' dir='ltr' id='par_1_23' title="bbox 1128 1663 2105 1755">
     <span class='ocr_line' id='line_1_70' title="bbox 1128 1663 2103 1707; baseline -0.003 -10"><span class='ocrx_word' id='word_1_516' title='bbox 1128 1665 1196 1698; x_wconf 85' lang='lat' dir='ltr'>fert</span> <span class='ocrx_word' id='word_1_517' title='bbox 1221 1666 1348 1698; x_wconf 88' lang='lat' dir='ltr'>mulier</span> <span class='ocrx_word' id='word_1_518' title='bbox 1378 1665 1547 1707; x_wconf 86' lang='lat' dir='ltr'>postulata</span> <span class='ocrx_word' id='word_1_519' title='bbox 1571 1664 1720 1707; x_wconf 86' lang='lat' dir='ltr'>Hispani</span> <span class='ocrx_word' id='word_1_520' title='bbox 1749 1666 1793 1697; x_wconf 89' lang='lat' dir='ltr'>ad</span> <span class='ocrx_word' id='word_1_521' title='bbox 1822 1665 2005 1699; x_wconf 80' lang='lat' dir='ltr'>maritum,</span> <span class='ocrx_word' id='word_1_522' title='bbox 2043 1663 2103 1706; x_wconf 80' lang='lat' dir='ltr'>qni</span> 
     </span>
     <span class='ocr_line' id='line_1_71' title="bbox 1130 1711 2105 1755; baseline 0 -11"><span class='ocrx_word' id='word_1_523' title='bbox 1130 1713 1334 1744; x_wconf 85' lang='lat' dir='ltr'>assentitur:</span> <span class='ocrx_word' id='word_1_524' title='bbox 1362 1713 1425 1743; x_wconf 82' lang='lat' dir='ltr'>llla</span> <span class='ocrx_word' id='word_1_525' title='bbox 1444 1712 1616 1754; x_wconf 88' lang='lat' dir='ltr'>promittit</span> <span class='ocrx_word' id='word_1_526' title='bbox 1631 1711 1798 1755; x_wconf 83' lang='lat' dir='ltr'>Hispano.</span> <span class='ocrx_word' id='word_1_527' title='bbox 1832 1711 2004 1746; x_wconf 86' lang='lat' dir='ltr'>Postridie</span> <span class='ocrx_word' id='word_1_528' title='bbox 2024 1724 2105 1745; x_wconf 86' lang='lat' dir='ltr'>cum</span> 
     </span>
    </p>
   </div>
   <div class='ocr_carea' id='block_1_24' title="bbox 1125 1760 2106 2702">
    <p class='ocr_par' dir='ltr' id='par_1_24' title="bbox 1129 1760 2106 2046">
     <span class='ocr_line' id='line_1_72' title="bbox 1129 1760 2104 1805; baseline 0 -12"><span class='ocrx_word' id='word_1_529' title='bbox 1129 1762 1294 1795; x_wconf 91' lang='lat' dir='ltr'>maritum</span> <span class='ocrx_word' id='word_1_530' title='bbox 1324 1767 1474 1804; x_wconf 87' lang='lat' dir='ltr'>peteret,</span> <span class='ocrx_word' id='word_1_531' title='bbox 1500 1762 1615 1794; x_wconf 91' lang='lat' dir='ltr'>reddit</span> <span class='ocrx_word' id='word_1_532' title='bbox 1633 1760 1829 1804; x_wconf 89' lang='lat' dir='ltr'>Hispanus,</span> <span class='ocrx_word' id='word_1_533' title='bbox 1856 1763 1914 1795; x_wconf 90' lang='lat' dir='ltr'>sed</span> <span class='ocrx_word' id='word_1_534' title='bbox 1933 1763 2029 1805; x_wconf 90' lang='lat' dir='ltr'>prins</span> <span class='ocrx_word' id='word_1_535' title='bbox 2050 1763 2104 1793; x_wconf 71' lang='lat' dir='ltr'>in—</span> 
     </span>
     <span class='ocr_line' id='line_1_73' title="bbox 1129 1809 2105 1845; baseline 0 -1"><span class='ocrx_word' id='word_1_536' title='bbox 1129 1812 1328 1845; x_wconf 83' lang='lat' dir='ltr'>tersectum:</span> <span class='ocrx_word' id='word_1_537' title='bbox 1358 1809 1421 1843; x_wconf 91' lang='lat' dir='ltr'>llla</span> <span class='ocrx_word' id='word_1_538' title='bbox 1439 1811 1563 1844; x_wconf 87' lang='lat' dir='ltr'>misera</span> <span class='ocrx_word' id='word_1_539' title='bbox 1583 1811 1814 1844; x_wconf 89' lang='lat' dir='ltr'>calamitatem</span> <span class='ocrx_word' id='word_1_540' title='bbox 1831 1817 1863 1844; x_wconf 88' lang='lat' dir='ltr'>et</span> <span class='ocrx_word' id='word_1_541' title='bbox 1879 1823 1975 1844; x_wconf 90' lang='lat' dir='ltr'>snam</span> <span class='ocrx_word' id='word_1_542' title='bbox 1993 1819 2024 1844; x_wconf 90' lang='lat' dir='ltr'>et</span> <span class='ocrx_word' id='word_1_543' title='bbox 2038 1812 2105 1844; x_wconf 74' lang='lat' dir='ltr'>viri</span> 
     </span>
     <span class='ocr_line' id='line_1_74' title="bbox 1130 1859 2106 1905; baseline 0 -12"><span class='ocrx_word' id='word_1_544' title='bbox 1130 1862 1271 1904; x_wconf 84' lang='lat' dir='ltr'>exponit</span> <span class='ocrx_word' id='word_1_545' title='bbox 1297 1859 1482 1903; x_wconf 88' lang='lat' dir='ltr'>Gonzagae</span> <span class='ocrx_word' id='word_1_546' title='bbox 1504 1861 1678 1902; x_wconf 87' lang='lat' dir='ltr'>Praesidi,</span> <span class='ocrx_word' id='word_1_547' title='bbox 1719 1861 1780 1905; x_wconf 88' lang='lat' dir='ltr'>qui</span> <span class='ocrx_word' id='word_1_548' title='bbox 1805 1873 1884 1894; x_wconf 84' lang='lat' dir='ltr'>mox</span> <span class='ocrx_word' id='word_1_549' title='bbox 1909 1860 2106 1905; x_wconf 84' lang='lat' dir='ltr'>Hispanum</span> 
     </span>
     <span class='ocr_line' id='line_1_75' title="bbox 1130 1909 2105 1955; baseline -0.002 -11"><span class='ocrx_word' id='word_1_550' title='bbox 1130 1909 1302 1954; x_wconf 87' lang='lat' dir='ltr'>prehendi</span> <span class='ocrx_word' id='word_1_551' title='bbox 1330 1911 1441 1950; x_wconf 89' lang='lat' dir='ltr'>iubet,</span> <span class='ocrx_word' id='word_1_552' title='bbox 1469 1918 1501 1944; x_wconf 91' lang='lat' dir='ltr'>et</span> <span class='ocrx_word' id='word_1_553' title='bbox 1527 1911 1678 1955; x_wconf 90' lang='lat' dir='ltr'>primum</span> <span class='ocrx_word' id='word_1_554' title='bbox 1696 1911 1835 1943; x_wconf 88' lang='lat' dir='ltr'>mulieri</span> <span class='ocrx_word' id='word_1_555' title='bbox 1855 1922 1974 1944; x_wconf 88' lang='lat' dir='ltr'>omnes</span> <span class='ocrx_word' id='word_1_556' title='bbox 1994 1911 2105 1943; x_wconf 83' lang='lat' dir='ltr'>facul·</span> 
     </span>
     <span class='ocr_line' id='line_1_76' title="bbox 1130 1960 2103 2005; baseline -0.002 -11"><span class='ocrx_word' id='word_1_557' title='bbox 1130 1968 1216 1995; x_wconf 85' lang='lat' dir='ltr'>tates</span> <span class='ocrx_word' id='word_1_558' title='bbox 1232 1960 1382 2004; x_wconf 86' lang='lat' dir='ltr'>Hispani</span> <span class='ocrx_word' id='word_1_559' title='bbox 1400 1961 1544 2001; x_wconf 85' lang='lat' dir='ltr'>addicit,</span> <span class='ocrx_word' id='word_1_560' title='bbox 1572 1961 1700 1994; x_wconf 90' lang='lat' dir='ltr'>deinde</span> <span class='ocrx_word' id='word_1_561' title='bbox 1716 1973 1794 1994; x_wconf 90' lang='lat' dir='ltr'>eum</span> <span class='ocrx_word' id='word_1_562' title='bbox 1813 1961 1953 2005; x_wconf 81' lang='lat' dir='ltr'>capitali</span> <span class='ocrx_word' id='word_1_563' title='bbox 1970 1961 2103 2004; x_wconf 87' lang='lat' dir='ltr'>suppli-</span> 
     </span>
     <span class='ocr_line' id='line_1_77' title="bbox 1129 2011 1417 2046; baseline 0.003 -1"><span class='ocrx_word' id='word_1_564' title='bbox 1129 2012 1182 2045; x_wconf 91' lang='lat' dir='ltr'>cio</span> <span class='ocrx_word' id='word_1_565' title='bbox 1197 2011 1286 2044; x_wconf 79' lang='lat' dir='ltr'>affici</span> <span class='ocrx_word' id='word_1_566' title='bbox 1309 2011 1417 2046; x_wconf 81' lang='lat' dir='ltr'>iubet.</span> 
     </span>
    </p>

    <p class='ocr_par' dir='ltr' id='par_1_25' title="bbox 1128 2076 2104 2263">
     <span class='ocr_line' id='line_1_78' title="bbox 1229 2076 2104 2121; baseline -0.001 -10"><span class='ocrx_word' id='word_1_567' title='bbox 1229 2077 1307 2111; x_wconf 86' lang='lat' dir='ltr'>Hoc</span> <span class='ocrx_word' id='word_1_568' title='bbox 1324 2076 1519 2121; x_wconf 84' lang='lat' dir='ltr'>exemplum</span> <span class='ocrx_word' id='word_1_569' title='bbox 1537 2077 1616 2110; x_wconf 89' lang='lat' dir='ltr'>iusti</span> <span class='ocrx_word' id='word_1_570' title='bbox 1633 2077 1757 2111; x_wconf 89' lang='lat' dir='ltr'>iudicis</span> <span class='ocrx_word' id='word_1_571' title='bbox 1772 2078 1942 2112; x_wconf 87' lang='lat' dir='ltr'>memoria</span> <span class='ocrx_word' id='word_1_572' title='bbox 1958 2078 2104 2120; x_wconf 79' lang='lat' dir='ltr'>dignum</span> 
     </span>
     <span class='ocr_line' id='line_1_79' title="bbox 1130 2127 2103 2173; baseline -0.002 -11"><span class='ocrx_word' id='word_1_573' title='bbox 1130 2135 1191 2169; x_wconf 86' lang='lat' dir='ltr'>est,</span> <span class='ocrx_word' id='word_1_574' title='bbox 1214 2135 1245 2162; x_wconf 90' lang='lat' dir='ltr'>et</span> <span class='ocrx_word' id='word_1_575' title='bbox 1263 2139 1395 2173; x_wconf 89' lang='lat' dir='ltr'>poenae</span> <span class='ocrx_word' id='word_1_576' title='bbox 1410 2128 1599 2160; x_wconf 82' lang='lat' dir='ltr'>ostendunt</span> <span class='ocrx_word' id='word_1_577' title='bbox 1617 2127 1701 2160; x_wconf 89' lang='lat' dir='ltr'>iram</span> <span class='ocrx_word' id='word_1_578' title='bbox 1711 2127 1776 2162; x_wconf 89' lang='lat' dir='ltr'>Dei</span> <span class='ocrx_word' id='word_1_579' title='bbox 1792 2129 1958 2161; x_wconf 87' lang='lat' dir='ltr'>adversus</span> <span class='ocrx_word' id='word_1_580' title='bbox 1976 2135 2103 2161; x_wconf 90' lang='lat' dir='ltr'>ntrnn—</span> 
     </span>
     <span class='ocr_line' id='line_1_80' title="bbox 1129 2177 2103 2224; baseline -0.002 -12"><span class='ocrx_word' id='word_1_581' title='bbox 1129 2190 1215 2224; x_wconf 86' lang='lat' dir='ltr'>que,</span> <span class='ocrx_word' id='word_1_582' title='bbox 1242 2185 1275 2212; x_wconf 87' lang='lat' dir='ltr'>et</span> <span class='ocrx_word' id='word_1_583' title='bbox 1298 2190 1376 2212; x_wconf 89' lang='lat' dir='ltr'>cum</span> <span class='ocrx_word' id='word_1_584' title='bbox 1400 2178 1459 2222; x_wconf 91' lang='lat' dir='ltr'>qui</span> <span class='ocrx_word' id='word_1_585' title='bbox 1478 2177 1619 2211; x_wconf 84' lang='lat' dir='ltr'>admisit</span> <span class='ocrx_word' id='word_1_586' title='bbox 1637 2178 1868 2219; x_wconf 88' lang='lat' dir='ltr'>adulterium,</span> <span class='ocrx_word' id='word_1_587' title='bbox 1895 2186 1927 2213; x_wconf 93' lang='lat' dir='ltr'>et</span> <span class='ocrx_word' id='word_1_588' title='bbox 1947 2190 2023 2211; x_wconf 87' lang='lat' dir='ltr'>eum</span> <span class='ocrx_word' id='word_1_589' title='bbox 2043 2178 2103 2222; x_wconf 87' lang='lat' dir='ltr'>qni</span> 
     </span>
     <span class='ocr_line' id='line_1_81' title="bbox 1128 2229 1219 2263; baseline 0.011 -1"><span class='ocrx_word' id='word_1_590' title='bbox 1128 2229 1219 2263; x_wconf 80' lang='lat' dir='ltr'>fecit.</span> 
     </span>
    </p>

    <p class='ocr_par' dir='ltr' id='par_1_26' title="bbox 1129 2292 2103 2492">
     <span class='ocr_line' id='line_1_82' title="bbox 1231 2292 2103 2337; baseline -0.002 -9"><span class='ocrx_word' id='word_1_591' title='bbox 1231 2294 1447 2329; x_wconf 86' lang='lat' dir='ltr'>Recensetnr</span> <span class='ocrx_word' id='word_1_592' title='bbox 1463 2294 1554 2326; x_wconf 86' lang='lat' dir='ltr'>inter</span> <span class='ocrx_word' id='word_1_593' title='bbox 1572 2293 1783 2326; x_wconf 80' lang='lat' dir='ltr'>calamitates</span> <span class='ocrx_word' id='word_1_594' title='bbox 1799 2299 1994 2337; x_wconf 87' lang='lat' dir='ltr'>temporum</span> <span class='ocrx_word' id='word_1_595' title='bbox 2006 2292 2103 2326; x_wconf 72' lang='lat' dir='ltr'>Ana-</span> 
     </span>
     <span class='ocr_line' id='line_1_83' title="bbox 1129 2342 2100 2388; baseline -0.003 -10"><span class='ocrx_word' id='word_1_596' title='bbox 1129 2345 1224 2379; x_wconf 83' lang='lat' dir='ltr'>stasii</span> <span class='ocrx_word' id='word_1_597' title='bbox 1244 2353 1275 2379; x_wconf 89' lang='lat' dir='ltr'>et</span> <span class='ocrx_word' id='word_1_598' title='bbox 1293 2343 1377 2382; x_wconf 80' lang='lat' dir='ltr'>hoc,</span> <span class='ocrx_word' id='word_1_599' title='bbox 1404 2344 1497 2388; x_wconf 82' lang='lat' dir='ltr'>quod</span> <span class='ocrx_word' id='word_1_600' title='bbox 1517 2343 1667 2386; x_wconf 87' lang='lat' dir='ltr'>primum</span> <span class='ocrx_word' id='word_1_601' title='bbox 1690 2349 1771 2376; x_wconf 88' lang='lat' dir='ltr'>tnnc</span> <span class='ocrx_word' id='word_1_602' title='bbox 1789 2355 1916 2376; x_wconf 87' lang='lat' dir='ltr'>nomen</span> <span class='ocrx_word' id='word_1_603' title='bbox 1929 2342 2100 2385; x_wconf 76' lang='lat' dir='ltr'>Bnlgaro-</span> 
     </span>
     <span class='ocr_line' id='line_1_84' title="bbox 1129 2392 2099 2438; baseline -0.004 -10"><span class='ocrx_word' id='word_1_604' title='bbox 1129 2408 1205 2428; x_wconf 88' lang='lat' dir='ltr'>rum</span> <span class='ocrx_word' id='word_1_605' title='bbox 1230 2396 1266 2428; x_wconf 87' lang='lat' dir='ltr'>in</span> <span class='ocrx_word' id='word_1_606' title='bbox 1285 2392 1438 2428; x_wconf 87' lang='lat' dir='ltr'>Thracia</span> <span class='ocrx_word' id='word_1_607' title='bbox 1460 2400 1493 2427; x_wconf 84' lang='lat' dir='ltr'>et</span> <span class='ocrx_word' id='word_1_608' title='bbox 1510 2393 1629 2438; x_wconf 73' lang='lat' dir='ltr'>lllyria</span> <span class='ocrx_word' id='word_1_609' title='bbox 1651 2393 1811 2427; x_wconf 86' lang='lat' dir='ltr'>auditum</span> <span class='ocrx_word' id='word_1_610' title='bbox 1835 2401 1901 2434; x_wconf 88' lang='lat' dir='ltr'>est,</span> <span class='ocrx_word' id='word_1_611' title='bbox 1928 2394 1988 2437; x_wconf 89' lang='lat' dir='ltr'>qui</span> <span class='ocrx_word' id='word_1_612' title='bbox 2017 2401 2099 2426; x_wconf 88' lang='lat' dir='ltr'>tnnc</span> 
     </span>
     <span class='ocr_line' id='line_1_85' title="bbox 1129 2443 1567 2492; baseline -0.005 -14"><span class='ocrx_word' id='word_1_613' title='bbox 1129 2445 1284 2492; x_wconf 79' lang='lat' dir='ltr'>Illyriam</span> <span class='ocrx_word' id='word_1_614' title='bbox 1301 2443 1460 2488; x_wconf 82' lang='lat' dir='ltr'>populati</span> <span class='ocrx_word' id='word_1_615' title='bbox 1475 2450 1567 2477; x_wconf 83' lang='lat' dir='ltr'>sunt.</span> 
     </span>
    </p>

    <p class='ocr_par' dir='ltr' id='par_1_27' title="bbox 1125 2500 2095 2702">
     <span class='ocr_line' id='line_1_86' title="bbox 1229 2500 2095 2544; baseline -0.005 -7"><span class='ocrx_word' id='word_1_616' title='bbox 1229 2503 1457 2537; x_wconf 78' lang='lat' dir='ltr'>Existimatur</span> <span class='ocrx_word' id='word_1_617' title='bbox 1481 2509 1596 2535; x_wconf 83' lang='lat' dir='ltr'>antem</span> <span class='ocrx_word' id='word_1_618' title='bbox 1621 2500 1825 2535; x_wconf 84' lang='lat' dir='ltr'>Anastasius</span> <span class='ocrx_word' id='word_1_619' title='bbox 1856 2502 2003 2534; x_wconf 83' lang='lat' dir='ltr'>fulmine</span> <span class='ocrx_word' id='word_1_620' title='bbox 2036 2514 2095 2544; x_wconf 72' lang='lat' dir='ltr'>pe-</span> 
     </span>
     <span class='ocr_line' id='line_1_87' title="bbox 1128 2551 2094 2598; baseline -0.006 -10"><span class='ocrx_word' id='word_1_621' title='bbox 1128 2555 1247 2595; x_wconf 86' lang='lat' dir='ltr'>riisse,</span> <span class='ocrx_word' id='word_1_622' title='bbox 1273 2554 1354 2598; x_wconf 85' lang='lat' dir='ltr'>qnia</span> <span class='ocrx_word' id='word_1_623' title='bbox 1379 2554 1542 2586; x_wconf 80' lang='lat' dir='ltr'>inventus</span> <span class='ocrx_word' id='word_1_624' title='bbox 1564 2559 1614 2586; x_wconf 86' lang='lat' dir='ltr'>est</span> <span class='ocrx_word' id='word_1_625' title='bbox 1643 2559 1820 2592; x_wconf 86' lang='lat' dir='ltr'>mortuns,</span> <span class='ocrx_word' id='word_1_626' title='bbox 1853 2563 1930 2585; x_wconf 88' lang='lat' dir='ltr'>cnm</span> <span class='ocrx_word' id='word_1_627' title='bbox 1956 2551 2094 2583; x_wconf 71' lang='lat' dir='ltr'>vixisset</span> 
     </span>
     <span class='ocr_line' id='line_1_88' title="bbox 1125 2601 2094 2646; baseline -0.007 -7"><span class='ocrx_word' id='word_1_628' title='bbox 1125 2616 1238 2640; x_wconf 83' lang='lat' dir='ltr'>annos</span> <span class='ocrx_word' id='word_1_629' title='bbox 1253 2603 1428 2646; x_wconf 81' lang='lat' dir='ltr'>octoginta</span> <span class='ocrx_word' id='word_1_630' title='bbox 1453 2610 1549 2644; x_wconf 87' lang='lat' dir='ltr'>octo,</span> <span class='ocrx_word' id='word_1_631' title='bbox 1574 2609 1748 2646; x_wconf 75' lang='lat' dir='ltr'>regnasset</span> <span class='ocrx_word' id='word_1_632' title='bbox 1770 2614 1881 2635; x_wconf 81' lang='lat' dir='ltr'>annos</span> <span class='ocrx_word' id='word_1_633' title='bbox 1899 2601 2021 2645; x_wconf 58' lang='lat' dir='ltr'>siginti</span> <span class='ocrx_word' id='word_1_634' title='bbox 2040 2612 2094 2633; x_wconf 82' lang='lat' dir='ltr'>se-</span> 
     </span>
     <span class='ocr_line' id='line_1_89' title="bbox 1126 2661 1522 2702; baseline -0.003 -12"><span class='ocrx_word' id='word_1_635' title='bbox 1126 2663 1218 2702; x_wconf 87' lang='lat' dir='ltr'>ptem</span> <span class='ocrx_word' id='word_1_636' title='bbox 1235 2661 1267 2689; x_wconf 85' lang='lat' dir='ltr'>ct</span> <span class='ocrx_word' id='word_1_637' title='bbox 1281 2662 1350 2689; x_wconf 85' lang='lat' dir='ltr'>tres</span> <span class='ocrx_word' id='word_1_638' title='bbox 1374 2664 1522 2689; x_wconf 77' lang='lat' dir='ltr'>menses,</span> 
     </span>
    </p>
   </div>
  </div>
 </body>
</html>
