2324 2955
133 105 205 143 421

852 128 859 132 .
895 95 1393 137 PROPOSITIONES.

2087 107 2160 145 422

132 201 232 230 eum,
274 188 334 222 sed
369 198 433 232 pro
469 198 509 221 eo
543 186 750 230 deprecatus
785 191 835 220 est
867 184 1020 232 Moyses.
1073 183 1119 219 Et
1170 196 1230 218 sua
1249 192 1314 220 etc.
1354 184 1450 220 Haec
1466 185 1558 221 mala
1575 187 1737 224 nominat
1753 187 1885 225 Paulus
1903 199 2082 237 peccatum
2102 206 2158 229 re-

128 237 482 275 Matth.12.dicitur:
500 236 656 280 Quando
675 236 821 281 spiritus
835 236 1042 271 immundus
1063 249 1117 270 re-

130 291 185 325 dit
202 291 240 324 in
258 292 403 324 domum
419 294 623 332 purgatam,
649 287 740 322 fiunt
756 288 947 322 novissima
960 285 1117 321 hominis

131 342 306 376 deteriora
329 338 520 384 prioribus.
575 338 662 372 Item
681 338 859 374 2.Pet.2.:
888 337 979 372 Cum
997 336 1035 372 hi
1054 339 1115 384 qui

129 392 329 436 effugerunt
347 390 614 435 inquinamenta
636 390 762 423 mundi
780 400 902 423 rursus
921 390 1114 436 inquinan-

129 450 207 485 tur,
233 442 324 475 fiunt
339 441 388 474 eis
405 441 598 474 novissima
618 442 737 485 peiora
755 440 944 485 prioribuS.

229 491 323 526 Sunt
346 503 428 535 ergo
453 492 571 537 aliqua
594 492 738 531 delicta,
766 503 828 536 per
851 503 940 536 quae
970 488 1026 529 hi,
1051 490 1113 536 qui

127 543 267 577 fuerant
290 544 421 583 renati,
448 543 614 576 desinunt
637 553 710 576 esse
736 542 819 576 iusti
840 549 874 576 et
890 541 1112 576 domicilium

126 592 214 638 Dei,
243 601 276 628 et
301 601 382 627 sunt
407 593 458 626 rei
482 599 644 626 aeternae
668 605 813 637 poenae.
867 592 963 627 Haec
986 592 1111 626 delicta

127 652 209 679 sunt
225 645 365 678 amissio
384 644 625 682 fundamenti,
653 644 689 676 id
705 651 767 684 est,
793 644 866 677 sive
884 654 1012 684 errore,
1039 643 1112 675 sive

126 696 326 738 petulanter
341 694 493 739 aliquem
511 695 699 728 articulum
716 695 798 727 fidei
817 695 977 728 abiicere.
1005 692 1109 727 Item:

124 744 228 778 Nolle
239 747 380 778 credere
396 744 639 778 remissionem
656 752 889 789 peccatorum.
918 744 1021 778 Item:
1042 743 1110 777 Fa-

124 802 178 829 cta
196 803 317 829 contra
345 795 612 836 conscientiam,
639 797 720 840 quia
744 794 828 829 hacc
848 803 936 829 meta
952 806 1108 828 necessa—

125 846 177 879 ria
197 852 265 887 est,
293 845 411 879 Milita
428 847 558 879 honam
585 847 770 889 militiam,
797 844 930 880 habens
955 846 1060 879 fidem
1077 852 1109 879 et

123 896 253 930 bonam
273 897 533 930 conscientiam.

224 946 357 982 LVIII.
384 946 474 981 Cum
493 947 639 981 dicitur:
667 944 830 981 Christus
856 959 920 980 nos
946 946 1109 981 liberavit

123 1009 142 1031 a
169 997 261 1041 lege,
303 998 337 1030 id
363 998 497 1031 dictum
531 1009 735 1043 nequaqum
766 996 832 1031 hoc
864 999 956 1039 vult,
996 998 1106 1040 legem

121 1059 217 1082 nunc
242 1045 334 1080 nibil
360 1059 450 1089 esse,
478 1054 510 1082 et
536 1060 610 1081 non
633 1048 785 1081 discerni
806 1056 896 1082 recta
913 1056 944 1082 et
960 1061 1033 1082 non
1051 1060 1105 1081 re-

121 1105 186 1139 cta,
202 1098 291 1132 sicut
309 1099 466 1132 furenter
485 1099 723 1142 imaginantur
737 1099 1000 1144 Anabaptistae‚
1023 1099 1104 1144 quia

121 1149 354 1182 certissimum
373 1156 441 1189 est,
468 1161 604 1193 semper
627 1150 664 1182 in
683 1149 758 1183 Deo
783 1163 925 1183 manere
942 1157 1103 1184 naturam

122 1206 316 1240 aeternam,
344 1200 600 1233 discernentem
618 1207 710 1233 recta
729 1207 761 1234 et
780 1212 852 1233 non
876 1207 988 1241 recta,
1015 1201 1104 1234 sicut

121 1250 306 1283 manifeste
323 1250 440 1295 inquit
453 1249 583 1284 Psalm.
600 1250 650 1283 5.:
686 1249 765 1283 Non
785 1249 880 1284 Deus
896 1252 1018 1284 volens
1034 1251 1102 1283 ini-

121 1300 293 1344 quitatem
318 1307 357 1333 tu
379 1311 427 1333 es.
482 1300 568 1332 Item
586 1298 717 1333 Matth.
736 1300 787 1334 5.:
822 1300 903 1333 Non
929 1302 1008 1333 veni
1033 1301 1104 1333 sol-

121 1361 202 1383 vere
217 1350 348 1393 legem,
373 1350 432 1382 sed
449 1349 606 1393 implere.
661 1349 748 1382 Item
767 1349 871 1384 Rom.
891 1351 942 1386 8.:
979 1349 1027 1384 L't
1050 1350 1104 1382 ius

121 1400 208 1443 Iegis
222 1400 410 1443 impleatur
425 1400 461 1432 in
476 1400 590 1433 nobis.
642 1399 786 1433 Liberat
804 1400 914 1443 igitur
929 1412 994 1434 nos
1017 1413 1034 1433 a
1054 1400 1105 1433 le-

120 1460 179 1492 ge,
207 1449 347 1482 solvens
372 1460 542 1492 poenam,
570 1456 601 1482 et
627 1450 778 1482 reddens
796 1451 900 1482 nobis
915 1451 1102 1490 iusticiam,

120 1500 271 1540 scilicet,
297 1499 503 1532 remissione
521 1506 760 1542 peccatorum,
787 1505 820 1532 et
845 1500 1104 1532 reconciliatio-

120 1561 185 1590 ne,
210 1560 330 1583 revera
356 1549 509 1582 efficiens
535 1546 602 1581 hoc
624 1549 662 1580 in
685 1549 808 1588 nobis,
843 1550 939 1594 quod
964 1550 1018 1582 lex
1040 1561 1104 1592 po-

119 1601 238 1636 st'ulat.
288 1598 384 1643 Ergo
405 1599 579 1633 contraria
598 1599 666 1642 legi
688 1599 839 1640 faciens,
866 1600 947 1634 facit
964 1606 1104 1634 contra—

118 1652 169 1685 ria
185 1649 340 1685 Christo.

220 1700 315 1736 LIX.
357 1698 433 1734 Etsi
460 1700 567 1743 igitur
592 1707 729 1744 peccata
753 1707 897 1734 manent
921 1700 956 1732 in
975 1701 1105 1735 renatis

120 1752 159 1785 in
188 1749 253 1785 hac
276 1752 364 1791 vita,
391 1758 508 1785 tamen
533 1751 567 1783 id
592 1758 770 1794 peccatum
796 1763 1018 1796 nequaquam
1042 1764 1104 1796 ap-

119 1803 245 1846 probat
270 1800 386 1841 Deus,
421 1802 491 1834 imo
516 1813 650 1845 semper
674 1801 820 1842 iudicat,
862 1809 893 1835 et
920 1803 985 1834 nisi
1012 1802 1103 1835 filius

117 1853 188 1888 Dei
204 1859 289 1886 esset
306 1853 570 1892 umbraculum,
596 1852 878 1894 extinguerentur
898 1853 1028 1885 iudicio
1039 1852 1102 1886 Dei

119 1911 287 1950 tanquam
313 1903 398 1947 igni.
450 1901 513 1936 Est
538 1902 644 1945 igitur
663 1903 730 1936 tale
751 1911 928 1946 peccatum
948 1904 983 1936 in
1001 1916 1101 1936 rena-

117 1956 184 1996 tis,
209 1954 340 1989 scilicet
367 1954 537 1999 reliquiae
563 1953 675 1986 morbi
705 1954 888 1987 nobiscum
914 1955 1100 1994 nascentis,

121 2013 153 2039 et
171 2006 294 2038 viciosi
316 2006 478 2043 affectus,
505 2004 634 2048 quibus
651 2010 765 2037 tamen
786 2016 1040 2048 repugnamus,
1065 2006 1097 2037 id

121 2063 189 2095 est,
214 2056 374 2088 dolemus
398 2062 540 2099 propter
564 2052 653 2087 banc
677 2055 859 2098 caliginem
889 2062 919 2088 et
944 2056 1099 2088 immun-

120 2108 254 2146 ditiem,
281 2113 314 2139 et
330 2107 514 2139 statuimus
533 2106 599 2148 tegi
621 2102 703 2138 haec
723 2106 810 2138 mala
830 2118 889 2150 per
905 2104 1099 2146 Christum,

119 2170 184 2202 pro
204 2157 307 2190 nobis
323 2158 579 2201 deprecantem.
621 2156 679 2189 Sic
694 2157 850 2190 nominat
867 2156 998 2190 Paulus
1017 2155 1100 2190 baec

119 2208 210 2242 mala
227 2215 406 2252 peccatum
428 2220 501 2240 non
527 2216 686 2250 regnans.
739 2207 805 2241 Sed
825 2208 883 2252 qui
904 2220 975 2240 non
994 2220 1101 2252 repu-

119 2266 227 2302 gnant
261 2266 293 2293 et
328 2257 573 2302 obtemperant
609 2257 725 2302 pravis
759 2258 939 2292 ..metibus
979 2267 1099 2292 contra

121 2309 391 2350 conscientiam,
418 2309 586 2342 desinunt
610 2319 681 2341 esse
708 2309 926 2343 domicilium
952 2308 1036 2351 Dei,
1069 2317 1102 2343 et

121 2360 208 2393 fiunt
225 2360 274 2393 rei
293 2367 454 2394 aeternae
470 2371 620 2404 poenae,
645 2371 682 2392 ac
707 2359 839 2393 faciunt
856 2358 998 2394 Christo
1016 2373 1102 2393 con-

122 2411 249 2451 traria,
287 2416 320 2444 et
340 2410 489 2456 Spiritui
511 2417 641 2449 sancto.
698 2409 780 2443 Ideo
806 2410 890 2444 dicit
913 2408 1104 2451 Iohannes,

125 2463 158 2497 1.
178 2458 299 2497 lohan.
316 2461 368 2496 δη
402 2460 475 2505 Qui
492 2461 574 2495 facit
599 2460 792 2502 iusticiam,
818 2461 929 2496 iustus
947 2468 1013 2495 est:
1043 2464 1104 2507 qui

123 2512 205 2546 facit
232 2518 431 2556 peccatum,
465 2524 503 2546 ex
523 2511 675 2547 Diabolo
700 2520 760 2545 est.
814 2510 900 2546 Item
919 2511 1036 2548 Galat.
1052 2511 1103 2549 5.:

123 2561 312 2597 B'Ianisesta
339 2569 422 2596 sunt
447 2574 551 2608 opera
575 2563 708 2603 carnis,
742 2563 977 2602 adulterium,
1011 2575 1106 2597 scor—

124 2613 211 2647 tatio
229 2619 292 2649 etc.
309 2613 370 2659 qui
387 2610 470 2646 haee
485 2620 604 2657 agunt,
624 2625 695 2646 non
710 2614 941 2658 possidebunt
958 2625 1104 2657 regnum

124 2662 202 2698 Dei.
254 2661 380 2700 Ezech.
399 2663 477 2700 33.;
503 2662 593 2699 Cum
609 2664 787 2700 recesserit
809 2665 918 2700 iustus
934 2676 952 2699 a
969 2665 1104 2700 iusticia

1168 247 1298 279 gnam,
1326 238 1422 283 quod
1442 237 1575 283 alioqui
1593 240 1780 275 nominant
1799 250 1978 287 peccatum
1997 246 2156 283 mortale.

1268 301 1344 336 LX.
1381 301 1530 348 Aliquid
1552 304 1656 338 etiam
1672 307 1715 340 de
1731 309 1897 352 praemiis
1911 310 2050 348 addam.
2085 311 2155 346 Ve-

1165 352 1344 387 rissimum
1357 360 1406 387 est
1416 354 1567 387 dictum:
1588 353 1677 389 Cum
1688 358 1840 393 feceritis
1853 361 1971 396 omnia
1986 363 2154 397 mandata

1166 404 1279 444 vobis,
1307 405 1429 438 dicite:
1458 406 1549 438 servi
1567 406 1708 441 inutiles
1723 420 1854 451 sumus,
1880 410 1996 446 Lucae
2010 412 2067 448 17.
2103 411 2152 449 Et

1166 453 1272 488 Iacob
1290 455 1427 500 inquit,
1455 455 1565 492 Gene.
1582 457 1657 493 32:
1693 458 1818 493 Minor
1836 473 1914 496 sum
1930 465 2064 497 cunctis
2080 465 2149 498 mi-

1163 505 1400 540 serationibus
1418 507 1505 548 tuis,
1532 508 1567 540 id
1587 516 1649 549 est,
1676 520 1753 542 sum
1771 510 1940 554 indignus
1960 514 2066 548 tantis
2084 515 2149 549 bo-

1163 557 1234 595 nis,
1261 569 1338 590 mea
1361 558 1561 592 obedientia
1588 571 1809 605 nequaquam
1833 569 1884 596 est
1898 564 2082 604 meritum,
2110 566 2149 599 id

1163 614 1231 646 est,
1259 609 1404 653 aequale
1420 609 1576 653 precium
1595 616 1773 644 tantorum
1797 612 1992 655 honorum,
2018 617 2147 660 quibus

1162 670 1218 691 me
1234 660 1432 695 cumulasti.
1484 659 1574 694 Cum
1599 667 1715 694 autem
1733 660 1828 695 Deus
1855 663 2025 698 immensa
2041 666 2147 699 mise·

1161 709 1313 743 ricordia
1339 717 1484 755 propter
1506 710 1639 752 filium,
1675 719 1708 746 et
1731 724 1794 756 per
1813 725 1892 747 eum
1918 715 2004 749 velit
2022 713 2148 750 Eccle-

1161 760 1247 793 siam
1273 761 1309 793 in
1336 759 1401 794 hac
1426 761 1496 795 vita
1516 761 1692 805 colligere.
1745 762 1906 798 Primum
1924 767 2076 800 tenenda
2096 775 2146 801 est

1161 808 1244 843 haec
1261 811 1460 845 firmissima
1478 813 1639 846 doctrina
1657 820 1688 846 et
1704 815 2144 862 consolatio,Gratis‚pro-

1160 869 1237 905 pter
1253 862 1365 895 filium
1385 861 1463 903 Dei,
1485 870 1517 896 et
1533 875 1594 906 per
1610 875 1689 897 eum
1705 865 1781 898 dari
1800 866 2042 901 remissionem
2062 880 2143 912 pec-

1159 918 1317 946 catorum
1330 939 1339 953 ‚
1365 919 1399 946 et
1415 913 1711 955 iustificationem,
1735 923 1769 949 et
1787 913 2035 952 haereditatem
2051 920 2142 953 vitae

1158 969 1338 1004 aeternae,
1365 975 1438 996 non
1458 970 1601 1007 propter
1617 965 1761 1009 aliquod
1779 968 1943 1000 meritum
1968 976 2144 1006 nostrum.

1158 1013 1307 1054 Deinde,
1334 1026 1412 1047 cum
1431 1014 1469 1046 in
1487 1015 1722 1048 reconciliatis
1740 1016 1899 1060 placeant
1914 1018 2008 1052 hona
2026 1032 2144 1064 opera,

1157 1064 1252 1098 Deus
1281 1065 1450 1099 discernit
1472 1063 1666 1098 Ecclesiam
1691 1066 1735 1100 ab
1758 1067 1896 1111 impiis,
1923 1070 2021 1104 addit
2036 1070 2143 1104 etiam

1156 1116 1309 1160 praemia
1327 1115 1430 1149 bonis
1448 1116 1633 1159 operibus,
1663 1116 1824 1152 videlicet
1848 1119 2061 1155 incrementa
2077 1121 2143 1155 bo-

1156 1178 1283 1199 norum
1309 1167 1549 1210 spiritualium
1575 1167 1611 1199 in
1637 1164 1700 1199 hac
1716 1169 1784 1202 vita
1797 1193 1806 1207 ‚
1834 1176 1868 1203 et
1884 1177 1961 1214 post
1980 1168 2071 1205 hanc
2088 1173 2140 1205 vi-

1155 1223 1243 1258 tam,
1270 1217 1359 1250 sicut
1378 1217 1509 1250 dicitur
1525 1216 1641 1250 Lucae
1660 1217 1732 1253 19.:
1761 1218 1917 1255 Habenti
1934 1222 2089 1260 dabitur.

1257 1275 1309 1309 Ac
1326 1277 1418 1310 bona
1436 1277 1634 1320 corporalia
1651 1277 1775 1313 tribuit
1794 1290 1856 1313 suo
1881 1280 2138 1324 sapientissimo

1155 1326 1324 1364 consilio,
1369 1329 1412 1359 ad
1454 1328 1757 1361 conservationem
1792 1327 1980 1367 Ecclesiae.
2047 1331 2139 1366 Cum

1156 1377 1249 1408 enim
1268 1376 1482 1418 colligantur
1498 1377 1598 1410 electi
1616 1377 1652 1409 in
1669 1375 1733 1411 hac
1750 1379 1832 1420 vita,
1861 1393 1949 1425 opus
1965 1388 2015 1416 est
2033 1383 2142 1426 victu,

1156 1426 1358 1459 valetudiue
1377 1427 1568 1466 mediocri,
1588 1425 1751 1471 hospitiis
1775 1432 2011 1467 oeconomicis
2026 1440 2059 1468 et
2075 1446 2141 1478 po-

1156 1476 1279 1513 luicis,
1306 1483 1344 1508 ut
1368 1477 1498 1509 dicitur
1522 1476 1651 1512 Psalm.
1671 1480 1773 1513 113.:
1811 1479 1890 1513 Non
1913 1484 2045 1518 mortui
2061 1485 2141 1519 lau..

1156 1526 1292 1558 dabunt
1314 1532 1347 1558 te
1362 1524 1528 1560 Domine.
1583 1525 1658 1560 Imo
1682 1535 1826 1573 propter
1849 1528 2042 1567 Ecclesiam
2065 1546 2139 1568 ser-

1157 1582 1259 1609 vatur
1299 1576 1477 1621 reliquum
1519 1588 1628 1619 genus
1669 1575 1884 1621 humanum,
1929 1589 1969 1617 ut
2008 1584 2140 1619 dicitur

1156 1624 1285 1659 Matth.
1305 1626 1382 1662 24:
1417 1626 1567 1671 Propter
1588 1628 1713 1662 electos
1737 1631 2040 1668 abbreviabuntur
2063 1636 2138 1670 dies

1157 1677 1224 1711 isti.
1259 1676 1395 1711 Interea
1411 1678 1622 1712 mirabiliter
1632 1677 1727 1712 Deus
1743 1679 1919 1716 Ecclesiae
1935 1696 2139 1732 quanquam

1156 1728 1330 1769 exulanti,
1372 1736 1487 1762 tamen
1516 1730 1633 1775 aliqua
1667 1727 1815 1775 hospitia
1853 1735 2033 1777 attribuit,
2074 1737 2138 1770 ubi

1156 1786 1237 1812 sunt
1254 1777 1392 1813 honesti
1411 1791 1616 1823 congressus
1634 1781 1776 1823 publici,
1791 1783 1852 1816 ubi
1869 1797 1934 1818 vox
1951 1784 2138 1829 Evangelii

1157 1830 1283 1872 passim
1301 1837 1420 1870 sonat,
1444 1831 1506 1863 ubi
1524 1831 1558 1865 fu
1577 1833 1737 1865 educatio
1755 1840 1787 1867 et
1811 1834 1998 1872 institutio.
2051 1837 2137 1872 Ideo

1154 1879 1286 1913 Paulus
1312 1880 1427 1926 iuquit
1453 1882 1485 1915 1.
1513 1880 1671 1917 Timoth.
1695 1883 1744 1918 4.;
1783 1883 1898 1920 Pietas
1921 1884 2027 1923 habet
2050 1900 2136 1934 pro-

1152 1931 1355 1964 missionem
1373 1933 1564 1975 praesentis
1581 1940 1613 1967 et
1637 1933 1775 1967 futurae
1791 1936 1893 1971 vitae.

1263 1996 1359 2031 LXI.
1386 1997 1454 2030 Hic
1468 1999 1554 2031 utile
1575 2005 1622 2031 est
1648 2000 1870 2036 considerare
1887 2015 2025 2045 causas,
2051 2017 2136 2050 pro-

1152 2055 1228 2093 pter
1251 2060 1336 2094 quas
1361 2055 1393 2082 et
1418 2050 1654 2093 corporalium
1684 2051 1860 2086 bonorum
1885 2056 2137 2099 promissiones

1151 2100 1298 2133 traditae
1318 2106 1411 2134 sunt.

1253 2157 1370 2191 Prima
1389 2163 1450 2197 est,
1478 2164 1516 2191 ut
1534 2158 1722 2192 doceamur
1740 2160 1782 2193 de
1801 2163 2022 2205 providentia
2040 2173 2074 2200 et
2091 2167 2135 2201 de

1152 2209 1238 2247 fide,
1275 2207 1327 2241 Ne
1344 2215 1535 2242 statuamus
1559 2206 1643 2242 haec
1673 2211 1766 2244 bona
1790 2223 1871 2246 casu
1901 2215 2035 2259 spargi,
2073 2225 2134 2252 aut

1153 2267 1290 2294 tantum
1308 2257 1461 2292 humana
1481 2259 1653 2293 industria
1668 2261 1824 2306 acquiri,
1858 2265 1917 2297 sed
1933 2277 2013 2300 vere
2028 2267 2134 2302 etiam

1153 2311 1301 2344 consilio
1319 2308 1384 2343 Dei
1405 2310 1590 2350 distribui,
1618 2311 1712 2344 iuxta
1733 2309 1817 2346 haec
1832 2314 1923 2349 dicta
1935 2314 2039 2354 Deut.
2055 2319 2131 2353 30.:

1156 2362 1231 2406 lpse
1254 2368 1302 2395 est
1326 2362 1395 2395 vita
1421 2368 1499 2400 tua,
1532 2368 1563 2394 et
1591 2361 1774 2404 longitudo
1807 2364 1947 2400 dierum
1979 2374 2135 2404 tuorum.

1154 2412 1293 2446 Psalmo
1314 2412 1412 2448 126.:
1438 2410 1514 2444 Nisi
1534 2410 1708 2446 Dominus
1724 2414 1958 2452 aedificaverit
1975 2420 2134 2454 domum.

1154 2463 1294 2497 Psalmo
1314 2463 1414 2498 105:
1448 2459 1580 2495 Omnia
1600 2475 1617 2496 a
1636 2469 1668 2496 te.
1685 2472 1880 2509 expectant,
1901 2474 1934 2501 et
1953 2475 1990 2502 tu
2009 2471 2070 2504 das
2086 2472 2136 2505 eis

1155 2526 1268 2548 escam
1304 2515 1460 2557 ipsorum
1491 2512 1527 2545 in
1556 2520 1712 2558 tempore
1741 2523 1940 2561 oportunO,
1974 2521 2080 2555 dante
2103 2529 2136 2555 te

1156 2577 1267 2598 escam
1286 2564 1463 2606 colligent.
1505 2562 1644 2597 Psalmo
1666 2563 1764 2600 144:
1794 2565 1901 2602 Oculi
1920 2572 2078 2604 omnium
2099 2573 2135 2604 in

1158 2624 1190 2650 te
1213 2621 1353 2660 sperant
1370 2613 1535 2649 Domine.
1588 2614 1756 2650 proverb.
1776 2617 1828 2653 3.:
1863 2617 2004 2662 Egestas
2027 2634 2044 2654 a
2062 2621 2136 2655 Du-

1157 2667 1254 2700 mino
1273 2666 1306 2699 iu
1325 2666 1430 2700 domo
1448 2664 1559 2710 impii,
1587 2663 1786 2702 habitacula
1806 2669 1976 2704 iustorum
1992 2672 2138 2706 benedi-

1537 2716 1611 2752 27*
