2324 2955
89 126 159 160 401

89 220 220 243 novum
251 205 451 249 hominem,
485 206 545 252 qui
574 206 767 240 secundum
789 205 904 240 Deum
933 213 1068 240 creatus

88 267 139 294 est
155 259 192 292 in
208 258 344 292 iusticia
361 266 392 292 et
409 258 589 291 sanctitate
606 269 697 293 vera.
741 256 851 290 Gene.
867 259 916 292 1.:
944 256 1068 290 Facia-

87 321 166 343 mus
190 307 371 343 hominem
395 309 435 341 ad
460 307 646 351 imaginem
667 315 699 341 et
716 307 983 342 similitudinem
1004 320 1069 340 no-

86 367 206 395 stram.
257 357 350 402 Ergo
370 359 409 392 fit
422 358 554 391 mentio
571 359 613 391 de
630 370 667 392 ea
685 358 853 401 imagine,
880 370 968 403 quae
984 371 1068 391 con-

86 410 181 454 gruit
202 409 247 443 ad
268 409 421 453 singulas
444 420 628 453 personas,
654 421 743 454 quae
765 415 814 441 est
837 409 983 450 mentis,
1005 421 1068 442 vo-

87 459 248 499 luntatis,
283 459 473 504 sapientiae
504 466 537 492 et
567 459 725 493 iusticiae
754 459 969 501 similitudo,
1003 471 1068 492 nec

86 519 203 544 tamen
228 507 318 543 mihi
340 510 499 553 displicet
520 510 610 550 dici,
640 516 752 543 totum
777 507 891 542 Adam
913 516 1067 544 creatum

85 571 158 593 esse
171 560 214 594 ad
232 557 461 606 archetypum
477 560 588 593 filium
602 558 687 600 Dei,
714 559 773 604 qui
792 567 841 593 est
858 560 1068 594 substantia-

84 611 128 643 lis
145 610 259 654 imago
272 611 405 644 aeterni
421 610 546 655 patris,
572 617 606 644 et
620 617 694 644 erat
709 617 926 644 assumturus
942 609 1065 644 huma-

84 672 167 695 nam
185 667 360 695 naturam.

188 709 270 747 Vll.
307 709 424 745 Adam
447 716 480 744 et
493 708 593 744 Heva
617 711 725 757 lapsi,
751 718 791 746 ut
807 712 927 746 recitat
944 722 1066 744 narra-

84 761 135 794 tio
165 761 204 794 in
227 759 375 802 Genesi,
410 768 642 806 peccaverunt
673 762 772 795 abusi
805 774 865 796 sua
895 762 1067 802 libertate,

84 822 159 844 non
183 811 293 845 coacti
315 812 537 853 necessitate,
564 824 628 845 nec
651 812 749 846 Deus
772 813 837 846 suit
863 824 963 846 causa
992 813 1067 845 eius

84 861 219 905 lapsus,
244 863 305 896 sed
327 869 505 906 peccatum
529 874 548 896 a
569 862 740 904 Diabolo,
764 870 797 897 et
823 863 867 896 ab
889 863 959 896 illis
983 862 1067 905 ipsis

83 908 291 946 hominibus
321 919 438 947 ortum
465 919 526 947 est.
578 912 676 946 Sicut
699 912 829 946 Paulus
854 913 969 957 inquit
992 912 1067 947 Ro-

84 972 179 996 man.
201 960 255 996 5.:
287 962 355 996 Per
383 975 494 996 unum
517 960 698 996 hominem
720 969 898 1007 peccatum
922 964 1068 998 intravit

83 1011 123 1043 in
154 1013 346 1052 mundum,
380 1013 414 1046 id
446 1019 513 1054 est,
546 1013 583 1045 in
615 1024 724 1056 genus
754 1011 961 1049 humanum.
1021 1012 1068 1047 Et

83 1062 108 1095 2
125 1059 288 1096 Corinth.
308 1064 384 1098 11.:
412 1062 565 1107 Serpens
588 1061 700 1096 Evam
727 1064 863 1107 decepit
885 1076 946 1097 sua
972 1071 1069 1098 astu-

83 1112 144 1146 tia.
195 1111 243 1148 Et
264 1125 467 1147 execramur
483 1113 620 1148 Stoicos
635 1121 670 1147 et
686 1112 915 1148 Manichaeos
932 1115 1069 1148 furores

85 1163 129 1195 de
146 1163 363 1198 necessitate.

187 1211 282 1248 V111.
326 1213 380 1248 De
408 1213 591 1258 spiritibus
617 1214 720 1248 etiam
745 1214 916 1256 dicimus,
951 1227 970 1249 a
994 1213 1069 1249 Deo

85 1274 207 1297 omnes
230 1263 375 1308 spiritus
399 1265 633 1307 intelligentes
655 1272 787 1298 creatos
805 1276 878 1298 esse
896 1266 971 1298 sine
989 1278 1070 1309 pec—

85 1318 174 1345 cato.
231 1313 301 1346 Sed
330 1311 415 1352 hos,
449 1314 511 1358 qui
539 1313 770 1347 nominantur
793 1313 954 1355 Diaboli,
988 1326 1070 1347 suae

86 1362 278 1396 voluntatis
298 1363 459 1397 libertate
476 1374 650 1407 peccasse,
678 1375 750 1396 non
769 1371 904 1398 coactos
920 1365 1070 1397 necessi-

87 1418 174 1452 tate,
199 1424 263 1445 nec
277 1411 373 1445 Deus
388 1413 455 1445 fuit
472 1424 572 1445 causa
587 1413 664 1445 eius
682 1413 818 1456 lapsus,
845 1415 905 1446 sed
924 1415 968 1447 ab
988 1415 1070 1457 ipsis

85 1461 246 1495 Diabolis
267 1468 385 1494 ortum
407 1468 457 1494 est
481 1473 600 1493 eorum
626 1468 823 1504 peccatum,
850 1469 889 1495 ut
912 1475 1071 1506 expresse

86 1511 237 1545 affirmat
264 1509 458 1551 Dominus,
493 1508 614 1544 Iohan.
638 1511 687 1545 8.:
726 1510 815 1544 Cum
848 1512 1070 1545 mendacium

85 1561 262 1606 loquitur,
298 1573 339 1595 ex
369 1560 522 1606 propriis
553 1560 729 1606 loquitur,
762 1567 795 1594 et
822 1568 873 1594 est
896 1562 1071 1595 mendacii

86 1617 199 1655 pater.
262 1609 310 1645 Et
338 1611 376 1644 in
400 1612 546 1656 epistola
570 1610 694 1644 Iudae:
730 1608 885 1654 Angelos
912 1613 974 1657 qui
998 1625 1071 1646 non

86 1662 311 1696 retinuerunt
330 1662 502 1705 originem
526 1673 643 1700 suam,
671 1668 704 1696 et
721 1662 940 1706 reliquerunt
957 1664 1072 1696 domi-

87 1712 209 1746 cilium
233 1712 426 1756 proprium.
480 1709 527 1746 Et
542 1711 634 1746 Psal.
650 1711 703 1745 5.:
728 1711 809 1746 Non
826 1711 923 1746 Deus
949 1714 1070 1748 volens

86 1762 310 1808 iniquitatem
330 1769 369 1797 tu
385 1774 432 1798 es.

190 1812 253 1848 IX.
287 1812 398 1846 Primi
423 1818 583 1857 parentes
606 1812 693 1857 lapsi
718 1813 768 1845 rei
794 1813 937 1848 fuerunt
960 1821 1071 1848 aeter-

89 1874 156 1899 nae
178 1864 267 1905 irae,
294 1870 328 1898 et
351 1863 544 1897 amiserunt
564 1863 678 1897 lucem
699 1870 732 1897 et
746 1864 991 1898 rectitudinem
1008 1878 1071 1897 vo-

89 1914 236 1949 luntatis
256 1920 290 1948 et
311 1914 445 1952 cordis,
473 1920 506 1947 et
523 1913 700 1947 desierunt
719 1926 791 1948 esse
808 1915 976 1959 templum
994 1913 1072 1956 Dei,

90 1973 122 2000 et
145 1971 287 2010 propter
306 1965 463 2009 ipsorum
486 1964 621 2008 lapsum
643 1970 713 1998 tota
730 1966 911 2009 posteritas
928 1977 1071 1999 nascens

91 2027 132 2049 ex
160 2015 410 2048 commixtione
435 2015 539 2047 maris
562 2021 596 2048 et
617 2015 789 2048 foeminae
816 2017 927 2050 adfert
951 2028 1072 2060 pecca-

90 2073 166 2099 tum
182 2065 328 2108 originis
339 2092 347 2106 ,
374 2072 414 2099 ut
430 2065 662 2109 appellatione
677 2066 803 2100 usitata
818 2073 971 2102 utamur.

192 2114 236 2150 X.
269 2114 452 2149 Peccatum
467 2115 636 2159 originale
654 2122 702 2149 est
716 2128 830 2150 carere
849 2117 984 2151 iusticia
1000 2118 1072 2150 ori-

91 2165 219 2209 ginali,
246 2166 280 2198 id
299 2173 365 2204 est,
393 2166 469 2199 luce
488 2166 523 2198 in
542 2172 657 2199 mente
672 2173 705 2199 et
720 2168 929 2200 rectitudine
945 2168 1073 2201 volun-

92 2216 173 2250 tatis
195 2223 229 2250 et
250 2217 383 2257 cordis,
417 2223 449 2249 et
473 2216 726 2259 gubernatione
751 2218 871 2252 divina
896 2219 932 2251 in
958 2219 1073 2260 nobis,

92 2273 236 2310 propter
269 2279 373 2312 quam
415 2267 717 2310 depravationem,
756 2280 844 2312 quae
876 2276 990 2303 secuta
1023 2276 1073 2303 est

93 2317 229 2361 lapsum
257 2317 453 2362 primorum
484 2324 688 2360 parentum,
718 2324 752 2351 et
780 2326 922 2363 propter
951 2332 1072 2353 eorum

97 2368 230 2412 lapsum
255 2374 435 2402 nascentes
460 2368 508 2400 rei
532 2374 611 2401 sunt
640 2368 710 2400 irae
727 2375 903 2408 aeternae,
928 2371 997 2403 nisi
1015 2372 1073 2405 fiat

94 2418 252 2451 remissio
269 2425 410 2462 propter
422 2419 532 2451 filium
542 2417 621 2459 Dei,
647 2419 689 2451 de
704 2431 771 2463 qua
788 2426 904 2463 postea
916 2422 1061 2455 dicetur.

198 2468 255 2503 Xl.
297 2466 511 2502 Damnamus
533 2468 738 2512 Pelagianos
761 2476 789 2502 et
818 2467 1075 2515 Anabaptistas‚

97 2526 129 2552 et
151 2518 299 2559 similes,
327 2518 386 2563 qui
412 2530 552 2562 prorsus
576 2526 705 2562 negant
726 2520 839 2552 ullum
863 2532 934 2553 esse
954 2534 1075 2566 pecca-

97 2577 171 2603 tum
190 2568 356 2611 originis,
382 2575 414 2602 et
433 2569 566 2611 fingunt
583 2577 742 2603 naturam
760 2568 914 2604 hominis
930 2584 1001 2605 esse
1021 2573 1076 2606 in-

98 2627 239 2662 tegram,
263 2627 295 2652 et
312 2631 409 2663 posse
425 2619 564 2662 legiDei
581 2621 786 2661 satisfacere,
807 2628 839 2654 et
856 2622 928 2655 lieri
950 2624 1074 2657 iustam

99 2671 182 2713 lege.
234 2669 450 2703 Damnamus
472 2677 505 2704 et
522 2669 716 2704 Monaclios
729 2698 736 2712 ‚
764 2673 823 2717 qui
842 2672 973 2707 etiamsi
992 2675 1075 2708 reti—

156 2723 332 2754 ΜκιΑΝΤυ.
357 2722 457 2754 Ormi.
486 2722 658 2754 VoL.X11.

842 118 1343 157 PROPOSITIONES.

2034 126 2107 161 402

1122 211 1206 238 nent
1222 217 1351 239 nomen
1370 207 1501 249 peccati
1517 208 1682 251 originis,
1704 215 1820 242 tamen
1837 216 1954 253 postea
1971 210 2104 250 dicunt,

1121 253 1211 288 hanc
1230 262 1391 289 naturam
1410 254 1594 291 hominum
1613 271 1711 302 posse
1730 260 1796 302 legi
1815 259 1881 293 Dei
1899 261 2104 299 satisfacere,

1121 312 1155 339 et
1193 306 1266 349 lege
1303 306 1428 340 iustam
1469 319 1553 341 esse.
1620 308 1776 352 Fingunt
1815 311 1895 343 item
1930 311 2002 353 lege
2032 324 2104 343 non

1121 357 1283 389 damnari
1314 364 1491 401 peccatum
1527 359 1692 402 originis,
1741 361 1821 404 quia
1857 362 1908 393 lex
1942 362 2106 406 loquatur

1121 412 1258 441 tantum
1277 407 1320 440 de
1338 408 1552 449 actionibus,
1588 422 1659 441 non
1678 411 1720 441 de
1740 410 1873 442 iusticia
1893 412 1944 443 vel
1966 413 2105 444 iniusti-

1121 457 1173 490 cia
1206 457 1382 501 originali.
1442 458 1510 491 Sed
1550 457 1633 492 haec
1664 460 1890 493 deliramenta
1924 462 2105 494 manifeste

1120 508 1320 542 refutantur
1345 509 1437 542 dicto
1461 508 1562 542 Pauli
1583 508 1688 543 Rom.
1708 508 1740 543 7.
1768 522 1846 542 cum
1872 511 1954 544 citat
1981 524 2018 544 ex
2035 511 2106 544 De-

1120 558 1256 602 calogo:
1283 558 1363 592 Non
1384 559 1624 603 concupisces,
1651 567 1684 593 et
1702 560 1862 593 adfirmat
1878 561 1926 592 ibi
1946 562 2105 594 damnari

1119 606 1187 642 hoc
1202 609 1332 642 malum
1344 635 1352 649 ,
1380 611 1473 655 quod
1489 622 1585 643 nunc
1599 609 1824 643 nominamus
1839 611 2008 653 originale
2026 624 2105 654 pec-

1119 666 1245 694 catum.

1222 709 1305 745 XII.
1342 709 1568 744 Voluntatem
1595 717 1629 743 et
1653 710 1823 743 iudicium
1843 708 1910 743 Dei
1936 723 1974 743 ex
1999 712 2105 743 verbo

1121 760 1231 804 ipsius
1252 761 1511 804 cognoscimus,
1539 761 1617 793 ideo
1643 773 1721 793 cum
1748 761 1929 805 quaeritur
1953 761 2035 806 quid
2065 762 2106 794 sit

1120 818 1319 855 peccatum,
1351 811 1557 855 inspiciatur
1581 812 1726 843 verbum
1746 810 1829 851 Dei,
1856 811 1941 845 sicut
1967 819 1998 844 et
2014 811 2106 844 Pau-

1121 862 1175 894 lus
1198 861 1341 894 deducit
1367 873 1431 893 nos
1456 863 1497 894 ad
1526 862 1692 901 verbum,
1718 862 1901 905 inquiens,
1927 861 2031 897 Rom.
2051 863 2104 895 3.:

1121 911 1188 944 Per
1212 912 1322 954 legem
1348 912 1480 954 agnitio
1504 912 1646 954 peccati.
1707 910 1754 945 Et
1780 910 1955 945 Iohannes
1982 913 2108 956 inquit,

1124 962 1141 994 1
1165 959 1288 995 Iohan.
1305 962 1355 995 3.:
1384 961 1570 994 Peccatum
1595 968 1643 994 est
1665 962 1833 1005 quiddam
1852 974 2012 1006 pugnans
2029 975 2107 995 cum

1120 1013 1194 1055 lege
1212 1011 1289 1046 Dei.
1341 1009 1388 1045 Et
1407 1011 1581 1045 Dominus
1600 1012 1714 1056 inquit
1731 1009 1855 1047 Iohan.
1875 1013 1924 1045 3.:
1953 1012 2106 1056 Spiritus

1121 1070 1260 1096 sanctus
1290 1069 1412 1105 arguet
1442 1063 1616 1095 mundum
1649 1063 1691 1094 de
1718 1069 1878 1106 peccato,
1913 1064 2008 1107 quod
2035 1074 2107 1095 non

1122 1114 1270 1147 credunt
1287 1113 1325 1145 in
1341 1124 1408 1145 me.

1225 1162 1323 1198 XIII.
1362 1161 1494 1196 Verum
1527 1170 1595 1202 est,
1630 1169 1808 1206 peccatum
1840 1174 1910 1195 esse
1939 1164 2108 1207 quiddam

1122 1215 1323 1258 discrepans
1345 1225 1362 1246 a
1388 1213 1557 1257 sapientia
1583 1220 1615 1246 et
1636 1214 1815 1246 voluntate
1834 1212 1919 1254 Dei,
1947 1215 2005 1246 sed
2025 1211 2108 1246 haec

1123 1266 1196 1309 ipsa
1227 1264 1396 1308 sapientia
1427 1270 1460 1296 et
1484 1264 1646 1296 voluntas
1670 1263 1734 1297 Dei
1759 1263 1795 1295 in
1819 1265 1925 1295 xerbo
1950 1276 2108 1307 expressa

1123 1322 1183 1348 est.
1239 1314 1321 1346 Ideo
1344 1325 1422 1346 cum
1442 1315 1484 1345 de
1502 1314 1560 1345 illa
1578 1314 1827 1356 depravatione
1847 1315 1882 1345 in
1902 1314 2003 1346 nobis
2020 1314 2109 1346 diei-

1123 1371 1201 1404 tur,
1226 1364 1285 1396 fiat
1307 1363 1448 1396 collatio
1472 1363 1515 1395 ad
1534 1363 1679 1395 verbum
1696 1362 1773 1397 Dei.
1826 1362 1906 1395 Non
1924 1364 2023 1396 estin
2043 1362 2108 1396 ho-

1124 1415 1219 1446 mine
1250 1425 1322 1445 non
1354 1420 1474 1445 renato
1508 1413 1660 1445 assensio
1687 1413 1785 1445 firma
1806 1414 1848 1445 de
1874 1414 2004 1446 iudicio
2031 1413 2108 1453 Dei,

1124 1475 1196 1495 non
1221 1469 1269 1495 est
1294 1462 1427 1505 agnitio
1452 1462 1515 1493 filii
1533 1461 1616 1499 Dei,
1643 1474 1715 1494 non
1740 1469 1820 1495 sunt
1845 1463 1952 1496 timor
1973 1471 2004 1497 et
2021 1465 2109 1496 dile-

1124 1513 1193 1545 ctio
1224 1510 1309 1551 Dei,
1350 1523 1412 1543 nec
1441 1512 1639 1543 obedientia
1673 1523 1870 1553 congruens
1901 1514 1944 1545 ad
1977 1522 2110 1548 caetera

1125 1568 1305 1607 praecepta
1328 1561 1504 1603 Decalogi.
1588 1560 1681 1593 Ilaec
1713 1562 1854 1595 collatio
1888 1569 1979 1596 recte
2009 1564 2109 1602 facta,

1123 1612 1277 1646 ostendit
1307 1612 1410 1656 quale
1442 1618 1474 1644 et
1505 1618 1674 1654 quantum
1708 1612 1839 1644 malurn
1865 1613 1907 1646 sit
1932 1621 2109 1657 peccatum

1124 1663 1291 1706 originis,
1325 1663 1368 1694 de
1399 1674 1469 1706 quo
1501 1661 1585 1694 dicit
1609 1661 1740 1694 Paulus
1763 1661 1868 1696 Ilom.
1895 1663 1944 1696 8.:
1981 1663 2110 1698 Sensus

1124 1714 1238 1747 carnis
1254 1712 1442 1745 inimicicia
1459 1719 1507 1744 est
1524 1713 1689 1745 adversus
1706 1712 1836 1750 Deum,
1864 1720 1895 1746 et
1913 1714 2016 1747 simul
2033 1727 2111 1748 mo-

1124 1770 1183 1797 net
1207 1770 1336 1808 quanta
1361 1763 1419 1795 lux
1439 1770 1472 1795 et
1492 1769 1663 1806 quantum
1680 1763 1785 1795 decus
1804 1764 1922 1796 fuisset
1939 1762 2110 1797 humanae

1124 1821 1287 1853 naturae,
1320 1813 1347 1845 si
1378 1813 1579 1846 retinuisset
1612 1813 1867 1855 integritatem,
1904 1821 1935 1846 et
1960 1823 2110 1859 quantus

1124 1866 1241 1909 lapsus
1264 1863 1370 1897 suerit
1394 1863 1542 1896 abiicere
1558 1861 1642 1896 llaec
1660 1864 1751 1896 bona
1770 1876 1832 1907 pro
1853 1876 1886 1898 se
1905 1871 1936 1898 et
1955 1877 2018 1908 pro
2038 1873 2111 1899 tota

1125 1914 1336 1960 posteritate.

1226 1963 1324 1998 XIV.
1352 1963 1423 1996 Lex
1432 1961 1507 1996 Deo
1522 1969 1571 1996 est
1589 1963 1758 2006 sapientia
1775 1971 1915 1998 aeterna
1933 1973 1965 1999 et
1982 1967 2110 1999 immu-

1126 2016 1244 2049 tabilis
1268 2015 1305 2046 in
1325 2014 1415 2052 Deo,
1443 2013 1595 2046 revelata
1616 2013 1650 2045 iu
1668 2014 1828 2047 doctrina
1847 2015 1953 2057 legis,
1977 2017 2110 2060 praeci-

1125 2068 1224 2111 piens
1256 2065 1376 2110 quales
1405 2075 1477 2096 non
1504 2075 1595 2103 esse,
1629 2070 1662 2096 et
1688 2075 1776 2108 quae
1800 2065 1929 2103 facere,
1966 2073 1997 2099 et
2022 2079 2109 2111 quae

1125 2118 1287 2150 omittere
1320 2121 1497 2158 oporteat,
1539 2125 1599 2146 seu
1632 2114 1814 2157 postulans
1845 2118 2109 2159 congruentiam

1125 2180 1203 2201 cum
1235 2165 1404 2210 sapientia
1436 2171 1469 2198 et
1500 2165 1679 2198 voluntate
1704 2163 1789 2203 Dei,
1823 2177 1911 2209 quae
1942 2167 1976 2198 in
2003 2168 2107 2201 verbo

1126 2229 1284 2262 expressa
1303 2223 1371 2257 est,
1397 2222 1427 2248 et
1449 2215 1657 2259 promittens
1674 2215 1765 2247 bona
1784 2216 2048 2255 obedientibus,
2077 2226 2108 2251 et

1125 2271 1297 2302 damnans
1319 2278 1456 2305 omnes,
1484 2265 1542 2309 qui
1566 2277 1637 2297 non
1658 2262 1787 2298 liabent
1807 2263 1896 2299 lianc
1912 2278 2108 2310 congruen-

1126 2321 1229 2359 tiam,
1255 2330 1343 2363 quae
1362 2324 1408 2350 est
1430 2316 1576 2360 perfecta
1594 2315 1804 2348 obedientia.

1228 2368 1306 2402 XV.
1341 2367 1416 2401 Etsi
1440 2367 1491 2398 lex
1515 2372 1585 2398 erat
1611 2365 1739 2398 noticia
1767 2372 1912 2399 naturae
1936 2367 2053 2400 addita
2073 2369 2106 2400 in

1126 2421 1319 2459 creatione,
1347 2425 1377 2451 et
1403 2423 1479 2461 post
1502 2416 1637 2459 lapsum
1658 2416 1823 2449 manserit
1843 2417 1877 2448 in
1894 2424 2018 2450 natura
2039 2416 2106 2450 bo—

1126 2471 1252 2511 minis,
1279 2477 1394 2503 tamen
1418 2466 1497 2511 quia
1522 2472 1663 2509 propter
1686 2467 1973 2510 ‹leprznvafimwm
1998 2469 2107 2512 caligo

1126 2533 1249 2565 magna
1267 2526 1316 2552 est
1334 2520 1368 2551 in
1384 2516 1575 2555 mentibus,
1601 2517 1679 2549 ideo
1696 2515 1791 2550 Deus
1807 2528 1880 2550 eam
1899 2525 1930 2551 et
1950 2531 2031 2552 voce
2049 2531 2106 2551 sua

1126 2570 1379 2616 promulgavit,
1413 2575 1451 2601 ut
1473 2573 1561 2600 extet
1587 2567 1826 2600 testiinonium
1854 2580 2002 2610 arguens
2031 2582 2107 2612 pec-

1126 2629 1260 2661 catum,
1286 2627 1316 2653 et
1343 2626 1457 2663 postea
1483 2618 1610 2651 docens
1635 2618 1741 2651 iustos
1764 2618 1884 2662 quales
1909 2620 2023 2651 cultus
2044 2631 2105 2662 ap—

1128 2673 1265 2717 probel.

1555 2719 1601 2753 26
