<?xml version="1.0" encoding="UTF-8"?>
<!DOCTYPE html PUBLIC "-//W3C//DTD XHTML 1.0 Transitional//EN"
    "http://www.w3.org/TR/xhtml1/DTD/xhtml1-transitional.dtd">
<html xmlns="http://www.w3.org/1999/xhtml" xml:lang="en" lang="en">
 <head>
  <title>
</title>
<meta http-equiv="Content-Type" content="text/html;charset=utf-8" />
  <meta name='ocr-system' content='tesseract 3.04.00' />
  <meta name='ocr-capabilities' content='ocr_page ocr_carea ocr_par ocr_line ocrx_word'/>
</head>
<body>
  <div class='ocr_page' id='page_1' title='image "./operaquaesupersu12melauoft/operaquaesupersu12melauoft_0359.png"; bbox 0 0 2324 2955; ppageno 0'>
   <div class='ocr_carea' id='block_1_1' title="bbox 86 117 157 152">
    <p class='ocr_par' dir='ltr' id='par_1_1' title="bbox 86 117 157 152">
     <span class='ocr_line' id='line_1_1' title="bbox 86 117 157 152; baseline 0.014 -1"><span class='ocrx_word' id='word_1_1' title='bbox 86 117 157 152; x_wconf 90' lang='lat'>701</span> 
     </span>
    </p>
   </div>
   <div class='ocr_carea' id='block_1_2' title="bbox 85 192 1072 495">
    <p class='ocr_par' dir='ltr' id='par_1_2' title="bbox 85 192 1070 295">
     <span class='ocr_line' id='line_1_2' title="bbox 85 192 1070 244; baseline -0.005 -9"><span class='ocrx_word' id='word_1_2' title='bbox 85 201 138 235; x_wconf 80' lang='lat' dir='ltr'>vis</span> <span class='ocrx_word' id='word_1_3' title='bbox 161 198 321 244; x_wconf 89' lang='lat' dir='ltr'>publica,</span> <span class='ocrx_word' id='word_1_4' title='bbox 350 199 427 232; x_wconf 90' lang='lat' dir='ltr'>iure</span> <span class='ocrx_word' id='word_1_5' title='bbox 447 197 580 232; x_wconf 90' lang='lat' dir='ltr'>occisus</span> <span class='ocrx_word' id='word_1_6' title='bbox 604 202 654 231; x_wconf 89' lang='lat' dir='ltr'>est</span> <span class='ocrx_word' id='word_1_7' title='bbox 671 192 905 230; x_wconf 86' lang='lat' dir='ltr'>Alirrochous</span> <span class='ocrx_word' id='word_1_8' title='bbox 926 195 964 230; x_wconf 89' lang='lat' dir='ltr'>in</span> <span class='ocrx_word' id='word_1_9' title='bbox 978 196 1070 231; x_wconf 89' lang='lat' dir='ltr'>facto</span> 
     </span>
     <span class='ocr_line' id='line_1_3' title="bbox 86 247 338 295; baseline -0.012 -9"><span class='ocrx_word' id='word_1_10' title='bbox 86 247 338 295; x_wconf 86' lang='lat' dir='ltr'>deprehensus.</span> 
     </span>
    </p>

    <p class='ocr_par' dir='ltr' id='par_1_3' title="bbox 86 296 1071 384">
     <span class='ocr_line' id='line_1_4' title="bbox 185 296 1071 343; baseline -0.002 -10"><span class='ocrx_word' id='word_1_11' title='bbox 185 297 233 333; x_wconf 90' lang='lat' dir='ltr'>Et</span> <span class='ocrx_word' id='word_1_12' title='bbox 260 300 339 332; x_wconf 86' lang='lat' dir='ltr'>iure</span> <span class='ocrx_word' id='word_1_13' title='bbox 363 298 500 332; x_wconf 88' lang='lat' dir='ltr'>Marius</span> <span class='ocrx_word' id='word_1_14' title='bbox 528 297 680 331; x_wconf 87' lang='lat' dir='ltr'>absolvit</span> <span class='ocrx_word' id='word_1_15' title='bbox 703 297 975 339; x_wconf 80' lang='lat' dir='ltr'>adolescentem,</span> <span class='ocrx_word' id='word_1_16' title='bbox 1009 296 1071 343; x_wconf 89' lang='lat' dir='ltr'>qui</span> 
     </span>
     <span class='ocr_line' id='line_1_5' title="bbox 86 347 926 384; baseline -0.004 0"><span class='ocrx_word' id='word_1_17' title='bbox 86 351 126 384; x_wconf 88' lang='lat' dir='ltr'>in</span> <span class='ocrx_word' id='word_1_18' title='bbox 144 350 252 384; x_wconf 79' lang='lat' dir='ltr'>simili</span> <span class='ocrx_word' id='word_1_19' title='bbox 266 361 347 382; x_wconf 89' lang='lat' dir='ltr'>casu</span> <span class='ocrx_word' id='word_1_20' title='bbox 363 347 565 381; x_wconf 88' lang='lat' dir='ltr'>Tribunum</span> <span class='ocrx_word' id='word_1_21' title='bbox 581 348 770 381; x_wconf 81' lang='lat' dir='ltr'>militarem</span> <span class='ocrx_word' id='word_1_22' title='bbox 787 348 926 384; x_wconf 89' lang='lat' dir='ltr'>occidit.</span> 
     </span>
    </p>

    <p class='ocr_par' dir='ltr' id='par_1_4' title="bbox 86 397 1072 495">
     <span class='ocr_line' id='line_1_6' title="bbox 187 397 1072 441; baseline -0.002 -8"><span class='ocrx_word' id='word_1_23' title='bbox 187 399 259 433; x_wconf 87' lang='lat' dir='ltr'>Nec</span> <span class='ocrx_word' id='word_1_24' title='bbox 286 397 449 431; x_wconf 81' lang='lat' dir='ltr'>seditiose</span> <span class='ocrx_word' id='word_1_25' title='bbox 480 397 560 431; x_wconf 88' lang='lat' dir='ltr'>fecit</span> <span class='ocrx_word' id='word_1_26' title='bbox 586 398 614 431; x_wconf 93' lang='lat' dir='ltr'>is</span> <span class='ocrx_word' id='word_1_27' title='bbox 638 398 858 441; x_wconf 74' lang='lat' dir='ltr'>adolescens,</span> <span class='ocrx_word' id='word_1_28' title='bbox 892 398 956 433; x_wconf 85' lang='lat' dir='ltr'>etsi</span> <span class='ocrx_word' id='word_1_29' title='bbox 981 408 1072 439; x_wconf 90' lang='lat' dir='ltr'>eum,</span> 
     </span>
     <span class='ocr_line' id='line_1_7' title="bbox 86 448 695 495; baseline -0.007 -11"><span class='ocrx_word' id='word_1_30' title='bbox 86 450 150 495; x_wconf 91' lang='lat' dir='ltr'>qui</span> <span class='ocrx_word' id='word_1_31' title='bbox 165 450 202 482; x_wconf 91' lang='lat' dir='ltr'>in</span> <span class='ocrx_word' id='word_1_32' title='bbox 217 448 422 492; x_wconf 82' lang='lat' dir='ltr'>magistratu</span> <span class='ocrx_word' id='word_1_33' title='bbox 440 455 530 489; x_wconf 89' lang='lat' dir='ltr'>erat,</span> <span class='ocrx_word' id='word_1_34' title='bbox 557 448 695 484; x_wconf 86' lang='lat' dir='ltr'>occidit.</span> 
     </span>
    </p>
   </div>
   <div class='ocr_carea' id='block_1_3' title="bbox 327 566 840 661">
    <p class='ocr_par' dir='ltr' id='par_1_5' title="bbox 327 566 840 661">
     <span class='ocr_line' id='line_1_8' title="bbox 450 566 701 613; baseline -0.008 -10"><span class='ocrx_word' id='word_1_35' title='bbox 450 566 534 613; x_wconf 88' lang='lat' dir='ltr'>(X.)</span> <span class='ocrx_word' id='word_1_36' title='bbox 577 568 701 602; x_wconf 80' lang='lat' dir='ltr'>Alia.</span> 
     </span>
     <span class='ocr_line' id='line_1_9' title="bbox 327 619 840 661; baseline -0.006 -9"><span class='ocrx_word' id='word_1_37' title='bbox 327 620 427 661; x_wconf 79' lang='lat' dir='ltr'>(opp.</span> <span class='ocrx_word' id='word_1_38' title='bbox 450 621 542 651; x_wconf 72' lang='lat' dir='ltr'>Basa.</span> <span class='ocrx_word' id='word_1_39' title='bbox 568 620 605 651; x_wconf 83' lang='lat' dir='ltr'>T.</span> <span class='ocrx_word' id='word_1_40' title='bbox 621 619 679 650; x_wconf 87' lang='lat'><em>111.</em></span> <span class='ocrx_word' id='word_1_41' title='bbox 704 632 733 660; x_wconf 80' lang='lat' dir='ltr'>p.</span> <span class='ocrx_word' id='word_1_42' title='bbox 751 620 840 659; x_wconf 87' lang='lat'>327.)</span> 
     </span>
    </p>
   </div>
   <div class='ocr_carea' id='block_1_4' title="bbox 83 702 1074 2606">
    <p class='ocr_par' dir='ltr' id='par_1_6' title="bbox 85 702 1072 852">
     <span class='ocr_line' id='line_1_10' title="bbox 87 702 1072 751; baseline -0.005 -8"><span class='ocrx_word' id='word_1_43' title='bbox 87 702 266 743; x_wconf 79' lang='lat' dir='ltr'>Germani</span> <span class='ocrx_word' id='word_1_44' title='bbox 289 707 472 751; x_wconf 87' lang='lat' dir='ltr'>Principes</span> <span class='ocrx_word' id='word_1_45' title='bbox 502 708 580 741; x_wconf 89' lang='lat' dir='ltr'>iure</span> <span class='ocrx_word' id='word_1_46' title='bbox 607 715 728 743; x_wconf 89' lang='lat' dir='ltr'>tenent</span> <span class='ocrx_word' id='word_1_47' title='bbox 752 708 893 742; x_wconf 90' lang='lat' dir='ltr'>titulum</span> <span class='ocrx_word' id='word_1_48' title='bbox 915 705 1072 742; x_wconf 85' lang='lat' dir='ltr'>Romani</span> 
     </span>
     <span class='ocr_line' id='line_1_11' title="bbox 85 757 1072 804; baseline -0.004 -11"><span class='ocrx_word' id='word_1_49' title='bbox 85 759 240 804; x_wconf 88' lang='lat' dir='ltr'>Imperii.</span> <span class='ocrx_word' id='word_1_50' title='bbox 291 757 436 791; x_wconf 84' lang='lat' dir='ltr'>Licebat</span> <span class='ocrx_word' id='word_1_51' title='bbox 453 758 547 790; x_wconf 88' lang='lat' dir='ltr'>enim</span> <span class='ocrx_word' id='word_1_52' title='bbox 566 757 670 792; x_wconf 87' lang='lat' dir='ltr'>Rom.</span> <span class='ocrx_word' id='word_1_53' title='bbox 690 765 806 803; x_wconf 85' lang='lat' dir='ltr'>petere</span> <span class='ocrx_word' id='word_1_54' title='bbox 823 758 992 792; x_wconf 89' lang='lat' dir='ltr'>auxilium</span> <span class='ocrx_word' id='word_1_55' title='bbox 1009 757 1072 790; x_wconf 88' lang='lat' dir='ltr'>ad-</span> 
     </span>
     <span class='ocr_line' id='line_1_12' title="bbox 85 807 779 852; baseline -0.001 -9"><span class='ocrx_word' id='word_1_56' title='bbox 85 820 206 843; x_wconf 82' lang='lat' dir='ltr'>versus</span> <span class='ocrx_word' id='word_1_57' title='bbox 223 807 408 841; x_wconf 89' lang='lat' dir='ltr'>latrocinia</span> <span class='ocrx_word' id='word_1_58' title='bbox 424 808 469 841; x_wconf 89' lang='lat' dir='ltr'>ab</span> <span class='ocrx_word' id='word_1_59' title='bbox 485 809 612 842; x_wconf 87' lang='lat' dir='ltr'>exteris</span> <span class='ocrx_word' id='word_1_60' title='bbox 628 810 779 852; x_wconf 81' lang='lat' dir='ltr'>regibus.</span> 
     </span>
    </p>

    <p class='ocr_par' dir='ltr' id='par_1_7' title="bbox 83 856 1072 1093">
     <span class='ocr_line' id='line_1_13' title="bbox 185 856 1071 903; baseline -0.003 -11"><span class='ocrx_word' id='word_1_61' title='bbox 185 856 233 892; x_wconf 87' lang='lat' dir='ltr'>Et</span> <span class='ocrx_word' id='word_1_62' title='bbox 253 856 402 891; x_wconf 81' lang='lat' dir='ltr'>Carolus</span> <span class='ocrx_word' id='word_1_63' title='bbox 424 858 615 892; x_wconf 87' lang='lat' dir='ltr'>defendens</span> <span class='ocrx_word' id='word_1_64' title='bbox 635 858 788 893; x_wconf 84' lang='lat' dir='ltr'>Romam</span> <span class='ocrx_word' id='word_1_65' title='bbox 813 865 917 903; x_wconf 86' lang='lat' dir='ltr'>atque</span> <span class='ocrx_word' id='word_1_66' title='bbox 934 856 1071 891; x_wconf 89' lang='lat' dir='ltr'>Italiam</span> 
     </span>
     <span class='ocr_line' id='line_1_14' title="bbox 83 907 1072 951; baseline -0.002 -9"><span class='ocrx_word' id='word_1_67' title='bbox 83 908 251 942; x_wconf 85' lang='lat' dir='ltr'>adversus</span> <span class='ocrx_word' id='word_1_68' title='bbox 267 907 539 951; x_wconf 86' lang='lat' dir='ltr'>Longobardos,</span> <span class='ocrx_word' id='word_1_69' title='bbox 563 909 640 942; x_wconf 91' lang='lat' dir='ltr'>iure</span> <span class='ocrx_word' id='word_1_70' title='bbox 662 909 748 943; x_wconf 90' lang='lat' dir='ltr'>belli</span> <span class='ocrx_word' id='word_1_71' title='bbox 764 909 874 943; x_wconf 86' lang='lat' dir='ltr'>sactus</span> <span class='ocrx_word' id='word_1_72' title='bbox 893 915 942 942; x_wconf 91' lang='lat' dir='ltr'>est</span> <span class='ocrx_word' id='word_1_73' title='bbox 957 907 1072 941; x_wconf 90' lang='lat' dir='ltr'>domi—</span> 
     </span>
     <span class='ocr_line' id='line_1_15' title="bbox 83 956 1070 1003; baseline -0.002 -11"><span class='ocrx_word' id='word_1_74' title='bbox 83 969 152 992; x_wconf 87' lang='lat' dir='ltr'>nus</span> <span class='ocrx_word' id='word_1_75' title='bbox 173 958 273 992; x_wconf 90' lang='lat' dir='ltr'>urbis</span> <span class='ocrx_word' id='word_1_76' title='bbox 295 964 399 1002; x_wconf 91' lang='lat' dir='ltr'>atque</span> <span class='ocrx_word' id='word_1_77' title='bbox 417 956 556 999; x_wconf 88' lang='lat' dir='ltr'>Italiae,</span> <span class='ocrx_word' id='word_1_78' title='bbox 582 959 664 1003; x_wconf 90' lang='lat' dir='ltr'>quia</span> <span class='ocrx_word' id='word_1_79' title='bbox 690 970 779 1003; x_wconf 90' lang='lat' dir='ltr'>quae</span> <span class='ocrx_word' id='word_1_80' title='bbox 800 958 958 1000; x_wconf 82' lang='lat' dir='ltr'>legitimo</span> <span class='ocrx_word' id='word_1_81' title='bbox 976 958 1070 991; x_wconf 90' lang='lat' dir='ltr'>bello</span> 
     </span>
     <span class='ocr_line' id='line_1_16' title="bbox 83 1007 1071 1052; baseline -0.001 -10"><span class='ocrx_word' id='word_1_82' title='bbox 83 1015 185 1052; x_wconf 88' lang='lat' dir='ltr'>capta</span> <span class='ocrx_word' id='word_1_83' title='bbox 210 1013 312 1048; x_wconf 87' lang='lat' dir='ltr'>suut,</span> <span class='ocrx_word' id='word_1_84' title='bbox 339 1007 429 1041; x_wconf 83' lang='lat' dir='ltr'>iuste</span> <span class='ocrx_word' id='word_1_85' title='bbox 452 1014 630 1044; x_wconf 89' lang='lat' dir='ltr'>tenentur.</span> <span class='ocrx_word' id='word_1_86' title='bbox 682 1007 773 1042; x_wconf 85' lang='lat' dir='ltr'>Nam</span> <span class='ocrx_word' id='word_1_87' title='bbox 794 1008 929 1042; x_wconf 89' lang='lat' dir='ltr'>bellum</span> <span class='ocrx_word' id='word_1_88' title='bbox 948 1014 1000 1042; x_wconf 89' lang='lat' dir='ltr'>est</span> <span class='ocrx_word' id='word_1_89' title='bbox 1016 1020 1071 1041; x_wconf 89' lang='lat' dir='ltr'>res</span> 
     </span>
     <span class='ocr_line' id='line_1_17' title="bbox 83 1057 192 1093; baseline 0.018 -2"><span class='ocrx_word' id='word_1_90' title='bbox 83 1057 192 1093; x_wconf 82' lang='lat' dir='ltr'>licita.</span> 
     </span>
    </p>

    <p class='ocr_par' dir='ltr' id='par_1_8' title="bbox 83 1106 1072 1351">
     <span class='ocr_line' id='line_1_18' title="bbox 184 1106 1071 1153; baseline -0.001 -12"><span class='ocrx_word' id='word_1_91' title='bbox 184 1106 268 1142; x_wconf 89' lang='lat' dir='ltr'>Ideo</span> <span class='ocrx_word' id='word_1_92' title='bbox 299 1112 417 1141; x_wconf 89' lang='lat' dir='ltr'>autem</span> <span class='ocrx_word' id='word_1_93' title='bbox 443 1107 540 1141; x_wconf 89' lang='lat' dir='ltr'>bello</span> <span class='ocrx_word' id='word_1_94' title='bbox 568 1108 797 1153; x_wconf 86' lang='lat' dir='ltr'>consequitur</span> <span class='ocrx_word' id='word_1_95' title='bbox 817 1108 931 1142; x_wconf 77' lang='lat' dir='ltr'>victor</span> <span class='ocrx_word' id='word_1_96' title='bbox 954 1108 1071 1141; x_wconf 90' lang='lat' dir='ltr'>domi-</span> 
     </span>
     <span class='ocr_line' id='line_1_19' title="bbox 83 1155 1072 1202; baseline 0 -11"><span class='ocrx_word' id='word_1_97' title='bbox 83 1169 193 1196; x_wconf 89' lang='lat' dir='ltr'>num,</span> <span class='ocrx_word' id='word_1_98' title='bbox 218 1164 259 1191; x_wconf 93' lang='lat' dir='ltr'>ut</span> <span class='ocrx_word' id='word_1_99' title='bbox 281 1156 405 1201; x_wconf 89' lang='lat' dir='ltr'>populi</span> <span class='ocrx_word' id='word_1_100' title='bbox 425 1157 518 1202; x_wconf 89' lang='lat' dir='ltr'>capti</span> <span class='ocrx_word' id='word_1_101' title='bbox 540 1155 696 1192; x_wconf 84' lang='lat' dir='ltr'>habeant</span> <span class='ocrx_word' id='word_1_102' title='bbox 721 1158 943 1191; x_wconf 85' lang='lat' dir='ltr'>defensorem</span> <span class='ocrx_word' id='word_1_103' title='bbox 965 1165 999 1191; x_wconf 88' lang='lat' dir='ltr'>et</span> <span class='ocrx_word' id='word_1_104' title='bbox 1015 1170 1072 1191; x_wconf 88' lang='lat' dir='ltr'>re-</span> 
     </span>
     <span class='ocr_line' id='line_1_20' title="bbox 84 1205 1072 1254; baseline -0.001 -12"><span class='ocrx_word' id='word_1_105' title='bbox 84 1214 234 1242; x_wconf 89' lang='lat' dir='ltr'>ctorum.</span> <span class='ocrx_word' id='word_1_106' title='bbox 287 1205 380 1239; x_wconf 90' lang='lat' dir='ltr'>Belli</span> <span class='ocrx_word' id='word_1_107' title='bbox 399 1207 494 1240; x_wconf 85' lang='lat' dir='ltr'>enim</span> <span class='ocrx_word' id='word_1_108' title='bbox 510 1208 589 1241; x_wconf 86' lang='lat' dir='ltr'>finis</span> <span class='ocrx_word' id='word_1_109' title='bbox 608 1220 675 1253; x_wconf 85' lang='lat' dir='ltr'>pax</span> <span class='ocrx_word' id='word_1_110' title='bbox 692 1219 765 1241; x_wconf 88' lang='lat' dir='ltr'>esse</span> <span class='ocrx_word' id='word_1_111' title='bbox 783 1209 898 1243; x_wconf 90' lang='lat' dir='ltr'>debet.</span> <span class='ocrx_word' id='word_1_112' title='bbox 949 1207 1072 1254; x_wconf 88' lang='lat' dir='ltr'>Neque</span> 
     </span>
     <span class='ocr_line' id='line_1_21' title="bbox 84 1257 1071 1304; baseline 0.001 -13"><span class='ocrx_word' id='word_1_113' title='bbox 84 1269 168 1291; x_wconf 88' lang='lat' dir='ltr'>vero</span> <span class='ocrx_word' id='word_1_114' title='bbox 193 1257 266 1290; x_wconf 89' lang='lat' dir='ltr'>ulla</span> <span class='ocrx_word' id='word_1_115' title='bbox 289 1262 382 1290; x_wconf 90' lang='lat' dir='ltr'>certa</span> <span class='ocrx_word' id='word_1_116' title='bbox 405 1268 472 1301; x_wconf 88' lang='lat' dir='ltr'>pax</span> <span class='ocrx_word' id='word_1_117' title='bbox 498 1265 586 1292; x_wconf 90' lang='lat' dir='ltr'>esset</span> <span class='ocrx_word' id='word_1_118' title='bbox 608 1270 785 1304; x_wconf 88' lang='lat' dir='ltr'>unquam,</span> <span class='ocrx_word' id='word_1_119' title='bbox 811 1258 840 1291; x_wconf 90' lang='lat' dir='ltr'>si</span> <span class='ocrx_word' id='word_1_120' title='bbox 864 1258 977 1292; x_wconf 88' lang='lat' dir='ltr'>victor</span> <span class='ocrx_word' id='word_1_121' title='bbox 998 1271 1071 1292; x_wconf 90' lang='lat' dir='ltr'>non</span> 
     </span>
     <span class='ocr_line' id='line_1_22' title="bbox 86 1307 585 1351; baseline -0.002 -10"><span class='ocrx_word' id='word_1_122' title='bbox 86 1313 360 1351; x_wconf 84' lang='lat' dir='ltr'>consequeretur</span> <span class='ocrx_word' id='word_1_123' title='bbox 373 1307 585 1343; x_wconf 90' lang='lat' dir='ltr'>dominium.</span> 
     </span>
    </p>

    <p class='ocr_par' dir='ltr' id='par_1_9' title="bbox 86 1352 1073 1541">
     <span class='ocr_line' id='line_1_23' title="bbox 189 1352 1072 1399; baseline 0.002 -9"><span class='ocrx_word' id='word_1_124' title='bbox 189 1356 308 1399; x_wconf 84' lang='lat' dir='ltr'>Quare</span> <span class='ocrx_word' id='word_1_125' title='bbox 331 1355 407 1390; x_wconf 90' lang='lat' dir='ltr'>iure</span> <span class='ocrx_word' id='word_1_126' title='bbox 427 1357 513 1390; x_wconf 90' lang='lat' dir='ltr'>belli</span> <span class='ocrx_word' id='word_1_127' title='bbox 531 1364 669 1392; x_wconf 90' lang='lat' dir='ltr'>coactus</span> <span class='ocrx_word' id='word_1_128' title='bbox 686 1365 737 1392; x_wconf 87' lang='lat' dir='ltr'>est</span> <span class='ocrx_word' id='word_1_129' title='bbox 754 1352 917 1392; x_wconf 78' lang='lat' dir='ltr'>Carolus</span> <span class='ocrx_word' id='word_1_130' title='bbox 933 1357 1072 1392; x_wconf 89' lang='lat' dir='ltr'>Italiam</span> 
     </span>
     <span class='ocr_line' id='line_1_24' title="bbox 87 1408 1073 1454; baseline 0 -12"><span class='ocrx_word' id='word_1_131' title='bbox 87 1414 255 1452; x_wconf 82' lang='lat' dir='ltr'>tanquam</span> <span class='ocrx_word' id='word_1_132' title='bbox 279 1417 379 1440; x_wconf 89' lang='lat' dir='ltr'>suam</span> <span class='ocrx_word' id='word_1_133' title='bbox 403 1409 614 1442; x_wconf 88' lang='lat' dir='ltr'>constituere</span> <span class='ocrx_word' id='word_1_134' title='bbox 635 1419 673 1440; x_wconf 92' lang='lat' dir='ltr'>ac</span> <span class='ocrx_word' id='word_1_135' title='bbox 693 1409 890 1444; x_wconf 87' lang='lat' dir='ltr'>defendere.</span> <span class='ocrx_word' id='word_1_136' title='bbox 945 1408 1073 1454; x_wconf 85' lang='lat' dir='ltr'>Sequi-</span> 
     </span>
     <span class='ocr_line' id='line_1_25' title="bbox 86 1456 1072 1504; baseline 0.003 -14"><span class='ocrx_word' id='word_1_137' title='bbox 86 1464 146 1490; x_wconf 85' lang='lat' dir='ltr'>tur</span> <span class='ocrx_word' id='word_1_138' title='bbox 159 1463 274 1490; x_wconf 89' lang='lat' dir='ltr'>autem</span> <span class='ocrx_word' id='word_1_139' title='bbox 290 1456 430 1500; x_wconf 88' lang='lat' dir='ltr'>imperii</span> <span class='ocrx_word' id='word_1_140' title='bbox 446 1458 569 1492; x_wconf 91' lang='lat' dir='ltr'>titulus</span> <span class='ocrx_word' id='word_1_141' title='bbox 586 1458 840 1503; x_wconf 89' lang='lat' dir='ltr'>possessionem</span> <span class='ocrx_word' id='word_1_142' title='bbox 855 1459 955 1493; x_wconf 89' lang='lat' dir='ltr'>urbis</span> <span class='ocrx_word' id='word_1_143' title='bbox 969 1466 1072 1504; x_wconf 91' lang='lat' dir='ltr'>atque</span> 
     </span>
     <span class='ocr_line' id='line_1_26' title="bbox 86 1504 220 1541; baseline 0.015 -2"><span class='ocrx_word' id='word_1_144' title='bbox 86 1504 220 1541; x_wconf 79' lang='lat' dir='ltr'>Italiae.</span> 
     </span>
    </p>

    <p class='ocr_par' dir='ltr' id='par_1_10' title="bbox 84 1555 1074 1891">
     <span class='ocr_line' id='line_1_27' title="bbox 186 1555 1072 1602; baseline 0.002 -12"><span class='ocrx_word' id='word_1_145' title='bbox 186 1555 372 1591; x_wconf 82' lang='lat' dir='ltr'>Romanus</span> <span class='ocrx_word' id='word_1_146' title='bbox 402 1555 565 1590; x_wconf 79' lang='lat' dir='ltr'>Pontifex</span> <span class='ocrx_word' id='word_1_147' title='bbox 601 1568 676 1590; x_wconf 88' lang='lat' dir='ltr'>non</span> <span class='ocrx_word' id='word_1_148' title='bbox 708 1558 827 1602; x_wconf 88' lang='lat' dir='ltr'>potuit</span> <span class='ocrx_word' id='word_1_149' title='bbox 858 1556 1072 1592; x_wconf 85' lang='lat' dir='ltr'>authoritate</span> 
     </span>
     <span class='ocr_line' id='line_1_28' title="bbox 84 1603 1073 1653; baseline 0.003 -14"><span class='ocrx_word' id='word_1_150' title='bbox 84 1603 272 1650; x_wconf 81' lang='lat' dir='ltr'>Evangelii</span> <span class='ocrx_word' id='word_1_151' title='bbox 293 1606 432 1650; x_wconf 84' lang='lat' dir='ltr'>imperii</span> <span class='ocrx_word' id='word_1_152' title='bbox 456 1606 599 1639; x_wconf 90' lang='lat' dir='ltr'>titulum</span> <span class='ocrx_word' id='word_1_153' title='bbox 618 1609 828 1650; x_wconf 87' lang='lat' dir='ltr'>transferre,</span> <span class='ocrx_word' id='word_1_154' title='bbox 852 1609 935 1653; x_wconf 89' lang='lat' dir='ltr'>quia</span> <span class='ocrx_word' id='word_1_155' title='bbox 953 1607 1073 1642; x_wconf 90' lang='lat' dir='ltr'>Evan-</span> 
     </span>
     <span class='ocr_line' id='line_1_29' title="bbox 85 1656 1073 1700; baseline 0.003 -11"><span class='ocrx_word' id='word_1_156' title='bbox 85 1656 216 1699; x_wconf 87' lang='lat' dir='ltr'>gelium</span> <span class='ocrx_word' id='word_1_157' title='bbox 233 1657 341 1690; x_wconf 88' lang='lat' dir='ltr'>tradit</span> <span class='ocrx_word' id='word_1_158' title='bbox 357 1657 401 1689; x_wconf 89' lang='lat' dir='ltr'>de</span> <span class='ocrx_word' id='word_1_159' title='bbox 416 1667 523 1698; x_wconf 87' lang='lat' dir='ltr'>regno</span> <span class='ocrx_word' id='word_1_160' title='bbox 539 1657 733 1700; x_wconf 82' lang='lat' dir='ltr'>spirituali,</span> <span class='ocrx_word' id='word_1_161' title='bbox 759 1671 832 1691; x_wconf 88' lang='lat' dir='ltr'>non</span> <span class='ocrx_word' id='word_1_162' title='bbox 849 1657 956 1692; x_wconf 82' lang='lat' dir='ltr'>habet</span> <span class='ocrx_word' id='word_1_163' title='bbox 970 1672 1073 1692; x_wconf 87' lang='lat' dir='ltr'>man-</span> 
     </span>
     <span class='ocr_line' id='line_1_30' title="bbox 86 1706 1073 1753; baseline 0.002 -13"><span class='ocrx_word' id='word_1_164' title='bbox 86 1707 208 1740; x_wconf 88' lang='lat' dir='ltr'>datum</span> <span class='ocrx_word' id='word_1_165' title='bbox 225 1706 270 1739; x_wconf 91' lang='lat' dir='ltr'>de</span> <span class='ocrx_word' id='word_1_166' title='bbox 288 1707 530 1750; x_wconf 88' lang='lat' dir='ltr'>corporalibus</span> <span class='ocrx_word' id='word_1_167' title='bbox 547 1708 663 1749; x_wconf 86' lang='lat' dir='ltr'>regnis</span> <span class='ocrx_word' id='word_1_168' title='bbox 682 1709 818 1753; x_wconf 89' lang='lat' dir='ltr'>aliquid</span> <span class='ocrx_word' id='word_1_169' title='bbox 836 1709 1073 1742; x_wconf 86' lang='lat' dir='ltr'>constituendi</span> 
     </span>
     <span class='ocr_line' id='line_1_31' title="bbox 86 1754 1072 1803; baseline 0.002 -13"><span class='ocrx_word' id='word_1_170' title='bbox 86 1762 147 1790; x_wconf 83' lang='lat' dir='ltr'>aut</span> <span class='ocrx_word' id='word_1_171' title='bbox 176 1757 352 1790; x_wconf 86' lang='lat' dir='ltr'>mutandi.</span> <span class='ocrx_word' id='word_1_172' title='bbox 413 1755 535 1801; x_wconf 89' lang='lat' dir='ltr'>ltaque</span> <span class='ocrx_word' id='word_1_173' title='bbox 558 1754 707 1790; x_wconf 87' lang='lat' dir='ltr'>Carolus</span> <span class='ocrx_word' id='word_1_174' title='bbox 738 1759 853 1792; x_wconf 88' lang='lat' dir='ltr'>tenuit</span> <span class='ocrx_word' id='word_1_175' title='bbox 884 1760 1072 1803; x_wconf 88' lang='lat' dir='ltr'>imperium</span> 
     </span>
     <span class='ocr_line' id='line_1_32' title="bbox 87 1806 1074 1851; baseline 0.004 -12"><span class='ocrx_word' id='word_1_176' title='bbox 87 1818 161 1840; x_wconf 90' lang='lat' dir='ltr'>non</span> <span class='ocrx_word' id='word_1_177' title='bbox 194 1812 336 1851; x_wconf 90' lang='lat' dir='ltr'>propter</span> <span class='ocrx_word' id='word_1_178' title='bbox 368 1806 635 1840; x_wconf 87' lang='lat' dir='ltr'>translationem</span> <span class='ocrx_word' id='word_1_179' title='bbox 669 1808 863 1851; x_wconf 85' lang='lat' dir='ltr'>pontificis,</span> <span class='ocrx_word' id='word_1_180' title='bbox 907 1810 965 1842; x_wconf 90' lang='lat' dir='ltr'>sed</span> <span class='ocrx_word' id='word_1_181' title='bbox 997 1810 1074 1843; x_wconf 86' lang='lat' dir='ltr'>iure</span> 
     </span>
     <span class='ocr_line' id='line_1_33' title="bbox 85 1856 183 1891; baseline -0.031 0"><span class='ocrx_word' id='word_1_182' title='bbox 85 1856 183 1891; x_wconf 89' lang='lat' dir='ltr'>belli.</span> 
     </span>
    </p>

    <p class='ocr_par' dir='ltr' id='par_1_11' title="bbox 87 1905 1073 2142">
     <span class='ocr_line' id='line_1_34' title="bbox 187 1905 1070 1952; baseline 0.005 -13"><span class='ocrx_word' id='word_1_183' title='bbox 187 1905 257 1940; x_wconf 92' lang='lat' dir='ltr'>Sed</span> <span class='ocrx_word' id='word_1_184' title='bbox 280 1917 360 1939; x_wconf 91' lang='lat' dir='ltr'>cum</span> <span class='ocrx_word' id='word_1_185' title='bbox 385 1907 614 1941; x_wconf 85' lang='lat' dir='ltr'>constitutum</span> <span class='ocrx_word' id='word_1_186' title='bbox 637 1907 698 1943; x_wconf 87' lang='lat' dir='ltr'>sit.</span> <span class='ocrx_word' id='word_1_187' title='bbox 725 1915 784 1941; x_wconf 92' lang='lat' dir='ltr'>aut</span> <span class='ocrx_word' id='word_1_188' title='bbox 803 1916 945 1952; x_wconf 86' lang='lat' dir='ltr'>propter</span> <span class='ocrx_word' id='word_1_189' title='bbox 961 1910 1070 1943; x_wconf 90' lang='lat' dir='ltr'>eccle-</span> 
     </span>
     <span class='ocr_line' id='line_1_35' title="bbox 91 1956 1071 2002; baseline 0.004 -13"><span class='ocrx_word' id='word_1_190' title='bbox 91 1956 264 1990; x_wconf 79' lang='lat' dir='ltr'>siasticam</span> <span class='ocrx_word' id='word_1_191' title='bbox 293 1957 537 1998; x_wconf 89' lang='lat' dir='ltr'>concordiam,</span> <span class='ocrx_word' id='word_1_192' title='bbox 573 1965 633 1991; x_wconf 85' lang='lat' dir='ltr'>aut</span> <span class='ocrx_word' id='word_1_193' title='bbox 663 1966 806 2002; x_wconf 84' lang='lat' dir='ltr'>propter</span> <span class='ocrx_word' id='word_1_194' title='bbox 830 1960 1071 1993; x_wconf 80' lang='lat' dir='ltr'>defensionem</span> 
     </span>
     <span class='ocr_line' id='line_1_36' title="bbox 91 2006 1073 2052; baseline 0.004 -13"><span class='ocrx_word' id='word_1_195' title='bbox 91 2006 228 2040; x_wconf 86' lang='lat' dir='ltr'>ordinis</span> <span class='ocrx_word' id='word_1_196' title='bbox 246 2007 488 2048; x_wconf 83' lang='lat' dir='ltr'>ecclesiastici,</span> <span class='ocrx_word' id='word_1_197' title='bbox 517 2014 555 2041; x_wconf 92' lang='lat' dir='ltr'>ut</span> <span class='ocrx_word' id='word_1_198' title='bbox 567 2006 760 2052; x_wconf 86' lang='lat' dir='ltr'>Imperator</span> <span class='ocrx_word' id='word_1_199' title='bbox 775 2022 792 2042; x_wconf 85' lang='lat' dir='ltr'>a</span> <span class='ocrx_word' id='word_1_200' title='bbox 806 2008 968 2043; x_wconf 85' lang='lat' dir='ltr'>Romano</span> <span class='ocrx_word' id='word_1_201' title='bbox 978 2010 1073 2043; x_wconf 88' lang='lat' dir='ltr'>Pon-</span> 
     </span>
     <span class='ocr_line' id='line_1_37' title="bbox 90 2056 1073 2104; baseline 0.004 -14"><span class='ocrx_word' id='word_1_202' title='bbox 90 2056 181 2090; x_wconf 84' lang='lat' dir='ltr'>tifice</span> <span class='ocrx_word' id='word_1_203' title='bbox 209 2063 416 2099; x_wconf 83' lang='lat' dir='ltr'>coronetur,</span> <span class='ocrx_word' id='word_1_204' title='bbox 457 2064 590 2092; x_wconf 86' lang='lat' dir='ltr'>rectum</span> <span class='ocrx_word' id='word_1_205' title='bbox 623 2065 675 2092; x_wconf 88' lang='lat' dir='ltr'>est</span> <span class='ocrx_word' id='word_1_206' title='bbox 705 2060 867 2094; x_wconf 86' lang='lat' dir='ltr'>accedere</span> <span class='ocrx_word' id='word_1_207' title='bbox 898 2061 1073 2104; x_wconf 84' lang='lat' dir='ltr'>pontificis</span> 
     </span>
     <span class='ocr_line' id='line_1_38' title="bbox 87 2103 350 2142; baseline 0.008 -2"><span class='ocrx_word' id='word_1_208' title='bbox 87 2103 350 2142; x_wconf 87' lang='lat' dir='ltr'>authoritatem.</span> 
     </span>
    </p>

    <p class='ocr_par' dir='ltr' id='par_1_12' title="bbox 89 2156 1072 2352">
     <span class='ocr_line' id='line_1_39' title="bbox 192 2156 1072 2201; baseline 0.003 -10"><span class='ocrx_word' id='word_1_209' title='bbox 192 2156 375 2201; x_wconf 87' lang='lat' dir='ltr'>Scriptura</span> <span class='ocrx_word' id='word_1_210' title='bbox 397 2169 470 2191; x_wconf 91' lang='lat' dir='ltr'>non</span> <span class='ocrx_word' id='word_1_211' title='bbox 486 2158 639 2191; x_wconf 89' lang='lat' dir='ltr'>instituit</span> <span class='ocrx_word' id='word_1_212' title='bbox 657 2158 904 2194; x_wconf 88' lang='lat' dir='ltr'>Monarchiam</span> <span class='ocrx_word' id='word_1_213' title='bbox 922 2161 1072 2200; x_wconf 86' lang='lat' dir='ltr'>civilem,</span> 
     </span>
     <span class='ocr_line' id='line_1_40' title="bbox 89 2206 1072 2254; baseline 0.005 -14"><span class='ocrx_word' id='word_1_214' title='bbox 89 2207 136 2241; x_wconf 89' lang='lat' dir='ltr'>ita</span> <span class='ocrx_word' id='word_1_215' title='bbox 154 2208 254 2254; x_wconf 27' lang='lat' dir='ltr'>‘quod</span> <span class='ocrx_word' id='word_1_216' title='bbox 275 2208 464 2252; x_wconf 88' lang='lat' dir='ltr'>praecipiat</span> <span class='ocrx_word' id='word_1_217' title='bbox 482 2209 649 2242; x_wconf 89' lang='lat' dir='ltr'>omnibus</span> <span class='ocrx_word' id='word_1_218' title='bbox 664 2206 869 2245; x_wconf 87' lang='lat' dir='ltr'>hominibus</span> <span class='ocrx_word' id='word_1_219' title='bbox 887 2212 950 2244; x_wconf 91' lang='lat' dir='ltr'>uni</span> <span class='ocrx_word' id='word_1_220' title='bbox 967 2212 1072 2245; x_wconf 85' lang='lat' dir='ltr'>alicui</span> 
     </span>
     <span class='ocr_line' id='line_1_41' title="bbox 90 2254 1072 2305; baseline 0.006 -15"><span class='ocrx_word' id='word_1_221' title='bbox 90 2254 306 2291; x_wconf 86' lang='lat' dir='ltr'>Monarchae</span> <span class='ocrx_word' id='word_1_222' title='bbox 337 2262 478 2302; x_wconf 68' lang='lat' dir='ltr'>parfzre,</span> <span class='ocrx_word' id='word_1_223' title='bbox 511 2260 570 2292; x_wconf 88' lang='lat' dir='ltr'>sed</span> <span class='ocrx_word' id='word_1_224' title='bbox 599 2261 842 2304; x_wconf 88' lang='lat' dir='ltr'>praesentibus</span> <span class='ocrx_word' id='word_1_225' title='bbox 869 2262 1009 2305; x_wconf 83' lang='lat' dir='ltr'>regibus</span> <span class='ocrx_word' id='word_1_226' title='bbox 1034 2274 1072 2295; x_wconf 88' lang='lat' dir='ltr'>ac</span> 
     </span>
     <span class='ocr_line' id='line_1_42' title="bbox 90 2305 617 2352; baseline 0.008 -13"><span class='ocrx_word' id='word_1_227' title='bbox 90 2305 354 2350; x_wconf 83' lang='lat' dir='ltr'>Magistratibus</span> <span class='ocrx_word' id='word_1_228' title='bbox 370 2312 494 2352; x_wconf 59' lang='lat' dir='ltr'>parcre</span> <span class='ocrx_word' id='word_1_229' title='bbox 509 2309 617 2346; x_wconf 83' lang='lat' dir='ltr'>iubet.</span> 
     </span>
    </p>

    <p class='ocr_par' dir='ltr' id='par_1_13' title="bbox 91 2355 1073 2606">
     <span class='ocr_line' id='line_1_43' title="bbox 191 2355 1070 2405; baseline 0.008 -16"><span class='ocrx_word' id='word_1_230' title='bbox 191 2355 422 2402; x_wconf 86' lang='lat' dir='ltr'>Praescriptio</span> <span class='ocrx_word' id='word_1_231' title='bbox 455 2371 550 2392; x_wconf 91' lang='lat' dir='ltr'>nunc</span> <span class='ocrx_word' id='word_1_232' title='bbox 583 2367 701 2394; x_wconf 88' lang='lat' dir='ltr'>tuetur</span> <span class='ocrx_word' id='word_1_233' title='bbox 732 2360 932 2405; x_wconf 85' lang='lat' dir='ltr'>Principes,</span> <span class='ocrx_word' id='word_1_234' title='bbox 977 2362 1070 2396; x_wconf 81' lang='lat' dir='ltr'>iuxta</span> 
     </span>
     <span class='ocr_line' id='line_1_44' title="bbox 91 2407 1072 2455; baseline 0.005 -14"><span class='ocrx_word' id='word_1_235' title='bbox 91 2418 196 2452; x_wconf 89' lang='lat' dir='ltr'>quam</span> <span class='ocrx_word' id='word_1_236' title='bbox 219 2407 449 2442; x_wconf 85' lang='lat' dir='ltr'>certissimum</span> <span class='ocrx_word' id='word_1_237' title='bbox 473 2416 524 2443; x_wconf 89' lang='lat' dir='ltr'>est</span> <span class='ocrx_word' id='word_1_238' title='bbox 539 2410 679 2454; x_wconf 86' lang='lat' dir='ltr'>imperii</span> <span class='ocrx_word' id='word_1_239' title='bbox 696 2409 840 2455; x_wconf 77' lang='grc' dir='ltr'><strong><em>ἀξίωμα</em></strong></span> <span class='ocrx_word' id='word_1_240' title='bbox 860 2413 902 2445; x_wconf 89' lang='lat' dir='ltr'>ad</span> <span class='ocrx_word' id='word_1_241' title='bbox 921 2412 1072 2446; x_wconf 82' lang='lat' dir='ltr'>Germa-</span> 
     </span>
     <span class='ocr_line' id='line_1_45' title="bbox 91 2456 1072 2505; baseline 0.007 -16"><span class='ocrx_word' id='word_1_242' title='bbox 91 2468 154 2490; x_wconf 87' lang='lat' dir='ltr'>nos</span> <span class='ocrx_word' id='word_1_243' title='bbox 173 2456 358 2501; x_wconf 82' lang='lat' dir='ltr'>pertinere.</span> <span class='ocrx_word' id='word_1_244' title='bbox 410 2458 510 2501; x_wconf 82' lang='lat' dir='ltr'>Quae</span> <span class='ocrx_word' id='word_1_245' title='bbox 526 2467 642 2494; x_wconf 84' lang='lat' dir='ltr'>autem</span> <span class='ocrx_word' id='word_1_246' title='bbox 660 2462 932 2505; x_wconf 85' lang='lat' dir='ltr'>praescriptione</span> <span class='ocrx_word' id='word_1_247' title='bbox 948 2469 1072 2496; x_wconf 85' lang='lat' dir='ltr'>tenen-</span> 
     </span>
     <span class='ocr_line' id='line_1_46' title="bbox 91 2507 1071 2554; baseline 0.007 -15"><span class='ocrx_word' id='word_1_248' title='bbox 91 2513 170 2547; x_wconf 86' lang='lat' dir='ltr'>tur,</span> <span class='ocrx_word' id='word_1_249' title='bbox 194 2507 298 2540; x_wconf 87' lang='lat' dir='ltr'>etiam</span> <span class='ocrx_word' id='word_1_250' title='bbox 322 2507 415 2541; x_wconf 87' lang='lat' dir='ltr'>bona</span> <span class='ocrx_word' id='word_1_251' title='bbox 431 2510 641 2544; x_wconf 88' lang='lat' dir='ltr'>conscientia</span> <span class='ocrx_word' id='word_1_252' title='bbox 658 2524 774 2545; x_wconf 88' lang='lat' dir='ltr'>coram</span> <span class='ocrx_word' id='word_1_253' title='bbox 795 2513 872 2545; x_wconf 89' lang='lat' dir='ltr'>Deo</span> <span class='ocrx_word' id='word_1_254' title='bbox 889 2519 1071 2554; x_wconf 71' lang='lat' dir='ltr'>tenerum-5</span> 
     </span>
     <span class='ocr_line' id='line_1_47' title="bbox 92 2556 1073 2606; baseline 0.008 -17"><span class='ocrx_word' id='word_1_255' title='bbox 92 2556 174 2601; x_wconf 86' lang='lat' dir='ltr'>quia</span> <span class='ocrx_word' id='word_1_256' title='bbox 203 2568 283 2590; x_wconf 92' lang='lat' dir='ltr'>cum</span> <span class='ocrx_word' id='word_1_257' title='bbox 316 2558 537 2600; x_wconf 82' lang='lat' dir='ltr'>magistratus</span> <span class='ocrx_word' id='word_1_258' title='bbox 571 2562 742 2596; x_wconf 89' lang='lat' dir='ltr'>divinitus</span> <span class='ocrx_word' id='word_1_259' title='bbox 775 2563 988 2606; x_wconf 79' lang='lat' dir='ltr'>approbatus</span> <span class='ocrx_word' id='word_1_260' title='bbox 1015 2564 1073 2605; x_wconf 87' lang='lat' dir='ltr'>sit,</span> 
     </span>
    </p>
   </div>
   <div class='ocr_carea' id='block_1_5' title="bbox 91 2606 1071 2694">
    <p class='ocr_par' dir='ltr' id='par_1_14' title="bbox 91 2606 1071 2694">
     <span class='ocr_line' id='line_1_48' title="bbox 91 2606 1071 2657; baseline 0.006 -17"><span class='ocrx_word' id='word_1_261' title='bbox 91 2606 282 2651; x_wconf 83' lang='lat' dir='ltr'>approbata</span> <span class='ocrx_word' id='word_1_262' title='bbox 311 2615 362 2642; x_wconf 87' lang='lat' dir='ltr'>est</span> <span class='ocrx_word' id='word_1_263' title='bbox 389 2614 424 2642; x_wconf 88' lang='lat' dir='ltr'>et</span> <span class='ocrx_word' id='word_1_264' title='bbox 452 2612 677 2657; x_wconf 85' lang='lat' dir='ltr'>praescriptio</span> <span class='ocrx_word' id='word_1_265' title='bbox 701 2625 720 2646; x_wconf 87' lang='lat' dir='ltr'>a</span> <span class='ocrx_word' id='word_1_266' title='bbox 744 2613 949 2657; x_wconf 81' lang='lat' dir='ltr'>magistratu</span> <span class='ocrx_word' id='word_1_267' title='bbox 974 2614 1071 2648; x_wconf 91' lang='lat' dir='ltr'>ordi-</span> 
     </span>
     <span class='ocr_line' id='line_1_49' title="bbox 91 2664 182 2694; baseline 0.044 -5"><span class='ocrx_word' id='word_1_268' title='bbox 91 2664 182 2694; x_wconf 86' lang='lat' dir='ltr'>nata.</span> 
     </span>
    </p>
   </div>
   <div class='ocr_carea' id='block_1_6' title="bbox 719 106 1469 148">
    <p class='ocr_par' dir='ltr' id='par_1_15' title="bbox 719 106 1469 148">
     <span class='ocr_line' id='line_1_50' title="bbox 719 106 1469 148; baseline 0.001 -3"><span class='ocrx_word' id='word_1_269' title='bbox 719 109 984 147; x_wconf 90' lang='lat' dir='ltr'>PHILIPPI</span> <span class='ocrx_word' id='word_1_270' title='bbox 1022 106 1469 148; x_wconf 77' lang='lat' dir='ltr'><strong>MELANTHONIS:</strong></span> 
     </span>
    </p>
   </div>
   <div class='ocr_carea' id='block_1_7' title="bbox 2034 111 2107 148">
    <p class='ocr_par' dir='ltr' id='par_1_16' title="bbox 2034 111 2107 148">
     <span class='ocr_line' id='line_1_51' title="bbox 2034 111 2107 148; baseline 0.055 -4"><span class='ocrx_word' id='word_1_271' title='bbox 2034 111 2107 148; x_wconf 78' lang='lat'>702</span> 
     </span>
    </p>
   </div>
   <div class='ocr_carea' id='block_1_8' title="bbox 1121 194 2105 384">
    <p class='ocr_par' dir='ltr' id='par_1_17' title="bbox 1121 194 2105 384">
     <span class='ocr_line' id='line_1_52' title="bbox 1223 194 2105 237; baseline 0.001 -7"><span class='ocrx_word' id='word_1_272' title='bbox 1223 195 1310 232; x_wconf 87' lang='lat' dir='ltr'>Item</span> <span class='ocrx_word' id='word_1_273' title='bbox 1336 197 1478 231; x_wconf 87' lang='lat' dir='ltr'>effectus</span> <span class='ocrx_word' id='word_1_274' title='bbox 1498 203 1547 232; x_wconf 89' lang='lat' dir='ltr'>est</span> <span class='ocrx_word' id='word_1_275' title='bbox 1563 195 1638 230; x_wconf 86' lang='lat' dir='ltr'>vini</span> <span class='ocrx_word' id='word_1_276' title='bbox 1654 194 1692 228; x_wconf 91' lang='lat' dir='ltr'>in</span> <span class='ocrx_word' id='word_1_277' title='bbox 1710 195 1836 237; x_wconf 89' lang='lat' dir='ltr'>ebriis,</span> <span class='ocrx_word' id='word_1_278' title='bbox 1862 201 1894 229; x_wconf 91' lang='lat' dir='ltr'>et</span> <span class='ocrx_word' id='word_1_279' title='bbox 1909 195 1938 228; x_wconf 84' lang='lat' dir='ltr'>si</span> <span class='ocrx_word' id='word_1_280' title='bbox 1956 195 2017 229; x_wconf 87' lang='lat' dir='ltr'>alii</span> <span class='ocrx_word' id='word_1_281' title='bbox 2034 196 2105 231; x_wconf 82' lang='lat' dir='ltr'>sint</span> 
     </span>
     <span class='ocr_line' id='line_1_53' title="bbox 1121 244 2105 293; baseline 0.001 -13"><span class='ocrx_word' id='word_1_282' title='bbox 1121 244 1270 286; x_wconf 88' lang='lat' dir='ltr'>hilares,</span> <span class='ocrx_word' id='word_1_283' title='bbox 1299 248 1359 281; x_wconf 87' lang='lat' dir='ltr'>alii</span> <span class='ocrx_word' id='word_1_284' title='bbox 1381 247 1525 288; x_wconf 84' lang='lat' dir='ltr'>furiosi,</span> <span class='ocrx_word' id='word_1_285' title='bbox 1551 247 1611 280; x_wconf 91' lang='lat' dir='ltr'>alii</span> <span class='ocrx_word' id='word_1_286' title='bbox 1629 244 1867 293; x_wconf 88' lang='lat' dir='ltr'>lachryment,</span> <span class='ocrx_word' id='word_1_287' title='bbox 1894 246 1982 280; x_wconf 85' lang='lat' dir='ltr'>sicut</span> <span class='ocrx_word' id='word_1_288' title='bbox 2001 248 2105 291; x_wconf 74' lang='lat' dir='ltr'>poe&#39;ta</span> 
     </span>
     <span class='ocr_line' id='line_1_54' title="bbox 1121 293 2101 346; baseline 0.002 -15"><span class='ocrx_word' id='word_1_289' title='bbox 1121 298 1226 331; x_wconf 82' lang='lat' dir='ltr'>dixit:</span> <span class='ocrx_word' id='word_1_290' title='bbox 1261 300 1338 334; x_wconf 80' lang='grc' dir='ltr'>τῶν</span> <span class='ocrx_word' id='word_1_291' title='bbox 1366 296 1572 346; x_wconf 72' lang='grc' dir='ltr'>χρωμένων</span> <span class='ocrx_word' id='word_1_292' title='bbox 1601 295 1675 346; x_wconf 75' lang='grc' dir='ltr'>γὰρ</span> <span class='ocrx_word' id='word_1_293' title='bbox 1704 298 1780 337; x_wconf 76' lang='grc' dir='ltr'><em>τοῖς</em></span> <span class='ocrx_word' id='word_1_294' title='bbox 1800 296 1949 345; x_wconf 74' lang='grc' dir='ltr'><em>τρόποις</em></span> <span class='ocrx_word' id='word_1_295' title='bbox 1969 293 2101 344; x_wconf 77' lang='grc' dir='ltr'><em>κεράν-</em></span> 
     </span>
     <span class='ocr_line' id='line_1_55' title="bbox 1121 361 1242 384; baseline 0 0"><span class='ocrx_word' id='word_1_296' title='bbox 1121 361 1242 384; x_wconf 56' lang='grc' dir='ltr'>νυταη</span> 
     </span>
    </p>
   </div>
   <div class='ocr_carea' id='block_1_9' title="bbox 1356 465 1871 560">
    <p class='ocr_par' dir='ltr' id='par_1_18' title="bbox 1356 465 1871 560">
     <span class='ocr_line' id='line_1_56' title="bbox 1482 465 1745 513; baseline 0.004 -13"><span class='ocrx_word' id='word_1_297' title='bbox 1482 465 1585 513; x_wconf 89' lang='grc' dir='ltr'>(ΧΙ.)</span> <span class='ocrx_word' id='word_1_298' title='bbox 1626 468 1745 501; x_wconf 79' lang='lat' dir='ltr'>Alia.</span> 
     </span>
     <span class='ocr_line' id='line_1_57' title="bbox 1356 515 1871 560; baseline -0.002 -10"><span class='ocrx_word' id='word_1_299' title='bbox 1356 519 1456 560; x_wconf 83' lang='lat' dir='ltr'>(opp.</span> <span class='ocrx_word' id='word_1_300' title='bbox 1479 520 1573 552; x_wconf 71' lang='lat' dir='ltr'>Basn.</span> <span class='ocrx_word' id='word_1_301' title='bbox 1597 519 1636 551; x_wconf 88' lang='lat' dir='ltr'>T.</span> <span class='ocrx_word' id='word_1_302' title='bbox 1655 518 1713 550; x_wconf 86' lang='lat'><em>111.</em></span> <span class='ocrx_word' id='word_1_303' title='bbox 1735 531 1764 560; x_wconf 87' lang='lat' dir='ltr'>p.</span> <span class='ocrx_word' id='word_1_304' title='bbox 1783 515 1871 559; x_wconf 83' lang='lat'><strong>329.)</strong></span> 
     </span>
    </p>
   </div>
   <div class='ocr_carea' id='block_1_10' title="bbox 1095 594 2108 2711">
    <p class='ocr_par' dir='ltr' id='par_1_19' title="bbox 1121 594 2106 848">
     <span class='ocr_line' id='line_1_58' title="bbox 1122 594 2106 645; baseline -0.001 -10"><span class='ocrx_word' id='word_1_305' title='bbox 1122 594 1249 635; x_wconf 84' lang='lat' dir='ltr'>Locus</span> <span class='ocrx_word' id='word_1_306' title='bbox 1266 601 1309 635; x_wconf 87' lang='lat' dir='ltr'>de</span> <span class='ocrx_word' id='word_1_307' title='bbox 1327 601 1403 635; x_wconf 90' lang='lat' dir='ltr'>iure</span> <span class='ocrx_word' id='word_1_308' title='bbox 1422 602 1511 645; x_wconf 83' lang='lat' dir='ltr'>regis</span> <span class='ocrx_word' id='word_1_309' title='bbox 1529 602 1566 634; x_wconf 92' lang='lat' dir='ltr'>in</span> <span class='ocrx_word' id='word_1_310' title='bbox 1581 599 1728 635; x_wconf 88' lang='lat' dir='ltr'>historia</span> <span class='ocrx_word' id='word_1_311' title='bbox 1746 600 1922 635; x_wconf 89' lang='lat' dir='ltr'>Samuelis</span> <span class='ocrx_word' id='word_1_312' title='bbox 1937 601 2106 644; x_wconf 78' lang='lat' dir='ltr'>approbat</span> 
     </span>
     <span class='ocr_line' id='line_1_59' title="bbox 1123 650 2106 698; baseline -0.002 -14"><span class='ocrx_word' id='word_1_313' title='bbox 1123 651 1160 684; x_wconf 86' lang='lat' dir='ltr'>in</span> <span class='ocrx_word' id='word_1_314' title='bbox 1176 664 1300 695; x_wconf 84' lang='lat' dir='ltr'>genere</span> <span class='ocrx_word' id='word_1_315' title='bbox 1316 652 1490 698; x_wconf 89' lang='lat' dir='ltr'>quaslibet</span> <span class='ocrx_word' id='word_1_316' title='bbox 1504 664 1694 695; x_wconf 87' lang='lat' dir='ltr'>regnorum</span> <span class='ocrx_word' id='word_1_317' title='bbox 1709 652 1849 692; x_wconf 81' lang='lat' dir='ltr'>formas,</span> <span class='ocrx_word' id='word_1_318' title='bbox 1875 650 2005 684; x_wconf 87' lang='lat' dir='ltr'>rationi</span> <span class='ocrx_word' id='word_1_319' title='bbox 2021 662 2106 682; x_wconf 82' lang='lat' dir='ltr'>con-</span> 
     </span>
     <span class='ocr_line' id='line_1_60' title="bbox 1122 700 2105 743; baseline -0.004 -7"><span class='ocrx_word' id='word_1_320' title='bbox 1122 703 1322 736; x_wconf 86' lang='lat' dir='ltr'>sentientes.</span> <span class='ocrx_word' id='word_1_321' title='bbox 1373 702 1455 736; x_wconf 78' lang='lat' dir='ltr'>Non</span> <span class='ocrx_word' id='word_1_322' title='bbox 1474 702 1568 735; x_wconf 90' lang='lat' dir='ltr'>enim</span> <span class='ocrx_word' id='word_1_323' title='bbox 1583 713 1705 735; x_wconf 89' lang='lat' dir='ltr'>omnes</span> <span class='ocrx_word' id='word_1_324' title='bbox 1717 703 1849 735; x_wconf 85' lang='lat' dir='ltr'>formae</span> <span class='ocrx_word' id='word_1_325' title='bbox 1865 700 1998 734; x_wconf 87' lang='lat' dir='ltr'>similes</span> <span class='ocrx_word' id='word_1_326' title='bbox 2012 707 2105 743; x_wconf 85' lang='lat' dir='ltr'>sunt,</span> 
     </span>
     <span class='ocr_line' id='line_1_61' title="bbox 1123 751 2106 794; baseline -0.002 -9"><span class='ocrx_word' id='word_1_327' title='bbox 1123 754 1181 785; x_wconf 90' lang='lat' dir='ltr'>sed</span> <span class='ocrx_word' id='word_1_328' title='bbox 1205 753 1291 786; x_wconf 86' lang='lat' dir='ltr'>alibi</span> <span class='ocrx_word' id='word_1_329' title='bbox 1315 753 1459 786; x_wconf 86' lang='lat' dir='ltr'>libertas</span> <span class='ocrx_word' id='word_1_330' title='bbox 1480 759 1550 794; x_wconf 87' lang='lat' dir='ltr'>est,</span> <span class='ocrx_word' id='word_1_331' title='bbox 1576 752 1662 786; x_wconf 89' lang='lat' dir='ltr'>alibi</span> <span class='ocrx_word' id='word_1_332' title='bbox 1680 752 1848 793; x_wconf 83' lang='lat' dir='ltr'>servitus,</span> <span class='ocrx_word' id='word_1_333' title='bbox 1872 751 1958 785; x_wconf 89' lang='lat' dir='ltr'>alibi</span> <span class='ocrx_word' id='word_1_334' title='bbox 1977 751 2106 794; x_wconf 84' lang='lat' dir='ltr'>gradus</span> 
     </span>
     <span class='ocr_line' id='line_1_62' title="bbox 1121 803 1474 848; baseline 0.003 -13"><span class='ocrx_word' id='word_1_335' title='bbox 1121 803 1265 848; x_wconf 89' lang='lat' dir='ltr'>quidam</span> <span class='ocrx_word' id='word_1_336' title='bbox 1283 803 1474 839; x_wconf 88' lang='lat' dir='ltr'>servitutis.</span> 
     </span>
    </p>

    <p class='ocr_par' dir='ltr' id='par_1_20' title="bbox 1122 849 2107 1048">
     <span class='ocr_line' id='line_1_63' title="bbox 1222 849 2105 896; baseline -0.001 -11"><span class='ocrx_word' id='word_1_337' title='bbox 1222 852 1383 887; x_wconf 80' lang='lat' dir='ltr'>Libertas</span> <span class='ocrx_word' id='word_1_338' title='bbox 1415 853 1566 896; x_wconf 82' lang='lat' dir='ltr'>intelligi</span> <span class='ocrx_word' id='word_1_339' title='bbox 1598 853 1703 886; x_wconf 89' lang='lat' dir='ltr'>debet</span> <span class='ocrx_word' id='word_1_340' title='bbox 1732 863 1806 884; x_wconf 90' lang='lat' dir='ltr'>non</span> <span class='ocrx_word' id='word_1_341' title='bbox 1830 849 2009 896; x_wconf 77' lang='grc' dir='ltr'><em>ἀναρχία,</em></span> <span class='ocrx_word' id='word_1_342' title='bbox 2045 852 2105 884; x_wconf 88' lang='lat' dir='ltr'>sed</span> 
     </span>
     <span class='ocr_line' id='line_1_64' title="bbox 1123 900 2107 946; baseline -0.003 -9"><span class='ocrx_word' id='word_1_343' title='bbox 1123 903 1185 937; x_wconf 89' lang='lat' dir='ltr'>ubi</span> <span class='ocrx_word' id='word_1_344' title='bbox 1209 910 1302 937; x_wconf 90' lang='lat' dir='ltr'>certo</span> <span class='ocrx_word' id='word_1_345' title='bbox 1328 904 1404 936; x_wconf 90' lang='lat' dir='ltr'>iure</span> <span class='ocrx_word' id='word_1_346' title='bbox 1418 910 1588 946; x_wconf 86' lang='lat' dir='ltr'>reguntur</span> <span class='ocrx_word' id='word_1_347' title='bbox 1603 901 1781 943; x_wconf 90' lang='lat' dir='ltr'>homines,</span> <span class='ocrx_word' id='word_1_348' title='bbox 1807 909 1840 936; x_wconf 92' lang='lat' dir='ltr'>et</span> <span class='ocrx_word' id='word_1_349' title='bbox 1855 900 1992 945; x_wconf 76' lang='lat' dir='ltr'>Regum</span> <span class='ocrx_word' id='word_1_350' title='bbox 2008 908 2107 945; x_wconf 91' lang='lat' dir='ltr'>pote-</span> 
     </span>
     <span class='ocr_line' id='line_1_65' title="bbox 1122 952 2106 997; baseline -0.003 -9"><span class='ocrx_word' id='word_1_351' title='bbox 1122 960 1192 988; x_wconf 86' lang='lat' dir='ltr'>stas</span> <span class='ocrx_word' id='word_1_352' title='bbox 1214 953 1350 997; x_wconf 87' lang='lat' dir='ltr'>legibus</span> <span class='ocrx_word' id='word_1_353' title='bbox 1374 953 1635 996; x_wconf 88' lang='lat' dir='ltr'>circumscripta</span> <span class='ocrx_word' id='word_1_354' title='bbox 1660 961 1732 994; x_wconf 88' lang='lat' dir='ltr'>est,</span> <span class='ocrx_word' id='word_1_355' title='bbox 1757 953 1853 987; x_wconf 87' lang='lat' dir='ltr'>iuxta</span> <span class='ocrx_word' id='word_1_356' title='bbox 1870 964 1957 997; x_wconf 85' lang='lat' dir='ltr'>quas</span> <span class='ocrx_word' id='word_1_357' title='bbox 1974 952 2106 986; x_wconf 87' lang='lat' dir='ltr'>iudicia</span> 
     </span>
     <span class='ocr_line' id='line_1_66' title="bbox 1123 1003 1818 1048; baseline 0 -11"><span class='ocrx_word' id='word_1_358' title='bbox 1123 1010 1351 1042; x_wconf 86' lang='lat' dir='ltr'>exercuntur,</span> <span class='ocrx_word' id='word_1_359' title='bbox 1377 1009 1410 1036; x_wconf 89' lang='lat' dir='ltr'>et</span> <span class='ocrx_word' id='word_1_360' title='bbox 1427 1014 1528 1036; x_wconf 89' lang='lat' dir='ltr'>suum</span> <span class='ocrx_word' id='word_1_361' title='bbox 1547 1003 1695 1048; x_wconf 77' lang='lat' dir='ltr'>qu1sque</span> <span class='ocrx_word' id='word_1_362' title='bbox 1712 1009 1818 1037; x_wconf 88' lang='lat' dir='ltr'>tenet.</span> 
     </span>
    </p>

    <p class='ocr_par' dir='ltr' id='par_1_21' title="bbox 1122 1052 2108 1249">
     <span class='ocr_line' id='line_1_67' title="bbox 1224 1052 2104 1096; baseline -0.001 -9"><span class='ocrx_word' id='word_1_363' title='bbox 1224 1053 1323 1087; x_wconf 91' lang='lat' dir='ltr'>Talis</span> <span class='ocrx_word' id='word_1_364' title='bbox 1345 1053 1412 1086; x_wconf 87' lang='lat' dir='ltr'>suit</span> <span class='ocrx_word' id='word_1_365' title='bbox 1434 1054 1690 1096; x_wconf 89' lang='lat' dir='ltr'>propemodum</span> <span class='ocrx_word' id='word_1_366' title='bbox 1712 1059 1822 1087; x_wconf 89' lang='lat' dir='ltr'>status</span> <span class='ocrx_word' id='word_1_367' title='bbox 1844 1053 1943 1096; x_wconf 83' lang='lat' dir='ltr'>regni</span> <span class='ocrx_word' id='word_1_368' title='bbox 1965 1052 2104 1086; x_wconf 90' lang='lat' dir='ltr'>iudaici.</span> 
     </span>
     <span class='ocr_line' id='line_1_68' title="bbox 1122 1101 2108 1147; baseline -0.002 -9"><span class='ocrx_word' id='word_1_369' title='bbox 1122 1103 1222 1138; x_wconf 91' lang='lat' dir='ltr'>Talis</span> <span class='ocrx_word' id='word_1_370' title='bbox 1237 1110 1347 1138; x_wconf 90' lang='lat' dir='ltr'>status</span> <span class='ocrx_word' id='word_1_371' title='bbox 1357 1103 1425 1137; x_wconf 86' lang='lat' dir='ltr'>suit</span> <span class='ocrx_word' id='word_1_372' title='bbox 1440 1110 1475 1137; x_wconf 91' lang='lat' dir='ltr'>et</span> <span class='ocrx_word' id='word_1_373' title='bbox 1490 1101 1617 1136; x_wconf 89' lang='lat' dir='ltr'>Graeci</span> <span class='ocrx_word' id='word_1_374' title='bbox 1635 1110 1668 1138; x_wconf 91' lang='lat' dir='ltr'>et</span> <span class='ocrx_word' id='word_1_375' title='bbox 1680 1102 1836 1138; x_wconf 83' lang='lat' dir='ltr'>Romani</span> <span class='ocrx_word' id='word_1_376' title='bbox 1853 1101 2007 1147; x_wconf 87' lang='lat' dir='ltr'>Imperii.</span> <span class='ocrx_word' id='word_1_377' title='bbox 2059 1101 2108 1138; x_wconf 84' lang='lat' dir='ltr'>Et</span> 
     </span>
     <span class='ocr_line' id='line_1_69' title="bbox 1122 1152 2107 1198; baseline -0.002 -9"><span class='ocrx_word' id='word_1_378' title='bbox 1122 1152 1190 1189; x_wconf 89' lang='lat' dir='ltr'>hoc</span> <span class='ocrx_word' id='word_1_379' title='bbox 1213 1162 1369 1198; x_wconf 87' lang='lat' dir='ltr'>tempore</span> <span class='ocrx_word' id='word_1_380' title='bbox 1385 1153 1566 1188; x_wconf 87' lang='lat' dir='ltr'>imitamur</span> <span class='ocrx_word' id='word_1_381' title='bbox 1582 1160 1735 1189; x_wconf 84' lang='lat' dir='ltr'>veterem</span> <span class='ocrx_word' id='word_1_382' title='bbox 1751 1153 1851 1187; x_wconf 89' lang='lat' dir='ltr'>illam</span> <span class='ocrx_word' id='word_1_383' title='bbox 1865 1154 2016 1188; x_wconf 89' lang='lat' dir='ltr'>formam</span> <span class='ocrx_word' id='word_1_384' title='bbox 2030 1152 2107 1189; x_wconf 88' lang='lat' dir='ltr'>Ro-</span> 
     </span>
     <span class='ocr_line' id='line_1_70' title="bbox 1122 1203 1394 1249; baseline -0.011 -10"><span class='ocrx_word' id='word_1_385' title='bbox 1122 1205 1218 1239; x_wconf 86' lang='lat' dir='ltr'>mani</span> <span class='ocrx_word' id='word_1_386' title='bbox 1237 1203 1394 1249; x_wconf 80' lang='lat' dir='ltr'>Imperii.</span> 
     </span>
    </p>

    <p class='ocr_par' dir='ltr' id='par_1_22' title="bbox 1123 1254 2106 1503">
     <span class='ocr_line' id='line_1_71' title="bbox 1223 1254 2106 1303; baseline 0 -15"><span class='ocrx_word' id='word_1_387' title='bbox 1223 1255 1374 1289; x_wconf 90' lang='lat' dir='ltr'>Peccant</span> <span class='ocrx_word' id='word_1_388' title='bbox 1382 1254 1508 1300; x_wconf 87' lang='lat' dir='ltr'>Reges,</span> <span class='ocrx_word' id='word_1_389' title='bbox 1528 1256 1671 1303; x_wconf 89' lang='lat' dir='ltr'>quando</span> <span class='ocrx_word' id='word_1_390' title='bbox 1687 1255 1862 1300; x_wconf 89' lang='lat' dir='ltr'>imperant</span> <span class='ocrx_word' id='word_1_391' title='bbox 1874 1255 2008 1300; x_wconf 86' lang='lat' dir='ltr'>aliquid</span> <span class='ocrx_word' id='word_1_392' title='bbox 2020 1266 2106 1289; x_wconf 89' lang='lat' dir='ltr'>con-</span> 
     </span>
     <span class='ocr_line' id='line_1_72' title="bbox 1123 1304 2105 1349; baseline -0.001 -10"><span class='ocrx_word' id='word_1_393' title='bbox 1123 1313 1177 1340; x_wconf 89' lang='lat' dir='ltr'>tra</span> <span class='ocrx_word' id='word_1_394' title='bbox 1207 1306 1299 1349; x_wconf 89' lang='lat' dir='ltr'>leges</span> <span class='ocrx_word' id='word_1_395' title='bbox 1323 1317 1403 1339; x_wconf 87' lang='lat' dir='ltr'>suas</span> <span class='ocrx_word' id='word_1_396' title='bbox 1427 1314 1461 1341; x_wconf 93' lang='lat' dir='ltr'>et</span> <span class='ocrx_word' id='word_1_397' title='bbox 1485 1314 1606 1341; x_wconf 89' lang='lat' dir='ltr'>contra</span> <span class='ocrx_word' id='word_1_398' title='bbox 1631 1307 1780 1340; x_wconf 85' lang='lat' dir='ltr'>formam</span> <span class='ocrx_word' id='word_1_399' title='bbox 1807 1306 1957 1349; x_wconf 85' lang='lat' dir='ltr'>imperii.</span> <span class='ocrx_word' id='word_1_400' title='bbox 2020 1304 2105 1338; x_wconf 88' lang='lat' dir='ltr'>Ideo</span> 
     </span>
     <span class='ocr_line' id='line_1_73' title="bbox 1124 1353 2106 1402; baseline -0.001 -13"><span class='ocrx_word' id='word_1_401' title='bbox 1124 1357 1287 1400; x_wconf 84' lang='lat' dir='ltr'>peccabat</span> <span class='ocrx_word' id='word_1_402' title='bbox 1302 1354 1427 1390; x_wconf 83' lang='lat' dir='ltr'>Achab</span> <span class='ocrx_word' id='word_1_403' title='bbox 1453 1358 1605 1402; x_wconf 90' lang='lat' dir='ltr'>eripiens</span> <span class='ocrx_word' id='word_1_404' title='bbox 1626 1357 1765 1390; x_wconf 88' lang='lat' dir='ltr'>vineam</span> <span class='ocrx_word' id='word_1_405' title='bbox 1784 1353 1944 1396; x_wconf 84' lang='lat' dir='ltr'>Naboth,</span> <span class='ocrx_word' id='word_1_406' title='bbox 1969 1355 2031 1389; x_wconf 89' lang='lat' dir='ltr'>etsi</span> <span class='ocrx_word' id='word_1_407' title='bbox 2051 1356 2106 1388; x_wconf 90' lang='lat' dir='ltr'>lo-</span> 
     </span>
     <span class='ocr_line' id='line_1_74' title="bbox 1124 1406 2106 1452; baseline 0 -13"><span class='ocrx_word' id='word_1_408' title='bbox 1124 1418 1184 1440; x_wconf 90' lang='lat' dir='ltr'>cus</span> <span class='ocrx_word' id='word_1_409' title='bbox 1205 1407 1264 1440; x_wconf 89' lang='lat' dir='ltr'>ille</span> <span class='ocrx_word' id='word_1_410' title='bbox 1284 1407 1327 1439; x_wconf 87' lang='lat' dir='ltr'>de</span> <span class='ocrx_word' id='word_1_411' title='bbox 1344 1406 1420 1440; x_wconf 86' lang='lat' dir='ltr'>iure</span> <span class='ocrx_word' id='word_1_412' title='bbox 1436 1408 1530 1451; x_wconf 86' lang='lat' dir='ltr'>regio</span> <span class='ocrx_word' id='word_1_413' title='bbox 1545 1413 1751 1452; x_wconf 85' lang='lat' dir='ltr'>potestatem</span> <span class='ocrx_word' id='word_1_414' title='bbox 1768 1406 1799 1440; x_wconf 88' lang='lat' dir='ltr'>ei</span> <span class='ocrx_word' id='word_1_415' title='bbox 1817 1406 1985 1440; x_wconf 80' lang='lat' dir='ltr'>concedat</span> <span class='ocrx_word' id='word_1_416' title='bbox 2000 1417 2106 1440; x_wconf 86' lang='lat' dir='ltr'>occu-</span> 
     </span>
     <span class='ocr_line' id='line_1_75' title="bbox 1124 1452 1605 1503; baseline 0.008 -14"><span class='ocrx_word' id='word_1_417' title='bbox 1124 1458 1232 1501; x_wconf 90' lang='lat' dir='ltr'>pandi</span> <span class='ocrx_word' id='word_1_418' title='bbox 1249 1457 1384 1501; x_wconf 90' lang='lat' dir='ltr'>aliquid</span> <span class='ocrx_word' id='word_1_419' title='bbox 1401 1469 1440 1491; x_wconf 91' lang='lat' dir='ltr'>ex</span> <span class='ocrx_word' id='word_1_420' title='bbox 1451 1452 1605 1503; x_wconf 78' lang='lat' dir='ltr'>privato,</span> 
     </span>
    </p>

    <p class='ocr_par' dir='ltr' id='par_1_23' title="bbox 1124 1505 2108 1702">
     <span class='ocr_line' id='line_1_76' title="bbox 1227 1505 2106 1552; baseline 0 -13"><span class='ocrx_word' id='word_1_421' title='bbox 1227 1506 1436 1540; x_wconf 90' lang='lat' dir='ltr'>Ambrosius</span> <span class='ocrx_word' id='word_1_422' title='bbox 1466 1505 1631 1552; x_wconf 88' lang='lat' dir='ltr'>prohibet</span> <span class='ocrx_word' id='word_1_423' title='bbox 1654 1506 1906 1552; x_wconf 83' lang='lat' dir='ltr'>Imperatorem</span> <span class='ocrx_word' id='word_1_424' title='bbox 1937 1517 2106 1550; x_wconf 89' lang='lat' dir='ltr'>occupare</span> 
     </span>
     <span class='ocr_line' id='line_1_77' title="bbox 1125 1555 2107 1601; baseline 0.001 -12"><span class='ocrx_word' id='word_1_425' title='bbox 1125 1557 1294 1601; x_wconf 88' lang='lat' dir='ltr'>templum</span> <span class='ocrx_word' id='word_1_426' title='bbox 1326 1564 1359 1591; x_wconf 81' lang='lat' dir='ltr'>et</span> <span class='ocrx_word' id='word_1_427' title='bbox 1389 1557 1480 1591; x_wconf 85' lang='lat' dir='ltr'>clare</span> <span class='ocrx_word' id='word_1_428' title='bbox 1506 1559 1571 1592; x_wconf 82' lang='lat' dir='ltr'>ait:</span> <span class='ocrx_word' id='word_1_429' title='bbox 1604 1570 1668 1591; x_wconf 91' lang='lat' dir='ltr'>nec</span> <span class='ocrx_word' id='word_1_430' title='bbox 1693 1555 1781 1590; x_wconf 88' lang='lat' dir='ltr'>mihi</span> <span class='ocrx_word' id='word_1_431' title='bbox 1808 1558 1861 1591; x_wconf 83' lang='lat' dir='ltr'>fas</span> <span class='ocrx_word' id='word_1_432' title='bbox 1885 1564 1935 1591; x_wconf 91' lang='lat' dir='ltr'>est</span> <span class='ocrx_word' id='word_1_433' title='bbox 1957 1558 2107 1597; x_wconf 87' lang='lat' dir='ltr'>tradere,</span> 
     </span>
     <span class='ocr_line' id='line_1_78' title="bbox 1125 1606 2108 1653; baseline 0 -14"><span class='ocrx_word' id='word_1_434' title='bbox 1125 1619 1188 1640; x_wconf 89' lang='lat' dir='ltr'>nec</span> <span class='ocrx_word' id='word_1_435' title='bbox 1212 1608 1276 1641; x_wconf 88' lang='lat' dir='ltr'>tibi</span> <span class='ocrx_word' id='word_1_436' title='bbox 1302 1606 1499 1652; x_wconf 88' lang='lat' dir='ltr'>Imperator</span> <span class='ocrx_word' id='word_1_437' title='bbox 1521 1609 1694 1653; x_wconf 88' lang='lat' dir='ltr'>accipere,</span> <span class='ocrx_word' id='word_1_438' title='bbox 1727 1608 1792 1642; x_wconf 89' lang='lat' dir='ltr'>etsi</span> <span class='ocrx_word' id='word_1_439' title='bbox 1815 1608 2001 1651; x_wconf 83' lang='lat' dir='ltr'>allegatur,</span> <span class='ocrx_word' id='word_1_440' title='bbox 2025 1607 2108 1640; x_wconf 90' lang='lat' dir='ltr'>uni-</span> 
     </span>
     <span class='ocr_line' id='line_1_79' title="bbox 1124 1657 1569 1702; baseline 0.007 -12"><span class='ocrx_word' id='word_1_441' title='bbox 1124 1669 1222 1690; x_wconf 85' lang='lat' dir='ltr'>versa</span> <span class='ocrx_word' id='word_1_442' title='bbox 1241 1657 1467 1702; x_wconf 89' lang='lat' dir='ltr'>Imperatoris</span> <span class='ocrx_word' id='word_1_443' title='bbox 1486 1671 1569 1694; x_wconf 84' lang='lat' dir='ltr'>esse.</span> 
     </span>
    </p>

    <p class='ocr_par' dir='ltr' id='par_1_24' title="bbox 1124 1707 2106 1804">
     <span class='ocr_line' id='line_1_80' title="bbox 1225 1707 2106 1754; baseline 0 -13"><span class='ocrx_word' id='word_1_444' title='bbox 1225 1707 1297 1741; x_wconf 88' lang='lat' dir='ltr'>Nec</span> <span class='ocrx_word' id='word_1_445' title='bbox 1315 1715 1481 1753; x_wconf 89' lang='lat' dir='ltr'>proptera</span> <span class='ocrx_word' id='word_1_446' title='bbox 1499 1710 1637 1743; x_wconf 86' lang='lat' dir='ltr'>tollitur</span> <span class='ocrx_word' id='word_1_447' title='bbox 1656 1721 1773 1743; x_wconf 85' lang='lat' dir='ltr'>rerum</span> <span class='ocrx_word' id='word_1_448' title='bbox 1791 1709 2007 1754; x_wconf 88' lang='lat' dir='ltr'>privatarum</span> <span class='ocrx_word' id='word_1_449' title='bbox 2025 1719 2106 1752; x_wconf 87' lang='lat' dir='ltr'>pro-</span> 
     </span>
     <span class='ocr_line' id='line_1_81' title="bbox 1124 1757 1959 1804; baseline 0.002 -13"><span class='ocrx_word' id='word_1_450' title='bbox 1124 1757 1271 1802; x_wconf 79' lang='lat' dir='ltr'>prieta5‚</span> <span class='ocrx_word' id='word_1_451' title='bbox 1298 1758 1435 1792; x_wconf 87' lang='lat' dir='ltr'>etiamsi</span> <span class='ocrx_word' id='word_1_452' title='bbox 1454 1760 1618 1793; x_wconf 85' lang='lat' dir='ltr'>universa</span> <span class='ocrx_word' id='word_1_453' title='bbox 1636 1760 1707 1794; x_wconf 89' lang='lat' dir='ltr'>sint</span> <span class='ocrx_word' id='word_1_454' title='bbox 1724 1759 1959 1804; x_wconf 84' lang='lat' dir='ltr'>Imperatoris.</span> 
     </span>
    </p>

    <p class='ocr_par' dir='ltr' id='par_1_25' title="bbox 1122 1805 2106 2001">
     <span class='ocr_line' id='line_1_82' title="bbox 1224 1805 2106 1855; baseline 0.001 -14"><span class='ocrx_word' id='word_1_455' title='bbox 1224 1807 1458 1852; x_wconf 83' lang='lat' dir='ltr'>Evangelium</span> <span class='ocrx_word' id='word_1_456' title='bbox 1476 1822 1539 1843; x_wconf 90' lang='lat' dir='ltr'>nec</span> <span class='ocrx_word' id='word_1_457' title='bbox 1549 1807 1796 1843; x_wconf 88' lang='lat' dir='ltr'>Monarchiam</span> <span class='ocrx_word' id='word_1_458' title='bbox 1814 1810 1968 1855; x_wconf 78' lang='lat' dir='ltr'>aliquam</span> <span class='ocrx_word' id='word_1_459' title='bbox 1981 1805 2106 1852; x_wconf 81' lang='lat' dir='ltr'>corpo-</span> 
     </span>
     <span class='ocr_line' id='line_1_83' title="bbox 1123 1858 2106 1903; baseline 0 -12"><span class='ocrx_word' id='word_1_460' title='bbox 1123 1858 1233 1891; x_wconf 87' lang='lat' dir='ltr'>ralem</span> <span class='ocrx_word' id='word_1_461' title='bbox 1255 1859 1456 1899; x_wconf 84' lang='lat' dir='ltr'>constituit,</span> <span class='ocrx_word' id='word_1_462' title='bbox 1484 1872 1547 1894; x_wconf 90' lang='lat' dir='ltr'>nec</span> <span class='ocrx_word' id='word_1_463' title='bbox 1572 1873 1679 1894; x_wconf 88' lang='lat' dir='ltr'>unam</span> <span class='ocrx_word' id='word_1_464' title='bbox 1696 1867 1823 1894; x_wconf 88' lang='lat' dir='ltr'>certam</span> <span class='ocrx_word' id='word_1_465' title='bbox 1841 1860 1939 1903; x_wconf 80' lang='lat' dir='ltr'>regni</span> <span class='ocrx_word' id='word_1_466' title='bbox 1956 1860 2106 1892; x_wconf 88' lang='lat' dir='ltr'>sormam</span> 
     </span>
     <span class='ocr_line' id='line_1_84' title="bbox 1124 1909 2106 1953; baseline 0.001 -12"><span class='ocrx_word' id='word_1_467' title='bbox 1124 1909 1349 1953; x_wconf 87' lang='lat' dir='ltr'>praescribit,</span> <span class='ocrx_word' id='word_1_468' title='bbox 1382 1911 1442 1943; x_wconf 90' lang='lat' dir='ltr'>sed</span> <span class='ocrx_word' id='word_1_469' title='bbox 1468 1912 1645 1952; x_wconf 88' lang='lat' dir='ltr'>concedit,</span> <span class='ocrx_word' id='word_1_470' title='bbox 1672 1917 1710 1944; x_wconf 91' lang='lat' dir='ltr'>ut</span> <span class='ocrx_word' id='word_1_471' title='bbox 1736 1911 1823 1944; x_wconf 90' lang='lat' dir='ltr'>alibi</span> <span class='ocrx_word' id='word_1_472' title='bbox 1847 1911 1918 1944; x_wconf 91' lang='lat' dir='ltr'>sint</span> <span class='ocrx_word' id='word_1_473' title='bbox 1940 1910 2029 1943; x_wconf 89' lang='lat' dir='ltr'>aliae</span> <span class='ocrx_word' id='word_1_474' title='bbox 2052 1921 2106 1942; x_wconf 80' lang='lat' dir='ltr'>re·</span> 
     </span>
     <span class='ocr_line' id='line_1_85' title="bbox 1122 1959 1434 2001; baseline 0.006 -10"><span class='ocrx_word' id='word_1_475' title='bbox 1122 1970 1272 2001; x_wconf 86' lang='lat' dir='ltr'>gnorum</span> <span class='ocrx_word' id='word_1_476' title='bbox 1290 1959 1434 1993; x_wconf 88' lang='lat' dir='ltr'>formae.</span> 
     </span>
    </p>

    <p class='ocr_par' dir='ltr' id='par_1_26' title="bbox 1122 2007 2107 2199">
     <span class='ocr_line' id='line_1_86' title="bbox 1223 2007 2107 2055; baseline 0.001 -13"><span class='ocrx_word' id='word_1_477' title='bbox 1223 2007 1318 2053; x_wconf 86' lang='lat' dir='ltr'>Ergo</span> <span class='ocrx_word' id='word_1_478' title='bbox 1346 2017 1517 2055; x_wconf 88' lang='lat' dir='ltr'>quatenus</span> <span class='ocrx_word' id='word_1_479' title='bbox 1542 2010 1596 2044; x_wconf 91' lang='lat' dir='ltr'>ius</span> <span class='ocrx_word' id='word_1_480' title='bbox 1621 2011 1781 2045; x_wconf 89' lang='lat' dir='ltr'>concedit</span> <span class='ocrx_word' id='word_1_481' title='bbox 1804 2022 1921 2044; x_wconf 90' lang='lat' dir='ltr'>rerum</span> <span class='ocrx_word' id='word_1_482' title='bbox 1945 2009 2107 2054; x_wconf 87' lang='lat' dir='ltr'>proprie-</span> 
     </span>
     <span class='ocr_line' id='line_1_87' title="bbox 1122 2060 2106 2105; baseline 0.002 -13"><span class='ocrx_word' id='word_1_483' title='bbox 1122 2066 1247 2101; x_wconf 80' lang='lat' dir='ltr'>tatem,</span> <span class='ocrx_word' id='word_1_484' title='bbox 1279 2067 1452 2105; x_wconf 88' lang='lat' dir='ltr'>quatenus</span> <span class='ocrx_word' id='word_1_485' title='bbox 1477 2062 1530 2094; x_wconf 92' lang='lat' dir='ltr'>ius</span> <span class='ocrx_word' id='word_1_486' title='bbox 1552 2062 1712 2095; x_wconf 87' lang='lat' dir='ltr'>concedit</span> <span class='ocrx_word' id='word_1_487' title='bbox 1733 2061 1994 2100; x_wconf 79' lang='lat' dir='ltr'>defensionem,</span> <span class='ocrx_word' id='word_1_488' title='bbox 2026 2060 2106 2094; x_wconf 87' lang='lat' dir='ltr'>licet</span> 
     </span>
     <span class='ocr_line' id='line_1_88' title="bbox 1122 2109 2105 2152; baseline 0 -9"><span class='ocrx_word' id='word_1_489' title='bbox 1122 2110 1291 2143; x_wconf 85' lang='lat' dir='ltr'>beneficio</span> <span class='ocrx_word' id='word_1_490' title='bbox 1307 2111 1394 2144; x_wconf 89' lang='lat' dir='ltr'>iuris</span> <span class='ocrx_word' id='word_1_491' title='bbox 1407 2112 1470 2146; x_wconf 89' lang='lat' dir='ltr'>uti.</span> <span class='ocrx_word' id='word_1_492' title='bbox 1523 2109 1571 2146; x_wconf 88' lang='lat' dir='ltr'>Et</span> <span class='ocrx_word' id='word_1_493' title='bbox 1587 2112 1673 2146; x_wconf 89' lang='lat' dir='ltr'>alibi</span> <span class='ocrx_word' id='word_1_494' title='bbox 1690 2113 1838 2146; x_wconf 89' lang='lat' dir='ltr'>servitus</span> <span class='ocrx_word' id='word_1_495' title='bbox 1853 2112 1993 2152; x_wconf 86' lang='lat' dir='ltr'>durior,</span> <span class='ocrx_word' id='word_1_496' title='bbox 2019 2111 2105 2144; x_wconf 89' lang='lat' dir='ltr'>alibi</span> 
     </span>
     <span class='ocr_line' id='line_1_89' title="bbox 1122 2161 1629 2199; baseline 0.01 -6"><span class='ocrx_word' id='word_1_497' title='bbox 1122 2161 1278 2194; x_wconf 80' lang='lat' dir='ltr'>defensio</span> <span class='ocrx_word' id='word_1_498' title='bbox 1295 2161 1397 2195; x_wconf 88' lang='lat' dir='ltr'>aliter</span> <span class='ocrx_word' id='word_1_499' title='bbox 1413 2163 1629 2199; x_wconf 87' lang='lat' dir='ltr'>conceditur.</span> 
     </span>
    </p>

    <p class='ocr_par' dir='ltr' id='par_1_27' title="bbox 1121 2210 2107 2510">
     <span class='ocr_line' id='line_1_90' title="bbox 1222 2210 2106 2257; baseline 0 -13"><span class='ocrx_word' id='word_1_500' title='bbox 1222 2210 1350 2245; x_wconf 87' lang='lat' dir='ltr'>Politia</span> <span class='ocrx_word' id='word_1_501' title='bbox 1361 2211 1472 2246; x_wconf 91' lang='lat' dir='ltr'>Mosis</span> <span class='ocrx_word' id='word_1_502' title='bbox 1487 2225 1560 2246; x_wconf 88' lang='lat' dir='ltr'>non</span> <span class='ocrx_word' id='word_1_503' title='bbox 1576 2213 1685 2256; x_wconf 85' lang='lat' dir='ltr'>magis</span> <span class='ocrx_word' id='word_1_504' title='bbox 1701 2215 1743 2246; x_wconf 89' lang='lat' dir='ltr'>ad</span> <span class='ocrx_word' id='word_1_505' title='bbox 1761 2224 1826 2245; x_wconf 88' lang='lat' dir='ltr'>nos</span> <span class='ocrx_word' id='word_1_506' title='bbox 1838 2212 1987 2256; x_wconf 86' lang='lat' dir='ltr'>pertinet</span> <span class='ocrx_word' id='word_1_507' title='bbox 2000 2223 2106 2257; x_wconf 88' lang='lat' dir='ltr'>quam</span> 
     </span>
     <span class='ocr_line' id='line_1_91' title="bbox 1122 2261 2107 2307; baseline 0.002 -14"><span class='ocrx_word' id='word_1_508' title='bbox 1122 2261 1243 2305; x_wconf 77' lang='lat' dir='ltr'>politIa</span> <span class='ocrx_word' id='word_1_509' title='bbox 1269 2261 1423 2299; x_wconf 78' lang='lat' dir='ltr'>Solonis,</span> <span class='ocrx_word' id='word_1_510' title='bbox 1476 2263 1545 2297; x_wconf 87' lang='lat' dir='ltr'>Sed</span> <span class='ocrx_word' id='word_1_511' title='bbox 1569 2264 1658 2297; x_wconf 84' lang='lat' dir='ltr'>sicut</span> <span class='ocrx_word' id='word_1_512' title='bbox 1682 2264 1942 2307; x_wconf 79' lang='lat' dir='ltr'>magistratibus</span> <span class='ocrx_word' id='word_1_513' title='bbox 1966 2262 2107 2304; x_wconf 82' lang='lat' dir='ltr'>nostris,</span> 
     </span>
     <span class='ocr_line' id='line_1_92' title="bbox 1123 2312 2106 2357; baseline 0.002 -13"><span class='ocrx_word' id='word_1_514' title='bbox 1123 2312 1170 2345; x_wconf 91' lang='lat' dir='ltr'>ita</span> <span class='ocrx_word' id='word_1_515' title='bbox 1196 2319 1228 2345; x_wconf 91' lang='lat' dir='ltr'>et</span> <span class='ocrx_word' id='word_1_516' title='bbox 1247 2312 1383 2356; x_wconf 85' lang='lat' dir='ltr'>legibus</span> <span class='ocrx_word' id='word_1_517' title='bbox 1399 2314 1665 2356; x_wconf 84' lang='lat' dir='ltr'>magistratuum</span> <span class='ocrx_word' id='word_1_518' title='bbox 1683 2323 1884 2348; x_wconf 87' lang='lat' dir='ltr'>nostrorum</span> <span class='ocrx_word' id='word_1_519' title='bbox 1902 2317 2025 2357; x_wconf 61' lang='lat' dir='ltr'>parssre</span> <span class='ocrx_word' id='word_1_520' title='bbox 2042 2313 2106 2346; x_wconf 89' lang='lat' dir='ltr'>de-</span> 
     </span>
     <span class='ocr_line' id='line_1_93' title="bbox 1121 2362 2104 2399; baseline 0.002 -5"><span class='ocrx_word' id='word_1_521' title='bbox 1121 2362 1257 2397; x_wconf 80' lang='lat' dir='ltr'>bemus.</span> <span class='ocrx_word' id='word_1_522' title='bbox 1317 2362 1389 2396; x_wconf 83' lang='lat' dir='ltr'>Nec</span> <span class='ocrx_word' id='word_1_523' title='bbox 1420 2371 1470 2397; x_wconf 88' lang='lat' dir='ltr'>est</span> <span class='ocrx_word' id='word_1_524' title='bbox 1502 2364 1695 2397; x_wconf 87' lang='lat' dir='ltr'>absurdum</span> <span class='ocrx_word' id='word_1_525' title='bbox 1724 2372 1784 2399; x_wconf 83' lang='lat' dir='ltr'>aut</span> <span class='ocrx_word' id='word_1_526' title='bbox 1811 2364 2104 2398; x_wconf 87' lang='lat' dir='ltr'>contumeliosum</span> 
     </span>
     <span class='ocr_line' id='line_1_94' title="bbox 1122 2412 2106 2458; baseline 0.002 -14"><span class='ocrx_word' id='word_1_527' title='bbox 1122 2413 1254 2451; x_wconf 80' lang='lat' dir='ltr'>dicere,</span> <span class='ocrx_word' id='word_1_528' title='bbox 1280 2413 1374 2458; x_wconf 88' lang='lat' dir='ltr'>quod</span> <span class='ocrx_word' id='word_1_529' title='bbox 1392 2412 1656 2448; x_wconf 86' lang='lat' dir='ltr'>iusRomanum</span> <span class='ocrx_word' id='word_1_530' title='bbox 1673 2416 1717 2448; x_wconf 86' lang='lat' dir='ltr'>sit</span> <span class='ocrx_word' id='word_1_531' title='bbox 1733 2412 1913 2448; x_wconf 76' lang='lat' dir='ltr'>honestius</span> <span class='ocrx_word' id='word_1_532' title='bbox 1929 2421 1961 2447; x_wconf 83' lang='lat' dir='ltr'>ct</span> <span class='ocrx_word' id='word_1_533' title='bbox 1979 2415 2106 2448; x_wconf 87' lang='lat' dir='ltr'>rectius</span> 
     </span>
     <span class='ocr_line' id='line_1_95' title="bbox 1122 2463 1649 2510; baseline 0.004 -15"><span class='ocrx_word' id='word_1_534' title='bbox 1122 2463 1349 2497; x_wconf 85' lang='lat' dir='ltr'>iudicialibus</span> <span class='ocrx_word' id='word_1_535' title='bbox 1367 2464 1503 2506; x_wconf 85' lang='lat' dir='ltr'>legibus</span> <span class='ocrx_word' id='word_1_536' title='bbox 1521 2463 1649 2510; x_wconf 82' lang='lat' dir='ltr'>Moysi.</span> 
     </span>
    </p>

    <p class='ocr_par' dir='ltr' id='par_1_28' title="bbox 1122 2512 2104 2659">
     <span class='ocr_line' id='line_1_96' title="bbox 1225 2512 2104 2560; baseline 0.001 -15"><span class='ocrx_word' id='word_1_537' title='bbox 1225 2512 1318 2555; x_wconf 83' lang='lat' dir='ltr'>Quia</span> <span class='ocrx_word' id='word_1_538' title='bbox 1343 2521 1489 2559; x_wconf 84' lang='lat' dir='ltr'>apparet</span> <span class='ocrx_word' id='word_1_539' title='bbox 1513 2514 1550 2547; x_wconf 87' lang='lat' dir='ltr'>in</span> <span class='ocrx_word' id='word_1_540' title='bbox 1570 2515 1645 2557; x_wconf 82' lang='lat' dir='ltr'>tege</span> <span class='ocrx_word' id='word_1_541' title='bbox 1668 2513 1804 2559; x_wconf 75' lang='lat' dir='ltr'>Moysi,</span> <span class='ocrx_word' id='word_1_542' title='bbox 1831 2516 2000 2560; x_wconf 85' lang='lat' dir='ltr'>quosdam</span> <span class='ocrx_word' id='word_1_543' title='bbox 2027 2515 2104 2547; x_wconf 77' lang='lat' dir='ltr'>illa-</span> 
     </span>
     <span class='ocr_line' id='line_1_97' title="bbox 1122 2563 2102 2610; baseline 0 -14"><span class='ocrx_word' id='word_1_544' title='bbox 1122 2576 1200 2596; x_wconf 86' lang='lat' dir='ltr'>rum</span> <span class='ocrx_word' id='word_1_545' title='bbox 1224 2563 1382 2606; x_wconf 86' lang='lat' dir='ltr'>gentium</span> <span class='ocrx_word' id='word_1_546' title='bbox 1406 2576 1541 2605; x_wconf 85' lang='lat' dir='ltr'>mores,</span> <span class='ocrx_word' id='word_1_547' title='bbox 1568 2566 1631 2599; x_wconf 87' lang='lat' dir='ltr'>etsi</span> <span class='ocrx_word' id='word_1_548' title='bbox 1655 2563 1829 2598; x_wconf 80' lang='lat' dir='ltr'>habebant</span> <span class='ocrx_word' id='word_1_549' title='bbox 1851 2566 1985 2610; x_wconf 85' lang='lat' dir='ltr'>aliquid</span> <span class='ocrx_word' id='word_1_550' title='bbox 2010 2565 2102 2603; x_wconf 75' lang='lat' dir='ltr'>vicii,</span> 
     </span>
     <span class='ocr_line' id='line_1_98' title="bbox 1122 2613 2103 2659; baseline 0.001 -13"><span class='ocrx_word' id='word_1_551' title='bbox 1122 2614 1307 2658; x_wconf 79' lang='lat' dir='ltr'>permissos</span> <span class='ocrx_word' id='word_1_552' title='bbox 1330 2625 1413 2650; x_wconf 86' lang='lat' dir='ltr'>esse.</span> <span class='ocrx_word' id='word_1_553' title='bbox 1466 2614 1517 2649; x_wconf 89' lang='lat' dir='ltr'>Ita</span> <span class='ocrx_word' id='word_1_554' title='bbox 1542 2613 1638 2649; x_wconf 88' lang='lat' dir='ltr'>Deus</span> <span class='ocrx_word' id='word_1_555' title='bbox 1663 2616 1758 2649; x_wconf 88' lang='lat' dir='ltr'>velut</span> <span class='ocrx_word' id='word_1_556' title='bbox 1775 2614 1943 2659; x_wconf 80' lang='lat' dir='ltr'>Princeps</span> <span class='ocrx_word' id='word_1_557' title='bbox 1968 2615 2103 2658; x_wconf 85' lang='lat' dir='ltr'>sapiens</span> 
     </span>
    </p>

    <p class='ocr_par' dir='ltr' id='par_1_29' title="bbox 1095 2664 1981 2711">
     <span class='ocr_line' id='line_1_99' title="bbox 1095 2664 1981 2711; baseline 0.005 -15"><span class='ocrx_word' id='word_1_558' title='bbox 1095 2684 1100 2707; x_wconf 76' lang='lat'><em>1</em></span> <span class='ocrx_word' id='word_1_559' title='bbox 1122 2664 1382 2699; x_wconf 83' lang='lat' dir='ltr'>concedendum</span> <span class='ocrx_word' id='word_1_560' title='bbox 1402 2666 1535 2700; x_wconf 88' lang='lat' dir='ltr'>censuit</span> <span class='ocrx_word' id='word_1_561' title='bbox 1553 2667 1794 2711; x_wconf 87' lang='lat' dir='ltr'>praesentibus</span> <span class='ocrx_word' id='word_1_562' title='bbox 1810 2666 1981 2700; x_wconf 79' lang='lat' dir='ltr'>moribus.</span> 
     </span>
    </p>
   </div>
  </div>
 </body>
</html>
