2324 2955
168 123 242 159 323

174 220 246 242 esse
264 206 430 241 omnibus
450 203 672 237 notissimum
693 207 754 241 est,
782 212 870 245 quae
889 199 1048 232 doctrina
1062 209 1149 231 ana-

176 258 301 292 tomica
325 258 367 289 de
391 253 557 287 membris
581 259 614 285 et
636 264 757 284 eorum
782 251 904 284 officiis
928 261 1044 282 carere
1077 261 1148 281 non

176 315 299 353 potest.
351 304 425 337 Ilae
441 303 606 337 utilitates
624 308 789 335 moveant
805 303 914 335 bonas
934 306 1085 337 mentes,
1112 305 1151 332 ut

178 359 310 391 discant
326 353 416 387 hanc
434 354 650 392 doctrinam,
677 364 765 397 quae
783 353 810 385 si
828 352 947 384 minus
971 356 1152 383 moverent

179 407 355 445 homines,
388 411 504 437 tamen
529 410 672 447 propter
693 403 994 435 confirmationem
1018 411 1154 433 asseve-

178 455 323 489 rationis
339 455 381 487 de
398 454 472 488 Deo
489 455 579 487 etde
597 453 827 497 providentia,
843 451 1024 485 fabricatio
1043 462 1155 483 mem-

178 508 323 539 brorum
347 505 544 548 aspicienda
569 511 664 538 esset.
714 503 793 536 Non
825 502 1032 536 confluxisse
1064 498 1154 533 hanc

182 568 297 589 rerum
316 562 477 589 naturam
496 566 536 588 ex
552 554 744 588 Democriti
767 554 890 587 atomis
914 551 1154 585 manifestissi-

180 618 277 640 mum
298 613 364 646 est,
390 612 423 639 et
439 618 478 638 ex
495 605 648 638 immotis
663 604 821 644 noticiis,
848 615 935 648 quae
955 601 1156 635 hominibus

182 657 307 690 insitae
337 663 438 695 sunt,
468 662 501 688 et
520 668 559 688 ex
584 655 715 697 ingenti
735 655 877 697 dolore,
912 653 971 697 qui
998 652 1156 696 sequitur

181 707 408 740 violationem
434 706 572 738 illarum
600 706 808 738 noticiarum
840 705 965 737 ordine
993 703 1158 735 immuta-

183 758 257 790 bili.
310 756 442 789 Harum
460 768 575 788 rerum
594 756 743 798 aspectio
762 756 896 787 illustre
918 752 1157 787 testimonium

183 815 231 840 est
249 808 290 839 de
307 806 382 839 Deo
397 813 431 839 et
448 807 490 838 de
508 806 745 850 providentia,
773 817 861 849 quae
879 811 994 837 tamen
1014 803 1058 835 ita
1076 815 1158 846 pro-

184 858 263 901 pius
280 856 502 900 aspicientur,
531 868 608 888 cum
629 856 700 898 ipsa
719 855 901 888 fabricatio
919 854 1158 887 membrorum

185 907 287 940 etiam
314 907 564 939 consideratur.
619 904 713 947 Quid
746 906 943 938 mirabilius
974 911 1024 937 est
1054 915 1157 948 quam

185 958 221 989 in
238 958 419 990 cerebrum
438 963 488 990 tot
505 956 651 989 noticias
669 962 739 989 tam
757 956 869 989 varias
892 955 1079 988 multarum
1104 965 1160 985 ar-

186 1008 271 1040 tium
297 1014 330 1040 et
354 1019 471 1040 rerum
495 1007 629 1039 includi
656 1006 779 1050 posse?
820 1005 918 1038 Talis
944 1017 1053 1037 massa
1087 1004 1160 1036 sine

184 1064 300 1090 mente
326 1057 398 1089 fieri
422 1069 493 1089 non
517 1057 650 1100 potuit,
676 1056 757 1100 quia
783 1062 874 1089 certe
899 1067 1082 1099 nunquam
1107 1066 1159 1085 sa—

184 1108 283 1151 piens
309 1114 432 1140 natura
460 1119 499 1139 ex
525 1107 635 1139 coecis
657 1107 782 1139 atomis
806 1106 891 1138 oriri
925 1112 1055 1149 potest,
1088 1116 1160 1136 non

184 1158 278 1190 enim
296 1164 406 1201 potest
423 1157 564 1190 effectus
581 1163 654 1190 toto
680 1168 804 1199 genere
828 1156 1061 1200 praestantior
1091 1165 1162 1187 esse

185 1219 297 1242 causa.
347 1205 447 1240 Nihil
464 1208 506 1240 de
531 1205 673 1240 bomine
698 1207 888 1250 praedicari
908 1207 1018 1238 maius
1041 1211 1162 1248 potest,

186 1270 290 1302 quam
316 1259 410 1302 quod
435 1264 467 1290 et
492 1270 557 1289 vox
580 1257 701 1289 divina
717 1269 817 1299 saepe
836 1257 999 1288 affirmat:
1036 1254 1163 1287 Homi-

186 1319 265 1340 nem
285 1319 355 1340 esse
375 1307 560 1349 imaginem
576 1306 658 1346 Dei3
688 1313 721 1339 et
738 1307 910 1348 sapientes
927 1317 1048 1338 omnes
1066 1305 1163 1337 dixe-

185 1364 285 1398 runt,
310 1356 400 1390 utin
415 1359 574 1400 poemate
589 1356 757 1398 scriptum
775 1361 840 1387 est:

234 1434 475 1474 Exemplumque
493 1432 550 1462 Dei
568 1433 693 1472 quisque
711 1437 752 1460 est
771 1433 800 1459 in
818 1432 947 1468 imagine
963 1440 1061 1468 parva.

185 1506 248 1541 Est
264 1514 378 1540 autem
396 1504 590 1538 similitudo
608 1502 833 1545 intelligenda
851 1502 888 1534 in
912 1501 1051 1534 noticiis
1073 1507 1163 1533 recta

186 1565 219 1591 et
234 1569 306 1589 non
326 1563 417 1589 recta
435 1553 731 1590 discernentibus,
759 1564 847 1596 quae
862 1558 943 1584 sunt
959 1551 994 1582 in
1013 1552 1165 1590 cerebro,

188 1615 218 1640 et
238 1607 273 1639 in
293 1606 335 1638 iis
354 1605 506 1638 motibus
522 1604 655 1643 cordis,
682 1602 741 1647 qui
759 1614 837 1635 cum
855 1602 928 1635 Deo
954 1608 1164 1643 congruunt,

188 1659 248 1702 qui
266 1662 346 1690 sunt
363 1656 489 1700 reIIqui
506 1655 541 1687 in
560 1652 623 1687 hac
639 1664 839 1698 quanquam
856 1653 1042 1695 depravata
1063 1658 1164 1685 natu—

189 1720 245 1748 ra,
280 1703 433 1753 στοργαὶ
450 1713 481 1739 et
504 1705 625 1745 dolor,
660 1703 719 1748 qui
745 1703 873 1735 scelera
895 1702 1064 1746 sequitur.
1116 1701 1164 1735 Ut

188 1764 303 1791 autem
321 1757 443 1799 ingens
457 1767 556 1789 amor
571 1761 619 1788 est
636 1760 819 1797 parentum
835 1764 913 1796 erga
932 1753 1098 1792 sobolem,
1117 1752 1163 1785 ita

191 1809 226 1839 in
243 1806 317 1840 Deo
332 1818 433 1839 verus
451 1812 500 1839 est
519 1817 617 1838 amor
634 1815 712 1846 erga
729 1804 838 1836 filium
850 1830 859 1843 ‚
885 1811 917 1837 et
934 1815 996 1836 nos
1013 1803 1073 1847 qui
1088 1803 1161 1835 filio

189 1857 346 1891 adiuncti
363 1867 501 1896 sumus,
527 1855 616 1889 sicut
632 1854 799 1898 scriptum
821 1861 887 1887 est:
914 1853 1044 1887 Sumus
1057 1865 1164 1896 κεχα-

190 1905 372 1952 ριτο,ιιέιόι
411 1906 448 1941 ἐν
477 1903 719 1952 ἠγαπημένῳ,
769 1910 802 1936 et
835 1904 910 1937 vult
945 1904 1048 1936 nobis
1079 1915 1163 1936 con-

188 1958 283 1990 ditor
298 1968 353 1990 eas
370 1955 537 2003 σῑοργὰς,
562 1967 647 2000 quas
665 1955 701 1987 in
719 1955 828 1988 nostri
843 1954 959 1988 cordis
974 1954 1164 1997 penetralia

190 2007 334 2045 insevit,
369 2006 721 2040 commonefactiones
745 2016 836 2043 esse,
870 2006 913 2037 de
945 2015 1006 2037 suo
1031 2016 1163 2044 amore,

193 2070 261 2102 quo
278 2068 343 2090 nos
359 2057 621 2100 complectitur,
645 2056 739 2099 quod
763 2067 842 2088 cum
864 2054 908 2088 sit
933 2054 1164 2094 verissimum,

190 2108 298 2151 cogita
325 2113 493 2152 quantum
517 2104 583 2139 hoc
603 2107 669 2146 sit,
695 2106 790 2149 quod
812 2111 845 2137 te
870 2105 918 2138 sic
941 2112 1035 2139 amat
1059 2105 1164 2143 Deus,

190 2165 227 2191 ut
250 2158 301 2191 tui
325 2163 501 2201 parentes,
528 2163 560 2190 et
584 2155 738 2189 ostendit
759 2166 930 2195 amorem,
956 2167 1034 2188 cum
1053 2155 1162 2187 filium

191 2208 295 2247 misit,
312 2214 351 2241 ut
367 2207 515 2239 solveret
532 2203 646 2251 λύτρα
664 2217 727 2250 pro
744 2204 868 2248 nobis,
893 2206 1045 2239 ostendit
1060 2205 1163 2238 etiam

191 2258 268 2290 aliis
283 2258 481 2299 ingentibus
497 2257 684 2290 beneficiis.
724 2253 777 2289 De
793 2252 848 2288 his
866 2255 968 2288 rebus
985 2267 1061 2288 cum
1080 2267 1165 2288 con·

191 2307 354 2340 sideratio
371 2307 610 2340 membrorum
628 2304 800 2343 hominis,
827 2312 860 2339 et
880 2306 1101 2349 propriarum
1127 2305 1163 2337 in

191 2358 239 2391 eis
254 2357 429 2391 actionum
447 2368 510 2390 nos
527 2356 811 2397 commonefacit,
834 2357 1033 2400 quaerimus
1051 2355 1164 2396 etiam,

192 2408 285 2440 unde
302 2407 373 2440 sint
395 2406 431 2439 in
457 2404 521 2439 hac
543 2408 692 2450 imagine
719 2406 785 2440 Dei
810 2407 1003 2439 contrariae
1034 2406 1164 2446 sordes,

191 2470 254 2491 cur
276 2457 492 2490 conditorem
517 2454 601 2490 haec
625 2457 840 2501 languefacta
865 2463 988 2490 natura
1010 2456 1161 2488 vicissim

193 2520 264 2541 non
284 2514 396 2547 amet,
423 2513 455 2539 et
472 2507 620 2550 petimus
635 2514 674 2541 nt
698 2507 842 2540 detersis
863 2508 1025 2540 sordibus
1048 2506 1161 2548 imago

191 2558 404 2597 restituatur,
423 2567 509 2601 quae
524 2569 601 2590 cum
618 2570 689 2590 non
709 2558 751 2591 sit
769 2558 894 2590 frustra
914 2559 1066 2598 condita,
1082 2568 1161 2589 rur-

190 2620 247 2642 sus
272 2608 338 2642 erit
361 2607 485 2640 similis
503 2604 691 2653 archetypo
707 2619 791 2651 pura
809 2615 840 2641 et
859 2607 987 2649 nitida,
1015 2614 1047 2641 et
1069 2608 1104 2641 in
1122 2617 1160 2639 ea

187 2668 352 2704 tanquam
368 2659 404 2691 in
423 2657 562 2702 speculo
588 2659 678 2692 clare
702 2657 885 2701 fulgebunt
909 2659 997 2693 radii
1020 2658 1160 2693 divinae

502 117 657 155 DECL.
691 114 764 151 DE
798 111 1326 149 CONSIDERATIONE
1360 111 1664 150 CORPORIS
1700 113 1842 148 HUM.

2100 115 2174 149 324

1199 199 1387 245 sapientiae
1405 205 1437 231 et
1454 198 1619 231 iusticiae.
1671 198 1738 232 Sed
1758 198 1891 231 nullius
1908 199 2105 244 eloquentia
2124 210 2181 232 sa-

1200 252 1244 285 tis
1274 261 1446 293 exponere
1479 255 1608 292 potest,
1643 262 1746 294 quam
1776 249 1908 282 multae
1943 250 2181 283 commonefa-

1201 303 1332 335 ctiones
1365 300 1401 331 in
1434 299 1631 342 aspectione
1660 301 1896 333 membrorum
1928 307 2183 343 proponantur,

1202 362 1350 397 quarum
1383 350 1533 383 subinde
1563 350 1681 392 plures
1711 351 1992 384 animadvertent
2024 350 2184 387 studiosi,

1202 414 1280 435 cum
1301 401 1337 432 in
1354 398 1444 433 hanc
1461 400 1657 433 doctrinam
1675 399 1819 442 ingressi
1838 401 1988 441 suerint,
2015 401 2057 433 ad
2077 411 2183 444 quam

1203 454 1306 486 etiam
1320 451 1504 483 dulcedine
1516 450 1726 493 cognitionis
1740 450 1940 485 invitemur.
1985 450 2186 484 Iucundum

1204 509 1254 536 est
1283 502 1402 534 videre
1426 501 1580 534 aedificia
1604 507 1695 534 recte
1718 501 1808 533 sacta
1832 507 1863 534 ct
1885 508 1962 545 apte
1985 501 2186 539 distributa,

1205 558 1335 598 quanto
1366 551 1554 584 iucundius
1582 558 1633 584 est
1661 551 1889 594 contemplari
1913 551 2108 584 aedificium
2133 551 2187 584 sui

1205 602 1379 646 corporis,
1406 602 1443 633 in
1461 614 1530 645 quo
1550 602 1663 642 vides,
1689 608 1817 646 quanta
1835 608 1907 635 arte
1925 601 2060 644 singula
2076 613 2187 633 mem-

1206 655 1267 687 bra
1296 660 1329 685 et
1351 653 1498 685 formata
1522 658 1555 685 et
1578 652 1744 685 collocata
1769 652 1848 684 sint.
1918 650 2066 685 Consilii
2092 651 2188 683 locus

1207 705 1302 736 velut
1320 704 1354 735 in
1372 702 1510 746 specula
1530 714 1684 735 summus
1702 709 1762 737 est.
1815 701 1855 735 In
1872 702 1986 735 medio
2004 702 2113 734 robur
2129 707 2189 740 est,

1208 755 1288 798 quia
1313 766 1372 786 cor
1394 754 1472 785 fons
1493 759 1542 785 est
1561 752 1685 785 caloris
1704 752 1833 785 vivifici
1850 759 1881 785 et
1896 753 2099 789 affectuum,
2128 751 2189 795 qui

1207 805 1280 837 sive
1298 804 1445 836 consilio
1463 804 1723 846 obtemperant,
1752 803 1824 835 sive
1840 810 1947 836 ruunt
1963 803 2054 836 coeci
2073 803 2108 834 in
2126 799 2191 834 llac

1210 856 1424 897 languefacta
1445 860 1589 893 natura,
1616 860 1730 886 tamen
1750 859 1831 886 sunt
1851 854 2022 888 acerrimi.
2074 851 2190 885 llabet

1208 912 1324 938 tamen
1347 910 1486 937 senatus
1507 904 1688 936 ministros
1706 915 1850 943 nervos,
1878 904 1937 947 qui
1954 910 2115 936 externos
2132 914 2190 944 ge-

1208 962 1280 988 stus
1306 961 1447 997 regunt,
1481 960 1513 987 et
1538 961 1693 987 errantes
1714 954 1828 986 cordis
1853 954 2003 997 impetus
2025 951 2190 985 cohibere

1211 1012 1368 1049 possunt.
1430 1004 1525 1037 lmus
1552 1005 1648 1036 locus
1672 1004 1862 1036 attributus
1886 1010 1934 1036 est
1960 1003 2116 1040 culinae,
2151 1014 2192 1034 ex

1211 1067 1278 1097 (1113
1307 1062 1424 1088 tamen
1455 1061 1528 1087 arte
1559 1055 1627 1087 cibi
1660 1055 1696 1086 in
1720 1060 1831 1086 totum
1855 1065 1980 1097 corpus
2003 1050 2191 1086 vehuntur.

1211 1105 1304 1138 llaec
1341 1102 1585 1137 machinarum
1623 1104 1824 1137 distributio
1863 1112 1953 1137 certe
1984 1103 2191 1147 sapientiam

1212 1156 1406 1188 conditoris
1437 1155 1607 1193 ostendit,
1642 1166 1745 1198 quem
1778 1155 1865 1197 grati
1895 1154 2126 1190 celebremus,
2161 1158 2194 1184 ct

1212 1218 1410 1249 precemur,
1435 1212 1473 1238 ut
1490 1217 1570 1245 nos,
1597 1205 1657 1249 qui
1673 1211 1704 1237 et
1717 1216 1821 1247 opera
1839 1205 1946 1248 ipsius
1964 1211 1996 1237 et
2013 1203 2194 1236 domicilia

1213 1267 1351 1295 sumus,
1384 1262 1415 1288 et
1445 1256 1488 1287 ab
1518 1267 1558 1287 eo
1588 1261 1729 1298 propter
1760 1255 1869 1286 filium
1893 1254 2090 1297 diligimur,
2125 1253 2194 1285 cle-

1214 1312 1350 1336 menter
1371 1311 1502 1340 servet,
1534 1305 1704 1344 gubernet
1727 1311 1760 1334 et
1785 1311 1950 1344 protegat.
2012 1303 2195 1343 Quantum

1215 1354 1317 1386 etiam
1333 1354 1436 1385 decus
1454 1359 1503 1385 est
1518 1350 1691 1384 humanae
1707 1358 1864 1395 naturae,
1892 1352 1984 1396 quod
1996 1351 2089 1385 Deus
2106 1349 2197 1383 hanc

1216 1403 1324 1447 ipsam
1342 1403 1488 1445 figuram
1507 1402 1624 1436 induit
1640 1403 1693 1446 τῷ
1710 1398 1826 1448 λόγῳ,
1858 1414 1960 1445 quem
1978 1401 2097 1442 genuit
2115 1408 2195 1434 ante

1214 1454 1340 1485 mundi
1361 1452 1625 1485 fabricationem
1640 1477 1648 1489 ‚
1679 1457 1712 1483 et
1735 1452 1890 1493 proferre
1915 1451 2013 1483 iussit
2028 1462 2194 1483 arcanum

1215 1503 1392 1534 decretum
1421 1503 1464 1534 de
1496 1500 1716 1533 restitutione
1748 1507 1910 1539 naturae,
1946 1501 1982 1532 in
2014 1512 2082 1544 qua
2112 1498 2195 1532 huic

1214 1552 1306 1591 filio,
1333 1552 1392 1595 qui
1409 1558 1457 1583 est
1470 1548 1661 1596 χαρακτὴρ
1678 1546 1912 1588 ὑποστάσεως
1927 1550 2058 1583 aeterni
2076 1551 2196 1593 patris,

1214 1602 1345 1634 similes
1377 1602 1516 1635 erimus,
1581 1599 1670 1633 Cum
1704 1601 1811 1643 igitur
1836 1601 1959 1634 inserti
1982 1601 2091 1633 simus
2116 1607 2195 1634 tuae

1214 1664 1364 1692 massae,
1386 1652 1434 1684 fili
1452 1651 1516 1685 Dei
1533 1649 1685 1683 Domine
1703 1650 1781 1683 Iesu
1800 1649 1959 1693 Christe,
1987 1657 2018 1684 te
2034 1651 2124 1683 veris
2137 1661 2195 1693 ge·-

1214 1702 1360 1736 mitibus
1388 1713 1589 1746 precamur,
1623 1708 1659 1734 ut
1692 1713 1755 1734 nos
1782 1702 1940 1735 surculos
1966 1708 2045 1735 tuos
2070 1712 2196 1742 serves,

1216 1754 1388 1795 gubernes
1403 1759 1436 1786 et
1452 1759 1622 1797 protegas.
1675 1750 1770 1786 Dixi.

1215 1929 1282 1962 No.
1301 1927 1383 1963 171.

1221 1976 1391 1989 x-‘N

2014 1942 2061 1964 en.
2089 1932 2169 1962 1559
2181 1929 2196 1960 ‘r'

1372 2035 1455 2077 An
1486 2037 1676 2077 virtutes
1704 2037 1797 2076 sint
1826 2034 2035 2077 habitus?

1284 2130 1433 2164 separatim
1460 2129 1559 2164 prodiit
1586 2128 1697 2155 VViteb.
1720 2129 1792 2154 1559.
1818 2130 1873 2156 vid.
1897 2130 2024 2156 Strobelii
2041 2132 2110 2163 ,111111-
2131 2131 2197 2157 Met.

1315 2166 1366 2191 No.
1379 2166 1438 2190 530.
1476 2164 1575 2189 Recusa
1595 2163 1621 2188 ln
1639 2164 1765 2189 oration.
1785 2165 1819 2190 Τ.
1831 2165 1860 2190 V.
1878 2165 1956 2198 1·,117
1970 2175 2044 2198 sqq„
2071 2165 2196 2191 Richard.

1318 2199 1350 2225 Τ.
1367 2199 1399 2226 11.
1425 2198 1517 2231 11.301.
1543 2202 1568 2222 et
1593 2198 1619 2222 in
1645 2197 1823 2224 Orationibus
1849 2199 1991 2232 postremis
2016 2209 2041 2233 p.
2059 2200 2116 2226 124.
2152 2201 2195 2226 Cl.

1318 2233 1384 2268 Epp.
1404 2233 1468 2258 Mel.
1487 2233 1512 2257 d.
1529 2232 1553 2257 8.
1573 2236 1599 2257 et
1617 2232 1642 2258 d.
1665 2233 1703 2258 19.
1718 2233 1785 2265 Aug.

1218 2322 1345 2354 Οναίίο
1376 2322 1426 2360 (de
1456 2322 1535 2351 dicto
1558 2321 1730 2351 Aristotelis
1760 2325 1881 2351 virtutes
1910 2334 1970 2351 esse
2000 2323 2117 2353 habitus
2142 2336 2193 2355 sen

1214 2370 1314 2410 ἕξεις)
1330 2373 1488 2405 recitata
1507 2382 1529 2404 α
1555 2370 1759 2404 Iohanne
1787 2372 2069 2413 Hermanno,
2097 2376 2195 2408 artis

1212 2421 1309 2455 med.
1328 2423 1456 2464 Dect„
1484 2432 1569 2455 cum
1588 2420 1728 2466 gradus
1750 2419 1943 2454 doctorum
1958 2423 1996 2455 in
2016 2426 2098 2456 arte
2116 2434 2194 2458 me-

1265 2472 1350 2508 dica
1366 2472 1630 2506 decerneretur
1643 2472 1798 2504 Doctora·
1815 2471 1986 2506 Andreae
2000 2475 2132 2516 Rosae,

1338 2521 1643 2567 Sm'nplwrdiano
1659 2522 1825 2563 Franco,
1852 2520 1884 2556 3.
1901 2523 2067 2569 Augusti.

1210 2598 1332 2640 Multa
1352 2613 1433 2640 sunt
1454 2605 1491 2637 in
1510 2610 1632 2637 natura
1650 2613 1767 2635 rerum
1784 2602 1927 2646 vestigia
1944 2602 2010 2637 Dei
2028 2603 2192 2644 illustria.

1211 2667 1298 2700 quae
1322 2663 1494 2691 testantur
1515 2651 1610 2687 hunc
1630 2654 1803 2687 mundum
1827 2665 1900 2688 non
1924 2666 2025 2688 coeco
2049 2666 2129 2690 casu
2149 2666 2188 2688 ex
