2324 2955
117 115 190 150 833
801 113 828 149 1.

114 199 176 232 ubi
207 211 295 243 quae
327 199 456 243 praelia
488 200 574 232 sacta
600 199 688 239 sint,
723 210 810 243 qnae
837 199 940 232 urbes
963 203 1093 243 quanto

113 250 233 282 labore
250 257 368 293 captae
387 251 468 289 sint,
495 256 625 293 quanta
642 249 783 282 victoris
797 249 1001 292 magnitudo
1017 248 1094 281 ani-

113 299 182 340 mi,
210 300 345 333 iusticia
371 307 404 333 et
425 300 592 332 modestia
617 300 718 332 initio
737 300 860 339 fuerit,
887 299 1091 332 discendum

112 356 162 382 est
183 361 223 383 ex
245 350 388 393 integris
414 347 580 382 historiis.
634 349 828 382 Modestiae
853 349 1092 383 testimonium

111 400 235 442 ingens
260 407 328 439 est,
364 401 458 444 quod
484 412 563 432 cum
589 399 688 433 Darii
712 401 912 443 coniugem,
947 400 1037 432 filios
1060 405 1092 431 et

112 450 198 483 filias
222 451 406 494 coepisset,
438 450 574 483 curavit
599 457 637 484 ut
664 450 758 493 regio
783 462 879 483 more
904 451 1089 489 alerentur,

110 507 143 533 et
173 499 273 533 nulla
299 501 510 533 contumelia
535 501 739 535 afficeretur.
801 499 906 543 Quod
931 499 1090 533 Persicus

109 550 261 583 nuncius
293 561 441 583 narrans
470 549 594 590 Dario,
628 548 684 583 his
713 562 793 583 eum
823 551 939 583 verbis
970 556 1088 583 ornat:

107 600 350 633 Alexandrum
367 607 398 634 et
413 601 449 633 in
467 601 607 644 praeliis
624 601 851 641 acenimum,
877 608 909 634 et
924 601 962 632 in
979 600 1089 632 victo-

108 650 161 683 ria
185 651 389 684 clementem
406 662 495 692 esse,
521 649 654 685 Δεινὸν
668 648 901 696 ιιαχόιιενον,
925 647 1088 696 χρηστὸν

106 697 147 734 δὲ
165 698 411 746 κρατήσαντα.

209 775 346 818 Quarto
369 788 462 809 anno
486 788 563 809 cum
583 775 704 810 Asiam
728 783 760 809 et
778 775 936 809 Ciliciam
960 785 1086 816 magno

106 827 225 860 labore
241 826 443 867 domuisset,
471 826 605 872 Tyrum
625 833 701 870 post
713 827 854 869 longam
867 825 1086 858 obsidionem

106 877 253 921 septimo
284 888 402 910 mense
434 878 560 920 coepit.
597 878 658 910 ubi
683 884 813 921 septem
836 876 947 908 millia
969 872 1086 907 homi-

105 939 190 961 num
215 927 252 959 in
277 928 538 971 oppugnatione
558 927 737 959 interfecta
757 933 856 962 sunt,
884 927 954 957 dno
973 923 1086 956 millia

104 984 221 1021 postea
245 977 458 1020 strangulata
482 983 583 1014 sunt,
611 976 775 1009 tredecim
796 975 905 1007 millia
924 974 960 1006 in
977 973 1086 1006 servi-

103 1034 213 1061 tutem
230 1028 367 1060 redacta
384 1032 474 1059 sunt.
510 1025 605 1058 Haec
620 1025 798 1058 calamitas
816 1025 858 1057 ab
867 1022 969 1057 Esaia
987 1035 1086 1067 prae-

102 1138 196 1161 sores
213 1126 303 1172 Tyri
318 1138 358 1160 ex
376 1133 469 1160 terra
485 1125 620 1161 Cittim.

204 1199 291 1234 Inde
323 1199 525 1234 Alexander
556 1200 599 1232 ad
631 1197 796 1231 Iudaeam
829 1197 990 1235 accessit,
1029 1197 1085 1230 cui

101 1252 211 1284 iratus
227 1257 317 1291 erat,
344 1250 425 1295 quia
443 1249 587 1283 Iudaei*
578 1261 614 1282 in
634 1249 817 1283 obsidione
837 1248 924 1294 Tyri
939 1259 1112 1314 respon-¹

102 1302 246 1341 derant,

101 1362 191 1396 quae
215 1362 234 1382 a
254 1349 395 1391 regibus
412 1348 560 1382 Persicis
575 1355 798 1392 acceperant,
823 1346 916 1380 nihil
933 1349 1111 1381 facturos

101 1413 174 1434 esse
197 1406 317 1433 contra
341 1410 408 1432 eos.
460 1397 549 1432 Cum
567 1405 682 1432 autem
700 1398 796 1443 Tyro
814 1405 912 1441 capta
932 1392 1111 1431 Alexan-

101 1453 164 1484 der
187 1451 224 1482 in
241 1449 405 1483 Iudaeam
430 1450 597 1489 venisset,
623 1449 823 1493 placaturus
841 1460 919 1481 eum
937 1444 1095 1480 Iaddus

101 1511 258 1535 summus
283 1500 462 1540 sacerdos,
487 1506 633 1532 ornatus
650 1506 742 1531 veste
758 1498 982 1537 sacerdotali,
1003 1509 1083 1530 cum

100 1558 201 1585 coetu
238 1550 457 1583 sacerdotum
490 1556 524 1582 et
554 1549 733 1582 seniorum
764 1548 931 1592 processit
960 1547 991 1580 ei
1018 1548 1084 1580 ob-

100 1602 212 1642 viam,
239 1607 273 1634 et
295 1611 414 1644 pacem
437 1599 572 1643 petivit.
623 1599 678 1632 Ibi
699 1599 901 1632 Alexander
924 1598 966 1630 de
991 1609 1081 1642 equo

100 1651 313 1684 descendens
345 1661 520 1682 summum
553 1649 766 1682 sacerdotem
798 1654 999 1681 reverenter
1028 1659 1109 1689 εει-ι

663 1699 781 1731 Duces
796 1697 1010 1730 admirantes
1027 1695 1083 1728 in-
1106 1691 1109 1726 ἔ

99 1756 300 1793 terrogant‚
328 1760 391 1782 cur
414 1754 510 1781 tanto
530 1745 665 1781 honore
682 1746 777 1781 hunc
793 1748 1007 1780 sacerdotem
1024 1758 1082 1779 ex-
1107 1774 1108 1779 ,

100 1702 205 1740 lutat,
229 1707 261 1733 et
285 1710 404 1744 pacem
426 1699 610 1742 promittit.

882 108 1186 159 CHRONICONJ
1199 110 1443 149 CAmoNis.

2057 113 2129 148 834

1249 195 1378 231 Narrat
1407 198 1499 230 enim
1532 204 1565 232 et
1593 196 1790 242 Diodorus,
1828 197 2011 231 Seleucum
2043 198 2129 230 scri-

1146 247 1274 291 psisse,
1301 246 1497 281 Chaldaeos
1520 250 1713 282 sacerdotes
1733 248 1944 292 praedixisse
1961 248 2026 280 sibi
2043 246 2127 280 Ale-

1145 298 1270 330 xandri
1292 298 1494 339 interitum,
1522 305 1553 332 et
1573 299 1796 341 partitionem
1815 298 1913 340 regni
1933 299 2025 331 inter
2040 309 2126 342 qua—

1143 354 1225 380 tuor
1250 349 1364 384 duces.
1417 347 1513 382 Haec
1544 348 1701 382 existimo
1735 361 1774 381 ex
1806 347 1954 382 Daniele
1987 355 2125 391 sumpta

1143 398 1260 433 fuisse.

1245 448 1436 493 Praecipue
1461 461 1544 482 vero
1568 449 1605 481 in
1627 446 1690 481 hac
1715 446 1862 481 historia
1885 448 2124 481 consideretur

1142 499 1358 556 exemplum,
1386 500 1480 543 quod
1506 500 1543 531 in
1569 505 1664 532 tanta
1687 498 1880 531 mutatione
1904 499 2039 540 generis
2057 496 2124 530 hu-

1140 549 1235 581 mani
1255 548 1348 582 Deus
1364 548 1578 588 Ecclesiam,
1606 559 1684 581 cum
1711 548 1809 580 nulla
1831 546 1952 581 habuit
1971 545 2123 581 humana

1112 600 1332 652 praesidia,
1358 600 1549 633 clementer
1571 598 1674 638 texit,
1702 605 1734 631 et
1754 598 1822 631 fuit
1845 597 2030 630 mediocris
2055 596 2123 631 Ec-

1112 655 1115 675 ί
1139 649 1261 682 clesiae
1279 650 1516 694 tranquillitas
1535 649 1598 681 sub
1616 647 1856 680 Macedonicis
1872 648 2029 690 regibus,
2052 648 2122 679 fere

1139 711 1248 744 usqne
1271 701 1315 733 ad
1333 697 1503 733 Antiochi
1521 696 1719 743 Epiphanis
1743 704 1917 742 tempora,
1945 704 1981 730 ut
2006 703 2122 740 postea

1139 750 1305 785 dicemus.

1473 835 1538 867 De
1571 834 1787 879 Aegypto.

1240 897 1404 941 Regnum
1434 896 1671 944 Aegyptium,
1707 905 1745 931 ut
1774 909 1878 941 supra
1902 897 2032 931 dictum
2060 905 2121 937 est,

1139 948 1230 982 inter
1255 949 1368 992 prima
1392 955 1424 981 et
1442 947 1679 991 pulcherrima
1698 959 1803 990 regna
1821 948 1956 990 generis
1974 946 2121 981 humani

1137 999 1222 1038 fuit,
1255 1005 1290 1032 et
1312 1009 1513 1043 quanquam
1536 997 1626 1030 bella
1649 997 1751 1039 gessit
1777 1009 1855 1030 cum
1878 995 2063 1030 Chaldaeis
2088 1005 2122 1031 et

102 1077 194 1110 dicta
210 1083 278 1118 est,
302 1077 364 1121 qui
379 1075 531 1120 Cap.23.
550 1075 679 1121 inquit,
706 1075 884 1108 Venturos
900 1085 971 1107 esse
989 1085 1086 1106 ever—
1110 1061 1112 1086 ἶ
1138 1048 1311 1093 Assyrhs’
1338 1056 1454 1081 tamen
1471 1059 1582 1092 usque
1597 1048 1639 1080 ad
1656 1046 1790 1079 per⁵¹c³
1809 1054 1982 1090 [empora’
2008 1059 2120 1080 annos

1138 1099 1276 1132 circiter
1300 1098 1415 1137 mille,
1443 1109 1579 1141 semper
1600 1097 1745 1130 retinuit
1769 1097 1930 1141 proprios
1950 1109 2061 1139 reges,
2087 1105 2120 1130 et

1137 1155 1291 1182 veterem
1311 1148 1409 1191 regni
1428 1149 1589 1182 sormam.
1640 1146 1828 1192 Cambyses
1844 1160 1925 1180 vero
1944 1155 1975 1180 et
1993 1149 2120 1180 deinde

1137 1198 1266 1232 Darius
1290 1209 1397 1241 regno
1422 1197 1594 1242 Aegyptio
1622 1198 1723 1241 potiti
1748 1204 1838 1232 sunt.
1893 1197 2014 1230 Postea
2040 1210 2119 1230 cnm

1137 1250 1202 1283 sub
1219 1249 1332 1282 Dario
1350 1246 1469 1282 Notho
1494 1247 1690 1288 defecisset,
1715 1248 1851 1280 difficili
1877 1248 1967 1280 bello
1991 1248 2117 1291 recepit

293 1312 328 1332 se
367 1311 539 1333 memores
576 1311 786 1342 magnorum
824 1298 1085 1338 beneficiorum,
1109 1276 1112 1331 l
1137 1312 1211 1333 eam
1228 1297 1369 1339 Ochus,
1396 1307 1429 1333 et
1446 1309 1609 1341 magnam
1626 1298 1676 1330 ibi
1695 1297 1935 1331 crudelitatem
1954 1299 2118 1331 exercuit.

1136 1350 1219 1383 Fuit
1248 1356 1362 1381 autem
1391 1348 1507 1382 ultimi
1532 1347 1631 1381 Darii
1663 1354 1819 1390 tempore
1850 1347 2041 1390 praefectus
2068 1348 2118 1380 ibi

1136 1399 1319 1439 Mazabes,
1345 1398 1406 1442 qui
1431 1409 1510 1431 cum
1537 1397 1657 1434 sciret,
1684 1395 1781 1441 Aeg)
1786 1397 1876 1440 ptios
1900 1397 2012 1430 odisse
2031 1396 2118 1430 Per-

1136 1449 1245 1483 sicum
1276 1449 1481 1492 imperium,
1515 1453 1547 1480 et
1574 1447 1655 1492 quia
1683 1448 1724 1479 ad
1749 1448 1937 1479 arcendum
1963 1446 2118 1479 Alexan-

1135 1501 1238 1532 drum
1263 1499 1456 1542 imparatus
1481 1504 1586 1538 esset,
1613 1497 1770 1529 venienti
1795 1508 1834 1530 ex
1857 1496 1958 1541 Syria
1982 1498 2118 1530 dedidit

1136 1561 1208 1582 sese
1231 1556 1263 1582 et
1288 1547 1485 1593 Aegyptum
1508 1548 1582 1580 sine
1604 1547 1803 1580 certamine.
1867 1545 1918 1579 lta
1941 1554 2117 1580 vetustum

1135 1607 1168 1633 et
1185 1599 1392 1644 opulentum
1409 1609 1553 1640 regnum
1564 1597 1763 1631 Alexander
1778 1597 1970 1639 occupavit,
1996 1604 2028 1630 et
2044 1598 2118 1630 sor-

1134 1657 1256 1681 tunam
1280 1649 1454 1691 sapienter
1476 1648 1677 1680 moderatus
1700 1653 1770 1685 est,
1798 1658 1870 1679 non
1891 1647 2038 1680 mutavit
2056 1659 2118 1680 ve-

1134 1705 1242 1732 terem
1259 1698 1407 1730 formam
1427 1697 1710 1740 gubernationis,
1735 1698 1794 1729 sed
1814 1697 1922 1730 veteri
1939 1709 2034 1730 more
2043 1697 2117 1730 No-

1133 1746 1293 1782 marchas
1315 1748 1413 1787 fecit,
1447 1754 1481 1780 et
1505 1748 1647 1791 quidem
1670 1745 1878 1791 Aegyptios,
1905 1758 1967 1779 nec
1989 1747 2052 1780 uni
2077 1759 2117 1780 ex

99 1800 256 1845 ceperit?
286 1798 426 1842 Quibus
441 1799 643 1842 respondet,
671 1809 705 1830 se
724 1798 760 1830 in
778 1796 987 1830 Macedonia
1002 1803 1082 1829 ante
1106 1800 1108 1844 l
1133 1799 1205 1832 suis
1228 1798 1486 1831 commendavit
1510 1797 1666 1830 universi
1692 1798 1790 1839 regni
1814 1797 2118 1839 gubernationem,

98 1852 233 1886 bellum
258 1848 491 1883 dormientem
515 1848 644 1880 vidisse
665 1847 769 1880 talem
793 1847 942 1890 speciem
963 1846 1083 1879 numi-
1106 1846 1109 1895 J
1133 1850 1191 1882 sed
1219 1848 1391 1892 praesidia
1417 1848 1585 1891 imposuit
1609 1847 1755 1880 diversis
1780 1847 1884 1888 locis,
1910 1853 1944 1880 et
1967 1845 2022 1880 his
2047 1848 2117 1880 du-

99 1913 170 1943 ms,

97 1952 238 1990 Asiam,
280 1956 314 1984 et
344 1949 545 1989 iubentem,
582 1954 624 1981 ut
651 1947 784 1980 bellum
811 1952 931 1980 contra
959 1945 1082 1979 Persas

99 2007 278 2042 moveret,
303 2006 337 2033 et
361 2000 519 2032 dextram
541 1997 776 2042 porrigentem
791 2023 799 2038 ‚
826 2003 994 2041 tanquam
1015 1997 1082 2030 dn-

100 2052 256 2087 ctricem.
305 2048 393 2084 Eius
415 2049 539 2094 speciei
561 2060 639 2082 cum
665 2048 791 2081 viderit
809 2045 902 2080 hunc
920 2048 1082 2080 sacerdo-

98 2110 168 2137 tem
195 2100 346 2135 similem
370 2110 459 2141 esse,
490 2099 688 2133 existimare
712 2109 766 2139 se,
793 2095 888 2131 hunc
910 2098 1081 2141 populum

98 2153 174 2188 Deo
204 2163 307 2186 curae
328 2161 418 2191 esse,
451 2161 556 2194 seque
577 2149 621 2183 ab
646 2147 751 2183 huius
774 2148 896 2192 populi
918 2146 992 2181 Deo
1018 2149 1081 2181 ad-

98 2204 213 2247 iutum
237 2213 327 2242 esse,
353 2212 461 2246 quare
483 2200 513 2232 ei
533 2211 674 2244 parcere
693 2206 725 2233 et
741 2199 943 2232 benefacere
961 2199 1080 2231 decre-

98 2254 214 2287 visset.
278 2251 402 2285 Postea
436 2248 657 2294 hospitaliter
689 2256 850 2293 exceptus
876 2249 1007 2283 tributa
1036 2249 1079 2282 ab

97 2300 204 2338 Ocho
224 2309 375 2348 tyranno
398 2301 560 2345 imposita
574 2300 726 2341 remisit,
750 2299 960 2343 compescuit
976 2299 1080 2332 etiam

100 2353 234 2387 vicinos
256 2353 293 2385 in
309 2351 464 2386 Samaria
477 2378 486 2391 ‚
514 2351 574 2396 qui
595 2352 760 2384 adversus
780 2348 926 2383 ludaeos
943 2350 1079 2383 tumul—

101 2405 303 2438 tuabantur.
353 2400 534 2436 Credibile
557 2409 606 2435 est
628 2401 752 2441 etiam,
787 2411 944 2433 narrasse
967 2412 1079 2433 sacer-

99 2455 198 2489 dotes
215 2452 416 2487 Alexandro
431 2450 589 2486 Danielis
602 2451 895 2495 praedictionem,
923 2450 983 2495 qui
1000 2458 1079 2484 ante

100 2517 212 2538 annos
234 2503 308 2537 200
338 2501 545 2536 vaticinatus
578 2503 709 2543 suerat,
756 2512 872 2543 regem
903 2500 1078 2533 Graecum

101 2555 296 2599 potiturum
317 2563 388 2585 esse
407 2552 554 2596 imperio
573 2552 725 2587 Persico.
777 2550 823 2586 Et
842 2563 912 2584 non
932 2551 1079 2585 dubium

101 2611 169 2646 est,
203 2605 246 2638 de
276 2601 339 2636 hac
364 2609 458 2636 tanta
481 2604 615 2645 generis
640 2601 788 2637 humani
809 2601 1002 2636 mutatione
1025 2613 1080 2636 sa-

101 2655 234 2700 pientes
249 2653 358 2688 multa
377 2653 568 2688 collocutos
585 2665 665 2690 esse.

211 1906 370 1934 ornatam
408 1898 516 1932 simili
557 1904 668 1937 veste,
706 1902 889 1930 vocantem
927 1908 1006 1929 eum
1044 1896 1108 1928 in'

1134 1905 1244 1932 ctores
1266 1898 1447 1941 praefecit,
1474 1898 1568 1941 pacis
1591 1898 1740 1930 tuendae
1760 1908 1873 1930 cansa.
1926 1895 1978 1930 Ac
1998 1897 2117 1930 scribit

1131 1948 1324 1987 Arrianus,
1349 1948 1487 1981 additos
1501 1959 1572 1981 esse
1590 1949 1680 1980 duos
1695 1947 1917 1990 inspectores,
1945 1958 2033 1990 quos
2048 1959 2115 1980 no-

1133 1998 1283 2032 minavit
1308 1995 1524 2044 Episcopus.
1587 1997 1687 2040 Quae
1711 1997 1829 2030 omnia
1853 1997 1900 2029 sic
1925 1998 2114 2030 constituta

1131 2056 1233 2089 sunt,
1259 2060 1304 2081 ne
1319 2049 1348 2081 si
1364 2060 1455 2081 unus
1473 2054 1558 2081 esset
1574 2059 1731 2081 summus
1747 2048 1970 2089 gubernator,
1998 2058 2113 2090 regem

1132 2111 1167 2133 se
1191 2100 1329 2134 faceret.
1380 2097 1427 2132 Et
1445 2099 1530 2132 dicit
1548 2097 1737 2138 Arrianus,
1764 2096 1944 2130 Romanos
1962 2096 2113 2130 Alexan-

1131 2150 1187 2183 dri
1211 2149 1398 2182 consilium
1423 2155 1540 2191 postea
1567 2148 1603 2180 in
1622 2146 1770 2192 Aegypti
1790 2147 2043 2189 gubernatione
2060 2158 2113 2180 se—

1131 2206 1259 2245 quutos
1284 2211 1367 2234 esse.
1421 2197 1471 2232 lta
1498 2205 1596 2231 vetus
1613 2199 1774 2231 doctrina
1794 2198 1829 2229 in
1849 2209 1888 2229 co
1905 2208 2011 2239 regno
2029 2209 2114 2230 con-

1132 2256 1265 2283 servata
1296 2256 1346 2283 est
1375 2249 1456 2281 inde
1485 2260 1594 2293 usque
1623 2260 1641 2281 a
1663 2245 1787 2290 Ioseph
1811 2248 1854 2279 ad
1876 2245 2111 2281 Mahometica

1131 2308 1305 2343 tempora,
1332 2299 1433 2332 annis
1457 2299 1535 2342 plus
1558 2298 1697 2331 dnobus
1719 2297 1887 2331 millibus.
1939 2296 2114 2331 Scribitur

1131 2358 1164 2385 et
1192 2351 1325 2384 reditus
1344 2348 1544 2382 Alexandro
1572 2348 1744 2381 indicatos
1769 2358 1841 2380 esse
1858 2359 1914 2380 sex
1932 2348 2042 2381 millia
2061 2355 2112 2382 ta-

1131 2402 1306 2435 lentorum
1319 2427 1328 2441 ,
1356 2400 1391 2433 id
1409 2406 1478 2443 est,
1504 2410 1561 2432 sex
1577 2405 1609 2432 et
1627 2398 1767 2441 triginta
1787 2404 1914 2431 tonnas
1931 2398 2020 2433 auri.

1328 2484 1393 2517 De
1422 2481 1612 2526 praelio
1643 2479 1699 2514 ad
1730 2479 1912 2515 Arbela.

1231 2547 1430 2582 Constituto
1456 2558 1564 2589 regno
1589 2543 1738 2592 Aegypti
1763 2558 1803 2579 ex
1828 2547 1914 2580 urbe
1940 2544 2110 2590 Memphi,

1130 2611 1217 2644 quae
1242 2610 1336 2632 nnnc
1361 2605 1411 2632 est
1429 2596 1628 2637 Alcairum,
1654 2597 1758 2630 rediit
1774 2596 1974 2630 Alexander
1994 2597 2029 2629 in
2044 2596 2108 2640 sy-

1131 2651 1236 2692 riam,
1283 2660 1376 2684 anno
1415 2656 1510 2683 sexto
1548 2654 1733 2693 postquam
1765 2659 1910 2691 regnare
1942 2653 2109 2690 coeperat.
