2324 2955
159 104 232 139 645

166 192 284 225 ferunt
300 191 444 234 gratiam
455 190 520 224 Dei
538 189 586 228 εἰς
601 186 810 237 ἀσέλγειαν,
837 190 975 233 fingunt
991 201 1027 223 se
1045 190 1155 225 iustos

167 253 239 276 esse
257 242 323 274 fide
334 267 343 280 ,
367 239 502 272 etiamsi
518 247 622 273 ruant
638 241 676 272 in
691 241 818 274 scelera
836 247 958 274 contra
975 241 1157 275 conscien-

168 293 252 325 tiam
264 317 272 330 ,
299 297 331 323 et
348 290 477 323 talibus
491 290 680 324 sceleribus
703 298 830 334 negant
854 291 966 325 excuti
983 291 1156 335 Spiritum

169 347 338 374 sanctum.

167 390 288 424 milita
318 390 446 423 bonam
478 390 641 424 militiam
663 392 818 425 retinens
843 393 946 425 fidem
971 398 1004 425 et
1027 393 1157 425 bonam

169 440 428 475 conscientiam.
481 440 562 474 Non
580 442 658 475 ideo
677 442 767 475 filius
778 441 843 476 Dei
860 443 999 476 sudavit
1016 443 1158 486 sangui-

167 502 268 531 nem,
296 502 368 523 non
393 491 470 524 ideo
495 491 532 524 in
556 504 657 525 cruce
679 500 837 526 mortuus
859 500 927 535 est,
953 500 993 527 ut
1015 493 1157 527 licentia

170 548 201 575 et
219 541 362 574 audacia
379 541 415 574 in
434 542 622 577 sceleribus
639 544 902 578 confirmentur.

272 606 331 643 32.
367 606 460 641 Vera
486 615 536 642 est
559 615 707 655 utraque
733 610 941 654 propositio:
977 609 1057 644 Non
1077 610 1158 645 estis

169 658 235 691 sub
264 658 356 701 lege,
394 659 453 691 sed
486 660 551 693 sub
580 661 697 703 gratia.
764 659 826 695 Et:
863 661 1050 694 Manifesta
1076 668 1159 696 sunt

166 719 274 751 opera
291 708 414 741 carnis.
469 709 541 751 Qui
557 710 637 744 talia
658 711 808 751 faciunt,
835 723 981 755 regnum
996 710 1062 745 Dei
1085 724 1159 746 non

166 759 410 802 possidebunt.
463 757 508 792 Et
526 772 606 793 cnm
623 760 753 795 Paulus
768 763 879 801 dicat,
907 763 1082 796 debitores
1100 774 1159 796 su-

169 819 266 848 mus,
301 820 372 841 non
397 810 495 842 carni
521 817 600 849 etc.,
631 810 722 844 nibil
750 813 899 845 dubium
922 820 992 856 est,
1029 825 1158 846 novam

170 859 404 892 obedientiam
434 861 663 894 necessariam
688 874 759 896 esse
783 875 823 896 eo
853 863 945 907 ipso,
989 864 1070 907 qnia
1100 861 1157 896 hic

168 910 257 941 ordo
275 909 416 943 divinus
432 910 663 944 immutabilis
680 920 745 953 est,
774 921 811 947 ut
830 921 986 947 creatura
1005 914 1159 947 rationa-

170 958 213 991 lis
237 957 312 992 Deo
334 960 560 1006 obtemperet.
623 960 669 996 Et
702 965 890 1004 vocabula,
924 964 1158 997 necessarium

170 1015 204 1041 et
231 1009 405 1051 debitum,
444 1011 586 1055 proprie
616 1012 862 1056 intelliguntur
887 1015 930 1047 de
952 1015 1075 1047 divino
1100 1027 1159 1047 or-

170 1059 273 1099 dine,
300 1072 371 1092 non
390 1061 433 1093 de
448 1062 589 1095 extortis
609 1070 703 1096 metu
719 1065 762 1097 ab
780 1065 918 1100 invitis,
945 1076 1032 1108 quae
1049 1064 1158 1097 inter-

170 1109 320 1152 pretatio
351 1112 531 1154 peregrina
564 1119 628 1150 est,
666 1120 706 1147 ut
736 1126 808 1146 non
838 1114 979 1157 proprie
1011 1114 1157 1147 dicitur:

171 1161 277 1192 debes
294 1160 421 1193 latroni
440 1161 634 1205 pecuniam.
685 1163 811 1205 Qualis
826 1164 1039 1197 incertitudo
1055 1171 1087 1197 et
1104 1164 1158 1196 vi-

169 1216 225 1242 tae
242 1211 401 1244 confusio
417 1219 520 1252 esset,
547 1212 662 1245 dicere
679 1226 805 1247 novam
823 1214 1061 1247 obedientiam
1086 1226 1156 1246 non

167 1271 242 1292 esse
259 1261 506 1302 necessariam,
533 1270 566 1297 et
587 1274 700 1297 serere
725 1265 1033 1308 imaginationem,
1059 1264 1158 1309 quasi

169 1312 382 1344 concedatur
411 1311 552 1346 licentia
584 1313 740 1348 violandi
773 1316 882 1359 legem
906 1313 993 1355 Dei,
1037 1321 1158 1348 contra

171 1361 417 1394 conscientiam
428 1362 444 1394 ἶ)

272 1427 332 1462 33.
368 1427 439 1462 Nec
454 1435 569 1462 tamen
588 1442 679 1464 nova
696 1431 896 1467 obedientia
920 1439 970 1466 est
992 1432 1158 1466 meritum

167 1478 260 1511 vitae
284 1485 461 1512 aeternae:
499 1481 557 1513 sed
584 1488 633 1514 est
658 1482 864 1515 sacrificium
889 1481 966 1516 Deo
989 1483 1159 1523 debitum,

170 1535 202 1561 et
226 1529 365 1572 placens
389 1530 425 1562 in
450 1527 504 1562 his
528 1531 590 1575 qui
617 1531 684 1564 fide
713 1531 795 1565 iusti
820 1540 920 1573 sunt,
958 1540 990 1567 et
1014 1533 1157 1578 quidem

166 1579 308 1621 placens
336 1586 479 1623 propter
500 1581 746 1622 mediatorem,
779 1582 867 1616 sicut
891 1583 939 1617 ait
956 1582 1098 1624 Petrus,
1124 1589 1157 1617 et

170 1627 275 1662 habet
306 1630 463 1672 ingentia
495 1632 647 1674 praemia
679 1632 875 1676 spiritualia
905 1640 937 1667 et
960 1633 1156 1678 corporalia

171 1680 266 1712 quta
290 1680 477 1713 consilium
504 1681 584 1721 Dei,
618 1682 707 1715 sicut
731 1683 847 1727 inquit
869 1682 1015 1717 Paulus:
1041 1683 1156 1716 Pietas

170 1726 274 1762 habet
292 1730 540 1772 promissiones
555 1732 746 1775 praesentis
765 1740 798 1766 et
816 1734 953 1768 futurae
970 1734 1073 1767 vitae.

271 1795 329 1832 34.
363 1797 580 1831 Sacrificium
599 1798 758 1842 Spiritus'
775 1807 825 1834 est
845 1812 932 1844 opus
948 1802 1155 1834 mandatum

168 1859 186 1879 a
204 1846 296 1887 Deo,
318 1849 446 1881 factum
470 1849 506 1881 in
523 1849 701 1892 agnitione
718 1857 751 1884 et
770 1850 896 1883 fiducia
919 1851 983 1884 filii
1003 1850 1084 1892 Dei,
1111 1852 1155 1884 ad

167 1895 263 1930 hunc
289 1898 409 1938 finem,
436 1905 475 1932 ut
495 1898 567 1932 Deo
593 1897 762 1932 honorem
786 1901 1000 1942 tribuamus,
1033 1901 1069 1934 id
1096 1908 1157 1943 est,

166 1953 205 1979 ut
226 1954 258 1981 et
276 1954 440 1981 testemur
457 1960 494 1981 ea
512 1950 730 1988 obedientia,
759 1962 824 1983 nos
849 1962 1035 1994 agnoscere
1061 1949 1155 1985 hunc

165 2009 247 2030 vere
262 2009 334 2031 esse
351 1997 462 2032 Deum
480 1999 629 2032 iudicem
649 2007 682 2034 et
698 2001 904 2036 salvatorem
925 2014 1027 2048 quem
1052 2002 1156 2036 invo-

165 2059 283 2080 camus
296 2075 304 2088 ,
332 2055 365 2082 et
386 2061 489 2094 quem
507 2051 655 2084 dicimus
674 2051 722 2084 sic
738 2052 827 2085 velle
845 2053 931 2092 coli,
955 2060 994 2087 ut
1016 2053 1155 2087 castitas

166 2096 291 2142 Ioseph
309 2098 376 2132 fuit
393 2100 612 2137 sacrificium.

265 2162 324 2200 35.
359 2164 468 2198 Missa
487 2165 653 2210 papistica
669 2180 741 2201 non
758 2168 872 2201 solum
888 2180 961 2201 non
980 2176 1030 2204 est
1046 2170 1153 2204 sacri-

164 2214 278 2246 ficium
293 2241 302 2254 ,
325 2217 381 2248 sed
399 2216 475 2249 sine
498 2217 568 2250 ulla
594 2218 814 2252 dubitatione
838 2220 1020 2262 multiplex
1047 2219 1152 2255 εἰδω-

163 2262 355 2309 λολατρεία
384 2273 452 2306 est,
493 2275 636 2312 propter
672 2281 778 2314 quam
809 2269 904 2304 Deus
932 2267 1152 2306 horribiliter

163 2314 325 2347 irascitur
342 2318 487 2352 mundo.

262 2381 320 2417 36.
355 2382 482 2426 Negari
498 2396 568 2417 non
586 2392 697 2429 potest
714 2397 830 2420 veram
847 2398 918 2420 esse
936 2389 1149 2432 propositio—

158 2442 258 2471 nem,
301 2430 391 2464 nihil
426 2432 553 2467 habere
575 2436 746 2470 rationem
770 2437 987 2471 sacramenti
1012 2439 1081 2472 nisi
1110 2439 1147 2473 in

156 2495 221 2516 usu
242 2483 414 2518 instituto.
472 2483 549 2516 Non
573 2485 677 2528 igitur
695 2488 826 2521 oblatio
845 2489 1011 2532 papistica
1031 2496 1063 2523 et
1080 2490 1146 2523 cir-

156 2533 383 2576 cumgestatio
401 2533 443 2565 ad
461 2545 602 2567 coenam
619 2535 762 2570 Domini
781 2539 968 2582 pertinent.

261 2598 320 2635 37.
349 2597 776 2644 Ilorrendaimpietasest,
804 2606 896 2649 quod
909 2604 1144 2650 Papadictum

149 2662 187 2682 ex
218 2650 366 2694 epistola
397 2650 439 2683 ad
457 2647 613 2684 Ebraeos
627 2652 669 2685 ad
687 2663 781 2687 suam
808 2657 999 2699 potentiam
1025 2658 1142 2693 detor-

390 338 455 373 IIis
473 340 653 374 furoribus
671 343 881 385 opponenda
900 349 950 375 est
968 342 1155 376 sententia:
1180 367 1182 369 .

923 102 1416 141 DlSPUTATIONES

1177 188 1183 206 t

2118 111 2193 147 644

1207 197 1304 235 quet.
1366 188 1556 226 Translate
1588 194 1785 227 sacerdotio
1819 194 1858 228 fit
1887 195 1971 239 legis
1999 196 2196 238 translatio,

1205 242 1300 274 unde
1328 240 1545 283 racionatur,
1583 242 1714 287 Papam
1742 256 1841 288 posse
1866 245 2057 289 instituere}
2073 247 2198 287 cultus,

1205 298 1238 324 et
1262 297 1439 334 peccatum
1465 304 1537 325 esse
1560 293 1692 327 violare
1717 296 1925 329 traditiones
1947 297 2053 331 factas
2073 297 2110 330 in
2126 296 2197 331 Ec-

1206 341 1310 375 clesia
1328 342 1514 376 autoritate
1532 339 1700 378 humana.

1308 416 1369 452 38.
1403 416 1478 450 Vox
1498 418 1619 451 divina
1636 419 1798 455 adfirmat.
1821 421 1905 455 talia
1928 433 2033 466 opera
2060 423 2198 465 excogi-

1207 472 1278 501 tata
1292 464 1448 500 humana
1464 469 1649 502 autoritate
1666 482 1738 502 non
1759 482 1829 504 esse
1849 472 1962 505 cultus
1980 472 2065 513 Dei,
2101 472 2198 506 iuxta

1207 518 1359 552 dictum:
1389 517 1535 552 Frustra
1552 520 1672 554 colunt
1691 532 1744 553 me
1759 522 1933 556 mandatis
1949 519 2146 557 hominum.

1308 601 1366 636 39.
1402 599 1544 636 Etcum
1561 603 1682 648 opinio
1699 604 1812 638 cultus
1831 605 1984 639 assuitur
2000 606 2090 640 utin
2108 608 2199 640 votis

1207 650 1463 685 monachorum
1489 660 1523 686 et
1548 654 1743 698 similibus,
1785 656 1970 690 manifesta
1996 663 2028 690 et
2058 654 2197 690 ethnica

1207 701 1381 738 εἷδωλολα
1389 700 1486 750 speia
1501 710 1562 740 est.

1309 777 1370 813 40.
1400 778 1471 813 Nec
1487 779 1701 813 necessitatis
1719 780 1839 824 opinio
1858 782 2018 815 addenda
2037 791 2098 818 est.
2130 783 2199 818 Sed

1207 830 1391 864 retinenda
1425 837 1474 863 est
1513 831 1674 864 doctrina
1707 831 1905 865 firmissima
1930 832 2049 866 Pauli:
2088 834 2199 867 Nemo

1207 893 1269 914 vos
1287 880 1416 914 iudicet
1434 881 1472 913 in
1490 881 1567 914 cibo
1585 888 1617 915 et
1634 887 1721 926 potu
1739 888 1801 916 etc.

1309 964 1371 999 41.
1408 962 1510 997 Hanc
1528 965 1724 999 doctrinam
1743 965 1780 997 in
1797 964 1951 999 Ecclesia
1970 966 2114 999 retineri
2139 979 2200 1000 ne-

1208 1025 1299 1047 cesse
1322 1022 1392 1055 est,
1428 1026 1472 1048 ne
1492 1013 1632 1048 ethnico
1662 1026 1759 1047 more
1781 1017 2006 1049 cumulentur
2032 1018 2201 1061 supersti-

1208 1064 1341 1101 tiones,
1369 1072 1402 1098 et
1418 1076 1461 1096 ne
1478 1066 1592 1109 laquei
1612 1065 1833 1098 conscientiis
1851 1066 2075 1108 iniiciantur,
2103 1074 2136 1101 et
2157 1079 2200 1100 ne

1208 1114 1441 1146 obscurentur
1457 1115 1624 1148 beneficia
1643 1115 1706 1147 filii
1726 1115 1810 1155 Dei,
1835 1122 1868 1149 et
1882 1127 1926 1149 ne
1944 1117 2101 1151 deleatur
2119 1129 2200 1150 vera

1208 1163 1274 1196 Dei
1291 1163 1479 1198 invocatio.

1311 1239 1371 1273 42.
1399 1238 1512 1272 Totus
1530 1239 1796 1282 ordo'politicus
1811 1247 1860 1274 est
1877 1252 1964 1285 opus
1973 1239 2037 1273 Dei
2055 1248 2087 1274 et
2102 1242 2197 1274 testi-

1208 1289 1369 1322 monium
1394 1290 1436 1322 de
1454 1288 1549 1329 Deo,
1582 1290 1678 1333 quod
1700 1290 1743 1322 sit
1760 1288 1854 1323 Deus
1878 1292 2041 1324 conditor
2061 1292 2200 1335 sapiens

1208 1346 1241 1373 et
1266 1339 1396 1379 iustus,
1431 1340 1633 1372 discernens
1657 1346 1770 1381 recta,
1797 1346 1830 1373 et
1852 1353 1926 1373 non
1948 1347 2057 1381 reeta,
2085 1348 2118 1375 et
2139 1342 2200 1374 de-

1208 1397 1346 1423 struens
1366 1401 1440 1422 non
1464 1396 1574 1430 recta,
1601 1395 1634 1422 et
1655 1390 1750 1434 quod
1776 1402 1857 1424 vere
1877 1391 1922 1424 sit
1944 1397 2060 1425 custos
2084 1392 2199 1434 legiti-

1208 1451 1286 1473 mae
1315 1439 1501 1473 societatiS.
1567 1437 1632 1473 Est
1662 1446 1778 1473 autem
1803 1440 2031 1484 Magistratus
2061 1442 2198 1482 vindex,

1208 1490 1245 1523 id
1269 1496 1341 1534 est,
1378 1497 1540 1524 executor
1569 1501 1589 1523 a
1608 1489 1684 1523 Deo
1715 1491 1941 1531 constitutus,
1983 1497 2021 1524 ut
2054 1497 2195 1524 externa

1208 1540 1336 1573 scelera
1355 1540 1499 1584 puniat,
1527 1552 1599 1573 non
1621 1547 1758 1574 tantum
1783 1541 1974 1584 pugnantia
1994 1548 2115 1574 contra
2140 1554 2197 1575 se-

1208 1591 1360 1624 cundam
1376 1591 1531 1624 tabulam
1547 1617 1556 1631 ,
1580 1591 1639 1622 sed
1657 1590 1762 1623 etiam
1778 1598 1899 1624 contra
1914 1591 2080 1635 primam:
2109 1592 2199 1625 sicut

1208 1647 1242 1674 et
1257 1641 1312 1673 lex
1329 1639 1438 1673 Moisi
1453 1640 1613 1684 periuros
1639 1646 1671 1673 et
1694 1638 1919 1684 blasphemos
1946 1641 2049 1685 punit
2074 1641 2111 1675 in
2133 1653 2195 1675 sua

1208 1690 1342 1735 politia.

1311 1765 1373 1800 43.
1406 1764 1544 1799 Debent
1566 1765 1674 1808 igitur
1698 1764 1812 1808 Reges
1835 1773 1867 1800 et
1894 1766 2092 1812 Principes,
2133 1780 2196 1802 suo

1209 1815 1359 1861 quisque
1392 1817 1488 1856 loco,
1520 1816 1660 1849 abolere
1684 1816 1812 1860 impios
1838 1817 1952 1851 cultus
1979 1824 2013 1852 et
2034 1817 2197 1863 blasphe—

1208 1867 1313 1907 nitas,
1345 1873 1378 1900 et
1396 1878 1514 1900 severe
1532 1867 1659 1910 punire
1683 1863 1926 1910 blasphemos,
1954 1880 1992 1901 ac
2015 1880 2195 1902 removere

1208 1928 1285 1958 eos,
1320 1928 1364 1950 ne
1387 1917 1546 1960 contagia
1569 1917 1647 1950 aliis
1667 1924 1826 1950 noceant.
1886 1917 1955 1951 Sed
1979 1918 2108 1951 iudicia
2129 1918 2196 1952 Ec-

1208 1967 1331 2000 clesiae
1355 1968 1631 2009 constituantur,
1662 1968 1699 2000 in
1723 1967 1852 2012 quibus
1873 1968 1921 2011 pii
1949 1975 1982 2002 et
2005 1969 2097 2002 docti
2116 1969 2196 2003 Ma-

1208 2017 1372 2060 gistratus
1388 2030 1460 2051 sese
1477 2019 1632 2051 membra
1648 2017 1823 2052 Ecclesiae
1840 2029 1911 2051 esse
1928 2019 2056 2058 sciant,
2085 2027 2116 2053 et
2138 2020 2194 2053 iu—

1207 2068 1301 2102 dices
1332 2080 1454 2102 omnes
1485 2069 1641 2111 regulam
1666 2075 1823 2109 teneant,
1860 2076 1899 2103 ut
1920 2069 2076 2104 iudicent
2100 2071 2194 2104 iuxta

1205 2119 1354 2152 verbum
1370 2117 1455 2159 Dei,
1482 2119 1571 2152 sicut
1585 2118 1690 2155 Dent.
1709 2118 1768 2153 17.
1788 2127 2012 2165 praeceptum
2029 2128 2097 2161 est,
2131 2132 2193 2154 nec

1204 2169 1384 2204 stabiliant
1415 2169 1510 2203 idola
1536 2176 1568 2203 et
1597 2181 1732 2203 errores
1753 2175 1897 2214 propter
1921 2171 2085 2204 viciosam
2107 2182 2192 2203 con-

1203 2220 1425 2254 suetudinem
1448 2227 1482 2254 et
1500 2232 1638 2255 coecam
1658 2218 1858 2266 φιλαυτίαν
1882 2227 1916 2255 et
1937 2227 2079 2265 propter
2103 2221 2192 2254 alios

1203 2277 1359 2305 errantes
1376 2271 1544 2306 adfectus.

1303 2353 1364 2389 44.
1396 2355 1495 2390 Haec
1513 2367 1594 2390 cura
1612 2354 1876 2399 Magistratibus
1899 2356 2063 2391 mandata
2084 2365 2133 2392 est
2154 2359 2189 2391 in

1199 2404 1338 2439 Psalmo
1364 2408 1533 2440 secundo:
1574 2406 1619 2441 Et
1641 2417 1736 2440 nunc
1755 2403 1869 2447 Reges
1900 2405 2095 2450 intelligite.
2146 2408 2190 2442 Et

1198 2454 1337 2489 Psalmo
1369 2457 1534 2491 vicesimo
1569 2457 1685 2492 tertio:
1732 2453 1877 2498 Aperite
1906 2463 2030 2499 portas
2049 2457 2187 2492 Princi-

1197 2518 1256 2548 pes
1283 2515 1432 2551 vestras,
1463 2515 1495 2544 et
1523 2504 1729 2552 aperiamini
1756 2512 1878 2550 portae
1904 2508 2042 2544 mundi.
2107 2510 2182 2555 Θεᾳ·

1196 2553 1298 2595 δόξα.
