2324 2955
139 108 212 144 829
817 104 844 138 Ι.

136 193 178 225 ad
198 189 423 235 Philippum,
450 202 488 224 ac
511 196 651 234 petunt,
680 200 721 221 ne
747 201 863 232 pacem
883 200 972 234 quae
990 188 1025 220 in
1043 188 1116 221 soe-

136 243 278 275 deribus
298 249 398 274 antea
415 242 580 285 utrinque
598 240 766 283 promissa
784 247 867 279 erat,
894 239 1008 274 violet.
1057 237 1117 270 In-

134 300 227 325 terea
244 290 431 335 Philippus
457 291 579 324 urbem
599 288 813 323 Phocensem
832 289 991 323 Elateam
1011 289 1043 320 vi
1062 300 1117 321 ca-

135 343 204 387 pit,
229 350 262 375 et
276 349 382 375 totam
399 339 802 384 regionemPhocensem
819 346 973 383 occupat.
1027 337 1115 372 Cum

135 401 250 426 autem
267 393 334 425 iam
354 398 387 424 et
406 390 574 424 Graeciae
593 398 724 435 partem
743 397 963 434 occupasset,
990 396 1023 423 et
1040 400 1116 421 cae-

135 444 200 476 teri
226 443 261 474 in
285 449 380 475 metu
399 449 532 479 essent,
559 454 680 474 suasor
697 442 762 474 snit
779 438 1051 479 Demosthenes,
1078 445 1116 471 ut

135 490 369 526 Athenienses
388 499 420 525 et
437 492 601 524 Thebani
620 504 653 524 se
671 492 924 533 coniungerent
941 491 983 523 ad
1003 489 1115 523 Grae-

134 545 207 574 ciae.
234 543 484 576 defensionem.
536 541 583 575 Et
606 554 723 575 mense
741 542 838 574 Maio
865 543 1040 574 decretum
1064 540 1116 572 sa-

135 600 228 626 ctum
262 600 330 633 est,
364 600 402 626 ut
431 591 616 636 Philippus
647 592 753 624 armis
785 593 1050 634 reprimeretur,
1083 596 1116 622 et

134 645 222 676 sacta
238 650 289 676 est
304 655 381 676 cum
398 640 581 676 Thebanis
596 643 750 675 societas.
798 642 921 675 Postea
939 642 995 674 die
1010 640 1115 684 septi-

134 706 192 725 mo
221 694 351 726 mensis
376 692 457 726 Iulii
490 694 531 725 ad
558 691 776 725 Cheroneam
801 693 923 725 urbem
949 690 1114 723 Boeotiae

135 749 328 787 pugnatum
355 751 423 784 est,
457 743 593 787 fuitque
623 750 717 776 tanta
746 743 857 776 virtus
887 742 1114 781 Graecorum,

134 802 169 826 nt
196 794 256 825 diu
279 805 403 837 anceps
428 793 597 836 praelium
622 800 726 834 esset,
754 805 792 825 ac
811 793 929 825 multis
947 791 1114 835 utrinque

134 844 340 876 radentibus
370 845 595 888 trepidaverit
622 841 825 887 Philippus,
859 844 970 875 donec
995 843 1114 874 adole-

133 905 231 926 scens
255 893 455 927 Alexander
484 895 616 938 equites
642 906 659 926 a
685 894 801 926 fronte
824 894 864 925 ad
891 893 981 925 latus
1005 891 1116 929 duxit,

133 951 168 977 et
192 944 225 975 in
247 944 400 977 medium
422 944 609 976 exercitum
631 943 846 975 Graecorum
867 941 1007 985 irrupit.
1060 940 1113 973 Ibi

134 994 315 1027 inclinatio
341 994 428 1026 sacta
456 1000 517 1026 est.
579 992 754 1025 Interfecti
779 999 861 1025 sunt
884 998 999 1024 autem
1024 991 1115 1023 cives

133 1041 368 1076 Athenienses
398 1043 515 1083 mille,
549 1049 581 1076 et
613 1049 710 1086 capta
742 1044 813 1075 duo
838 1043 969 1080 millia,
1003 1042 1115 1074 multo

133 1094 251 1138 plures
280 1105 364 1125 vero
391 1091 555 1134 'lhebani
589 1100 622 1126 et
654 1093 824 1125 interfecti
850 1100 881 1126 et
908 1091 998 1134 capti
1022 1099 1115 1125 su.nt

133 1143 185 1176 Ac
203 1142 459 1187 praesidium'l
465 1141 562 1175 hebis
577 1143 780 1186 impositum
799 1150 858 1175 est.
898 1140 983 1175 Eiat
1000 1148 1115 1174 autem

134 1194 226 1226 inter
249 1194 405 1236 captivos
429 1191 661 1227 Athenienses
679 1189 865 1225 Demades
890 1199 1027 1234 orator,
1055 1192 1114 1236 qui

132 1241 411 1276 Atheniensibus
435 1255 553 1287 pacem
582 1244 802 1286 impetravit,
830 1250 861 1276 et
880 1242 1051 1283 obtinuit,
1078 1249 1116 1275 ut

133 1294 260 1337 captivi
280 1294 355 1326 sine
371 1295 487 1335 precio
504 1295 748 1327 redderentur.

235 1342 319 1375 Post
351 1343 533 1375 victoriam
562 1342 749 1385 Philippus
781 1345 981 1375 convocatis
1006 1342 1116 1375 Grae-

135 1405 253 1426 carum
271 1393 453 1425 civitatum
470 1393 591 1435 legatis
601 1391 814 1426 Corinthum
827 1420 834 1433 ,
860 1394 908 1425 ibi
926 1394 994 1425 dux
1007 1392 1118 1424 Grae-

135 1456 255 1477 corum
281 1450 400 1475 contra
420 1442 541 1476 Persas
561 1444 763 1476 nominatus
782 1450 850 1482 est,
878 1450 910 1476 et
929 1443 1116 1475 constituta

134 1506 217 1538 pace
241 1492 410 1526 Graeciae
439 1494 475 1525 in
502 1493 749 1525 Macedoniam
776 1494 899 1533 rediit,
941 1505 979 1524 ac
1005 1500 1118 1524 trans-

135 1545 269 1578 laturus
293 1544 424 1576 bellum
450 1543 484 1575 in
510 1543 651 1581 Asiam,
677 1544 772 1577 misit
797 1556 836 1576 eo
864 1549 995 1586 partem
1022 1554 1116 1574 exer-

135 1596 233 1629 eitus.
295 1593 363 1627 Sed
386 1594 470 1626 dum
496 1601 735 1626 commoratur
759 1595 874 1633 domi,
910 1600 940 1625 et
968 1599 1117 1626 ostentat

136 1646 269 1684 regium
304 1644 526 1687 splendorem
558 1655 636 1676 cum
669 1644 746 1676 aliis
779 1643 1001 1686 spectaculis,
1044 1650 1117 1674 tum

138 1706 219 1726 xero
243 1694 346 1725 etiam
373 1694 558 1733 sacrificio,
586 1694 622 1725 in
649 1706 718 1738 quo
746 1705 842 1726 suam
861 1699 1008 1725 statuam
1030 1691 1120 1723 inter

135 1743 292 1778 Deorum
318 1748 447 1774 statuas
469 1742 670 1781 collocavit,
698 1744 734 1775 in
751 1743 945 1786 spectaculo
966 1742 1118 1786 quodam

137 1808 154 1827 a
178 1793 327 1827 satellite
345 1792 516 1824 Pausania
543 1793 746 1825 interfectus
763 1799 831 1832 est,
858 1804 930 1824 non
949 1793 1008 1824 diu
1025 1798 1121 1835 post-

137 1856 241 1890 quam
267 1844 309 1876 ad
328 1841 546 1876 Cheroneam
573 1842 655 1874 vicit
673 1840 906 1875 Athenienses
930 1849 962 1875 et
978 1840 1121 1874 Theba-

138 1907 220 1934 nos,
246 1893 333 1927 snut
352 1891 548 1925 Oraculum
574 1893 810 1935 plaedixerat‚
837 1892 1004 1925 victorem
1024 1892 1120 1924 brevi

138 1953 218 1989 post
235 1944 445 1977 moriturum
465 1955 551 1975 esse:
583 1942 610 1974 l
615 1944 657 1975 let
674 1943 796 1980 victus
824 1943 882 1975 sed
898 1942 1009 1974 victor
1026 1954 1122 1974 mor-

138 2004 176 2029 tu
181 2007 220 2028 us
244 2002 310 2027 est:
345 1992 457 2027 κὶαίιι
482 1989 500 2026 ὃ
525 1991 706 2037 ιικηθιιῖς
733 1991 794 2027 καὶ
819 1991 838 2026 ὁ
860 1990 1010 2036 παίσας
1032 1988 1123 2025 από-

140 2048 239 2079 ῑ.ωλι-.
294 2044 343 2078 lta
372 2056 429 2076 lex
455 2051 565 2088 praest
572 2052 772 2076 mitissimus
799 2043 946 2075 consilio
971 2049 1005 2075 «t
1022 2043 1121 2075 sorti-

140 2097 281 2135 tudine,
312 2091 427 2127 adhuc
451 2101 561 2127 aetate
584 2094 731 2134 florens,
757 2101 892 2127 tantum
920 2093 1014 2125 enim
1037 2093 1120 2125 vixit

140 2158 251 2179 annos
277 2157 331 2178 sex
358 2152 388 2177 et
413 2145 662 2189 quadraginta.
698 2152 733 2178 ut
762 2146 798 2177 in
824 2143 1006 2178 Arcadicis
1030 2144 1120 2186 apud

140 2196 350 2242 Pausaniam
368 2203 549 2235 narratur,
577 2195 778 2228 interfectus
794 2202 862 2235 est,
889 2206 967 2227 cum
986 2201 1015 2226 et
1035 2194 1125 2226 inter

140 2246 234 2281 Deos
258 2247 323 2279 coli
349 2246 469 2285 vellet,
498 2252 530 2277 et
554 2246 737 2278 obscoenis
753 2246 991 2288 voluptatibus
1011 2255 1045 2276 se
1064 2246 1123 2276 de-

143 2299 249 2330 deret.
310 2296 409 2338 Quae
437 2296 561 2328 delicta
587 2295 681 2329 Deus
705 2294 937 2329 horribilibus
959 2295 1125 2338 exemplis

145 2347 245 2390 punit
267 2347 368 2379 etiam
395 2347 430 2378 in
456 2344 518 2379 hac
544 2348 623 2381 vita.
676 2346 811 2381 Deinde
831 2353 863 2380 et
881 2358 942 2390 per
961 2346 1125 2388 coniuges

143 2406 173 2430 et
195 2398 283 2430 filios
300 2404 416 2439 vagata
437 2404 519 2430 sunt
536 2409 686 2441 poenae,
714 2404 752 2431 ut
770 2409 874 2441 supra
893 2396 1056 2431 diximus.

384 2480 652 2514 Alexander
679 2481 885 2527 Magnus.

246 2544 410 2579 Extincto
426 2543 590 2590 Philippo
607 2547 698 2579 filius
714 2545 788 2579 Ale
788 2558 809 2579 ι
813 2543 928 2579 ander
943 2558 980 2578 ex
999 2544 1070 2591 01)
1076 2559 1127 2578 m-

147 2598 266 2640 piade
294 2607 382 2640 quae
408 2596 591 2630 nobilitate
615 2598 700 2630 alias
728 2598 891 2639 coniuges
915 2597 1128 2637 antecelluit,

147 2659 253 2689 regno
273 2646 498 2680 Macedoniae
515 2648 644 2690 potitus
664 2656 724 2684 est.
778 2647 827 2681 Λς
846 2648 985 2692 prodest
1006 2649 1127 2680 memi-

898 99 1190 139 CIIRONJCON
1217 99 1461 136 CARIONJS.

2080 105 2152 138 830

1173 185 1264 217 nisse
1291 192 1427 228 tempus
1454 185 1545 217 initii
1573 186 1669 228 regni
1695 185 1906 228 Alexandri,

1171 235 1252 267 inde
1272 243 1426 279 tempora
1446 243 1521 279 post
1538 248 1616 268 eum
1633 244 1831 270 sumuntur.

1941 188 2022 231 quia
2045 190 2153 222 multa

1271 292 1495 339 Olympiadis
1518 295 1725 328 centesimae
1748 296 1954 329 undecimae
1969 308 2062 330 anno
2082 299 2153 341 pri-

1171 356 1227 376 mo
1245 346 1359 388 coepit
1376 357 1519 387 regnare
1531 344 1745 385 Alexander,
1774 347 1872 379 cuius
1888 348 2055 390 temporis
2071 361 2152 392 pro-

1169 401 1247 437 pter
1269 396 1515 428 certitudinem
1540 407 1640 438 saepe
1666 396 1702 429 fit
1728 397 1871 430 mentio.
1933 396 2015 430 Fuit
2038 406 2151 431 autem

1169 456 1283 477 annus
1307 458 1324 477 a
1349 446 1492 478 condito
1517 448 1650 478 mundo
1671 445 1782 480 3628.
1841 445 1872 478 Α
1897 447 2011 481 reditu
2037 447 2155 481 Nehe-

1169 495 1258 527 miae
1291 507 1330 528 ex
1357 494 1539 539 Babylone
1566 496 1600 527 in
1627 494 1789 528 Iudaeam
1817 508 1909 528 anno
1927 498 1985 531 88.
2011 511 2089 530 cum
2116 501 2149 531 in

1170 544 1294 578 Iudaea
1315 545 1475 578 Pontifex
1493 552 1578 578 esset
1596 545 1741 585 Iaddus,
1768 546 1866 578 cuius
1885 547 1991 579 frater
2009 548 2151 582 Manas-

1168 607 1219 628 ses
1252 596 1348 628 aliud
1378 597 1549 639 templum
1581 602 1701 628 contra
1736 597 1843 637 legem
1870 595 1933 628 Dei
1969 598 2004 629 in
2032 608 2151 632 monte

1168 646 1363 686 Samariae,
1391 647 1448 690 qui
1472 645 1679 678 nominatur
1704 644 1847 678 Garizin
1873 659 1979 689 prope
2001 647 2150 688 Sichem,

1168 697 1335 729 condidit.
1390 696 1438 729 lta
1463 703 1547 729 tunc
1571 708 1642 728 non
1667 696 1725 728 diu
1752 703 1825 738 post
1854 697 2004 730 reditum
2026 710 2065 729 ex
2080 697 2150 731 Ba-

1168 747 1296 791 bylone
1314 747 1459 779 ambitio
1479 753 1512 779 et
1529 746 1724 778 discordiae
1740 745 1947 779 Pontificum
1968 748 2001 779 in
2022 748 2149 782 Iudaea

1168 797 1355 829 turbabant
1380 803 1413 829 et
1439 796 1597 840 politiam
1622 803 1654 828 et
1677 797 1890 836 doctrinam,
1922 803 1953 829 et
1980 798 2150 837 legitimos

1168 847 1292 881 cultus.
1346 846 1451 888 Quod
1485 859 1524 878 eo
1556 846 1667 887 magis
1697 847 1826 879 mirum
1860 854 1926 886 est,
1962 849 2042 892 quia
2068 846 2151 882 llaec

1168 904 1324 939 tempora
1343 895 1529 929 Neltemias
1547 897 1679 938 attigit,
1705 897 1765 941 qui
1784 897 1868 929 vixit
1889 898 2025 930 circiter
2039 911 2150 931 annos

1171 946 1252 978 130.
1324 945 1440 978 Huius
1468 946 1555 978 tanti
1592 947 1655 978 viri
1689 948 1908 980 autoritatem
1947 949 1981 980 in
2015 958 2150 982 senecta

1168 1002 1375 1040 spreverunt
1394 996 1570 1036 iuniores,
1597 996 1714 1039 cupidi
1733 997 1997 1032 dominationis,

1270 1056 1383 1100 Supra
1424 1056 1556 1088 dictum
1595 1062 1663 1096 est,
1702 1067 1799 1097 reges
1828 1055 2078 1090 Macedonicos
2110 1060 2152 1090 ab

1168 1105 1323 1139 Hercule
1347 1113 1443 1139 ortos
1467 1118 1556 1145 esse,
1590 1113 1732 1149 paterna
1758 1107 1903 1147 origiue.
1967 1106 2152 1152 Olympias

1168 1169 1269 1198 vero,
1297 1154 1620 1196 materAlexandri‚
1645 1169 1683 1189 ex
1694 1153 1865 1189 Aeacidis
1883 1164 1941 1195 est,
1970 1157 2032 1191 hac
2051 1160 2151 1191 serie:

1221 1208 1366 1241 Aeacus.

1219 1257 1344 1291 Peleus
1356 1285 1364 1298 ,
1391 1258 1475 1291 vicit
1492 1256 1698 1291 Centauros.

1220 1306 1399 1349 Achilles,
1425 1309 1517 1340 silius
1531 1308 1643 1347 Pelei,
1670 1307 1753 1339 dolo
1768 1308 1970 1341 interfectus
1985 1321 2001 1341 a
2019 1309 2154 1344 Paride.

1222 1357 1379 1403 Pyrrhus
1402 1358 1604 1390 interfectus
1629 1358 1671 1388 ab
1688 1355 1813 1390 Oreste
1832 1366 1974 1402 propter
1992 1359 2156 1393 Hermio-

1323 1420 1411 1447 nen,
1438 1408 1545 1439 filiam
1563 1406 1729 1442 Menelai.

1223 1458 1398 1492 Molossos
1414 1470 1471 1490 rex
1488 1456 1588 1500 Epiri
1606 1464 1635 1490 et
1654 1456 1789 1494 Pielus,
1816 1459 1888 1490 nati
1907 1471 1943 1492 ex
1957 1459 2157 1494 Androma-

1326 1507 1387 1541 cha
1401 1536 1408 1547 ,
1436 1508 1519 1539 olim
1538 1507 1698 1540 Hectoris
1716 1508 1873 1548 coniuge.

1225 1558 1254 1593 A
1275 1558 1372 1592 Pielo
1396 1558 1561 1591 scribitur
1585 1564 1680 1590 ortos
1704 1570 1775 1591 esse
1799 1567 1981 1603 sequentes
2007 1573 2101 1601 reges
2123 1564 2156 1593 in

1326 1608 1458 1652 Epiro,
1485 1616 1524 1641 ut
1542 1614 1659 1640 narrat
1677 1607 1867 1641 Pausanias
1886 1610 1919 1641 in
1938 1610 2075 1646 Atticis.

1224 1660 1452 1703 Tarynnbam.

1224 1707 1396 1742 Alcetam.
1449 1705 1501 1740 Ex
1519 1705 1585 1739 hoc

1224 1758 1474 1802 Neoptolemus
1490 1764 1523 1790 et
1540 1757 1726 1802 Arymbas.

1276 1808 1464 1853 Olympias
1489 1807 1709 1853 Neoptolemi
1735 1809 1824 1849 filia,
1858 1818 1967 1842 mater
1989 1812 2052 1844 suit
2079 1811 2163 1846 Alc-

1174 1860 1301 1894 xandri
1330 1858 1472 1900 Magni,
1501 1866 1534 1892 et
1558 1870 1657 1891 soror
1679 1858 1872 1892 Alexandri
1890 1859 2075 1903 Epirotae,
2104 1865 2162 1907 qui

1176 1923 1255 1942 cum
1288 1910 1325 1942 in
1353 1908 1488 1942 ltaliam
1522 1909 1730 1948 traiecisset,
1764 1916 1802 1942 ut
1829 1910 2032 1944 Tarentinis
2062 1925 2163 1956 opem

1175 1963 1279 1994 ferret
1298 1966 1417 1991 contra
1436 1958 1597 1997 Brutios,
1626 1959 1660 1990 in
1680 1958 1813 1991 brutiis
1832 1961 1941 2003 periit.

1280 2009 1457 2043 Arvmbae
1482 2009 1575 2041 hlius
1601 2009 1664 2041 suit
1692 2009 1878 2050 Aeacides,
1906 2019 2002 2053 pater
2026 2011 2166 2056 Pvtrlti,

1178 2061 1237 2106 qui
1255 2060 1303 2105 P)
1299 2058 1413 2093 rrhus
1432 2066 1548 2102 postea
1569 2071 1647 2091 cum
1668 2058 1840 2093 Romanis
1859 2038 1991 2093 litllum
2009 2064 2120 2103 gessit

1279 2117 1309 2150 N
1314 2124 1389 2150 alus
1404 2123 1450 2149 est
1470 2117 1512 2159 i‘.
1507 2117 1575 2149 ''tui
1593 2115 1655 2149 Ah
1649 2129 1677 2148 x
1683 2117 1792 2150 ander
1808 2117 1958 2161 M=gnus
1977 2132 2014 2150 ιχ
2031 2121 2167 2154 duabus

1177 2168 1320 2201 familiis
1342 2168 1377 2200 in
1405 2168 1554 2200 Graecia
1583 2168 1906 2210 praestantissimis,
1942 2169 2102 2204 videlicet
2127 2184 2166 2204 ex

1178 2219 1341 2252 llerculis
1358 2225 1389 2251 et
1407 2217 1511 2251 Aeaci
1534 2218 1745 2261 posteritate.

1252 2321 1448 2358 Darius,
1491 2320 1686 2352 ultimus
1720 2328 1802 2352 rea·
1836 2322 2101 2355 Persarum.

1281 2394 1456 2437 Regnavit
1483 2405 1595 2426 annos
1619 2405 1687 2427 sex.
1756 2392 1879 2437 Coepit
1907 2396 1999 2428 enim
2024 2408 2169 2436 regnare

1180 2447 1301 2478 eodem
1321 2458 1433 2484 anno,
1458 2456 1527 2488 quo
1547 2441 1733 2487 Philippus
1749 2451 1907 2477 mortuus
1924 2453 1968 2478 est
1983 2474 1989 2484 ,
2018 2458 2035 2479 ιι
2054 2446 2166 2489 liagoa

1180 2497 1239 2540 qui
1258 2494 1399 2528 Ochum
1423 2501 1455 2527 et
1474 2494 1644 2527 Arsamen
1665 2506 1799 2526 xeneno
1819 2497 2024 2535 sustulerat,
2052 2510 2169 2529 arcei-

1181 2548 1266 2578 situs
1283 2547 1323 2579 ad
1345 2557 1491 2586 regnum
1511 2552 1653 2588 propter
1665 2545 1870 2588 opinionem
1891 2559 1902 2576 x
1916 2547 2040 2580 irtutis.
2078 2547 2166 2579 Cum

1182 2597 1274 2629 enim
1304 2595 1512 2628 Artaxerxes
1537 2595 1667 2627 bellum
1695 2595 1794 2637 gessit
1825 2608 1902 2628 cum
1929 2596 2108 2633 Cadusiis,
2139 2605 2167 2629 et

1181 2647 1324 2692 quidam
1341 2645 1512 2679 Cadusius
1535 2652 1737 2687 provocaret
1755 2658 1864 2678 unum
1881 2658 1918 2677 ex
1937 2646 2082 2678 Persicis
2102 2649 2168 2679 du-

1524 2695 1572 2729 53
1590 2693 1607 2709 *¹
