2324 2955
83 100 153 136 125

180 183 251 216 Nec
282 184 387 217 mella
410 183 587 216 offerenda
609 190 708 224 sunt,
743 184 776 216 id
801 191 872 224 est,
906 195 977 216 non
1001 183 1058 216 in-

80 234 248 267 nectenda
265 241 314 267 est
332 234 491 267 doctrina
509 235 553 266 ad
579 234 720 276 plausus
745 235 947 278 populares,
984 246 1057 266 non

78 284 122 317 ad
133 283 335 327 Principum
352 291 410 317 aut
424 284 546 326 populi
560 284 765 326 cupiditates
783 285 1056 327 attemperanda,

78 345 151 366 non
167 341 240 366 arte
257 334 403 366 fucanda
419 340 499 366 sunt
514 334 675 376 dogmata
686 359 694 371 ,
717 342 753 368 nt
773 341 892 367 contra
915 340 1056 366 senten-

77 384 163 417 tiam
178 383 334 416 divinam
351 383 580 417 blandiamur
598 381 771 416 humanae
794 384 943 424 rationi,
967 384 1055 417 sicut

77 433 339 472 samosatenus,
366 432 529 467 Servetus
547 441 577 466 et
597 434 726 467 similes
744 441 975 477 corruperunt
991 435 1054 466 do-

76 483 223 516 ctrinam
242 483 285 515 de
302 482 373 515 silio
383 481 459 518 Dei.
512 484 592 516 Non
610 483 801 516 omittenda
826 491 875 517 est
893 484 1053 516 doctrina

75 533 118 565 de
135 532 366 575 poenitentia,
394 540 424 566 et
441 534 678 566 confirmanda
703 534 868 567 securitas
889 541 920 567 et
943 534 1054 567 licen-

75 582 122 616 tia
140 582 237 616 inani
252 583 376 616 umbra
396 583 684 618 ceremoniarum,

175 647 290 682 Salem
309 660 388 680 vero
404 649 499 681 iubet
516 648 598 681 addi
619 648 786 688 victimis,
814 646 880 682 hoc
902 656 969 689 est,
995 649 1052 680 in-

74 704 272 742 corruptam
297 698 514 737 doctrinam,
538 705 570 731 et
594 698 841 741 cogitationem
871 711 984 731 veram
1009 700 1052 731 de

71 747 167 788 Deo,
202 748 238 779 in
263 760 329 793 qua
352 747 493 788 Timor,
527 747 650 788 Fides,
679 747 881 791 Invocatio,
906 748 1050 781 Gratia-

72 809 149 830 rum
181 798 269 830 actio
300 799 545 831 accendantur.
608 798 734 831 Procul
768 800 978 831 removenda
1001 804 1050 831 est

72 847 179 890 impia
211 854 243 880 et
274 845 410 880 ethnica
439 848 634 891 persuasio,
669 861 755 892 quae
779 849 900 891 fingit,
935 848 1048 882 Deum

70 897 340 930 mactationibus
367 905 427 931 ant
456 899 607 931 externis
635 898 821 940 tragoediis
844 898 932 941 coli,
974 898 1048 930 sine

69 946 280 990 cogitatione
301 948 394 980 vocis
417 949 573 988 divinae,
598 948 699 990 Legis
724 956 756 981 et
781 946 981 990 Evangelii,
1015 955 1047 981 et

69 998 144 1030 sine
162 998 367 1030 ardentibus
392 998 545 1030 motibus
570 998 696 1031 cordis,
749 997 886 1031 Romae
903 998 1045 1042 quidam

68 1047 259 1090 imperator
287 1046 323 1078 in
348 1058 419 1079 uno
442 1048 609 1080 sacrificio
633 1056 772 1081 centum
795 1054 930 1088 tauros,
964 1060 1046 1080 cen-

67 1104 141 1130 tum
166 1096 301 1136 leones,
336 1103 368 1129 et
395 1104 533 1130 centum
557 1098 692 1142 aquilas
715 1098 890 1132 mactavit.
957 1097 1045 1130 Tale

68 1146 274 1180 sacrificium
291 1153 341 1179 est
361 1147 473 1179 inanis
492 1148 676 1181 ostentatio
692 1159 817 1191 opum,
848 1159 938 1191 quae
953 1148 1046 1180 mul-

66 1196 234 1240 tipliciter
260 1196 373 1230 irritat
401 1197 485 1229 iram
511 1196 589 1234 Dei.
655 1197 706 1231 lta
728 1197 824 1230 Deus
845 1209 916 1230 sese
942 1197 1045 1230 nobis

65 1246 300 1280 communicat
323 1253 356 1279 et
378 1259 456 1279 vere
479 1248 594 1288 adest,
621 1255 654 1281 et
674 1248 783 1290 fulget
806 1248 844 1279 in
868 1247 1045 1280 mentibus

66 1296 217 1336 nostris,
246 1308 323 1327 cum
348 1296 511 1328 excitatae
533 1304 666 1329 mentes
690 1309 773 1328 voce
796 1297 916 1328 divina
936 1308 1044 1338 agno-

68 1351 168 1378 scunt
191 1356 287 1383 eum,
320 1344 408 1375 sicut
431 1354 465 1374 se
489 1344 665 1386 patefecit,
696 1351 727 1377 et
749 1345 932 1377 intuentur
955 1358 1046 1384 eum,

65 1395 156 1427 acin
181 1393 271 1424 veris
294 1393 476 1424 doloribus
498 1394 540 1424 ad
569 1405 647 1425 eum
671 1394 897 1434 confugiunt,
923 1400 1045 1435 petunt

64 1441 353 1486 gubernationem
370 1447 402 1473 et
419 1441 603 1481 auxilium,
627 1448 659 1474 et
676 1442 711 1473 in
721 1441 795 1475 Deo
811 1442 1044 1485 acquiescunt,

63 1499 192 1526 erectae
209 1502 290 1523 voce
305 1489 435 1523 divina.
483 1490 579 1523 Talis
595 1491 758 1533 cogitatio
775 1491 954 1523 doctrinae
972 1502 1043 1523 non

63 1542 216 1581 insulsa,
242 1552 314 1573 non
334 1540 504 1584 insipida,
531 1541 588 1573 sed
609 1541 645 1572 in
663 1541 767 1573 corde
791 1552 892 1572 veros
919 1548 1044 1580 motus,

62 1602 225 1637 pavoreS,
263 1590 420 1630 dolores,
456 1591 639 1634 fiduciam,
681 1590 852 1623 laeticiam
884 1590 1043 1630 miscens,

62 1643 143 1676 salis
164 1641 344 1674 mentione
367 1640 600 1683 significatur,
642 1653 747 1684 quam
780 1640 1041 1683 interpretatio—

61 1705 140 1726 nem
158 1690 283 1724 vetusti
301 1690 388 1724 ritus
407 1690 510 1723 tradit
529 1690 620 1723 filius
635 1689 722 1731 Dei,
750 1703 828 1723 cum
852 1691 901 1723 ait
926 1691 962 1722 in
985 1702 1041 1723 ca-

61 1744 131 1788 pite
141 1740 254 1774 Marci
270 1752 382 1773 nono:
409 1739 489 1773 Non
504 1740 575 1773 sale
589 1747 723 1774 tantum
734 1767 743 1782 ,
766 1741 824 1773 sed
842 1741 921 1783 igne
937 1741 1040 1774 etiam

60 1804 132 1827 esse
155 1791 371 1825 condiendos
394 1791 541 1824 animos.
599 1790 684 1824 Vult
705 1802 800 1824 acres
824 1798 857 1824 et
880 1792 1042 1824 ardentes

59 1849 196 1882 motus,
223 1852 322 1875 veros
339 1840 477 1873 dolores
489 1867 498 1881 ,
522 1846 555 1873 et
571 1840 741 1874 laeticiam
759 1841 795 1873 in
808 1840 881 1873 Deo
897 1842 1040 1885 aequie-

59 1899 229 1932 scentem,
260 1891 355 1925 iuxta
384 1902 502 1923 vocem
527 1890 683 1923 divinam
705 1892 742 1923 in
766 1892 869 1924 nobis
892 1891 1040 1925 misceri.

58 1942 106 1977 Et
127 1954 245 1975 curam
268 1941 443 1974 retinendi
468 1940 548 1973 salis
574 1941 676 1983 nobis
701 1942 940 1981 commendat,
986 1942 1041 1973 in-

59 1994 200 2038 quiens:
236 1991 356 2024 Bonus
380 1998 430 2024 est
455 1991 522 2030 sal,
550 1989 713 2025 Retinete
737 1992 775 2024 in
797 1992 898 2025 vobis
922 1992 1040 2032 salem,

59 2050 92 2077 et
107 2043 182 2076 sitis
200 2042 291 2075 inter
312 2052 374 2074 vos
390 2042 592 2074 concordes.

142 2107 334 2151 Praecipua
349 2113 433 2140 sunt
448 2103 533 2139 haec
551 2107 712 2141 mandata
727 2104 769 2140 de
784 2108 1040 2150 gubernatione

57 2161 95 2193 in
131 2157 306 2197 Ecclesia,
354 2157 505 2190 retinere
547 2156 742 2190 doctrinam
784 2158 1039 2201 incorruptam,

57 2216 148 2243 recte
165 2208 376 2241 intellectam
387 2233 397 2247 ,
421 2218 485 2239 nec
503 2206 644 2239 turbare
660 2219 881 2247 consensum,
908 2215 968 2242 aut
984 2220 1038 2242 er—

56 2272 135 2293 rore
161 2258 305 2296 iudicii,
331 2264 391 2290 aut
413 2257 679 2295 malevolentia,
706 2259 922 2300 ambitione,
955 2259 1037 2292 odio

57 2317 92 2346 et
109 2309 186 2344 aliis
205 2307 321 2353 pravis
337 2307 510 2340 incendiis
526 2307 738 2343 animorum.

157 2374 254 2417 Quid
269 2372 443 2407 Ecclesiae
458 2372 570 2405 mains
587 2379 618 2405 et
636 2373 762 2407 melius
777 2381 897 2418 optare
915 2387 1036 2420 possum

56 2437 152 2465 mus,
178 2436 282 2469 quam
301 2430 338 2457 nt
356 2422 439 2456 haec
457 2424 530 2455 duo
554 2420 691 2456 habeat.
746 2423 879 2463 Salem,
916 2426 950 2459 id
976 2434 1037 2467 est,

57 2475 176 2510 iudicii
209 2473 472 2514 rectitudinem,
506 2471 602 2506 iuxta
632 2485 751 2506 vocem
782 2475 962 2518 divinam,
1003 2485 1035 2510 et

55 2525 292 2560 concordiam.
363 2522 444 2556 Non
479 2523 554 2556 sine
588 2523 757 2566 singulari
793 2532 891 2558 motu
924 2527 1034 2559 animi

56 2578 187 2609 dictum
204 2581 254 2608 est
271 2587 289 2608 a
306 2573 378 2605 filio
395 2571 476 2605 Dei:
500 2571 622 2606 Bonus
644 2581 694 2607 est
717 2574 783 2614 sal,
810 2575 908 2619 quasi
925 2577 1032 2610 dicat:

55 2626 182 2669 lugens
205 2625 339 2659 bonum
355 2629 405 2658 est
421 2623 579 2659 doctrina
595 2625 732 2670 prolata
747 2637 786 2659 ex
804 2625 885 2660 sinu
903 2628 1032 2661 aeterni
1053 2669 1058 2676 ι

632 97 794 134 DECL.
834 97 906 134 DE
946 96 1178 135 SALINlS
1210 100 1538 140 SAXONICIS.

2016 112 2089 147 126

1107 185 1234 241 patris,
1262 198 1329 231 qua
1354 199 1388 220 se
1404 188 1496 222 Deus
1515 191 1671 234 patefecit
1685 189 1839 227 humano
1854 195 1990 237 generi,
2018 208 2086 240 qua

1107 236 1258 269 restituit
1287 243 1462 271 aeternam
1492 240 1663 274 iusticiam
1691 249 1723 276 et
1746 244 1870 284 vitam,
1909 246 1967 277 sed
1994 253 2084 279 recte

1107 285 1333 328 intelligenda
1360 294 1425 327 est,
1460 301 1531 322 non
1557 292 1766 326 misceantur
1789 296 1917 327 sordes.
1982 294 2083 328 Hanc

1105 335 1263 368 divinam
1291 337 1566 372 admonitionem
1597 349 1628 375 et
1660 355 1720 375 vos
1749 344 1926 377 auditores
1950 345 2083 387 infigite

1104 385 1249 423 animis,
1275 393 1307 418 et
1326 387 1425 419 vobis
1442 401 1580 434 quoque
1596 393 1800 425 concionari
1815 394 1924 427 filium
1934 393 1999 427 Dei
2016 395 2083 429 sci-

1105 441 1186 470 tote.
1239 434 1402 470 Retinete
1419 440 1524 471 salem
1543 447 1575 473 et
1592 443 1826 477 concordiam.

1205 483 1253 518 Et
1270 485 1400 519 Paulus
1423 488 1552 533 inquit:
1580 490 1633 523 Sit
1649 503 1761 524 sermo
1781 500 1892 527 vester
1908 495 1977 527 sale
1995 507 2080 528 con-

1103 535 1216 575 ditus,
1241 535 1285 568 sit
1309 544 1466 580 sumptus
1484 551 1523 571 ex
1543 541 1722 573 doctrinae
1738 542 1910 583 sontibus,
1936 552 1968 578 et
1984 556 2080 577 acce-

1103 586 1161 618 dat
1191 585 1312 618 iudicii
1344 588 1527 621 rectitudo.
1590 589 1826 624 Consideretis
1853 594 1938 637 quid
1970 595 2080 627 causis

1103 635 1307 678 conveniat,
1341 637 1424 680 quid
1443 639 1605 672 sanandis
1624 641 1808 673 animabus
1826 643 1947 684 prosit.
1999 643 2081 676 Non

1101 685 1145 718 sit
1161 686 1302 718 sordida
1327 694 1360 719 et
1382 688 1493 720 futilis
1512 690 1708 731 garrulitas,
1761 690 1840 723 Non
1867 692 1981 731 falsis,
2007 704 2081 725 non

1101 735 1252 776 insulsis,
1278 748 1349 768 non
1367 738 1574 780 prodigiosis
1591 740 1772 782 paradoxis
1789 742 1950 775 turbante
1959 740 2082 774 Eccle-

1101 785 1206 825 siam,
1244 785 1332 818 sicut
1354 794 1433 819 ante
1459 800 1585 830 paucos
1611 801 1722 822 annos
1744 790 1887 833 quidam
1912 792 2082 835 impostor

1101 836 1272 878 paradoxa
1292 836 1420 876 edidit,
1448 838 1630 881 inquibus
1654 846 1685 871 et
1709 836 1793 872 haec
1819 849 1933 881 erant,
1968 842 2081 874 insul-

1099 885 1232 918 sissime
1254 897 1293 917 ex
1311 885 1509 919 Stoicorum
1536 889 1671 931 porticu
1698 889 1734 920 in
1749 887 1939 923 Ecclesiam
1966 898 2080 924 trans-

1100 941 1211 968 vecta:
1243 932 1374 968 Omnia
1400 943 1537 979 peccata
1560 939 1656 981 paria
1680 950 1767 980 esse,
1796 938 1928 975 Omnia
1951 941 2079 974 scelera

1101 985 1293 1018 necessario
1313 985 1405 1025 fieri,
1432 993 1495 1019 etc.

1199 1034 1268 1068 Sed
1298 1035 1424 1068 omitto
1458 1035 1548 1069 hanc
1579 1039 1889 1074 enumerationem.
1943 1038 2075 1074 Cohor-⁴

1097 1095 1194 1116 resco
1218 1084 1311 1117 enim
1335 1085 1492 1127 cogitans
1515 1093 1547 1119 et
1567 1087 1702 1119 furores
1718 1088 1821 1129 istos,
1845 1096 1877 1122 et
1893 1101 2078 1122 aerumnas

1096 1132 1283 1167 Ecclesiae.
1350 1134 1422 1168 Nee
1444 1137 1486 1169 de
1507 1136 1578 1170 sale
1601 1137 1732 1171 dicenti
1754 1140 1918 1174 convenit
1947 1140 2080 1174 insulse

1097 1184 1188 1217 dicta
1212 1185 1403 1219 cumulare.

1198 1231 1336 1268 Omitto
1355 1236 1478 1276 etiam,
1509 1244 1653 1281 propter
1679 1240 1846 1282 temporis
1870 1241 2078 1283 angustiam,

1097 1295 1133 1316 ea
1152 1295 1242 1327 quae
1259 1285 1304 1317 de
1317 1285 1462 1327 figurate
1478 1286 1598 1327 dictis,
1627 1300 1714 1332 quae
1724 1289 1841 1322 Latini
1858 1291 1943 1323 sales
1961 1292 2078 1324 nomi-

1097 1340 1282 1371 naverunt,
1300 1332 1356 1365 hie
1371 1336 1452 1366 addi
1471 1342 1642 1376 poterant,
1659 1338 1719 1380 qui
1734 1339 1781 1371 sic
1797 1341 1969 1372 nominati
1986 1348 2077 1380 sunt,

1097 1380 1178 1423 quia
1201 1387 1284 1413 sunt
1308 1382 1402 1414 velut
1426 1383 1647 1417 condimenta
1668 1388 1857 1428 sermonis,
1884 1396 1916 1421 et
1934 1397 2077 1433 propter

1098 1429 1285 1470 figurarum
1304 1438 1521 1464 venustatem
1537 1440 1619 1466 sunt
1635 1436 1785 1468 acriores
1809 1439 2076 1479 admonitiones,

1096 1484 1129 1510 et
1160 1478 1264 1510 altius
1294 1487 1479 1521 penetrant
1507 1481 1543 1513 iu
1568 1483 1714 1519 animos.
1774 1485 1956 1521 Delectant
1981 1490 2075 1522 enim

1095 1526 1245 1568 figurae,
1272 1528 1353 1571 quia
1377 1529 1517 1562 collatio
1541 1543 1657 1563 rerum
1682 1541 1759 1576 apta
1784 1547 1845 1567 ceu
1864 1537 1996 1577 pictura
2014 1545 2076 1578 est,

1095 1582 1127 1608 et
1147 1583 1243 1619 grata
1259 1584 1309 1610 est
1326 1578 1458 1621 ingenii
1480 1580 1637 1614 celeritas
1662 1582 1700 1614 in
1723 1584 1991 1626 collationibus,
2017 1595 2077 1621 aut

1096 1626 1132 1658 in
1148 1627 1259 1659 causis
1274 1629 1466 1664 mutandis.

1196 1676 1293 1719 Quid
1313 1679 1425 1721 potuit
1443 1680 1586 1722 cogitari
1602 1684 1779 1717 venustius
1790 1683 1955 1720 Demadis
1971 1689 2077 1729 dicto,

1095 1738 1174 1759 cum
1192 1726 1257 1759 ait:
1283 1726 1484 1761 Alexandro
1503 1738 1642 1764 mortuo
1668 1735 1856 1767 exercitum
1879 1737 1953 1771 eius
1976 1739 2075 1771 sinii-

1094 1777 1162 1809 lem
1181 1788 1252 1810 esse
1268 1776 1414 1822 Cyclopi
1431 1780 1554 1812 effosso
1571 1783 1698 1815 oculo?

1194 1826 1291 1860 Salsa
1309 1827 1533 1872 reprehensio
1551 1831 1616 1864 fnit
1635 1831 1857 1877 Principum,
1884 1849 1961 1869 cum
1978 1836 2074 1871 Rosa

1094 1875 1329 1909 Maximiliani
1347 1879 1447 1911 miles
1465 1880 1503 1912 in
1520 1881 1603 1914 ludo
1622 1890 1741 1916 nactus
1760 1886 1848 1917 duos
1874 1884 2074 1921 chartaceos

1094 1927 1210 1970 reges,
1239 1927 1488 1972 interrogaret,
1515 1943 1560 1963 an
1584 1933 1766 1974 pecuniam
1785 1936 2007 1978 universam,
2031 1939 2074 1970 de

1093 1989 1160 2021 qua
1178 1977 1381 2019 ludebatur,
1408 1981 1545 2012 auferre
1568 1981 1710 2016 deberet
1733 1984 1777 2024 is,
1804 1986 1864 2028 qui
1886 1992 1954 2019 tres
1977 1999 2073 2030 reges

1092 2024 1254 2067 haberet,
1293 2035 1326 2061 et
1351 2029 1603 2063 assentirentur
1625 2030 1805 2076 Principes
1828 2035 1876 2067 ibi
1902 2036 2073 2079 ludentes,

1091 2084 1165 2111 tum
1199 2076 1294 2110 Rosa
1336 2080 1536 2123 complexus
1569 2079 1854 2116 Maximilianum
1889 2093 2070 2127 astantem,

1090 2128 1244 2161 ostendit
1260 2129 1348 2161 duos
1367 2127 1568 2162 chartaceos
1587 2142 1700 2173 reges,
1728 2139 1761 2166 et
1776 2142 1973 2169 monstrans
1991 2137 2071 2170 Ma-

1089 2178 1331 2219 ximilianum‚
1361 2176 1435 2220 hic,
1461 2180 1593 2224 inquit,
1629 2182 1749 2215 tertius
1775 2191 1835 2219 est.
1895 2185 1952 2219 Sic
1974 2188 2069 2221 enim

1090 2228 1121 2261 ei
1146 2229 1411 2272 obtemperatis,
1451 2236 1490 2263 ut
1510 2228 1711 2264 chartaceis.
1770 2232 1828 2266 Sic
1850 2236 1975 2269 emisso
2000 2239 2068 2271 telo

1090 2278 1273 2322 pecuniam
1293 2280 1448 2315 abstulit.
1486 2279 1603 2314 Licuit
1620 2278 1685 2314 hoc
1696 2279 1830 2324 Rosam,
1856 2285 1919 2318 etsi
1936 2287 1980 2320 ab
1996 2288 2068 2321 alio

1090 2329 1269 2362 videretur
1283 2330 1465 2362 scurrilius
1482 2329 1624 2363 dictum.

1189 2378 1258 2413 Sed
1280 2380 1429 2413 libenter
1453 2377 1544 2412 banc
1570 2387 1702 2423 partem
1728 2383 1897 2417 orationis
1920 2386 1962 2419 de
1984 2389 2068 2420 sali-

1087 2429 1153 2462 bus
1167 2429 1340 2474 relinquo.
1394 2429 1440 2462 Ut
1455 2430 1548 2461 enim
1565 2430 1729 2464 laudatur
1749 2434 1797 2466 sal
1820 2436 1951 2477 patriae
1970 2450 2069 2471 meae

1088 2486 1230 2523 propter
1253 2481 1457 2517 candorem,
1490 2480 1537 2512 ita
1567 2487 1600 2513 et
1632 2492 1695 2524 ego
1725 2485 1875 2517 candido
1909 2487 1979 2520 sale
2004 2490 2067 2520 de-

1087 2530 1206 2563 lector.
1269 2528 1415 2569 Atrum,
1450 2530 1510 2574 qui
1533 2528 1646 2564 Momi
1673 2543 1746 2565 esse
1770 2534 1917 2574 dicitnr,
1953 2545 2065 2571 totum

1087 2580 1250 2624 relinquo
1281 2580 1428 2612 rabiosis
1459 2578 1670 2625 hypocritis,
1716 2584 1776 2627 qni
1813 2586 2004 2619 ambitione
2033 2595 2065 2621 rt

1085 2630 1176 2663 odiis
1196 2630 1287 2664 inter
1304 2641 1376 2664 sese
1396 2637 1548 2673 certant,
1574 2643 1651 2665 cunt
1671 2634 1823 2677 pernicie
1839 2636 1992 2679 publica.
