2324 2955
209 123 281 159 223

211 205 415 255 Sympathia
437 211 469 238 et
485 198 689 245 Antipathia
711 198 900 231 multarum
918 210 1035 232 rerum
1058 197 1096 231 in
1118 210 1183 232 na-

213 267 302 294 tura.
333 258 423 291 Sunt
439 255 530 286 enim
547 250 742 295 propositae
761 249 937 291 imagines,
953 256 992 283 ut
1008 260 1072 281 nos
1090 259 1185 283 corn-

213 307 445 342 monefaciant
462 303 587 335 debere
610 299 769 333 homines
788 300 864 332 Deo
883 300 1079 333 conformes
1102 311 1186 339 esse,

215 366 248 393 et
272 356 432 389 inimicos
455 351 606 385 hostium
626 350 700 385 Dei.
754 348 806 382 Ac
823 351 1015 383 dolendum
1034 356 1084 382 est
1108 361 1186 382 cum

216 408 303 441 aliae
338 411 514 438 creaturae
548 407 684 434 servent
719 400 898 441 ordinem,
935 412 1003 444 quo
1029 400 1187 433 conditae

215 463 311 491 sunt:
345 453 563 488 horribiliter
588 450 722 484 turbari
745 447 839 483 hunc
870 451 1032 484 ordinem
1056 450 1099 483 ab
1122 447 1189 482 ho-

214 507 382 540 minibus,

316 555 486 600 Perpetua
503 560 552 587 est
567 551 752 585 concordia
768 549 939 595 magnetis
958 556 990 582 et
1006 548 1108 589 ferri,
1134 548 1187 581 vel

216 607 332 653 potius
356 604 525 648 magnetis
542 604 583 636 ad
602 603 721 646 polum
739 601 923 640 arcticum,
950 612 1037 644 quae
1054 611 1191 644 sympa-

216 657 290 693 thia
307 655 504 690 mirabilior
520 660 580 686 est.
619 652 692 685 Cur
708 663 771 684 nos
788 649 948 683 homines
964 662 1036 682 non
1053 655 1192 682 tuemur

216 706 439 742 concordiam
464 716 542 737 cum
566 703 662 736 Deo?
700 714 761 735 cur
784 713 855 733 non
883 700 1063 744 sequimur
1079 698 1191 732 Deum

217 756 411 793 trahentem
431 766 493 787 nos
512 754 587 786 luce
604 752 792 796 sapientiae
809 763 899 790 suae,
920 757 959 783 ut
975 750 1104 782 serrum
1122 756 1192 782 tra-

218 807 316 841 hitur
338 819 357 839 a
385 811 562 847 magnete,
597 804 708 835 multo
734 802 935 835 obscuriore
959 800 1082 833 causa?
1120 799 1193 832 Cur

218 857 427 891 discedimus
444 866 461 887 a
477 854 569 893 Deo,
599 865 677 885 cum
703 864 843 894 magnes
860 862 995 894 semper
1014 851 1055 882 ad
1074 850 1193 892 polum

217 908 384 942 arcticum
404 917 438 938 se
453 903 657 937 convertat?
709 902 886 944 Quasdam
905 901 1012 943 igitur
1026 900 1194 942 imagines

216 957 455 991 recitabimus:
481 952 533 987 Ac
552 954 664 997 prima
681 953 737 992 sit,
761 951 800 984 In
814 951 971 983 maximis
991 951 1195 993 corporibus

217 1007 378 1041 miranda
393 1004 574 1038 consensio
589 1010 647 1038 est.
700 1002 888 1035 Stellarum
905 1008 938 1034 et
954 1000 1061 1039 aeris,
1089 1011 1193 1044 quam

218 1058 247 1091 si
267 1057 345 1102 quis
362 1062 464 1098 negat
480 1066 560 1094 esse,
580 1052 760 1085 manifeste
775 1052 890 1085 suerit.
918 1049 1006 1082 Cum
1017 1050 1077 1083 Sol
1094 1062 1110 1082 a
1130 1061 1196 1082 no-

218 1115 289 1142 stro
312 1106 439 1139 vertice
461 1103 624 1142 discedit,
652 1105 710 1135 aer
731 1102 769 1134 fit
791 1100 968 1143 frigidior,
1002 1100 1083 1143 quia
1105 1099 1195 1132 radii

217 1157 355 1202 obliqui
369 1162 449 1189 sunt
470 1153 732 1187 imbecilliores:
761 1163 838 1184 cum
858 1151 898 1182 ad
923 1161 986 1181 nos
1003 1150 1104 1190 redit,
1122 1161 1196 1181 ma-

218 1207 268 1251 gis
285 1206 396 1240 calefit
412 1206 488 1245 a‘e'r,
514 1204 595 1248 quia
615 1203 666 1235 vis
686 1208 734 1234 est
756 1200 868 1233 maior
886 1200 921 1231 in
939 1199 1046 1231 radiis
1071 1199 1196 1232 rectio-

219 1259 328 1292 ribus.
369 1255 459 1289 Cum
476 1260 558 1287 sunt
572 1263 774 1294 congressus
791 1251 1008 1293 planetarum
1026 1249 1195 1281 siccorum

219 1309 256 1341 in
274 1306 372 1339 siccis
388 1304 508 1346 signis,
534 1309 574 1335 ut
592 1302 743 1333 vidimus
759 1311 851 1331 anno
867 1298 1066 1338 millesimo,
1091 1298 1197 1341 quin-

217 1355 428 1401 gentesima,
455 1350 738 1397 quadragesimo,
775 1354 889 1380 aestus
912 1347 949 1377 in
973 1347 1071 1386 ae're,
1104 1352 1137 1378 et
1160 1347 1197 1377 in

218 1415 310 1442 terra
335 1404 469 1438 siccitas
489 1401 601 1434 maior
617 1407 678 1433 est.
730 1397 861 1432 Contra
881 1407 960 1429 cum
981 1403 1062 1430 sunt
1080 1394 1199 1429 humi-

219 1459 345 1491 dorum
364 1463 566 1496 congressus
587 1451 623 1483 in
640 1449 747 1492 signis
766 1446 942 1486 humidis,
969 1446 1082 1478 maior
1098 1452 1149 1478 est
1165 1451 1199 1477 et

221 1507 312 1541 aeris
337 1512 369 1538 et
392 1511 503 1537 terrae
532 1499 735 1533 humiditas.

310 1554 381 1588 Nec
399 1552 546 1586 dubium
565 1556 615 1582 est
638 1547 839 1581 coelestium
863 1555 1049 1588 corporum
1074 1549 1106 1575 et
1130 1543 1199 1576 ele-

220 1612 419 1640 mentorum
436 1600 658 1635 concordiam
676 1597 856 1630 mirificam
875 1606 956 1627 esse.
991 1593 1149 1627 Debebat
1167 1600 1199 1626 et

221 1654 401 1691 rationalis
434 1652 570 1684 animae
601 1660 679 1682 cum
708 1647 781 1680 Deo
814 1652 980 1689 perpetua
1011 1643 1199 1676 concordia

222 1718 311 1747 esse,
337 1715 414 1737 cum
433 1701 574 1747 quidem
591 1697 699 1732 homo
713 1698 757 1730 sit
773 1697 886 1737 imago
904 1694 988 1735 Dei,
1016 1700 1047 1726 et
1068 1693 1200 1726 intelli-

222 1765 278 1801 gat
302 1765 421 1789 causas
442 1749 690 1784 consensionis,
743 1746 811 1780 Sed
832 1746 987 1778 dicamus
1011 1745 1053 1776 de
1073 1743 1201 1787 plantis

223 1808 365 1851 aliquot.
417 1802 578 1835 Balsamo
597 1800 728 1832 ferrum
745 1797 831 1829 adeo
850 1795 1033 1828 inimicum
1059 1801 1125 1833 est,
1151 1800 1201 1831 ut,

225 1869 303 1891 cum
321 1856 414 1888 ferro
431 1857 584 1888 secatur,
609 1861 689 1881 mox
706 1847 834 1880 arefiat.
888 1845 1072 1887 Unguibus
1096 1844 1202 1886 igitur

225 1908 262 1940 in
279 1903 464 1948 scalpendo
485 1907 517 1935 et
535 1900 693 1944 putando
714 1897 883 1931 utendum
903 1902 962 1929 est.
1015 1893 1132 1937 Imago
1153 1899 1203 1926 est

224 1955 418 1993 Ecclesiae,
445 1963 533 1996 quae
557 1961 630 1981 non
652 1949 743 1980 serro
768 1947 918 1989 regenda
940 1952 1009 1985 est,
1035 1945 1093 1977 sed
1119 1955 1202 1976 voce

225 2005 415 2040 doctrinae.
451 1999 605 2034 Balsami
624 2010 725 2031 succo
743 1997 887 2030 aluntur
904 1995 1053 2039 viperae,
1080 2002 1112 2028 et
1129 2006 1203 2026 ma-

226 2068 292 2101 gna
317 2053 453 2097 agmina
475 2052 674 2094 viperarum
706 2047 867 2080 fruticem
893 2046 989 2078 velut
1019 2044 1204 2078 obsidione

227 2108 391 2148 cingunt,
420 2102 637 2135 delectantur
653 2104 686 2130 et
702 2098 826 2131 umbra
844 2096 1021 2129 foliorum.
1074 2093 1205 2128 Succus

227 2163 342 2190 autem
366 2152 514 2187 balsami
538 2148 730 2183 remedium
753 2153 802 2180 est
819 2153 938 2179 contra
956 2157 1089 2178 venena
1113 2145 1205 2189 opti—

228 2218 336 2239 mum.
388 2202 446 2237 Sic
464 2202 608 2235 aluntur
623 2199 799 2240 balsamo,
827 2196 861 2229 id
881 2203 949 2237 est,
975 2208 1058 2229 voce
1075 2195 1206 2229 doctri-

230 2267 295 2289 nae
314 2253 480 2291 coelestis,
508 2257 645 2285 autores
664 2255 696 2281 et
713 2248 912 2280 defensores
929 2246 1101 2278 malorum
1119 2247 1206 2288 dog-

232 2313 382 2342 matum,
422 2309 453 2335 et
481 2307 636 2335 mutatur
667 2298 835 2342 pabulum
872 2297 909 2328 in
933 2308 1078 2331 venena.
1137 2296 1206 2330 Sed

231 2356 423 2389 balsamum
448 2363 567 2385 rursus
590 2349 782 2382 remedium
807 2353 867 2380 est.
927 2344 1017 2379 Olea
1030 2346 1208 2380 <formidat.

233 2415 417 2451 quercum,
445 2403 529 2434 adeo
554 2407 593 2432 ut
615 2399 783 2432 moriatur
799 2409 876 2430 cum
894 2396 1008 2429 vicina
1025 2403 1084 2430 est.
1138 2395 1208 2428 Im-

233 2455 329 2500 peria
355 2458 513 2496 premunt
534 2448 742 2489 Ecclesiam,
769 2460 806 2481 ac
826 2447 1026 2491 praesertim
1046 2458 1123 2478 cum
1149 2454 1208 2480 aut

234 2502 390 2539 centauri
408 2503 566 2543 dogmata
590 2500 767 2538 condunt,
793 2509 853 2531 seu
881 2497 1061 2530 inflectunt
1079 2497 1209 2530 doctri-

235 2567 316 2589 nam
340 2553 382 2586 ad
408 2563 485 2583 suas
511 2549 789 2582 commoditates:
817 2555 876 2581 aut
900 2548 1102 2590 dogmatum
1125 2559 1210 2579 con-

235 2606 365 2638 ditores
398 2607 535 2635 armant
573 2610 608 2631 se
643 2598 831 2632 tribunicia
866 2605 898 2632 et
933 2597 1113 2643 tyrannica
1147 2609 1211 2641 po-

237 2662 357 2689 tentia.

766 112 924 150 DECL.
956 109 1031 147 DE
1063 112 1394 150 MEDICINAE
1427 114 1537 150 USU
1571 125 1655 150 ETC.

2133 117 2208 150 224

1337 198 1509 242 Cognatio
1534 207 1648 234 autem
1678 201 1773 234 oleae
1800 207 1833 235 et
1861 200 1942 234 vitis
1973 201 2118 234 mirifica
2144 207 2205 233 est.

1238 250 1369 284 Inserta
1388 249 1451 281 viti
1469 250 1544 282 olea
1561 251 1669 293 gignit
1686 258 1719 284 et
1735 263 1817 284 uvas
1844 257 1878 283 et
1902 250 2024 286 olivas.
2062 250 2112 284 Ita
2129 262 2209 283 cum

1238 302 1323 333 fides
1347 300 1434 341 regit
1460 311 1583 343 opera,
1614 301 1653 333 fit
1676 301 1788 334 dulcis
1812 301 1955 334 societas
1977 299 2161 343 Evangelii
2178 305 2211 332 et

1238 351 1335 392 legis.
1385 348 1432 382 Et
1455 350 1508 382 lex
1528 350 1565 382 fit
1589 351 1699 383 multo
1720 351 1946 390 foecundior,
1973 350 2140 383 dulcescit
2162 350 2213 382 la-

1240 402 1305 434 bor
1322 406 1354 432 et
1367 399 1441 432 Deo
1459 400 1580 443 placet.
1632 399 1722 433 Sunt
1739 407 1772 433 et
1793 398 2006 445 antipatliiae
2023 400 2214 433 multarum

1242 462 1357 484 rerum
1377 449 1552 484 mirificae.
1606 449 1750 492 Magnes
1768 462 1846 482 cum
1864 451 1984 483 allium
2006 450 2036 483 ei
2054 449 2216 489 illinitur,

1242 513 1314 533 non
1332 496 1438 533 trahit
1456 500 1599 534 ferrum.
1652 499 1779 533 Graeci
1803 500 1923 532 allium
1945 497 2126 545 σκόροδον
2149 510 2215 531 no-

1243 551 1397 589 minant,
1422 551 1516 594 quod
1534 550 1632 583 aiunt
1649 550 1799 589 dictum,
1825 549 1923 593 quasi
1942 548 2069 583 σκαιὸν
2092 545 2216 593 ῥόδον,

1243 612 1319 634 rosa
1337 599 1476 632 foetida.
1529 599 1617 633 Cum
1634 599 1813 633 doctrinae
1829 599 2067 632 infunduntur
2088 597 2218 631 foetida

1244 648 1475 695 sophismata,
1502 650 1574 682 vim
1593 650 1744 694 priorem
1763 649 1907 682 amittit:
1935 656 1974 682 ut
1993 660 2071 681 vera
2089 654 2121 681 et
2139 647 2219 680 dul-

1245 702 1292 734 cis
1314 700 1503 733 consolatio
1523 706 1589 739 est,
1613 700 1727 733 dicere
1749 700 1820 740 illi,
1845 699 2002 744 quivere
2027 696 2220 743 expavescit

1245 750 1422 794 agnitione
1449 750 1518 783 irae
1542 750 1622 783 Dei:
1659 749 1837 782 Iustificati
1860 750 1943 789 fide,
1969 761 2085 792 pacem
2113 746 2220 780 habe-

1245 813 1333 834 mus,
1386 799 1480 833 Haec
1497 799 1695 833 dulcissima
1713 806 1745 833 et
1761 800 1937 832 verissima
1956 812 2021 832 vox
2036 799 2073 831 fit
2093 795 2221 831 σκαιὸν

1246 849 1377 896 ῥόδον,
1415 851 1443 883 si
1469 850 1547 895 quis
1571 850 1676 892 fingat
1701 861 1735 882 se
1760 849 1889 882 iustum
1910 861 1980 882 esse
2003 850 2090 889 fide,
2117 848 2221 882 etiam

1247 913 1325 934 cum
1347 901 1504 933 furenter
1528 906 1723 944 perseverat
1740 900 1776 931 in
1795 899 1982 932 sceleribus
2002 906 2122 932 contra
2137 909 2221 930 con-

1247 951 1437 986 scientiam.
1490 950 1641 984 Dissidia
1657 950 1773 983 nativa
1788 956 1868 982 sunt
1884 950 2073 982 multarum
2088 959 2222 981 rerum:

1247 1001 1383 1045 aquilae
1407 1007 1440 1033 et
1464 1001 1583 1046 cygni,
1609 1007 1647 1033 ut
1671 1011 1790 1042 regum
1807 1006 1839 1033 et
1857 1006 2047 1034 oratorum.
2097 997 2219 1040 Lupo-

1248 1063 1327 1084 rum
1345 1057 1377 1083 et
1395 1051 1532 1089 ovium,
1559 1057 1597 1083 ut
1613 1056 1843 1095 tyrannorum
1861 1057 1893 1083 et
1909 1047 2095 1092 Ecclesiae.
2136 1046 2224 1079 For-

1249 1101 1354 1134 micas
1372 1101 1495 1134 metuit
1512 1112 1606 1138 mus,
1634 1107 1672 1134 ut
1688 1100 1827 1133 sedulos
1843 1106 1875 1132 et
1892 1106 2046 1132 amantes
2061 1098 2224 1130 laborum

1248 1151 1371 1184 metuit
1387 1151 1453 1183 fur.
1507 1150 1654 1182 Infestae
1669 1162 1748 1193 apes
1764 1149 1865 1190 fucis,
1890 1156 1928 1182 ut
1945 1155 2035 1182 recte
2051 1149 2226 1184 docentes,

1250 1201 1383 1243 ignavis
1407 1207 1440 1233 et
1464 1200 1563 1243 gulae
1586 1200 1861 1242 indulgentibus.
1915 1198 2106 1232 Scarabeus
2125 1196 2227 1240 aqui-

1250 1251 1318 1282 lam
1337 1251 1427 1283 odit:
1460 1262 1539 1282 cum
1566 1249 1659 1281 enim
1677 1249 1793 1293 aquila
1818 1249 1955 1282 sorbeat
1974 1259 2038 1281 ova
2062 1245 2227 1286 scarabei,

1250 1300 1401 1330 vicissim
1425 1300 1607 1330 scarabeus
1628 1299 1826 1341 aquilarum
1842 1310 1907 1330 ova
1925 1298 2024 1329 celsis
2041 1296 2227 1329 arboribus

1251 1348 1379 1382 deiicit.
1407 1346 1486 1389 Qua
1500 1358 1536 1379 re
1550 1346 1764 1389 significatur
1778 1346 1881 1379 etiam
1897 1347 2092 1390 potentium
2109 1352 2229 1391 tyran-

1251 1409 1378 1430 norum
1398 1396 1526 1429 iniuste
1543 1397 1631 1429 facta
1650 1397 1693 1429 ab
1710 1396 1839 1429 infimis
1857 1408 1955 1439 posse
1975 1396 2105 1440 puniri.
2159 1394 2230 1429 Sed

1252 1448 1387 1480 illustre
1411 1446 1649 1479 testimonium
1673 1452 1722 1478 est
1752 1445 1993 1489 providentiae
2016 1445 2098 1485 Dei,
2133 1445 2228 1490 quod

1252 1497 1298 1529 ita
1333 1496 1468 1539 plantas
1496 1495 1693 1535 distribuit,
1739 1501 1777 1528 ut
1809 1496 1904 1528 velut
1939 1495 1976 1527 in
2011 1495 2227 1532 oeconomia,

1252 1557 1377 1589 magno
1395 1545 1541 1578 consilio
1559 1545 1636 1578 aliis
1660 1545 1743 1577 alias
1760 1545 1851 1578 vires
1870 1545 2086 1578 attribuerit:
2111 1545 2148 1578 fit
2167 1556 2229 1588 pa-

1253 1597 1308 1629 nis
1328 1607 1368 1628 ex
1391 1595 1593 1635 frumentis,
1626 1595 1737 1633 farre,
1765 1595 1900 1634 tritico,
1935 1596 2033 1641 olyra
2056 1601 2088 1628 et
2110 1595 2230 1639 paucis

1253 1645 1342 1685 aliis,
1360 1657 1508 1690 quarum
1526 1656 1643 1678 rerum
1661 1645 1739 1678 talis
1757 1651 1808 1678 est
1823 1652 1959 1685 natura,
1979 1652 2017 1679 ut
2035 1645 2071 1677 in
2089 1644 2231 1687 sangui-

1253 1707 1332 1728 nem
1359 1707 1546 1739 corporum
1574 1701 1774 1728 nostrorum
1808 1695 1964 1728 converti
1989 1695 2134 1739 possint.
2183 1692 2232 1727 Et

1254 1746 1371 1780 addita
1393 1752 1442 1778 est
1472 1745 1613 1788 rigatio,
1642 1757 1728 1790 quae
1755 1745 1793 1778 fit
1811 1752 1908 1789 potu.
1960 1745 2050 1779 Nam
2067 1745 2160 1778 solae
2176 1755 2231 1777 res

1253 1796 1361 1829 siccae
1376 1796 1532 1828 converti
1551 1795 1586 1827 in
1603 1795 1807 1838 sanguinem
1824 1808 1896 1829 non
1912 1803 2062 1840 possent.
2094 1794 2232 1829 Deinde

1255 1853 1288 1880 et
1304 1847 1508 1879 morborum
1527 1846 1690 1886 remedia,
1706 1857 1793 1890 quae
1812 1858 1883 1879 non
1901 1852 2044 1890 possunt
2061 1857 2132 1879 esse
2151 1844 2234 1885 cibi,

1255 1896 1395 1930 condita
1414 1903 1514 1936 sunt,
1540 1903 1573 1929 et
1596 1902 1690 1930 tanta
1714 1903 1787 1929 arte
1805 1896 2013 1937 distributa,
2038 1903 2077 1929 ut
2094 1895 2233 1940 praevi-

1255 1948 1341 1980 dens
1365 1947 1521 1979 diversos
1545 1946 1704 1984 morbos,
1732 1946 1800 1979 alia
1824 1947 1978 1979 remedia
2000 1946 2078 1979 aliis
2101 1944 2233 1978 morbis

1256 1996 1468 2040 opposuerit.
1521 1994 1601 2029 Alia
1624 1996 1749 2037 bilem,
1784 1996 1850 2029 alia
1883 1997 2046 2040 pituitam
2078 1993 2235 2035 trahunt,

1256 2047 1343 2080 aliae
1358 2045 1485 2080 herbae
1502 2046 1722 2091 opitulantur
1737 2047 1890 2084 cerebro,
1910 2047 1997 2079 aliae
2016 2046 2126 2087 cordi,
2145 2045 2234 2078 aliae

1256 2097 1434 2142 pulmoni,
1456 2098 1544 2130 aliae
1570 2097 1722 2141 pectori,
1749 2096 1836 2129 aliae
1860 2097 1972 2141 epati‚
1999 2096 2085 2129 aliae
2109 2094 2234 2140 spleni,

1257 2148 1345 2181 aliae
1361 2148 1568 2181 ventriculo.

1358 2197 1452 2231 Haec
1478 2198 1659 2232 artificiosa
1683 2197 1884 2231 distributio
1910 2207 2129 2241 nequaquam
2155 2207 2235 2228 casu

1258 2249 1345 2282 facta
1366 2255 1433 2288 est,
1460 2249 1517 2280 sed
1536 2255 1680 2282 testatur
1696 2246 1792 2281 hunc
1813 2248 1984 2280 mundum
2006 2258 2134 2279 arcano
2151 2257 2237 2279 con-

1259 2299 1337 2332 silio
1365 2299 1544 2331 conditum
1567 2310 1658 2337 esse,
1693 2305 1725 2331 et
1746 2298 1888 2342 quidem
1913 2296 1977 2337 ita,
2008 2303 2047 2330 ut
2072 2297 2236 2340 adpareat

1260 2349 1481 2382 conditorum
1497 2356 1671 2384 amantem
1688 2359 1760 2381 esse
1774 2345 1969 2385 hominum,
1997 2347 2078 2392 quia
2095 2358 2148 2380 res
2164 2353 2236 2380 tam

1260 2399 1389 2432 multae
1420 2399 1604 2442 praecipue
1633 2400 1676 2432 ad
1707 2395 1878 2430 humanos
1903 2408 1985 2430 usus
2010 2398 2120 2430 sactae
2143 2403 2236 2430 sunt.

1262 2448 1311 2483 Ac
1339 2447 1444 2482 huius
1468 2448 1726 2482 distributionis
1743 2447 1900 2480 doctrina
1919 2446 1985 2480 Dei
2008 2447 2174 2480 beneficio
2199 2445 2236 2478 in

1262 2506 1334 2532 arte
1357 2507 1475 2533 nostra
1494 2507 1525 2533 et
1552 2497 1765 2544 quotidianis
1784 2498 1949 2540 exemplis
1972 2498 2072 2537 artis,
2100 2508 2237 2529 conser-

1262 2556 1374 2585 vatur.
1410 2550 1528 2593 Quare
1541 2557 1574 2582 et
1589 2554 1730 2593 propter
1745 2548 1949 2590 sapientiam
1966 2547 2029 2582 Dei
2047 2554 2079 2580 et
2096 2553 2238 2590 propter

1263 2607 1416 2633 nostram
1459 2599 1644 2634 utilitatem
1688 2595 1771 2630 haec
1808 2599 1920 2631 studia
1961 2597 2237 2640 magniFacienda

1264 2657 1356 2685 sunt.
1408 2650 1495 2685 Cum
1514 2656 1628 2683 autem
1645 2646 1728 2681 haec
1744 2648 1856 2681 oratio
1871 2648 1938 2681 iam
1954 2645 2132 2688 habeatur,
2159 2659 2237 2681 cum
