<?xml version="1.0" encoding="UTF-8"?>
<!DOCTYPE html PUBLIC "-//W3C//DTD XHTML 1.0 Transitional//EN"
    "http://www.w3.org/TR/xhtml1/DTD/xhtml1-transitional.dtd">
<html xmlns="http://www.w3.org/1999/xhtml" xml:lang="en" lang="en">
 <head>
  <title>
</title>
<meta http-equiv="Content-Type" content="text/html;charset=utf-8" />
  <meta name='ocr-system' content='tesseract 3.04.00' />
  <meta name='ocr-capabilities' content='ocr_page ocr_carea ocr_par ocr_line ocrx_word'/>
</head>
<body>
  <div class='ocr_page' id='page_1' title='image "./operaquaesupersu12melauoft/operaquaesupersu12melauoft_0281.png"; bbox 0 0 2324 2955; ppageno 0'>
   <div class='ocr_carea' id='block_1_1' title="bbox 773 86 2160 141">
    <p class='ocr_par' dir='ltr' id='par_1_1' title="bbox 773 86 2160 141">
     <span class='ocr_line' id='line_1_1' title="bbox 773 86 2160 141; baseline 0.005 -14"><span class='ocrx_word' id='word_1_1' title='bbox 773 91 1035 128; x_wconf 44' lang='lat' dir='ltr'><strong>PI‘IILIPPI</strong></span> <span class='ocrx_word' id='word_1_2' title='bbox 1070 86 1522 128; x_wconf 82' lang='lat' dir='ltr'><strong>MELANTHONIS.</strong></span> <span class='ocrx_word' id='word_1_3' title='bbox 2085 104 2160 141; x_wconf 83' lang='grc'>546</span> 
     </span>
    </p>
   </div>
   <div class='ocr_carea' id='block_1_2' title="bbox 126 175 2157 377">
    <p class='ocr_par' dir='ltr' id='par_1_2' title="bbox 126 175 2157 377">
     <span class='ocr_line' id='line_1_2' title="bbox 230 175 2157 233; baseline 0.007 -23"><span class='ocrx_word' id='word_1_4' title='bbox 230 181 266 216; x_wconf 82' lang='grc'>3,</span> <span class='ocrx_word' id='word_1_5' title='bbox 310 176 468 225; x_wconf 90' lang='lat' dir='ltr'>Oppono</span> <span class='ocrx_word' id='word_1_6' title='bbox 498 178 605 223; x_wconf 82' lang='lat' dir='ltr'>igitur</span> <span class='ocrx_word' id='word_1_7' title='bbox 633 176 864 221; x_wconf 87' lang='lat' dir='ltr'>Malvendae‚</span> <span class='ocrx_word' id='word_1_8' title='bbox 908 190 1116 213; x_wconf 89' lang='lat' dir='ltr'>consensum</span> <span class='ocrx_word' id='word_1_9' title='bbox 1172 175 1311 210; x_wconf 87' lang='lat' dir='ltr'>clesiam</span> <span class='ocrx_word' id='word_1_10' title='bbox 1331 177 1462 222; x_wconf 88' lang='lat' dir='ltr'>pollui,</span> <span class='ocrx_word' id='word_1_11' title='bbox 1488 179 1602 224; x_wconf 87' lang='lat' dir='ltr'>eripui</span> <span class='ocrx_word' id='word_1_12' title='bbox 1619 180 1696 215; x_wconf 84' lang='lat' dir='ltr'>viro</span> <span class='ocrx_word' id='word_1_13' title='bbox 1713 189 1833 217; x_wconf 83' lang='lat' dir='ltr'>sancto</span> <span class='ocrx_word' id='word_1_14' title='bbox 1849 186 2053 230; x_wconf 83' lang='lat' dir='ltr'>coniugem,</span> <span class='ocrx_word' id='word_1_15' title='bbox 2080 192 2157 233; x_wconf 91' lang='lat' dir='ltr'>pol-</span> 
     </span>
     <span class='ocr_line' id='line_1_3' title="bbox 128 226 2156 277; baseline 0.01 -24"><span class='ocrx_word' id='word_1_16' title='bbox 128 230 386 276; x_wconf 64' lang='lat' dir='ltr'>prophetarum</span> <span class='ocrx_word' id='word_1_17' title='bbox 412 237 445 265; x_wconf 70' lang='lat' dir='ltr'>et</span> <span class='ocrx_word' id='word_1_18' title='bbox 470 226 725 274; x_wconf 63' lang='lat' dir='ltr'>Aposlolorum</span> <span class='ocrx_word' id='word_1_19' title='bbox 751 229 846 264; x_wconf 65' lang='lat' dir='ltr'>iuxta</span> <span class='ocrx_word' id='word_1_20' title='bbox 866 230 998 265; x_wconf 67' lang='lat' dir='ltr'>dictum</span> <span class='ocrx_word' id='word_1_21' title='bbox 1021 229 1117 264; x_wconf 61' lang='lat' dir='ltr'>Petri</span> <span class='ocrx_word' id='word_1_22' title='bbox 1170 226 1221 259; x_wconf 88' lang='lat' dir='ltr'>lui</span> <span class='ocrx_word' id='word_1_23' title='bbox 1246 240 1357 261; x_wconf 89' lang='lat' dir='ltr'>meam</span> <span class='ocrx_word' id='word_1_24' title='bbox 1384 235 1416 261; x_wconf 89' lang='lat' dir='ltr'>et</span> <span class='ocrx_word' id='word_1_25' title='bbox 1440 229 1591 264; x_wconf 74' lang='lat' dir='ltr'>alienam</span> <span class='ocrx_word' id='word_1_26' title='bbox 1619 234 1887 277; x_wconf 80' lang='lat' dir='ltr'>conscientiam,</span> <span class='ocrx_word' id='word_1_27' title='bbox 1912 238 2027 271; x_wconf 88' lang='lat' dir='ltr'>virum</span> <span class='ocrx_word' id='word_1_28' title='bbox 2046 240 2156 273; x_wconf 87' lang='lat' dir='ltr'>inter-</span> 
     </span>
     <span class='ocr_line' id='line_1_4' title="bbox 126 276 2155 329; baseline 0.003 -11"><span class='ocrx_word' id='word_1_29' title='bbox 126 283 294 318; x_wconf 84' lang='lat' dir='ltr'>Act.10.:</span> <span class='ocrx_word' id='word_1_30' title='bbox 322 281 414 315; x_wconf 83' lang='lat' dir='ltr'>Huic</span> <span class='ocrx_word' id='word_1_31' title='bbox 429 291 550 313; x_wconf 86' lang='lat' dir='ltr'>omnes</span> <span class='ocrx_word' id='word_1_32' title='bbox 560 278 759 325; x_wconf 78' lang='lat' dir='ltr'>Prophetae</span> <span class='ocrx_word' id='word_1_33' title='bbox 777 281 1018 315; x_wconf 86' lang='lat' dir='ltr'>testimonium</span> <span class='ocrx_word' id='word_1_34' title='bbox 1035 293 1115 326; x_wconf 76' lang='lat' dir='ltr'>per·</span> <span class='ocrx_word' id='word_1_35' title='bbox 1168 276 1222 309; x_wconf 72' lang='lat' dir='ltr'>fici</span> <span class='ocrx_word' id='word_1_36' title='bbox 1240 277 1343 318; x_wconf 78' lang='lat' dir='ltr'>iussi,</span> <span class='ocrx_word' id='word_1_37' title='bbox 1370 280 1518 323; x_wconf 79' lang='lat' dir='ltr'>praebui</span> <span class='ocrx_word' id='word_1_38' title='bbox 1536 293 1695 325; x_wconf 87' lang='lat' dir='ltr'>causam,</span> <span class='ocrx_word' id='word_1_39' title='bbox 1724 292 1761 319; x_wconf 86' lang='lat' dir='ltr'>ut</span> <span class='ocrx_word' id='word_1_40' title='bbox 1779 298 1932 329; x_wconf 89' lang='lat' dir='ltr'>poenae,</span> <span class='ocrx_word' id='word_1_41' title='bbox 1971 290 2095 324; x_wconf 87' lang='lat' dir='ltr'>seditio</span> <span class='ocrx_word' id='word_1_42' title='bbox 2121 299 2155 325; x_wconf 84' lang='lat' dir='ltr'>et</span> 
     </span>
     <span class='ocr_line' id='line_1_5' title="bbox 127 327 2152 377; baseline 0.017 -36"><span class='ocrx_word' id='word_1_43' title='bbox 127 332 254 368; x_wconf 62' lang='lat' dir='ltr'>hibent</span> <span class='ocrx_word' id='word_1_44' title='bbox 279 331 518 366; x_wconf 71' lang='lat' dir='ltr'>remissionem</span> <span class='ocrx_word' id='word_1_45' title='bbox 544 338 765 376; x_wconf 50' lang='lat' dir='ltr'>peccatorum</span> <span class='ocrx_word' id='word_1_46' title='bbox 793 333 948 377; x_wconf 59' lang='lat' dir='ltr'>„ccipere</span> <span class='ocrx_word' id='word_1_47' title='bbox 970 344 1033 377; x_wconf 67' lang='lat' dir='ltr'>per</span> <span class='ocrx_word' id='word_1_48' title='bbox 1049 344 1115 365; x_wconf 76' lang='lat' dir='ltr'>no-</span> <span class='ocrx_word' id='word_1_49' title='bbox 1167 327 1304 361; x_wconf 82' lang='lat' dir='ltr'>infinita</span> <span class='ocrx_word' id='word_1_50' title='bbox 1322 331 1483 364; x_wconf 87' lang='lat' dir='ltr'>scandala</span> <span class='ocrx_word' id='word_1_51' title='bbox 1502 336 1755 377; x_wconf 80' lang='lat' dir='ltr'>sequerentur?</span> <span class='ocrx_word' id='word_1_52' title='bbox 1782 335 1849 369; x_wconf 91' lang='lat' dir='ltr'>Hic</span> <span class='ocrx_word' id='word_1_53' title='bbox 1866 346 1956 371; x_wconf 81' lang='lat' dir='ltr'>certe</span> <span class='ocrx_word' id='word_1_54' title='bbox 1972 340 2089 374; x_wconf 84' lang='lat' dir='ltr'>David</span> <span class='ocrx_word' id='word_1_55' title='bbox 2108 344 2152 375; x_wconf 91' lang='lat' dir='ltr'>ad</span> 
     </span>
    </p>
   </div>
   <div class='ocr_carea' id='block_1_3' title="bbox 130 95 204 133">
    <p class='ocr_par' dir='ltr' id='par_1_3' title="bbox 130 95 204 133">
     <span class='ocr_line' id='line_1_6' title="bbox 130 95 204 133; baseline 0 0"><span class='ocrx_word' id='word_1_56' title='bbox 130 95 204 133; x_wconf 84' lang='lat'>545</span> 
     </span>
    </p>
   </div>
   <div class='ocr_carea' id='block_1_4' title="bbox 126 381 849 427">
    <p class='ocr_par' dir='ltr' id='par_1_4' title="bbox 126 381 849 427">
     <span class='ocr_line' id='line_1_7' title="bbox 126 381 849 427; baseline -0.006 -8"><span class='ocrx_word' id='word_1_57' title='bbox 126 397 207 418; x_wconf 88' lang='lat' dir='ltr'>men</span> <span class='ocrx_word' id='word_1_58' title='bbox 226 384 300 417; x_wconf 89' lang='lat' dir='ltr'>eius</span> <span class='ocrx_word' id='word_1_59' title='bbox 316 393 437 415; x_wconf 89' lang='lat' dir='ltr'>omnes</span> <span class='ocrx_word' id='word_1_60' title='bbox 454 381 516 427; x_wconf 87' lang='lat' dir='ltr'>qui</span> <span class='ocrx_word' id='word_1_61' title='bbox 536 383 684 416; x_wconf 88' lang='lat' dir='ltr'>credunt</span> <span class='ocrx_word' id='word_1_62' title='bbox 700 382 737 415; x_wconf 93' lang='lat' dir='ltr'>in</span> <span class='ocrx_word' id='word_1_63' title='bbox 757 394 849 418; x_wconf 86' lang='lat' dir='ltr'>eum.</span> 
     </span>
    </p>
   </div>
   <div class='ocr_carea' id='block_1_5' title="bbox 1164 379 2149 430">
    <p class='ocr_par' dir='ltr' id='par_1_5' title="bbox 1164 379 2149 430">
     <span class='ocr_line' id='line_1_8' title="bbox 1164 379 2149 430; baseline 0.015 -20"><span class='ocrx_word' id='word_1_64' title='bbox 1164 379 1414 419; x_wconf 78' lang='lat' dir='ltr'><strong>mediatorem,</strong></span> <span class='ocrx_word' id='word_1_65' title='bbox 1443 389 1476 415; x_wconf 90' lang='lat' dir='ltr'>et</span> <span class='ocrx_word' id='word_1_66' title='bbox 1499 384 1541 415; x_wconf 89' lang='lat' dir='ltr'>ad</span> <span class='ocrx_word' id='word_1_67' title='bbox 1568 384 1765 418; x_wconf 79' lang='lat' dir='ltr'>doctrinam</span> <span class='ocrx_word' id='word_1_68' title='bbox 1792 388 1835 419; x_wconf 90' lang='lat' dir='ltr'>de</span> <span class='ocrx_word' id='word_1_69' title='bbox 1861 390 2008 430; x_wconf 84' lang='lat' dir='ltr'>gratuita</span> <span class='ocrx_word' id='word_1_70' title='bbox 2026 393 2149 425; x_wconf 87' lang='lat' dir='ltr'>remis—</span> 
     </span>
    </p>
   </div>
   <div class='ocr_carea' id='block_1_6' title="bbox 229 428 2151 480">
    <p class='ocr_par' dir='ltr' id='par_1_6' title="bbox 229 428 2151 480">
     <span class='ocr_line' id='line_1_9' title="bbox 229 428 2151 480; baseline 0.015 -32"><span class='ocrx_word' id='word_1_71' title='bbox 229 433 263 468; x_wconf 63' lang='lat'>4⁸</span> <span class='ocrx_word' id='word_1_72' title='bbox 293 432 439 473; x_wconf 53' lang='lat' dir='ltr'>Fateor,</span> <span class='ocrx_word' id='word_1_73' title='bbox 467 433 602 478; x_wconf 63' lang='lat' dir='ltr'>inquit,</span> <span class='ocrx_word' id='word_1_74' title='bbox 630 433 708 466; x_wconf 55' lang='lat' dir='ltr'>dari</span> <span class='ocrx_word' id='word_1_75' title='bbox 730 433 974 466; x_wconf 69' lang='lat' dir='ltr'>remissionem</span> <span class='ocrx_word' id='word_1_76' title='bbox 992 445 1114 477; x_wconf 70' lang='lat' dir='ltr'>pecca-</span> <span class='ocrx_word' id='word_1_77' title='bbox 1164 428 1264 462; x_wconf 89' lang='lat' dir='ltr'>sione</span> <span class='ocrx_word' id='word_1_78' title='bbox 1281 431 1508 466; x_wconf 85' lang='lat' dir='ltr'>deducendus</span> <span class='ocrx_word' id='word_1_79' title='bbox 1525 441 1585 474; x_wconf 87' lang='lat' dir='ltr'>est,</span> <span class='ocrx_word' id='word_1_80' title='bbox 1612 435 1700 469; x_wconf 87' lang='lat' dir='ltr'>sicut</span> <span class='ocrx_word' id='word_1_81' title='bbox 1717 435 1791 480; x_wconf 85' lang='lat' dir='ltr'>ipse</span> <span class='ocrx_word' id='word_1_82' title='bbox 1806 449 1841 470; x_wconf 88' lang='lat' dir='ltr'>se</span> <span class='ocrx_word' id='word_1_83' title='bbox 1860 451 1943 473; x_wconf 73' lang='lat' dir='ltr'>voce</span> <span class='ocrx_word' id='word_1_84' title='bbox 1957 442 2151 476; x_wconf 87' lang='lat' dir='ltr'>absolutio-</span> 
     </span>
    </p>
   </div>
   <div class='ocr_carea' id='block_1_7' title="bbox 100 481 1111 2603">
    <p class='ocr_par' dir='ltr' id='par_1_7' title="bbox 120 481 1111 728">
     <span class='ocr_line' id='line_1_10' title="bbox 125 481 1111 527; baseline -0.001 -9"><span class='ocrx_word' id='word_1_85' title='bbox 125 493 241 518; x_wconf 81' lang='lat' dir='ltr'>torum</span> <span class='ocrx_word' id='word_1_86' title='bbox 265 490 409 527; x_wconf 87' lang='lat' dir='ltr'>propter</span> <span class='ocrx_word' id='word_1_87' title='bbox 434 481 633 524; x_wconf 75' lang='lat' dir='ltr'>Christum,</span> <span class='ocrx_word' id='word_1_88' title='bbox 669 490 703 517; x_wconf 87' lang='lat' dir='ltr'>et</span> <span class='ocrx_word' id='word_1_89' title='bbox 731 484 836 517; x_wconf 88' lang='lat' dir='ltr'><strong>fidem</strong></span> <span class='ocrx_word' id='word_1_90' title='bbox 859 484 989 526; x_wconf 87' lang='lat' dir='ltr'>flagito.</span> <span class='ocrx_word' id='word_1_91' title='bbox 1041 483 1111 518; x_wconf 85' lang='lat' dir='ltr'>Sed</span> 
     </span>
     <span class='ocr_line' id='line_1_11' title="bbox 123 533 1111 579; baseline 0 -11"><span class='ocrx_word' id='word_1_92' title='bbox 123 535 204 579; x_wconf 83' lang='lat' dir='ltr'>quia</span> <span class='ocrx_word' id='word_1_93' title='bbox 223 534 353 579; x_wconf 81' lang='lat' dir='ltr'>decipit</span> <span class='ocrx_word' id='word_1_94' title='bbox 369 535 535 569; x_wconf 88' lang='lat' dir='ltr'>lectorem</span> <span class='ocrx_word' id='word_1_95' title='bbox 552 533 743 567; x_wconf 88' lang='lat' dir='ltr'>Malvenda</span> <span class='ocrx_word' id='word_1_96' title='bbox 761 535 1004 578; x_wconf 85' lang='lat' dir='ltr'>generalitate,</span> <span class='ocrx_word' id='word_1_97' title='bbox 1031 534 1111 568; x_wconf 90' lang='lat' dir='ltr'>ideo</span> 
     </span>
     <span class='ocr_line' id='line_1_12' title="bbox 122 582 1109 631; baseline 0 -14"><span class='ocrx_word' id='word_1_98' title='bbox 122 597 262 619; x_wconf 88' lang='lat' dir='ltr'>necesse</span> <span class='ocrx_word' id='word_1_99' title='bbox 280 592 330 619; x_wconf 89' lang='lat' dir='ltr'>est</span> <span class='ocrx_word' id='word_1_100' title='bbox 344 597 423 619; x_wconf 90' lang='lat' dir='ltr'>eum</span> <span class='ocrx_word' id='word_1_101' title='bbox 442 584 599 620; x_wconf 86' lang='lat' dir='ltr'>refutari.</span> <span class='ocrx_word' id='word_1_102' title='bbox 651 582 821 629; x_wconf 81' lang='lat' dir='ltr'>Intelligit</span> <span class='ocrx_word' id='word_1_103' title='bbox 838 586 961 627; x_wconf 89' lang='lat' dir='ltr'>fidem,</span> <span class='ocrx_word' id='word_1_104' title='bbox 988 597 1056 631; x_wconf 92' lang='lat' dir='ltr'>qua</span> <span class='ocrx_word' id='word_1_105' title='bbox 1073 585 1109 618; x_wconf 87' lang='lat' dir='ltr'>in</span> 
     </span>
     <span class='ocr_line' id='line_1_13' title="bbox 120 634 1109 680; baseline 0 -11"><span class='ocrx_word' id='word_1_106' title='bbox 120 646 247 679; x_wconf 83' lang='lat' dir='ltr'><strong>genere</strong></span> <span class='ocrx_word' id='word_1_107' title='bbox 269 636 380 669; x_wconf 88' lang='lat' dir='ltr'>credis</span> <span class='ocrx_word' id='word_1_108' title='bbox 404 635 583 680; x_wconf 81' lang='lat' dir='ltr'>aliquibus</span> <span class='ocrx_word' id='word_1_109' title='bbox 613 635 762 676; x_wconf 86' lang='lat' dir='ltr'>remitti,</span> <span class='ocrx_word' id='word_1_110' title='bbox 797 648 870 670; x_wconf 88' lang='lat' dir='ltr'>non</span> <span class='ocrx_word' id='word_1_111' title='bbox 901 636 979 672; x_wconf 80' lang='lat' dir='ltr'>tibi.</span> <span class='ocrx_word' id='word_1_112' title='bbox 1031 634 1109 669; x_wconf 91' lang='lat' dir='ltr'>Hoc</span> 
     </span>
     <span class='ocr_line' id='line_1_14' title="bbox 120 683 686 728; baseline -0.002 -8"><span class='ocrx_word' id='word_1_113' title='bbox 120 687 232 721; x_wconf 87' lang='lat' dir='ltr'>credit</span> <span class='ocrx_word' id='word_1_114' title='bbox 249 685 362 728; x_wconf 88' lang='lat' dir='ltr'>Iudas,</span> <span class='ocrx_word' id='word_1_115' title='bbox 388 686 460 718; x_wconf 86' lang='lat' dir='ltr'>imo</span> <span class='ocrx_word' id='word_1_116' title='bbox 485 692 517 719; x_wconf 91' lang='lat' dir='ltr'>et</span> <span class='ocrx_word' id='word_1_117' title='bbox 529 683 686 723; x_wconf 86' lang='lat' dir='ltr'>Diaboli.</span> 
     </span>
    </p>

    <p class='ocr_par' dir='ltr' id='par_1_8' title="bbox 115 734 1107 930">
     <span class='ocr_line' id='line_1_15' title="bbox 221 734 1107 782; baseline -0.001 -11"><span class='ocrx_word' id='word_1_118' title='bbox 221 735 257 773; x_wconf 89' lang='lat'>5.</span> <span class='ocrx_word' id='word_1_119' title='bbox 284 735 433 781; x_wconf 85' lang='lat' dir='ltr'>Propria</span> <span class='ocrx_word' id='word_1_120' title='bbox 449 734 634 779; x_wconf 84' lang='lat' dir='ltr'>Evangelii</span> <span class='ocrx_word' id='word_1_121' title='bbox 660 736 846 782; x_wconf 80' lang='lat' dir='ltr'>promissio</span> <span class='ocrx_word' id='word_1_122' title='bbox 868 743 936 778; x_wconf 90' lang='lat' dir='ltr'>est,</span> <span class='ocrx_word' id='word_1_123' title='bbox 963 749 1107 771; x_wconf 91' lang='lat' dir='ltr'>annun-</span> 
     </span>
     <span class='ocr_line' id='line_1_16' title="bbox 118 785 1107 833; baseline 0.002 -13"><span class='ocrx_word' id='word_1_124' title='bbox 118 786 210 821; x_wconf 90' lang='lat' dir='ltr'>ciare</span> <span class='ocrx_word' id='word_1_125' title='bbox 236 787 479 821; x_wconf 87' lang='lat' dir='ltr'>remissionem</span> <span class='ocrx_word' id='word_1_126' title='bbox 504 794 737 832; x_wconf 86' lang='lat' dir='ltr'>peccatorum.</span> <span class='ocrx_word' id='word_1_127' title='bbox 788 787 884 822; x_wconf 89' lang='lat' dir='ltr'>Haec</span> <span class='ocrx_word' id='word_1_128' title='bbox 907 785 999 821; x_wconf 85' lang='lat' dir='ltr'>nihil</span> <span class='ocrx_word' id='word_1_129' title='bbox 1023 800 1107 833; x_wconf 89' lang='lat' dir='ltr'>pro-</span> 
     </span>
     <span class='ocr_line' id='line_1_17' title="bbox 117 838 1105 884; baseline 0.002 -13"><span class='ocrx_word' id='word_1_130' title='bbox 117 838 195 872; x_wconf 91' lang='lat' dir='ltr'>dest</span> <span class='ocrx_word' id='word_1_131' title='bbox 212 838 294 879; x_wconf 89' lang='lat' dir='ltr'>tibi,</span> <span class='ocrx_word' id='word_1_132' title='bbox 320 838 348 871; x_wconf 93' lang='lat' dir='ltr'>si</span> <span class='ocrx_word' id='word_1_133' title='bbox 367 845 506 873; x_wconf 88' lang='lat' dir='ltr'>tantum</span> <span class='ocrx_word' id='word_1_134' title='bbox 523 838 643 873; x_wconf 86' lang='lat' dir='ltr'>credas</span> <span class='ocrx_word' id='word_1_135' title='bbox 659 838 697 873; x_wconf 91' lang='lat' dir='ltr'>in</span> <span class='ocrx_word' id='word_1_136' title='bbox 715 850 841 883; x_wconf 85' lang='lat' dir='ltr'>genere</span> <span class='ocrx_word' id='word_1_137' title='bbox 855 839 1034 884; x_wconf 90' lang='lat' dir='ltr'>aliquibus</span> <span class='ocrx_word' id='word_1_138' title='bbox 1048 851 1105 873; x_wconf 91' lang='lat' dir='ltr'>re-</span> 
     </span>
     <span class='ocr_line' id='line_1_18' title="bbox 115 888 427 930; baseline 0.016 -10"><span class='ocrx_word' id='word_1_139' title='bbox 115 888 229 930; x_wconf 88' lang='lat' dir='ltr'>mitti,</span> <span class='ocrx_word' id='word_1_140' title='bbox 257 901 331 922; x_wconf 91' lang='lat' dir='ltr'>non</span> <span class='ocrx_word' id='word_1_141' title='bbox 349 889 427 925; x_wconf 87' lang='lat' dir='ltr'>tibi.</span> 
     </span>
    </p>

    <p class='ocr_par' dir='ltr' id='par_1_9' title="bbox 111 937 1105 1137">
     <span class='ocr_line' id='line_1_19' title="bbox 217 937 1105 983; baseline 0.002 -10"><span class='ocrx_word' id='word_1_142' title='bbox 217 939 252 976; x_wconf 88' lang='grc'>6.</span> <span class='ocrx_word' id='word_1_143' title='bbox 279 939 364 974; x_wconf 88' lang='lat' dir='ltr'>ldeo</span> <span class='ocrx_word' id='word_1_144' title='bbox 381 946 519 974; x_wconf 87' lang='lat' dir='ltr'>tantum</span> <span class='ocrx_word' id='word_1_145' title='bbox 533 937 623 973; x_wconf 85' lang='lat' dir='ltr'>hanc</span> <span class='ocrx_word' id='word_1_146' title='bbox 639 939 836 983; x_wconf 83' lang='lat' dir='ltr'>generalem</span> <span class='ocrx_word' id='word_1_147' title='bbox 853 940 956 974; x_wconf 89' lang='lat' dir='ltr'>fidem</span> <span class='ocrx_word' id='word_1_148' title='bbox 974 941 1105 975; x_wconf 89' lang='lat' dir='ltr'>docen-</span> 
     </span>
     <span class='ocr_line' id='line_1_20' title="bbox 112 989 1103 1034; baseline 0.003 -10"><span class='ocrx_word' id='word_1_149' title='bbox 112 995 183 1031; x_wconf 87' lang='lat' dir='ltr'>tes,</span> <span class='ocrx_word' id='word_1_150' title='bbox 217 991 338 1025; x_wconf 89' lang='lat' dir='ltr'>delent</span> <span class='ocrx_word' id='word_1_151' title='bbox 364 989 617 1034; x_wconf 84' lang='lat' dir='ltr'>Evangelium,</span> <span class='ocrx_word' id='word_1_152' title='bbox 646 997 679 1024; x_wconf 90' lang='lat' dir='ltr'>et</span> <span class='ocrx_word' id='word_1_153' title='bbox 701 1002 819 1023; x_wconf 90' lang='lat' dir='ltr'>veram</span> <span class='ocrx_word' id='word_1_154' title='bbox 849 1002 888 1024; x_wconf 90' lang='lat' dir='ltr'>ac</span> <span class='ocrx_word' id='word_1_155' title='bbox 914 991 1103 1026; x_wconf 85' lang='lat' dir='ltr'>salutarem</span> 
     </span>
     <span class='ocr_line' id='line_1_21' title="bbox 112 1040 1102 1076; baseline 0.003 -3"><span class='ocrx_word' id='word_1_156' title='bbox 112 1041 393 1076; x_wconf 77' lang='lat' dir='ltr'>consolationem</span> <span class='ocrx_word' id='word_1_157' title='bbox 410 1040 636 1075; x_wconf 83' lang='lat' dir='ltr'>conscientiis</span> <span class='ocrx_word' id='word_1_158' title='bbox 650 1041 859 1075; x_wconf 89' lang='lat' dir='ltr'>admirando</span> <span class='ocrx_word' id='word_1_159' title='bbox 869 1041 936 1076; x_wconf 89' lang='lat' dir='ltr'>Dei</span> <span class='ocrx_word' id='word_1_160' title='bbox 953 1043 1102 1076; x_wconf 87' lang='lat' dir='ltr'>consilio</span> 
     </span>
     <span class='ocr_line' id='line_1_22' title="bbox 111 1092 541 1137; baseline 0.002 -12"><span class='ocrx_word' id='word_1_161' title='bbox 111 1092 347 1137; x_wconf 84' lang='lat' dir='ltr'>propositam,</span> <span class='ocrx_word' id='word_1_162' title='bbox 374 1092 541 1137; x_wconf 86' lang='lat' dir='ltr'>eripiunt.</span> 
     </span>
    </p>

    <p class='ocr_par' dir='ltr' id='par_1_10' title="bbox 108 1140 1102 1288">
     <span class='ocr_line' id='line_1_23' title="bbox 214 1140 1102 1188; baseline 0.002 -13"><span class='ocrx_word' id='word_1_163' title='bbox 214 1141 247 1176; x_wconf 88' lang='lat'>7.</span> <span class='ocrx_word' id='word_1_164' title='bbox 288 1142 421 1178; x_wconf 84' lang='lat' dir='ltr'>Paulus</span> <span class='ocrx_word' id='word_1_165' title='bbox 447 1144 491 1176; x_wconf 89' lang='lat' dir='ltr'>de</span> <span class='ocrx_word' id='word_1_166' title='bbox 514 1140 580 1176; x_wconf 85' lang='lat' dir='ltr'>hac</span> <span class='ocrx_word' id='word_1_167' title='bbox 604 1142 671 1175; x_wconf 85' lang='lat' dir='ltr'>fide</span> <span class='ocrx_word' id='word_1_168' title='bbox 695 1141 877 1188; x_wconf 89' lang='lat' dir='ltr'>loquitur,</span> <span class='ocrx_word' id='word_1_169' title='bbox 901 1155 971 1188; x_wconf 87' lang='lat' dir='ltr'>qua</span> <span class='ocrx_word' id='word_1_170' title='bbox 997 1154 1102 1188; x_wconf 84' lang='lat' dir='ltr'>agens</span> 
     </span>
     <span class='ocr_line' id='line_1_24' title="bbox 111 1193 1100 1236; baseline 0.003 -11"><span class='ocrx_word' id='word_1_171' title='bbox 111 1193 390 1236; x_wconf 83' lang='lat' dir='ltr'>poenitentiam,</span> <span class='ocrx_word' id='word_1_172' title='bbox 424 1193 493 1227; x_wconf 87' lang='lat' dir='ltr'>sibi</span> <span class='ocrx_word' id='word_1_173' title='bbox 519 1193 587 1236; x_wconf 89' lang='lat' dir='ltr'>ipsi</span> <span class='ocrx_word' id='word_1_174' title='bbox 610 1193 745 1228; x_wconf 83' lang='lat' dir='ltr'>remitti</span> <span class='ocrx_word' id='word_1_175' title='bbox 769 1194 900 1232; x_wconf 86' lang='lat' dir='ltr'>credit,</span> <span class='ocrx_word' id='word_1_176' title='bbox 927 1206 1006 1227; x_wconf 90' lang='lat' dir='ltr'>cum</span> <span class='ocrx_word' id='word_1_177' title='bbox 1035 1195 1100 1228; x_wconf 90' lang='lat' dir='ltr'>ait:</span> 
     </span>
     <span class='ocr_line' id='line_1_25' title="bbox 108 1240 719 1288; baseline -0.002 -13"><span class='ocrx_word' id='word_1_178' title='bbox 108 1240 289 1277; x_wconf 88' lang='lat' dir='ltr'>Iustificati</span> <span class='ocrx_word' id='word_1_179' title='bbox 308 1245 376 1277; x_wconf 87' lang='lat' dir='ltr'>fide</span> <span class='ocrx_word' id='word_1_180' title='bbox 393 1254 513 1288; x_wconf 89' lang='lat' dir='ltr'>pacem</span> <span class='ocrx_word' id='word_1_181' title='bbox 539 1240 719 1275; x_wconf 88' lang='lat' dir='ltr'>habemus.</span> 
     </span>
    </p>

    <p class='ocr_par' dir='ltr' id='par_1_11' title="bbox 106 1291 1100 1579">
     <span class='ocr_line' id='line_1_26' title="bbox 214 1291 1100 1336; baseline 0.001 -10"><span class='ocrx_word' id='word_1_182' title='bbox 214 1293 252 1327; x_wconf 88' lang='lat'>8.</span> <span class='ocrx_word' id='word_1_183' title='bbox 284 1293 377 1336; x_wconf 83' lang='lat' dir='ltr'>Quia</span> <span class='ocrx_word' id='word_1_184' title='bbox 393 1294 452 1326; x_wconf 87' lang='lat' dir='ltr'>illa</span> <span class='ocrx_word' id='word_1_185' title='bbox 471 1292 644 1335; x_wconf 84' lang='lat' dir='ltr'>generalis</span> <span class='ocrx_word' id='word_1_186' title='bbox 663 1292 748 1325; x_wconf 84' lang='lat' dir='ltr'>fides</span> <span class='ocrx_word' id='word_1_187' title='bbox 765 1304 825 1326; x_wconf 87' lang='lat' dir='ltr'>seu</span> <span class='ocrx_word' id='word_1_188' title='bbox 842 1292 968 1327; x_wconf 87' lang='lat' dir='ltr'>notitia</span> <span class='ocrx_word' id='word_1_189' title='bbox 986 1291 1100 1327; x_wconf 87' lang='lat' dir='ltr'>histo-</span> 
     </span>
     <span class='ocr_line' id='line_1_27' title="bbox 109 1343 1098 1388; baseline 0.001 -12"><span class='ocrx_word' id='word_1_190' title='bbox 109 1343 183 1377; x_wconf 85' lang='lat' dir='ltr'>riae</span> <span class='ocrx_word' id='word_1_191' title='bbox 206 1355 279 1377; x_wconf 89' lang='lat' dir='ltr'>non</span> <span class='ocrx_word' id='word_1_192' title='bbox 304 1343 406 1388; x_wconf 80' lang='lat' dir='ltr'>erigit</span> <span class='ocrx_word' id='word_1_193' title='bbox 426 1349 579 1377; x_wconf 83' lang='lat' dir='ltr'>mentem</span> <span class='ocrx_word' id='word_1_194' title='bbox 601 1343 883 1387; x_wconf 84' lang='lat' dir='ltr'>perterrefactam</span> <span class='ocrx_word' id='word_1_195' title='bbox 910 1350 945 1377; x_wconf 89' lang='lat' dir='ltr'>et</span> <span class='ocrx_word' id='word_1_196' title='bbox 960 1344 1098 1386; x_wconf 85' lang='lat' dir='ltr'>fugien-</span> 
     </span>
     <span class='ocr_line' id='line_1_28' title="bbox 110 1392 1097 1438; baseline 0.002 -12"><span class='ocrx_word' id='word_1_197' title='bbox 110 1399 180 1427; x_wconf 88' lang='lat' dir='ltr'>tem</span> <span class='ocrx_word' id='word_1_198' title='bbox 197 1392 332 1435; x_wconf 82' lang='lat' dir='ltr'>Deum,</span> <span class='ocrx_word' id='word_1_199' title='bbox 360 1395 419 1427; x_wconf 89' lang='lat' dir='ltr'>sed</span> <span class='ocrx_word' id='word_1_200' title='bbox 445 1393 562 1438; x_wconf 84' lang='lat' dir='ltr'>potius</span> <span class='ocrx_word' id='word_1_201' title='bbox 583 1400 685 1435; x_wconf 76' lang='lat' dir='ltr'>auget</span> <span class='ocrx_word' id='word_1_202' title='bbox 705 1405 852 1437; x_wconf 85' lang='lat' dir='ltr'>pavores</span> <span class='ocrx_word' id='word_1_203' title='bbox 868 1400 901 1428; x_wconf 86' lang='lat' dir='ltr'>et</span> <span class='ocrx_word' id='word_1_204' title='bbox 918 1395 1097 1428; x_wconf 87' lang='lat' dir='ltr'>fremitum</span> 
     </span>
     <span class='ocr_line' id='line_1_29' title="bbox 107 1442 1096 1486; baseline 0.003 -10"><span class='ocrx_word' id='word_1_205' title='bbox 107 1444 278 1477; x_wconf 80' lang='lat' dir='ltr'>adversus</span> <span class='ocrx_word' id='word_1_206' title='bbox 303 1443 430 1479; x_wconf 89' lang='lat' dir='ltr'>Deum.</span> <span class='ocrx_word' id='word_1_207' title='bbox 480 1442 535 1476; x_wconf 91' lang='lat' dir='ltr'>Eo</span> <span class='ocrx_word' id='word_1_208' title='bbox 567 1444 677 1486; x_wconf 87' lang='lat' dir='ltr'>magis</span> <span class='ocrx_word' id='word_1_209' title='bbox 704 1444 904 1478; x_wconf 88' lang='lat' dir='ltr'>irascuntur</span> <span class='ocrx_word' id='word_1_210' title='bbox 930 1444 1034 1478; x_wconf 88' lang='lat' dir='ltr'>Iudas</span> <span class='ocrx_word' id='word_1_211' title='bbox 1064 1452 1096 1479; x_wconf 88' lang='lat' dir='ltr'>et</span> 
     </span>
     <span class='ocr_line' id='line_1_30' title="bbox 106 1491 1096 1539; baseline 0.001 -12"><span class='ocrx_word' id='word_1_212' title='bbox 106 1492 276 1535; x_wconf 86' lang='lat' dir='ltr'>Diaboli,</span> <span class='ocrx_word' id='word_1_213' title='bbox 303 1494 385 1539; x_wconf 87' lang='lat' dir='ltr'>quia</span> <span class='ocrx_word' id='word_1_214' title='bbox 404 1494 519 1527; x_wconf 90' lang='lat' dir='ltr'>sciunt</span> <span class='ocrx_word' id='word_1_215' title='bbox 534 1492 645 1526; x_wconf 88' lang='lat' dir='ltr'>filium</span> <span class='ocrx_word' id='word_1_216' title='bbox 663 1491 729 1526; x_wconf 88' lang='lat' dir='ltr'>Dei</span> <span class='ocrx_word' id='word_1_217' title='bbox 747 1493 986 1528; x_wconf 90' lang='lat' dir='ltr'>iudicaturum</span> <span class='ocrx_word' id='word_1_218' title='bbox 1013 1506 1096 1536; x_wconf 86' lang='lat' dir='ltr'>esse,</span> 
     </span>
     <span class='ocr_line' id='line_1_31' title="bbox 106 1544 484 1579; baseline 0.003 -2"><span class='ocrx_word' id='word_1_219' title='bbox 106 1550 140 1578; x_wconf 90' lang='lat' dir='ltr'>et</span> <span class='ocrx_word' id='word_1_220' title='bbox 154 1544 232 1578; x_wconf 90' lang='lat' dir='ltr'>aliis</span> <span class='ocrx_word' id='word_1_221' title='bbox 247 1545 374 1578; x_wconf 86' lang='lat' dir='ltr'>melius</span> <span class='ocrx_word' id='word_1_222' title='bbox 398 1545 484 1579; x_wconf 80' lang='lat' dir='ltr'>fore.</span> 
     </span>
    </p>

    <p class='ocr_par' dir='ltr' id='par_1_12' title="bbox 103 1590 1095 1890">
     <span class='ocr_line' id='line_1_32' title="bbox 207 1590 1095 1639; baseline 0.002 -11"><span class='ocrx_word' id='word_1_223' title='bbox 207 1594 242 1631; x_wconf 84' lang='lat'>9.</span> <span class='ocrx_word' id='word_1_224' title='bbox 275 1594 384 1630; x_wconf 83' lang='lat' dir='ltr'>Recte</span> <span class='ocrx_word' id='word_1_225' title='bbox 403 1595 512 1639; x_wconf 88' lang='lat' dir='ltr'>igitur</span> <span class='ocrx_word' id='word_1_226' title='bbox 528 1590 760 1627; x_wconf 88' lang='lat' dir='ltr'>Bernhardus</span> <span class='ocrx_word' id='word_1_227' title='bbox 778 1591 880 1627; x_wconf 86' lang='lat' dir='ltr'>dixit:</span> <span class='ocrx_word' id='word_1_228' title='bbox 909 1593 980 1629; x_wconf 87' lang='lat' dir='ltr'>Sed</span> <span class='ocrx_word' id='word_1_229' title='bbox 1004 1596 1095 1630; x_wconf 89' lang='lat' dir='ltr'>adde</span> 
     </span>
     <span class='ocr_line' id='line_1_33' title="bbox 105 1644 1095 1691; baseline 0.003 -13"><span class='ocrx_word' id='word_1_230' title='bbox 105 1646 276 1679; x_wconf 90' lang='lat' dir='ltr'>uteredas</span> <span class='ocrx_word' id='word_1_231' title='bbox 289 1653 319 1679; x_wconf 87' lang='lat' dir='ltr'>et</span> <span class='ocrx_word' id='word_1_232' title='bbox 333 1644 411 1687; x_wconf 85' lang='lat' dir='ltr'>hoc,</span> <span class='ocrx_word' id='word_1_233' title='bbox 428 1645 523 1691; x_wconf 89' lang='lat' dir='ltr'>quod</span> <span class='ocrx_word' id='word_1_234' title='bbox 542 1657 604 1689; x_wconf 90' lang='lat' dir='ltr'>per</span> <span class='ocrx_word' id='word_1_235' title='bbox 620 1645 736 1689; x_wconf 86' lang='lat' dir='ltr'>ipsum</span> <span class='ocrx_word' id='word_1_236' title='bbox 757 1651 895 1689; x_wconf 86' lang='lat' dir='ltr'>peccata</span> <span class='ocrx_word' id='word_1_237' title='bbox 914 1644 1010 1679; x_wconf 83' lang='lat' dir='ltr'>tibi</span> <span class='ocrx_word' id='word_1_238' title='bbox 1028 1648 1095 1681; x_wconf 91' lang='lat' dir='ltr'>do-</span> 
     </span>
     <span class='ocr_line' id='line_1_34' title="bbox 105 1692 1094 1741; baseline 0 -13"><span class='ocrx_word' id='word_1_239' title='bbox 105 1702 247 1729; x_wconf 88' lang='lat' dir='ltr'>nantur.</span> <span class='ocrx_word' id='word_1_240' title='bbox 299 1695 377 1730; x_wconf 86' lang='lat' dir='ltr'>Hoc</span> <span class='ocrx_word' id='word_1_241' title='bbox 393 1703 443 1729; x_wconf 87' lang='lat' dir='ltr'>est</span> <span class='ocrx_word' id='word_1_242' title='bbox 458 1695 697 1730; x_wconf 87' lang='lat' dir='ltr'>testimonium</span> <span class='ocrx_word' id='word_1_243' title='bbox 717 1696 811 1741; x_wconf 87' lang='lat' dir='ltr'>quod</span> <span class='ocrx_word' id='word_1_244' title='bbox 828 1692 992 1736; x_wconf 89' lang='lat' dir='ltr'>prohibet</span> <span class='ocrx_word' id='word_1_245' title='bbox 1010 1694 1094 1739; x_wconf 88' lang='lat' dir='ltr'>Spi-</span> 
     </span>
     <span class='ocr_line' id='line_1_35' title="bbox 105 1742 1093 1780; baseline 0.002 -2"><span class='ocrx_word' id='word_1_246' title='bbox 105 1746 196 1778; x_wconf 87' lang='lat' dir='ltr'>ritus</span> <span class='ocrx_word' id='word_1_247' title='bbox 217 1753 358 1778; x_wconf 87' lang='lat' dir='ltr'>sanctus</span> <span class='ocrx_word' id='word_1_248' title='bbox 384 1747 421 1778; x_wconf 92' lang='lat' dir='ltr'>in</span> <span class='ocrx_word' id='word_1_249' title='bbox 447 1746 552 1777; x_wconf 85' lang='lat' dir='ltr'>corde</span> <span class='ocrx_word' id='word_1_250' title='bbox 575 1753 636 1777; x_wconf 84' lang='lat' dir='ltr'>tuo</span> <span class='ocrx_word' id='word_1_251' title='bbox 655 1746 790 1776; x_wconf 85' lang='lat' dir='ltr'>dicens:</span> <span class='ocrx_word' id='word_1_252' title='bbox 829 1742 983 1778; x_wconf 82' lang='lat' dir='ltr'>Dimissa</span> <span class='ocrx_word' id='word_1_253' title='bbox 1010 1753 1093 1780; x_wconf 89' lang='lat' dir='ltr'>sunt</span> 
     </span>
     <span class='ocr_line' id='line_1_36' title="bbox 104 1793 1092 1840; baseline 0.003 -12"><span class='ocrx_word' id='word_1_254' title='bbox 104 1795 172 1829; x_wconf 87' lang='lat' dir='ltr'>tibi</span> <span class='ocrx_word' id='word_1_255' title='bbox 195 1802 333 1839; x_wconf 88' lang='lat' dir='ltr'>peccata</span> <span class='ocrx_word' id='word_1_256' title='bbox 361 1801 431 1830; x_wconf 85' lang='lat' dir='ltr'>tua.</span> <span class='ocrx_word' id='word_1_257' title='bbox 484 1794 542 1828; x_wconf 89' lang='lat' dir='ltr'>Sic</span> <span class='ocrx_word' id='word_1_258' title='bbox 568 1793 663 1826; x_wconf 88' lang='lat' dir='ltr'>enim</span> <span class='ocrx_word' id='word_1_259' title='bbox 681 1794 873 1828; x_wconf 85' lang='lat' dir='ltr'>arbitratur</span> <span class='ocrx_word' id='word_1_260' title='bbox 888 1793 1092 1840; x_wconf 85' lang='lat' dir='ltr'>Apostolus,</span> 
     </span>
     <span class='ocr_line' id='line_1_37' title="bbox 103 1843 813 1890; baseline -0.003 -11"><span class='ocrx_word' id='word_1_261' title='bbox 103 1846 211 1890; x_wconf 83' lang='lat' dir='ltr'>gratis</span> <span class='ocrx_word' id='word_1_262' title='bbox 230 1846 408 1880; x_wconf 87' lang='lat' dir='ltr'>iustificari</span> <span class='ocrx_word' id='word_1_263' title='bbox 423 1843 603 1879; x_wconf 89' lang='lat' dir='ltr'>hominem</span> <span class='ocrx_word' id='word_1_264' title='bbox 618 1856 680 1888; x_wconf 87' lang='lat' dir='ltr'>per</span> <span class='ocrx_word' id='word_1_265' title='bbox 698 1844 813 1881; x_wconf 84' lang='lat' dir='ltr'>fidem.</span> 
     </span>
    </p>

    <p class='ocr_par' dir='ltr' id='par_1_13' title="bbox 104 1893 1097 1983">
     <span class='ocr_line' id='line_1_38' title="bbox 210 1893 1097 1936; baseline 0.002 -6"><span class='ocrx_word' id='word_1_266' title='bbox 210 1897 268 1932; x_wconf 89' lang='lat'>10.</span> <span class='ocrx_word' id='word_1_267' title='bbox 313 1896 408 1930; x_wconf 90' lang='lat' dir='ltr'>ldem</span> <span class='ocrx_word' id='word_1_268' title='bbox 443 1903 583 1929; x_wconf 84' lang='lat' dir='ltr'>nostrae</span> <span class='ocrx_word' id='word_1_269' title='bbox 612 1893 789 1928; x_wconf 88' lang='lat' dir='ltr'>Ecclesiae</span> <span class='ocrx_word' id='word_1_270' title='bbox 823 1895 968 1936; x_wconf 83' lang='lat' dir='ltr'>docent,</span> <span class='ocrx_word' id='word_1_271' title='bbox 1009 1911 1097 1933; x_wconf 86' lang='lat' dir='ltr'>cum</span> 
     </span>
     <span class='ocr_line' id='line_1_39' title="bbox 104 1945 926 1983; baseline -0.001 -2"><span class='ocrx_word' id='word_1_272' title='bbox 104 1954 272 1981; x_wconf 87' lang='lat' dir='ltr'>enarrant</span> <span class='ocrx_word' id='word_1_273' title='bbox 291 1948 424 1982; x_wconf 90' lang='lat' dir='ltr'>dictum</span> <span class='ocrx_word' id='word_1_274' title='bbox 436 1946 554 1981; x_wconf 89' lang='lat' dir='ltr'>Pauli:</span> <span class='ocrx_word' id='word_1_275' title='bbox 583 1945 670 1979; x_wconf 88' lang='lat' dir='ltr'>Fide</span> <span class='ocrx_word' id='word_1_276' title='bbox 686 1946 926 1983; x_wconf 86' lang='lat' dir='ltr'>iustificamur.</span> 
     </span>
    </p>

    <p class='ocr_par' dir='ltr' id='par_1_14' title="bbox 100 1997 1089 2237">
     <span class='ocr_line' id='line_1_40' title="bbox 208 1997 1088 2041; baseline 0.002 -9"><span class='ocrx_word' id='word_1_277' title='bbox 208 1999 265 2032; x_wconf 88' lang='lat'>11.</span> <span class='ocrx_word' id='word_1_278' title='bbox 298 1998 404 2032; x_wconf 87' lang='lat' dir='ltr'>Nulla</span> <span class='ocrx_word' id='word_1_279' title='bbox 420 1997 612 2032; x_wconf 89' lang='lat' dir='ltr'>consolatio</span> <span class='ocrx_word' id='word_1_280' title='bbox 629 1997 839 2041; x_wconf 87' lang='lat' dir='ltr'>proponitur</span> <span class='ocrx_word' id='word_1_281' title='bbox 854 1999 1088 2040; x_wconf 89' lang='lat' dir='ltr'>conscientiis,</span> 
     </span>
     <span class='ocr_line' id='line_1_41' title="bbox 104 2046 1089 2086; baseline 0.001 -5"><span class='ocrx_word' id='word_1_282' title='bbox 104 2047 132 2081; x_wconf 90' lang='lat' dir='ltr'>si</span> <span class='ocrx_word' id='word_1_283' title='bbox 150 2046 234 2082; x_wconf 89' lang='lat' dir='ltr'>haec</span> <span class='ocrx_word' id='word_1_284' title='bbox 253 2056 371 2083; x_wconf 90' lang='lat' dir='ltr'>nostra</span> <span class='ocrx_word' id='word_1_285' title='bbox 388 2048 563 2082; x_wconf 79' lang='lat' dir='ltr'>enarratio</span> <span class='ocrx_word' id='word_1_286' title='bbox 581 2047 754 2084; x_wconf 86' lang='lat' dir='ltr'>abiicitur.</span> <span class='ocrx_word' id='word_1_287' title='bbox 798 2046 884 2081; x_wconf 88' lang='lat' dir='ltr'>Item</span> <span class='ocrx_word' id='word_1_288' title='bbox 902 2049 930 2082; x_wconf 88' lang='lat' dir='ltr'>si</span> <span class='ocrx_word' id='word_1_289' title='bbox 946 2051 1089 2086; x_wconf 84' lang='lat' dir='ltr'>additur</span> 
     </span>
     <span class='ocr_line' id='line_1_42' title="bbox 103 2098 1089 2141; baseline 0.003 -9"><span class='ocrx_word' id='word_1_290' title='bbox 103 2098 185 2132; x_wconf 85' lang='lat' dir='ltr'>fidei</span> <span class='ocrx_word' id='word_1_291' title='bbox 201 2101 357 2133; x_wconf 86' lang='lat' dir='ltr'>conditio</span> <span class='ocrx_word' id='word_1_292' title='bbox 373 2107 513 2134; x_wconf 86' lang='lat' dir='ltr'>nostrae</span> <span class='ocrx_word' id='word_1_293' title='bbox 536 2099 737 2141; x_wconf 76' lang='lat' dir='ltr'>dignitatis,</span> <span class='ocrx_word' id='word_1_294' title='bbox 762 2106 801 2133; x_wconf 84' lang='lat' dir='ltr'>ut</span> <span class='ocrx_word' id='word_1_295' title='bbox 819 2098 1012 2135; x_wconf 81' lang='lat' dir='ltr'>Malvenda</span> <span class='ocrx_word' id='word_1_296' title='bbox 1032 2103 1089 2135; x_wconf 90' lang='lat' dir='ltr'>in-</span> 
     </span>
     <span class='ocr_line' id='line_1_43' title="bbox 103 2149 1087 2194; baseline 0.005 -11"><span class='ocrx_word' id='word_1_297' title='bbox 103 2150 200 2194; x_wconf 90' lang='lat' dir='ltr'>quit,</span> <span class='ocrx_word' id='word_1_298' title='bbox 228 2163 299 2184; x_wconf 91' lang='lat' dir='ltr'>non</span> <span class='ocrx_word' id='word_1_299' title='bbox 323 2149 456 2185; x_wconf 81' lang='lat' dir='ltr'>habens</span> <span class='ocrx_word' id='word_1_300' title='bbox 481 2150 695 2185; x_wconf 87' lang='lat' dir='ltr'>conditionis</span> <span class='ocrx_word' id='word_1_301' title='bbox 720 2156 753 2183; x_wconf 91' lang='lat' dir='ltr'>et</span> <span class='ocrx_word' id='word_1_302' title='bbox 777 2150 991 2186; x_wconf 83' lang='lat' dir='ltr'>infirmitatis</span> <span class='ocrx_word' id='word_1_303' title='bbox 1005 2164 1087 2188; x_wconf 88' lang='lat' dir='ltr'>suae</span> 
     </span>
     <span class='ocr_line' id='line_1_44' title="bbox 100 2201 286 2237; baseline 0.011 -3"><span class='ocrx_word' id='word_1_304' title='bbox 100 2201 286 2237; x_wconf 84' lang='lat' dir='ltr'>rationem.</span> 
     </span>
    </p>

    <p class='ocr_par' dir='ltr' id='par_1_15' title="bbox 103 2251 931 2345">
     <span class='ocr_line' id='line_1_45' title="bbox 208 2251 931 2296; baseline -0.001 -10"><span class='ocrx_word' id='word_1_305' title='bbox 208 2254 265 2288; x_wconf 78' lang='lat'>12.</span> <span class='ocrx_word' id='word_1_306' title='bbox 300 2251 395 2286; x_wconf 87' lang='lat' dir='ltr'>Haec</span> <span class='ocrx_word' id='word_1_307' title='bbox 419 2264 563 2296; x_wconf 87' lang='lat' dir='ltr'>prorsus</span> <span class='ocrx_word' id='word_1_308' title='bbox 588 2258 638 2284; x_wconf 88' lang='lat' dir='ltr'>est</span> <span class='ocrx_word' id='word_1_309' title='bbox 657 2251 742 2293; x_wconf 81' lang='lat' dir='ltr'>legis</span> <span class='ocrx_word' id='word_1_310' title='bbox 758 2251 931 2289; x_wconf 82' lang='lat' dir='ltr'>doctrina.</span> 
     </span>
     <span class='ocr_line' id='line_1_46' title="bbox 103 2299 870 2345; baseline 0.004 -10"><span class='ocrx_word' id='word_1_311' title='bbox 103 2299 250 2338; x_wconf 85' lang='lat' dir='ltr'>habebis</span> <span class='ocrx_word' id='word_1_312' title='bbox 265 2303 527 2344; x_wconf 88' lang='lat' dir='ltr'>remissionem,</span> <span class='ocrx_word' id='word_1_313' title='bbox 552 2314 631 2337; x_wconf 88' lang='lat' dir='ltr'>cum</span> <span class='ocrx_word' id='word_1_314' title='bbox 649 2302 716 2335; x_wconf 89' lang='lat' dir='ltr'>cris</span> <span class='ocrx_word' id='word_1_315' title='bbox 731 2302 870 2345; x_wconf 83' lang='lat' dir='ltr'>dignus.</span> 
     </span>
    </p>

    <p class='ocr_par' dir='ltr' id='par_1_16' title="bbox 102 2352 1087 2603">
     <span class='ocr_line' id='line_1_47' title="bbox 210 2352 1086 2398; baseline 0.002 -10"><span class='ocrx_word' id='word_1_316' title='bbox 210 2355 267 2388; x_wconf 82' lang='lat'>13.</span> <span class='ocrx_word' id='word_1_317' title='bbox 294 2352 328 2389; x_wconf 94' lang='grc' dir='ltr'>Ο</span> <span class='ocrx_word' id='word_1_318' title='bbox 348 2355 481 2389; x_wconf 86' lang='lat' dir='ltr'>tristem</span> <span class='ocrx_word' id='word_1_319' title='bbox 499 2366 631 2394; x_wconf 90' lang='lat' dir='ltr'>vocem,</span> <span class='ocrx_word' id='word_1_320' title='bbox 657 2365 745 2398; x_wconf 86' lang='lat' dir='ltr'>qnae</span> <span class='ocrx_word' id='word_1_321' title='bbox 763 2353 858 2388; x_wconf 86' lang='lat' dir='ltr'>iubet</span> <span class='ocrx_word' id='word_1_322' title='bbox 873 2366 938 2388; x_wconf 88' lang='lat' dir='ltr'>nos</span> <span class='ocrx_word' id='word_1_323' title='bbox 956 2355 1086 2390; x_wconf 87' lang='lat' dir='ltr'>intueri</span> 
     </span>
     <span class='ocr_line' id='line_1_48' title="bbox 103 2404 1086 2445; baseline 0.003 -7"><span class='ocrx_word' id='word_1_324' title='bbox 103 2411 258 2439; x_wconf 87' lang='lat' dir='ltr'>nostram</span> <span class='ocrx_word' id='word_1_325' title='bbox 282 2405 540 2443; x_wconf 90' lang='lat' dir='ltr'>conditionem,</span> <span class='ocrx_word' id='word_1_326' title='bbox 567 2404 603 2439; x_wconf 90' lang='lat' dir='ltr'>id</span> <span class='ocrx_word' id='word_1_327' title='bbox 628 2410 697 2445; x_wconf 85' lang='lat' dir='ltr'>est,</span> <span class='ocrx_word' id='word_1_328' title='bbox 724 2404 956 2441; x_wconf 80' lang='lat' dir='ltr'>miserrimam</span> <span class='ocrx_word' id='word_1_329' title='bbox 982 2415 1086 2441; x_wconf 87' lang='lat' dir='ltr'>natu-</span> 
     </span>
     <span class='ocr_line' id='line_1_49' title="bbox 103 2453 1085 2501; baseline 0.001 -12"><span class='ocrx_word' id='word_1_330' title='bbox 103 2467 178 2489; x_wconf 85' lang='lat' dir='ltr'>ram</span> <span class='ocrx_word' id='word_1_331' title='bbox 218 2453 440 2489; x_wconf 88' lang='lat' dir='ltr'>horribiliter</span> <span class='ocrx_word' id='word_1_332' title='bbox 475 2455 749 2489; x_wconf 82' lang='lat' dir='ltr'>contaminatam</span> <span class='ocrx_word' id='word_1_333' title='bbox 784 2463 935 2500; x_wconf 89' lang='lat' dir='ltr'>peccato.</span> <span class='ocrx_word' id='word_1_334' title='bbox 989 2457 1085 2501; x_wconf 89' lang='lat' dir='ltr'>Quid</span> 
     </span>
     <span class='ocr_line' id='line_1_50' title="bbox 103 2505 1087 2550; baseline 0.004 -12"><span class='ocrx_word' id='word_1_335' title='bbox 103 2507 199 2539; x_wconf 85' lang='lat' dir='ltr'>enim</span> <span class='ocrx_word' id='word_1_336' title='bbox 234 2505 355 2550; x_wconf 81' lang='lat' dir='ltr'>dicit²)</span> <span class='ocrx_word' id='word_1_337' title='bbox 380 2506 492 2540; x_wconf 89' lang='lat' dir='ltr'>David</span> <span class='ocrx_word' id='word_1_338' title='bbox 528 2508 667 2540; x_wconf 90' lang='lat' dir='ltr'>intuens</span> <span class='ocrx_word' id='word_1_339' title='bbox 701 2518 799 2539; x_wconf 87' lang='lat' dir='ltr'>suam</span> <span class='ocrx_word' id='word_1_340' title='bbox 835 2508 1087 2546; x_wconf 83' lang='lat' dir='ltr'>conditionem.</span> 
     </span>
     <span class='ocr_line' id='line_1_51' title="bbox 102 2554 1087 2603; baseline 0.005 -13"><span class='ocrx_word' id='word_1_341' title='bbox 102 2554 229 2603; x_wconf 85' lang='lat' dir='ltr'>Egone</span> <span class='ocrx_word' id='word_1_342' title='bbox 253 2558 444 2603; x_wconf 88' lang='lat' dir='ltr'>reciperer,</span> <span class='ocrx_word' id='word_1_343' title='bbox 471 2558 533 2603; x_wconf 84' lang='lat' dir='ltr'>qui</span> <span class='ocrx_word' id='word_1_344' title='bbox 557 2558 663 2593; x_wconf 87' lang='lat' dir='ltr'>tantis</span> <span class='ocrx_word' id='word_1_345' title='bbox 686 2557 877 2591; x_wconf 87' lang='lat' dir='ltr'>sceleribus</span> <span class='ocrx_word' id='word_1_346' title='bbox 903 2571 956 2592; x_wconf 88' lang='lat' dir='ltr'>me</span> <span class='ocrx_word' id='word_1_347' title='bbox 971 2567 1002 2594; x_wconf 90' lang='lat' dir='ltr'>et</span> <span class='ocrx_word' id='word_1_348' title='bbox 1016 2558 1087 2595; x_wconf 89' lang='lat' dir='ltr'>Ec-</span> 
     </span>
    </p>
   </div>
   <div class='ocr_carea' id='block_1_8' title="bbox 983 2253 1086 2289">
    <p class='ocr_par' dir='ltr' id='par_1_17' title="bbox 983 2253 1086 2289">
     <span class='ocr_line' id='line_1_52' title="bbox 983 2253 1086 2289; baseline 0.019 -2"><span class='ocrx_word' id='word_1_349' title='bbox 983 2253 1086 2289; x_wconf 91' lang='lat' dir='ltr'>Tunc</span> 
     </span>
    </p>
   </div>
   <div class='ocr_carea' id='block_1_9' title="bbox 152 2636 251 2643">
    <p class='ocr_par' dir='ltr' id='par_1_18' title="bbox 152 2636 251 2643">
     <span class='ocr_line' id='line_1_53' title="bbox 152 2636 251 2643; baseline 0 0"><span class='ocrx_word' id='word_1_350' title='bbox 152 2636 251 2643; x_wconf 95' lang='lat' dir='ltr'> </span> 
     </span>
    </p>
   </div>
   <div class='ocr_carea' id='block_1_10' title="bbox 137 2669 777 2704">
    <p class='ocr_par' dir='ltr' id='par_1_19' title="bbox 137 2669 777 2704">
     <span class='ocr_line' id='line_1_54' title="bbox 137 2669 777 2704; baseline 0 -8"><span class='ocrx_word' id='word_1_351' title='bbox 137 2671 165 2704; x_wconf 77' lang='lat'>2)</span> <span class='ocrx_word' id='word_1_352' title='bbox 186 2669 270 2697; x_wconf 84' lang='lat' dir='ltr'>Peuc.</span> <span class='ocrx_word' id='word_1_353' title='bbox 284 2671 413 2697; x_wconf 75' lang='lat' dir='ltr'>mendose</span> <span class='ocrx_word' id='word_1_354' title='bbox 426 2671 510 2703; x_wconf 76' lang='lat' dir='ltr'>dicet,</span> <span class='ocrx_word' id='word_1_355' title='bbox 537 2679 565 2696; x_wconf 85' lang='lat' dir='ltr'>ex</span> <span class='ocrx_word' id='word_1_356' title='bbox 580 2670 777 2697; x_wconf 80' lang='lat' dir='ltr'>emendatione.</span> 
     </span>
    </p>
   </div>
   <div class='ocr_carea' id='block_1_11' title="bbox 107 2709 614 2744">
    <p class='ocr_par' dir='ltr' id='par_1_20' title="bbox 107 2709 614 2744">
     <span class='ocr_line' id='line_1_55' title="bbox 107 2709 614 2744; baseline -0.004 -2"><span class='ocrx_word' id='word_1_357' title='bbox 107 2709 285 2742; x_wconf 59' lang='lat' dir='ltr'>Mamm.</span> <span class='ocrx_word' id='word_1_358' title='bbox 311 2711 412 2744; x_wconf 70' lang='lat' dir='ltr'>Orza.</span> <span class='ocrx_word' id='word_1_359' title='bbox 441 2711 522 2742; x_wconf 50' lang='lat' dir='ltr'>Voti.</span> <span class='ocrx_word' id='word_1_360' title='bbox 539 2709 614 2741; x_wconf 81' lang='lat' dir='ltr'>XII.</span> 
     </span>
    </p>
   </div>
   <div class='ocr_carea' id='block_1_12' title="bbox 1140 479 2148 2747">
    <p class='ocr_par' dir='ltr' id='par_1_21' title="bbox 1164 479 1550 519">
     <span class='ocr_line' id='line_1_56' title="bbox 1164 479 1550 519; baseline 0.016 -7"><span class='ocrx_word' id='word_1_361' title='bbox 1164 479 1220 513; x_wconf 91' lang='lat' dir='ltr'>nis</span> <span class='ocrx_word' id='word_1_362' title='bbox 1235 487 1267 513; x_wconf 90' lang='lat' dir='ltr'>et</span> <span class='ocrx_word' id='word_1_363' title='bbox 1286 480 1354 514; x_wconf 88' lang='lat' dir='ltr'>fide</span> <span class='ocrx_word' id='word_1_364' title='bbox 1369 489 1550 519; x_wconf 84' lang='lat' dir='ltr'>sustentat.</span> 
     </span>
    </p>

    <p class='ocr_par' dir='ltr' id='par_1_22' title="bbox 1158 530 2148 727">
     <span class='ocr_line' id='line_1_57' title="bbox 1267 530 2148 584; baseline 0.016 -21"><span class='ocrx_word' id='word_1_365' title='bbox 1267 530 1325 565; x_wconf 89' lang='grc'>14.</span> <span class='ocrx_word' id='word_1_366' title='bbox 1370 531 1454 566; x_wconf 89' lang='lat' dir='ltr'>Ideo</span> <span class='ocrx_word' id='word_1_367' title='bbox 1477 533 1609 568; x_wconf 89' lang='lat' dir='ltr'>Paulus</span> <span class='ocrx_word' id='word_1_368' title='bbox 1634 536 1737 570; x_wconf 90' lang='lat' dir='ltr'>toties</span> <span class='ocrx_word' id='word_1_369' title='bbox 1766 538 1917 572; x_wconf 87' lang='lat' dir='ltr'>inculcat</span> <span class='ocrx_word' id='word_1_370' title='bbox 1940 542 2148 584; x_wconf 87' lang='lat' dir='ltr'>particulam</span> 
     </span>
     <span class='ocr_line' id='line_1_58' title="bbox 1158 579 2148 632; baseline 0.015 -20"><span class='ocrx_word' id='word_1_371' title='bbox 1158 579 1334 625; x_wconf 49' lang='lat' dir='ltr'>grath,</span> <span class='ocrx_word' id='word_1_372' title='bbox 1358 591 1397 616; x_wconf 91' lang='lat' dir='ltr'>ut</span> <span class='ocrx_word' id='word_1_373' title='bbox 1415 584 1589 619; x_wconf 86' lang='lat' dir='ltr'>discernat</span> <span class='ocrx_word' id='word_1_374' title='bbox 1604 586 1713 630; x_wconf 84' lang='lat' dir='ltr'>legem</span> <span class='ocrx_word' id='word_1_375' title='bbox 1731 586 2019 632; x_wconf 82' lang='lat' dir='ltr'>etEvangelium,</span> <span class='ocrx_word' id='word_1_376' title='bbox 2037 599 2068 625; x_wconf 92' lang='lat' dir='ltr'>et</span> <span class='ocrx_word' id='word_1_377' title='bbox 2084 595 2148 627; x_wconf 91' lang='lat' dir='ltr'>do-</span> 
     </span>
     <span class='ocr_line' id='line_1_59' title="bbox 1159 635 2146 687; baseline 0.013 -23"><span class='ocrx_word' id='word_1_378' title='bbox 1159 638 1234 666; x_wconf 87' lang='lat' dir='ltr'>ceat</span> <span class='ocrx_word' id='word_1_379' title='bbox 1258 635 1483 668; x_wconf 89' lang='lat' dir='ltr'>statuendum</span> <span class='ocrx_word' id='word_1_380' title='bbox 1505 647 1597 677; x_wconf 90' lang='lat' dir='ltr'>esse,</span> <span class='ocrx_word' id='word_1_381' title='bbox 1624 638 1732 680; x_wconf 87' lang='lat' dir='ltr'>gratis</span> <span class='ocrx_word' id='word_1_382' title='bbox 1757 639 1889 672; x_wconf 87' lang='lat' dir='ltr'>remitti</span> <span class='ocrx_word' id='word_1_383' title='bbox 1907 649 2044 683; x_wconf 90' lang='lat' dir='ltr'>peccata</span> <span class='ocrx_word' id='word_1_384' title='bbox 2062 656 2146 687; x_wconf 87' lang='lat' dir='ltr'>pro-</span> 
     </span>
     <span class='ocr_line' id='line_1_60' title="bbox 1158 683 1473 727; baseline 0.016 -12"><span class='ocrx_word' id='word_1_385' title='bbox 1158 689 1236 727; x_wconf 90' lang='lat' dir='ltr'>pter</span> <span class='ocrx_word' id='word_1_386' title='bbox 1259 683 1371 717; x_wconf 88' lang='lat' dir='ltr'>filium</span> <span class='ocrx_word' id='word_1_387' title='bbox 1391 685 1473 721; x_wconf 82' lang='lat' dir='ltr'>Dei.</span> 
     </span>
    </p>

    <p class='ocr_par' dir='ltr' id='par_1_23' title="bbox 1155 733 2147 924">
     <span class='ocr_line' id='line_1_61' title="bbox 1260 733 2147 781; baseline 0.011 -14"><span class='ocrx_word' id='word_1_388' title='bbox 1260 733 1316 769; x_wconf 89' lang='grc'>15.</span> <span class='ocrx_word' id='word_1_389' title='bbox 1358 734 1490 770; x_wconf 82' lang='lat' dir='ltr'>Verum</span> <span class='ocrx_word' id='word_1_390' title='bbox 1516 743 1568 771; x_wconf 86' lang='lat' dir='ltr'>est</span> <span class='ocrx_word' id='word_1_391' title='bbox 1592 745 1755 781; x_wconf 88' lang='lat' dir='ltr'>oportere</span> <span class='ocrx_word' id='word_1_392' title='bbox 1779 740 1898 773; x_wconf 87' lang='lat' dir='ltr'>adesse</span> <span class='ocrx_word' id='word_1_393' title='bbox 1930 741 1967 774; x_wconf 89' lang='lat' dir='ltr'>in</span> <span class='ocrx_word' id='word_1_394' title='bbox 1999 754 2147 777; x_wconf 81' lang='lat' dir='ltr'>conver·</span> 
     </span>
     <span class='ocr_line' id='line_1_62' title="bbox 1157 783 2146 837; baseline 0.012 -21"><span class='ocrx_word' id='word_1_395' title='bbox 1157 783 1256 817; x_wconf 88' lang='lat' dir='ltr'>sione</span> <span class='ocrx_word' id='word_1_396' title='bbox 1292 787 1565 829; x_wconf 84' lang='lat' dir='ltr'>poenitentiam,</span> <span class='ocrx_word' id='word_1_397' title='bbox 1604 789 1729 832; x_wconf 88' lang='lat' dir='ltr'>fidem,</span> <span class='ocrx_word' id='word_1_398' title='bbox 1760 790 2005 833; x_wconf 89' lang='lat' dir='ltr'>dilectionem,</span> <span class='ocrx_word' id='word_1_399' title='bbox 2037 805 2146 837; x_wconf 90' lang='lat' dir='ltr'>spem,</span> 
     </span>
     <span class='ocr_line' id='line_1_63' title="bbox 1155 835 2144 882; baseline 0.012 -15"><span class='ocrx_word' id='word_1_400' title='bbox 1155 835 1291 868; x_wconf 90' lang='lat' dir='ltr'>bonum</span> <span class='ocrx_word' id='word_1_401' title='bbox 1310 838 1546 881; x_wconf 88' lang='lat' dir='ltr'>propositum,</span> <span class='ocrx_word' id='word_1_402' title='bbox 1575 846 1608 872; x_wconf 89' lang='lat' dir='ltr'>et</span> <span class='ocrx_word' id='word_1_403' title='bbox 1625 840 1711 874; x_wconf 87' lang='lat' dir='ltr'>alias</span> <span class='ocrx_word' id='word_1_404' title='bbox 1727 841 1886 882; x_wconf 89' lang='lat' dir='ltr'>virtutes,</span> <span class='ocrx_word' id='word_1_405' title='bbox 1914 844 1973 876; x_wconf 88' lang='lat' dir='ltr'>sed</span> <span class='ocrx_word' id='word_1_406' title='bbox 1992 842 2056 878; x_wconf 87' lang='lat' dir='ltr'>hae</span> <span class='ocrx_word' id='word_1_407' title='bbox 2071 857 2144 879; x_wconf 91' lang='lat' dir='ltr'>non</span> 
     </span>
     <span class='ocr_line' id='line_1_64' title="bbox 1156 889 1625 924; baseline 0.011 -6"><span class='ocrx_word' id='word_1_408' title='bbox 1156 892 1239 920; x_wconf 83' lang='lat' dir='ltr'>sunt</span> <span class='ocrx_word' id='word_1_409' title='bbox 1257 897 1379 920; x_wconf 83' lang='lat' dir='ltr'>causae</span> <span class='ocrx_word' id='word_1_410' title='bbox 1397 889 1625 924; x_wconf 87' lang='lat' dir='ltr'>remissionis.</span> 
     </span>
    </p>

    <p class='ocr_par' dir='ltr' id='par_1_24' title="bbox 1154 937 2145 1082">
     <span class='ocr_line' id='line_1_65' title="bbox 1257 937 2145 987; baseline 0.012 -17"><span class='ocrx_word' id='word_1_411' title='bbox 1257 937 1315 972; x_wconf 87' lang='lat'>16.</span> <span class='ocrx_word' id='word_1_412' title='bbox 1352 937 1435 972; x_wconf 90' lang='lat' dir='ltr'>Ideo</span> <span class='ocrx_word' id='word_1_413' title='bbox 1456 940 1605 979; x_wconf 89' lang='lat' dir='ltr'>dicitur,</span> <span class='ocrx_word' id='word_1_414' title='bbox 1637 942 1710 975; x_wconf 85' lang='lat' dir='ltr'>sola</span> <span class='ocrx_word' id='word_1_415' title='bbox 1734 942 1801 977; x_wconf 85' lang='lat' dir='ltr'>fide</span> <span class='ocrx_word' id='word_1_416' title='bbox 1826 943 2072 987; x_wconf 88' lang='lat' dir='ltr'>iustificamur‚</span> <span class='ocrx_word' id='word_1_417' title='bbox 2106 955 2145 982; x_wconf 93' lang='lat' dir='ltr'>ut</span> 
     </span>
     <span class='ocr_line' id='line_1_66' title="bbox 1154 987 2142 1036; baseline 0.012 -16"><span class='ocrx_word' id='word_1_418' title='bbox 1154 987 1360 1022; x_wconf 88' lang='lat' dir='ltr'>excludatur</span> <span class='ocrx_word' id='word_1_419' title='bbox 1375 989 1498 1034; x_wconf 89' lang='lat' dir='ltr'>opinio</span> <span class='ocrx_word' id='word_1_420' title='bbox 1517 1002 1577 1023; x_wconf 90' lang='lat' dir='ltr'>seu</span> <span class='ocrx_word' id='word_1_421' title='bbox 1596 992 1754 1026; x_wconf 88' lang='lat' dir='ltr'>conditio</span> <span class='ocrx_word' id='word_1_422' title='bbox 1770 994 1908 1036; x_wconf 87' lang='lat' dir='ltr'>meriti,</span> <span class='ocrx_word' id='word_1_423' title='bbox 1936 1007 2010 1030; x_wconf 89' lang='lat' dir='ltr'>non</span> <span class='ocrx_word' id='word_1_424' title='bbox 2028 1004 2065 1031; x_wconf 88' lang='lat' dir='ltr'>ut</span> <span class='ocrx_word' id='word_1_425' title='bbox 2084 1009 2142 1031; x_wconf 86' lang='lat' dir='ltr'>ex-</span> 
     </span>
     <span class='ocr_line' id='line_1_67' title="bbox 1154 1038 1747 1082; baseline 0.01 -13"><span class='ocrx_word' id='word_1_426' title='bbox 1154 1038 1344 1071; x_wconf 84' lang='lat' dir='ltr'>cludantur</span> <span class='ocrx_word' id='word_1_427' title='bbox 1359 1041 1524 1082; x_wconf 86' lang='lat' dir='ltr'>virtutes,</span> <span class='ocrx_word' id='word_1_428' title='bbox 1551 1053 1595 1074; x_wconf 88' lang='lat' dir='ltr'>ne</span> <span class='ocrx_word' id='word_1_429' title='bbox 1619 1043 1747 1079; x_wconf 86' lang='lat' dir='ltr'>adsint.</span> 
     </span>
    </p>

    <p class='ocr_par' dir='ltr' id='par_1_25' title="bbox 1150 1087 2142 1285">
     <span class='ocr_line' id='line_1_68' title="bbox 1258 1087 2139 1130; baseline 0.012 -10"><span class='ocrx_word' id='word_1_430' title='bbox 1258 1088 1315 1124; x_wconf 87' lang='lat'>17.</span> <span class='ocrx_word' id='word_1_431' title='bbox 1355 1087 1515 1122; x_wconf 87' lang='lat' dir='ltr'>Eandem</span> <span class='ocrx_word' id='word_1_432' title='bbox 1547 1091 1745 1125; x_wconf 87' lang='lat' dir='ltr'>doctrinam</span> <span class='ocrx_word' id='word_1_433' title='bbox 1777 1095 1962 1129; x_wconf 84' lang='lat' dir='ltr'>confirmat</span> <span class='ocrx_word' id='word_1_434' title='bbox 1995 1094 2062 1130; x_wconf 91' lang='lat' dir='ltr'>hoc</span> <span class='ocrx_word' id='word_1_435' title='bbox 2087 1098 2139 1130; x_wconf 83' lang='lat' dir='ltr'>di-</span> 
     </span>
     <span class='ocr_line' id='line_1_69' title="bbox 1154 1138 2142 1188; baseline 0.011 -17"><span class='ocrx_word' id='word_1_436' title='bbox 1154 1146 1267 1172; x_wconf 88' lang='lat' dir='ltr'>ctum:</span> <span class='ocrx_word' id='word_1_437' title='bbox 1303 1138 1385 1172; x_wconf 79' lang='lat' dir='ltr'>Non</span> <span class='ocrx_word' id='word_1_438' title='bbox 1408 1140 1656 1176; x_wconf 83' lang='lat' dir='ltr'>iustificabitur</span> <span class='ocrx_word' id='word_1_439' title='bbox 1681 1143 1717 1175; x_wconf 89' lang='lat' dir='ltr'>in</span> <span class='ocrx_word' id='word_1_440' title='bbox 1741 1152 1929 1188; x_wconf 89' lang='lat' dir='ltr'>conspectu</span> <span class='ocrx_word' id='word_1_441' title='bbox 1949 1153 2009 1179; x_wconf 87' lang='lat' dir='ltr'>tuo</span> <span class='ocrx_word' id='word_1_442' title='bbox 2027 1149 2142 1182; x_wconf 85' lang='lat' dir='ltr'>omnis</span> 
     </span>
     <span class='ocr_line' id='line_1_70' title="bbox 1151 1189 2140 1241; baseline 0.012 -20"><span class='ocrx_word' id='word_1_443' title='bbox 1151 1189 1284 1224; x_wconf 85' lang='lat' dir='ltr'>vivens.</span> <span class='ocrx_word' id='word_1_444' title='bbox 1337 1189 1418 1224; x_wconf 87' lang='lat' dir='ltr'>Non</span> <span class='ocrx_word' id='word_1_445' title='bbox 1443 1191 1551 1235; x_wconf 86' lang='lat' dir='ltr'>igitur</span> <span class='ocrx_word' id='word_1_446' title='bbox 1575 1193 1680 1226; x_wconf 89' lang='lat' dir='ltr'>datur</span> <span class='ocrx_word' id='word_1_447' title='bbox 1703 1194 1862 1229; x_wconf 87' lang='lat' dir='ltr'>remissio</span> <span class='ocrx_word' id='word_1_448' title='bbox 1898 1204 2039 1241; x_wconf 88' lang='lat' dir='ltr'>propter</span> <span class='ocrx_word' id='word_1_449' title='bbox 2069 1199 2140 1233; x_wconf 86' lang='lat' dir='ltr'>ulla</span> 
     </span>
     <span class='ocr_line' id='line_1_71' title="bbox 1150 1247 1411 1285; baseline 0.015 -13"><span class='ocrx_word' id='word_1_450' title='bbox 1150 1247 1268 1275; x_wconf 84' lang='lat' dir='ltr'>nostra</span> <span class='ocrx_word' id='word_1_451' title='bbox 1293 1253 1411 1285; x_wconf 85' lang='lat' dir='ltr'>opera.</span> 
     </span>
    </p>

    <p class='ocr_par' dir='ltr' id='par_1_26' title="bbox 1148 1292 2139 1434">
     <span class='ocr_line' id='line_1_72' title="bbox 1253 1292 2139 1344; baseline 0.009 -19"><span class='ocrx_word' id='word_1_452' title='bbox 1253 1292 1309 1326; x_wconf 86' lang='lat'>18.</span> <span class='ocrx_word' id='word_1_453' title='bbox 1352 1292 1460 1327; x_wconf 87' lang='lat' dir='ltr'>Errat</span> <span class='ocrx_word' id='word_1_454' title='bbox 1484 1292 1676 1328; x_wconf 83' lang='lat' dir='ltr'>Malvenda</span> <span class='ocrx_word' id='word_1_455' title='bbox 1701 1296 1829 1332; x_wconf 88' lang='lat' dir='ltr'>docens</span> <span class='ocrx_word' id='word_1_456' title='bbox 1860 1305 2012 1332; x_wconf 89' lang='lat' dir='ltr'>mentem</span> <span class='ocrx_word' id='word_1_457' title='bbox 2040 1301 2139 1344; x_wconf 85' lang='lat' dir='ltr'>pavi-</span> 
     </span>
     <span class='ocr_line' id='line_1_73' title="bbox 1149 1341 2138 1395; baseline 0.011 -21"><span class='ocrx_word' id='word_1_458' title='bbox 1149 1341 1230 1374; x_wconf 89' lang='lat' dir='ltr'>dam</span> <span class='ocrx_word' id='word_1_459' title='bbox 1254 1349 1285 1375; x_wconf 84' lang='lat' dir='ltr'>et</span> <span class='ocrx_word' id='word_1_460' title='bbox 1321 1342 1514 1386; x_wconf 82' lang='lat' dir='ltr'>fugientem</span> <span class='ocrx_word' id='word_1_461' title='bbox 1537 1343 1652 1378; x_wconf 87' lang='lat' dir='ltr'>Deum</span> <span class='ocrx_word' id='word_1_462' title='bbox 1679 1346 1717 1378; x_wconf 92' lang='lat' dir='ltr'>in</span> <span class='ocrx_word' id='word_1_463' title='bbox 1741 1347 1802 1380; x_wconf 87' lang='lat' dir='ltr'>illo</span> <span class='ocrx_word' id='word_1_464' title='bbox 1830 1348 1921 1382; x_wconf 86' lang='lat' dir='ltr'>tristi</span> <span class='ocrx_word' id='word_1_465' title='bbox 1951 1358 2138 1395; x_wconf 86' lang='lat' dir='ltr'>conspectu</span> 
     </span>
     <span class='ocr_line' id='line_1_74' title="bbox 1148 1390 1856 1434; baseline 0.008 -10"><span class='ocrx_word' id='word_1_466' title='bbox 1148 1391 1220 1425; x_wconf 89' lang='lat' dir='ltr'>irae</span> <span class='ocrx_word' id='word_1_467' title='bbox 1237 1390 1322 1434; x_wconf 91' lang='lat' dir='ltr'>Dei,</span> <span class='ocrx_word' id='word_1_468' title='bbox 1349 1401 1388 1427; x_wconf 91' lang='lat' dir='ltr'>ut</span> <span class='ocrx_word' id='word_1_469' title='bbox 1406 1401 1544 1428; x_wconf 88' lang='lat' dir='ltr'>maneat</span> <span class='ocrx_word' id='word_1_470' title='bbox 1561 1395 1600 1430; x_wconf 87' lang='lat' dir='ltr'>in</span> <span class='ocrx_word' id='word_1_471' title='bbox 1624 1397 1856 1434; x_wconf 81' lang='lat' dir='ltr'>dubitatione.</span> 
     </span>
    </p>

    <p class='ocr_par' dir='ltr' id='par_1_27' title="bbox 1146 1442 2137 1588">
     <span class='ocr_line' id='line_1_75' title="bbox 1251 1442 2137 1493; baseline 0.014 -18"><span class='ocrx_word' id='word_1_472' title='bbox 1251 1443 1309 1476; x_wconf 88' lang='grc'>19.</span> <span class='ocrx_word' id='word_1_473' title='bbox 1349 1442 1457 1478; x_wconf 90' lang='lat' dir='ltr'>Errat</span> <span class='ocrx_word' id='word_1_474' title='bbox 1482 1446 1543 1490; x_wconf 90' lang='lat' dir='ltr'>qui</span> <span class='ocrx_word' id='word_1_475' title='bbox 1566 1446 1668 1479; x_wconf 89' lang='lat' dir='ltr'>fidem</span> <span class='ocrx_word' id='word_1_476' title='bbox 1687 1447 1724 1479; x_wconf 91' lang='lat' dir='ltr'>in</span> <span class='ocrx_word' id='word_1_477' title='bbox 1749 1449 1820 1482; x_wconf 88' lang='lat' dir='ltr'>suis</span> <span class='ocrx_word' id='word_1_478' title='bbox 1834 1450 2137 1493; x_wconf 85' lang='lat' dir='ltr'>propositionibus</span> 
     </span>
     <span class='ocr_line' id='line_1_76' title="bbox 1146 1493 2135 1543; baseline 0.012 -19"><span class='ocrx_word' id='word_1_479' title='bbox 1146 1498 1283 1525; x_wconf 86' lang='lat' dir='ltr'>tanturn</span> <span class='ocrx_word' id='word_1_480' title='bbox 1297 1493 1463 1537; x_wconf 86' lang='lat' dir='ltr'>intelligit</span> <span class='ocrx_word' id='word_1_481' title='bbox 1480 1507 1551 1528; x_wconf 90' lang='lat' dir='ltr'>esse</span> <span class='ocrx_word' id='word_1_482' title='bbox 1568 1496 1680 1538; x_wconf 89' lang='lat' dir='ltr'>idem,</span> <span class='ocrx_word' id='word_1_483' title='bbox 1707 1500 1802 1542; x_wconf 88' lang='lat' dir='ltr'>quod</span> <span class='ocrx_word' id='word_1_484' title='bbox 1821 1511 1922 1533; x_wconf 89' lang='lat' dir='ltr'>nosse</span> <span class='ocrx_word' id='word_1_485' title='bbox 1940 1499 2135 1543; x_wconf 84' lang='lat' dir='ltr'>historiam,</span> 
     </span>
     <span class='ocr_line' id='line_1_77' title="bbox 1146 1544 1662 1588; baseline 0.01 -14"><span class='ocrx_word' id='word_1_486' title='bbox 1146 1553 1220 1575; x_wconf 88' lang='lat' dir='ltr'>non</span> <span class='ocrx_word' id='word_1_487' title='bbox 1239 1544 1408 1577; x_wconf 88' lang='lat' dir='ltr'>assentire</span> <span class='ocrx_word' id='word_1_488' title='bbox 1423 1545 1662 1588; x_wconf 86' lang='lat' dir='ltr'>promissioni.</span> 
     </span>
    </p>

    <p class='ocr_par' dir='ltr' id='par_1_28' title="bbox 1145 1592 2136 1737">
     <span class='ocr_line' id='line_1_78' title="bbox 1245 1592 2136 1640; baseline 0.009 -13"><span class='ocrx_word' id='word_1_489' title='bbox 1245 1594 1304 1627; x_wconf 56' lang='lat' dir='ltr'>20t</span> <span class='ocrx_word' id='word_1_490' title='bbox 1340 1592 1449 1629; x_wconf 90' lang='lat' dir='ltr'>Errat</span> <span class='ocrx_word' id='word_1_491' title='bbox 1471 1596 1552 1640; x_wconf 86' lang='lat' dir='ltr'>quia</span> <span class='ocrx_word' id='word_1_492' title='bbox 1576 1597 1726 1631; x_wconf 85' lang='lat' dir='ltr'>affirmat</span> <span class='ocrx_word' id='word_1_493' title='bbox 1756 1606 1896 1633; x_wconf 87' lang='lat' dir='ltr'>renatos</span> <span class='ocrx_word' id='word_1_494' title='bbox 1918 1599 1955 1632; x_wconf 89' lang='lat' dir='ltr'>in</span> <span class='ocrx_word' id='word_1_495' title='bbox 1983 1598 2047 1634; x_wconf 88' lang='lat' dir='ltr'>hac</span> <span class='ocrx_word' id='word_1_496' title='bbox 2065 1601 2136 1636; x_wconf 88' lang='lat' dir='ltr'>vita</span> 
     </span>
     <span class='ocr_line' id='line_1_79' title="bbox 1145 1644 2135 1692; baseline 0.01 -16"><span class='ocrx_word' id='word_1_497' title='bbox 1145 1655 1245 1687; x_wconf 91' lang='lat' dir='ltr'>posse</span> <span class='ocrx_word' id='word_1_498' title='bbox 1266 1645 1334 1688; x_wconf 83' lang='lat' dir='ltr'>legi</span> <span class='ocrx_word' id='word_1_499' title='bbox 1359 1644 1426 1679; x_wconf 85' lang='lat' dir='ltr'>Dei</span> <span class='ocrx_word' id='word_1_500' title='bbox 1452 1647 1665 1689; x_wconf 87' lang='lat' dir='ltr'>satisfacere,</span> <span class='ocrx_word' id='word_1_501' title='bbox 1707 1654 1739 1681; x_wconf 86' lang='lat' dir='ltr'>et</span> <span class='ocrx_word' id='word_1_502' title='bbox 1769 1661 1928 1692; x_wconf 87' lang='lat' dir='ltr'>expresse</span> <span class='ocrx_word' id='word_1_503' title='bbox 1959 1652 2046 1685; x_wconf 86' lang='lat' dir='ltr'>dicit</span> <span class='ocrx_word' id='word_1_504' title='bbox 2072 1650 2135 1687; x_wconf 89' lang='lat' dir='ltr'>hac</span> 
     </span>
     <span class='ocr_line' id='line_1_80' title="bbox 1145 1695 1874 1737; baseline 0.012 -13"><span class='ocrx_word' id='word_1_505' title='bbox 1145 1695 1351 1737; x_wconf 88' lang='lat' dir='ltr'>impletione</span> <span class='ocrx_word' id='word_1_506' title='bbox 1368 1696 1453 1737; x_wconf 84' lang='lat' dir='ltr'>legis</span> <span class='ocrx_word' id='word_1_507' title='bbox 1465 1721 1474 1736; x_wconf 87' lang='lat'>‚</span> <span class='ocrx_word' id='word_1_508' title='bbox 1500 1695 1662 1730; x_wconf 87' lang='lat' dir='ltr'>homines</span> <span class='ocrx_word' id='word_1_509' title='bbox 1682 1697 1774 1731; x_wconf 86' lang='lat' dir='ltr'>iutos</span> <span class='ocrx_word' id='word_1_510' title='bbox 1790 1709 1874 1735; x_wconf 83' lang='lat' dir='ltr'>esse.</span> 
     </span>
    </p>

    <p class='ocr_par' dir='ltr' id='par_1_29' title="bbox 1141 1743 2136 2083">
     <span class='ocr_line' id='line_1_81' title="bbox 1246 1743 2134 1789; baseline 0.011 -12"><span class='ocrx_word' id='word_1_511' title='bbox 1246 1744 1307 1779; x_wconf 86' lang='lat'>21.</span> <span class='ocrx_word' id='word_1_512' title='bbox 1342 1743 1416 1778; x_wconf 91' lang='lat' dir='ltr'>Nos</span> <span class='ocrx_word' id='word_1_513' title='bbox 1441 1753 1561 1779; x_wconf 88' lang='lat' dir='ltr'>contra</span> <span class='ocrx_word' id='word_1_514' title='bbox 1586 1747 1819 1789; x_wconf 83' lang='lat' dir='ltr'>affirmamus,</span> <span class='ocrx_word' id='word_1_515' title='bbox 1849 1759 1987 1785; x_wconf 87' lang='lat' dir='ltr'>renatos</span> <span class='ocrx_word' id='word_1_516' title='bbox 2010 1753 2047 1785; x_wconf 88' lang='lat' dir='ltr'>in</span> <span class='ocrx_word' id='word_1_517' title='bbox 2071 1751 2134 1788; x_wconf 88' lang='lat' dir='ltr'>hae</span> 
     </span>
     <span class='ocr_line' id='line_1_82' title="bbox 1144 1792 2135 1849; baseline 0.012 -23"><span class='ocrx_word' id='word_1_518' title='bbox 1144 1792 1216 1827; x_wconf 83' lang='lat' dir='ltr'>vita</span> <span class='ocrx_word' id='word_1_519' title='bbox 1239 1806 1312 1827; x_wconf 88' lang='lat' dir='ltr'>non</span> <span class='ocrx_word' id='word_1_520' title='bbox 1336 1807 1437 1840; x_wconf 88' lang='lat' dir='ltr'>posse</span> <span class='ocrx_word' id='word_1_521' title='bbox 1462 1797 1659 1831; x_wconf 81' lang='lat' dir='ltr'>satisfacere</span> <span class='ocrx_word' id='word_1_522' title='bbox 1681 1799 1749 1842; x_wconf 86' lang='lat' dir='ltr'>legi</span> <span class='ocrx_word' id='word_1_523' title='bbox 1763 1798 1850 1839; x_wconf 91' lang='lat' dir='ltr'>Dei,</span> <span class='ocrx_word' id='word_1_524' title='bbox 1875 1809 1907 1835; x_wconf 90' lang='lat' dir='ltr'>et</span> <span class='ocrx_word' id='word_1_525' title='bbox 1931 1814 2135 1849; x_wconf 89' lang='lat' dir='ltr'>quanquam</span> 
     </span>
     <span class='ocr_line' id='line_1_83' title="bbox 1143 1841 2136 1898; baseline 0.013 -22"><span class='ocrx_word' id='word_1_526' title='bbox 1143 1841 1275 1879; x_wconf 89' lang='lat' dir='ltr'>habent</span> <span class='ocrx_word' id='word_1_527' title='bbox 1298 1844 1501 1881; x_wconf 86' lang='lat' dir='ltr'>inchoatam</span> <span class='ocrx_word' id='word_1_528' title='bbox 1525 1849 1787 1891; x_wconf 86' lang='lat' dir='ltr'>obedientiam,</span> <span class='ocrx_word' id='word_1_529' title='bbox 1820 1863 1908 1896; x_wconf 88' lang='lat' dir='ltr'>quae</span> <span class='ocrx_word' id='word_1_530' title='bbox 1928 1853 1998 1887; x_wconf 90' lang='lat' dir='ltr'>Deo</span> <span class='ocrx_word' id='word_1_531' title='bbox 2023 1855 2136 1898; x_wconf 88' lang='lat' dir='ltr'>placet</span> 
     </span>
     <span class='ocr_line' id='line_1_84' title="bbox 1143 1895 2133 1947; baseline 0.012 -20"><span class='ocrx_word' id='word_1_532' title='bbox 1143 1895 1181 1928; x_wconf 92' lang='lat' dir='ltr'>in</span> <span class='ocrx_word' id='word_1_533' title='bbox 1205 1896 1429 1930; x_wconf 88' lang='lat' dir='ltr'>credentibus</span> <span class='ocrx_word' id='word_1_534' title='bbox 1454 1907 1598 1943; x_wconf 89' lang='lat' dir='ltr'>propter</span> <span class='ocrx_word' id='word_1_535' title='bbox 1620 1900 1748 1933; x_wconf 83' lang='lat' dir='ltr'>filium:</span> <span class='ocrx_word' id='word_1_536' title='bbox 1777 1907 1892 1935; x_wconf 89' lang='lat' dir='ltr'>tamen</span> <span class='ocrx_word' id='word_1_537' title='bbox 1916 1916 2065 1947; x_wconf 89' lang='lat' dir='ltr'>persona</span> <span class='ocrx_word' id='word_1_538' title='bbox 2082 1913 2133 1940; x_wconf 83' lang='lat' dir='ltr'>est</span> 
     </span>
     <span class='ocr_line' id='line_1_85' title="bbox 1142 1946 2132 1998; baseline 0.01 -19"><span class='ocrx_word' id='word_1_539' title='bbox 1142 1946 1253 1986; x_wconf 88' lang='lat' dir='ltr'>iusta,</span> <span class='ocrx_word' id='word_1_540' title='bbox 1281 1947 1316 1980; x_wconf 91' lang='lat' dir='ltr'>id</span> <span class='ocrx_word' id='word_1_541' title='bbox 1343 1955 1411 1989; x_wconf 86' lang='lat' dir='ltr'>est,</span> <span class='ocrx_word' id='word_1_542' title='bbox 1437 1956 1575 1993; x_wconf 88' lang='lat' dir='ltr'>accepta</span> <span class='ocrx_word' id='word_1_543' title='bbox 1599 1957 1744 1994; x_wconf 87' lang='lat' dir='ltr'>propter</span> <span class='ocrx_word' id='word_1_544' title='bbox 1759 1952 2009 1998; x_wconf 80' lang='lat' dir='ltr'>mediatorem,</span> <span class='ocrx_word' id='word_1_545' title='bbox 2037 1955 2132 1990; x_wconf 84' lang='lat' dir='ltr'>iuxta</span> 
     </span>
     <span class='ocr_line' id='line_1_86' title="bbox 1143 1996 2132 2047; baseline 0.01 -18"><span class='ocrx_word' id='word_1_546' title='bbox 1143 1996 1249 2030; x_wconf 88' lang='lat' dir='ltr'>illud:</span> <span class='ocrx_word' id='word_1_547' title='bbox 1284 1996 1364 2032; x_wconf 90' lang='lat' dir='ltr'>Non</span> <span class='ocrx_word' id='word_1_548' title='bbox 1388 1999 1634 2034; x_wconf 88' lang='lat' dir='ltr'>iustificabitur</span> <span class='ocrx_word' id='word_1_549' title='bbox 1659 2001 1695 2034; x_wconf 87' lang='lat' dir='ltr'>in</span> <span class='ocrx_word' id='word_1_550' title='bbox 1720 2010 1907 2047; x_wconf 90' lang='lat' dir='ltr'>conspectu</span> <span class='ocrx_word' id='word_1_551' title='bbox 1931 2011 1991 2037; x_wconf 92' lang='lat' dir='ltr'>tuo</span> <span class='ocrx_word' id='word_1_552' title='bbox 2017 2006 2132 2040; x_wconf 86' lang='lat' dir='ltr'>omnis</span> 
     </span>
     <span class='ocr_line' id='line_1_87' title="bbox 1141 2060 1275 2083; baseline 0.022 -3"><span class='ocrx_word' id='word_1_553' title='bbox 1141 2060 1275 2083; x_wconf 77' lang='lat' dir='ltr'>vivens.</span> 
     </span>
    </p>

    <p class='ocr_par' dir='ltr' id='par_1_30' title="bbox 1140 2098 2130 2394">
     <span class='ocr_line' id='line_1_88' title="bbox 1242 2098 2130 2148; baseline 0.012 -16"><span class='ocrx_word' id='word_1_554' title='bbox 1242 2100 1304 2136; x_wconf 80' lang='lat'>22.</span> <span class='ocrx_word' id='word_1_555' title='bbox 1332 2098 1448 2134; x_wconf 89' lang='lat' dir='ltr'>Multa</span> <span class='ocrx_word' id='word_1_556' title='bbox 1468 2101 1581 2136; x_wconf 87' lang='lat' dir='ltr'>tristia</span> <span class='ocrx_word' id='word_1_557' title='bbox 1597 2102 1688 2136; x_wconf 86' lang='lat' dir='ltr'>mala</span> <span class='ocrx_word' id='word_1_558' title='bbox 1705 2111 1849 2138; x_wconf 90' lang='lat' dir='ltr'>manent</span> <span class='ocrx_word' id='word_1_559' title='bbox 1869 2105 1904 2137; x_wconf 92' lang='lat' dir='ltr'>in</span> <span class='ocrx_word' id='word_1_560' title='bbox 1920 2106 2060 2148; x_wconf 87' lang='lat' dir='ltr'>renatis,</span> <span class='ocrx_word' id='word_1_561' title='bbox 2090 2116 2130 2143; x_wconf 87' lang='lat' dir='ltr'>ut</span> 
     </span>
     <span class='ocr_line' id='line_1_89' title="bbox 1142 2150 2129 2201; baseline 0.01 -19"><span class='ocrx_word' id='word_1_562' title='bbox 1142 2150 1402 2192; x_wconf 85' lang='lat' dir='ltr'>dubitationes,</span> <span class='ocrx_word' id='word_1_563' title='bbox 1436 2153 1603 2187; x_wconf 86' lang='lat' dir='ltr'>securitas</span> <span class='ocrx_word' id='word_1_564' title='bbox 1629 2155 1799 2196; x_wconf 88' lang='lat' dir='ltr'>carnalis,</span> <span class='ocrx_word' id='word_1_565' title='bbox 1831 2156 1957 2199; x_wconf 80' lang='lat' dir='ltr'>frigide</span> <span class='ocrx_word' id='word_1_566' title='bbox 1984 2157 2129 2201; x_wconf 86' lang='lat' dir='ltr'>diligere</span> 
     </span>
     <span class='ocr_line' id='line_1_90' title="bbox 1141 2200 2128 2250; baseline 0.008 -15"><span class='ocrx_word' id='word_1_567' title='bbox 1141 2200 1254 2235; x_wconf 91' lang='lat' dir='ltr'>Deum</span> <span class='ocrx_word' id='word_1_568' title='bbox 1272 2208 1305 2235; x_wconf 86' lang='lat' dir='ltr'>et</span> <span class='ocrx_word' id='word_1_569' title='bbox 1321 2203 1452 2237; x_wconf 83' lang='lat' dir='ltr'>multae</span> <span class='ocrx_word' id='word_1_570' title='bbox 1470 2203 1631 2237; x_wconf 83' lang='lat' dir='ltr'>flammae</span> <span class='ocrx_word' id='word_1_571' title='bbox 1647 2205 1857 2240; x_wconf 90' lang='lat' dir='ltr'>viciosarum</span> <span class='ocrx_word' id='word_1_572' title='bbox 1882 2206 2128 2250; x_wconf 86' lang='lat' dir='ltr'>cupiditatum.</span> 
     </span>
     <span class='ocr_line' id='line_1_91' title="bbox 1140 2251 2128 2304; baseline 0.009 -20"><span class='ocrx_word' id='word_1_573' title='bbox 1140 2251 1236 2285; x_wconf 84' lang='lat' dir='ltr'>llaec</span> <span class='ocrx_word' id='word_1_574' title='bbox 1254 2253 1345 2286; x_wconf 83' lang='lat' dir='ltr'>mala</span> <span class='ocrx_word' id='word_1_575' title='bbox 1361 2255 1610 2288; x_wconf 86' lang='lat' dir='ltr'>condonantur</span> <span class='ocrx_word' id='word_1_576' title='bbox 1625 2261 1657 2288; x_wconf 84' lang='lat' dir='ltr'>et</span> <span class='ocrx_word' id='word_1_577' title='bbox 1674 2262 1839 2299; x_wconf 85' lang='lat' dir='ltr'>teguntur</span> <span class='ocrx_word' id='word_1_578' title='bbox 1866 2257 1903 2290; x_wconf 88' lang='lat' dir='ltr'>in</span> <span class='ocrx_word' id='word_1_579' title='bbox 1921 2255 1976 2290; x_wconf 89' lang='lat' dir='ltr'>his</span> <span class='ocrx_word' id='word_1_580' title='bbox 1993 2260 2054 2304; x_wconf 84' lang='lat' dir='ltr'>qui</span> <span class='ocrx_word' id='word_1_581' title='bbox 2072 2272 2128 2294; x_wconf 87' lang='lat' dir='ltr'>re-</span> 
     </span>
     <span class='ocr_line' id='line_1_92' title="bbox 1141 2306 2124 2353; baseline 0.009 -18"><span class='ocrx_word' id='word_1_582' title='bbox 1141 2310 1319 2348; x_wconf 82' lang='lat' dir='ltr'>pugnant,</span> <span class='ocrx_word' id='word_1_583' title='bbox 1352 2306 1410 2337; x_wconf 89' lang='lat' dir='ltr'>sed</span> <span class='ocrx_word' id='word_1_584' title='bbox 1435 2311 1551 2339; x_wconf 87' lang='lat' dir='ltr'>tamen</span> <span class='ocrx_word' id='word_1_585' title='bbox 1577 2317 1698 2340; x_wconf 87' lang='lat' dir='ltr'>revera</span> <span class='ocrx_word' id='word_1_586' title='bbox 1720 2314 1801 2341; x_wconf 88' lang='lat' dir='ltr'>sunt</span> <span class='ocrx_word' id='word_1_587' title='bbox 1824 2307 1915 2341; x_wconf 88' lang='lat' dir='ltr'>mala</span> <span class='ocrx_word' id='word_1_588' title='bbox 1931 2311 2124 2353; x_wconf 85' lang='lat' dir='ltr'>pugnantia</span> 
     </span>
     <span class='ocr_line' id='line_1_93' title="bbox 1141 2354 1409 2394; baseline 0.004 -6"><span class='ocrx_word' id='word_1_589' title='bbox 1141 2367 1219 2388; x_wconf 87' lang='lat' dir='ltr'>cum</span> <span class='ocrx_word' id='word_1_590' title='bbox 1237 2354 1310 2394; x_wconf 76' lang='lat' dir='ltr'>lege</span> <span class='ocrx_word' id='word_1_591' title='bbox 1328 2355 1409 2389; x_wconf 89' lang='lat' dir='ltr'>Dei.</span> 
     </span>
    </p>

    <p class='ocr_par' dir='ltr' id='par_1_31' title="bbox 1140 2405 2123 2541">
     <span class='ocr_line' id='line_1_94' title="bbox 1241 2405 2123 2446; baseline 0.009 -8"><span class='ocrx_word' id='word_1_592' title='bbox 1241 2405 1303 2439; x_wconf 83' lang='lat'>23.</span> <span class='ocrx_word' id='word_1_593' title='bbox 1346 2405 1415 2439; x_wconf 87' lang='lat' dir='ltr'>Sed</span> <span class='ocrx_word' id='word_1_594' title='bbox 1439 2413 1579 2440; x_wconf 88' lang='lat' dir='ltr'>ruentes</span> <span class='ocrx_word' id='word_1_595' title='bbox 1602 2406 1639 2439; x_wconf 90' lang='lat' dir='ltr'>in</span> <span class='ocrx_word' id='word_1_596' title='bbox 1660 2408 1786 2441; x_wconf 85' lang='lat' dir='ltr'>delicta</span> <span class='ocrx_word' id='word_1_597' title='bbox 1803 2415 1925 2443; x_wconf 88' lang='lat' dir='ltr'>contra</span> <span class='ocrx_word' id='word_1_598' title='bbox 1943 2413 2123 2446; x_wconf 88' lang='lat' dir='ltr'>conscien-</span> 
     </span>
     <span class='ocr_line' id='line_1_95' title="bbox 1140 2457 2123 2504; baseline 0.007 -14"><span class='ocrx_word' id='word_1_599' title='bbox 1140 2463 1225 2501; x_wconf 63' lang='lat' dir='ltr'>tiam</span> <span class='ocrx_word' id='word_1_600' title='bbox 1251 2457 1433 2490; x_wconf 85' lang='lat' dir='ltr'>excutiunt</span> <span class='ocrx_word' id='word_1_601' title='bbox 1451 2457 1598 2500; x_wconf 81' lang='lat' dir='ltr'>gratiam</span> <span class='ocrx_word' id='word_1_602' title='bbox 1626 2465 1660 2492; x_wconf 92' lang='lat' dir='ltr'>et</span> <span class='ocrx_word' id='word_1_603' title='bbox 1684 2458 1858 2504; x_wconf 89' lang='lat' dir='ltr'>Spiritum</span> <span class='ocrx_word' id='word_1_604' title='bbox 1883 2469 2061 2503; x_wconf 82' lang='lat' dir='ltr'>sanctum,</span> <span class='ocrx_word' id='word_1_605' title='bbox 2088 2470 2123 2497; x_wconf 86' lang='lat' dir='ltr'>et</span> 
     </span>
     <span class='ocr_line' id='line_1_96' title="bbox 1141 2507 1626 2541; baseline 0.002 -1"><span class='ocrx_word' id='word_1_606' title='bbox 1141 2508 1230 2540; x_wconf 85' lang='lat' dir='ltr'>fiunt</span> <span class='ocrx_word' id='word_1_607' title='bbox 1248 2507 1297 2540; x_wconf 71' lang='lat' dir='ltr'>rei</span> <span class='ocrx_word' id='word_1_608' title='bbox 1316 2508 1437 2540; x_wconf 80' lang='lat' dir='ltr'>mortis</span> <span class='ocrx_word' id='word_1_609' title='bbox 1454 2514 1626 2541; x_wconf 83' lang='lat' dir='ltr'>aeternae.</span> 
     </span>
    </p>

    <p class='ocr_par' dir='ltr' id='par_1_32' title="bbox 1141 2557 2122 2708">
     <span class='ocr_line' id='line_1_97' title="bbox 1242 2557 2121 2606; baseline 0.007 -15"><span class='ocrx_word' id='word_1_610' title='bbox 1242 2557 1303 2591; x_wconf 76' lang='lat'>24.</span> <span class='ocrx_word' id='word_1_611' title='bbox 1345 2558 1484 2592; x_wconf 74' lang='lat' dir='ltr'>lint-sus</span> <span class='ocrx_word' id='word_1_612' title='bbox 1507 2565 1623 2592; x_wconf 90' lang='lat' dir='ltr'>autem</span> <span class='ocrx_word' id='word_1_613' title='bbox 1648 2560 1868 2606; x_wconf 87' lang='lat' dir='ltr'>recipiuntur</span> <span class='ocrx_word' id='word_1_614' title='bbox 1891 2574 1910 2596; x_wconf 92' lang='lat' dir='ltr'>a</span> <span class='ocrx_word' id='word_1_615' title='bbox 1934 2560 2010 2597; x_wconf 84' lang='lat' dir='ltr'>Deo</span> <span class='ocrx_word' id='word_1_616' title='bbox 2043 2575 2121 2597; x_wconf 88' lang='lat' dir='ltr'>cum</span> 
     </span>
     <span class='ocr_line' id='line_1_98' title="bbox 1141 2609 2120 2654; baseline 0.004 -12"><span class='ocrx_word' id='word_1_617' title='bbox 1141 2609 1300 2642; x_wconf 84' lang='lat' dir='ltr'>conversi</span> <span class='ocrx_word' id='word_1_618' title='bbox 1319 2615 1427 2651; x_wconf 80' lang='lat' dir='ltr'>agunt</span> <span class='ocrx_word' id='word_1_619' title='bbox 1444 2610 1695 2654; x_wconf 83' lang='lat' dir='ltr'>poenitentiam</span> <span class='ocrx_word' id='word_1_620' title='bbox 1708 2639 1717 2653; x_wconf 89' lang='lat'>,</span> <span class='ocrx_word' id='word_1_621' title='bbox 1746 2619 1777 2646; x_wconf 86' lang='lat' dir='ltr'>et</span> <span class='ocrx_word' id='word_1_622' title='bbox 1797 2613 1863 2646; x_wconf 80' lang='lat' dir='ltr'>side</span> <span class='ocrx_word' id='word_1_623' title='bbox 1880 2614 2120 2647; x_wconf 80' lang='lat' dir='ltr'>remissionem</span> 
     </span>
     <span class='ocr_line' id='line_1_99' title="bbox 1141 2657 2122 2708; baseline 0.006 -16"><span class='ocrx_word' id='word_1_624' title='bbox 1141 2666 1275 2704; x_wconf 86' lang='lat' dir='ltr'>petunt,</span> <span class='ocrx_word' id='word_1_625' title='bbox 1302 2666 1338 2694; x_wconf 87' lang='lat' dir='ltr'>ut</span> <span class='ocrx_word' id='word_1_626' title='bbox 1353 2657 1475 2694; x_wconf 79' lang='lat' dir='ltr'>Esaias</span> <span class='ocrx_word' id='word_1_627' title='bbox 1494 2661 1628 2706; x_wconf 78' lang='lat' dir='ltr'>inquit:</span> <span class='ocrx_word' id='word_1_628' title='bbox 1657 2662 1695 2697; x_wconf 83' lang='lat' dir='ltr'>Si</span> <span class='ocrx_word' id='word_1_629' title='bbox 1716 2672 1850 2708; x_wconf 79' lang='lat' dir='ltr'>peccata</span> <span class='ocrx_word' id='word_1_630' title='bbox 1865 2672 1977 2698; x_wconf 74' lang='lat' dir='ltr'>vestra</span> <span class='ocrx_word' id='word_1_631' title='bbox 1993 2664 2122 2699; x_wconf 79' lang='lat' dir='ltr'>fuerint</span> 
     </span>
    </p>

    <p class='ocr_par' dir='ltr' id='par_1_33' title="bbox 1565 2712 1613 2747">
     <span class='ocr_line' id='line_1_100' title="bbox 1565 2712 1613 2747; baseline 0.063 -3"><span class='ocrx_word' id='word_1_632' title='bbox 1565 2712 1613 2747; x_wconf 75' lang='lat'>35</span> 
     </span>
    </p>
   </div>
  </div>
 </body>
</html>
