<?xml version="1.0" encoding="UTF-8"?>
<!DOCTYPE html PUBLIC "-//W3C//DTD XHTML 1.0 Transitional//EN"
    "http://www.w3.org/TR/xhtml1/DTD/xhtml1-transitional.dtd">
<html xmlns="http://www.w3.org/1999/xhtml" xml:lang="en" lang="en">
 <head>
  <title>
</title>
<meta http-equiv="Content-Type" content="text/html;charset=utf-8" />
  <meta name='ocr-system' content='tesseract 3.04.00' />
  <meta name='ocr-capabilities' content='ocr_page ocr_carea ocr_par ocr_line ocrx_word'/>
</head>
<body>
  <div class='ocr_page' id='page_1' title='image "./operaquaesupersu12melauoft/operaquaesupersu12melauoft_0093.png"; bbox 0 0 2324 2955; ppageno 0'>
   <div class='ocr_carea' id='block_1_1' title="bbox 98 112 170 148">
    <p class='ocr_par' dir='ltr' id='par_1_1' title="bbox 98 112 170 148">
     <span class='ocr_line' id='line_1_1' title="bbox 98 112 170 148; baseline -0.042 0"><span class='ocrx_word' id='word_1_1' title='bbox 98 112 170 148; x_wconf 87' lang='lat'>169</span> 
     </span>
    </p>
   </div>
   <div class='ocr_carea' id='block_1_2' title="bbox 78 193 1077 2695">
    <p class='ocr_par' dir='ltr' id='par_1_2' title="bbox 78 193 1077 1628">
     <span class='ocr_line' id='line_1_2' title="bbox 195 193 1077 238; baseline -0.002 -11"><span class='ocrx_word' id='word_1_2' title='bbox 195 193 396 238; x_wconf 84' lang='lat' dir='ltr'>Tantopere</span> <span class='ocrx_word' id='word_1_3' title='bbox 412 193 487 228; x_wconf 85' lang='lat' dir='ltr'>istis</span> <span class='ocrx_word' id='word_1_4' title='bbox 511 193 749 227; x_wconf 81' lang='lat' dir='ltr'><strong>nebulonibus</strong></span> <span class='ocrx_word' id='word_1_5' title='bbox 770 195 882 234; x_wconf 89' lang='lat' dir='ltr'>dolet,</span> <span class='ocrx_word' id='word_1_6' title='bbox 910 205 974 226; x_wconf 90' lang='lat' dir='ltr'>nos</span> <span class='ocrx_word' id='word_1_7' title='bbox 998 194 1077 226; x_wconf 88' lang='lat' dir='ltr'>illos</span> 
     </span>
     <span class='ocr_line' id='line_1_3' title="bbox 91 244 1076 288; baseline -0.004 -9"><span class='ocrx_word' id='word_1_8' title='bbox 91 257 165 279; x_wconf 91' lang='lat' dir='ltr'>non</span> <span class='ocrx_word' id='word_1_9' title='bbox 187 256 269 278; x_wconf 89' lang='lat' dir='ltr'>suae</span> <span class='ocrx_word' id='word_1_10' title='bbox 294 245 483 287; x_wconf 80' lang='lat' dir='ltr'>flagitiosae</span> <span class='ocrx_word' id='word_1_11' title='bbox 508 244 651 277; x_wconf 83' lang='lat' dir='ltr'>libidini</span> <span class='ocrx_word' id='word_1_12' title='bbox 678 251 710 277; x_wconf 83' lang='lat' dir='ltr'>et</span> <span class='ocrx_word' id='word_1_13' title='bbox 744 245 927 288; x_wconf 76' lang='lat' dir='ltr'>cupiditati</span> <span class='ocrx_word' id='word_1_14' title='bbox 965 244 1076 276; x_wconf 89' lang='lat' dir='ltr'>relin-</span> 
     </span>
     <span class='ocr_line' id='line_1_4' title="bbox 89 294 1074 340; baseline -0.002 -12"><span class='ocrx_word' id='word_1_15' title='bbox 89 306 215 340; x_wconf 84' lang='lat' dir='ltr'><strong>quere,</strong></span> <span class='ocrx_word' id='word_1_16' title='bbox 241 296 300 328; x_wconf 91' lang='lat' dir='ltr'>sed</span> <span class='ocrx_word' id='word_1_17' title='bbox 320 295 431 337; x_wconf 88' lang='lat' dir='ltr'>legum</span> <span class='ocrx_word' id='word_1_18' title='bbox 448 295 596 337; x_wconf 88' lang='lat' dir='ltr'>imperio</span> <span class='ocrx_word' id='word_1_19' title='bbox 613 295 705 338; x_wconf 88' lang='lat' dir='ltr'>ipsos</span> <span class='ocrx_word' id='word_1_20' title='bbox 722 302 782 328; x_wconf 89' lang='lat' dir='ltr'>aut</span> <span class='ocrx_word' id='word_1_21' title='bbox 801 307 839 327; x_wconf 89' lang='lat' dir='ltr'>ex</span> <span class='ocrx_word' id='word_1_22' title='bbox 858 294 986 328; x_wconf 84' lang='lat' dir='ltr'>Bacchi</span> <span class='ocrx_word' id='word_1_23' title='bbox 1004 294 1074 327; x_wconf 90' lang='lat' dir='ltr'>cel-</span> 
     </span>
     <span class='ocr_line' id='line_1_5' title="bbox 88 343 1072 385; baseline -0.002 -7"><span class='ocrx_word' id='word_1_24' title='bbox 88 345 132 378; x_wconf 87' lang='lat' dir='ltr'>lis</span> <span class='ocrx_word' id='word_1_25' title='bbox 160 352 194 379; x_wconf 85' lang='lat' dir='ltr'>et</span> <span class='ocrx_word' id='word_1_26' title='bbox 215 343 345 378; x_wconf 91' lang='lat' dir='ltr'>Circeis</span> <span class='ocrx_word' id='word_1_27' title='bbox 377 344 487 378; x_wconf 80' lang='lat' dir='ltr'>antris</span> <span class='ocrx_word' id='word_1_28' title='bbox 516 345 553 377; x_wconf 88' lang='lat' dir='ltr'>in</span> <span class='ocrx_word' id='word_1_29' title='bbox 587 345 698 378; x_wconf 89' lang='lat' dir='ltr'>lucem</span> <span class='ocrx_word' id='word_1_30' title='bbox 732 343 928 385; x_wconf 86' lang='lat' dir='ltr'>retrabere,</span> <span class='ocrx_word' id='word_1_31' title='bbox 973 345 1072 377; x_wconf 88' lang='lat' dir='ltr'>etad</span> 
     </span>
     <span class='ocr_line' id='line_1_6' title="bbox 87 394 1070 439; baseline -0.001 -11"><span class='ocrx_word' id='word_1_32' title='bbox 87 395 281 439; x_wconf 83' lang='lat' dir='ltr'><strong>depositam</strong></span> <span class='ocrx_word' id='word_1_33' title='bbox 309 394 415 427; x_wconf 85' lang='lat' dir='ltr'>officii</span> <span class='ocrx_word' id='word_1_34' title='bbox 440 406 559 427; x_wconf 89' lang='lat' dir='ltr'>curam</span> <span class='ocrx_word' id='word_1_35' title='bbox 584 407 766 432; x_wconf 83' lang='lat' dir='ltr'>revocare,</span> <span class='ocrx_word' id='word_1_36' title='bbox 801 402 860 428; x_wconf 89' lang='lat' dir='ltr'>aut</span> <span class='ocrx_word' id='word_1_37' title='bbox 886 408 925 427; x_wconf 86' lang='lat' dir='ltr'>ex</span> <span class='ocrx_word' id='word_1_38' title='bbox 947 406 1070 427; x_wconf 92' lang='lat' dir='ltr'>somno</span> 
     </span>
     <span class='ocr_line' id='line_1_7' title="bbox 87 444 1070 488; baseline -0.002 -9"><span class='ocrx_word' id='word_1_39' title='bbox 87 452 121 479; x_wconf 85' lang='lat' dir='ltr'>et</span> <span class='ocrx_word' id='word_1_40' title='bbox 135 451 278 478; x_wconf 89' lang='lat' dir='ltr'>veterno</span> <span class='ocrx_word' id='word_1_41' title='bbox 295 444 456 485; x_wconf 88' lang='lat' dir='ltr'>excitare,</span> <span class='ocrx_word' id='word_1_42' title='bbox 484 450 515 477; x_wconf 90' lang='lat' dir='ltr'>et</span> <span class='ocrx_word' id='word_1_43' title='bbox 534 446 576 477; x_wconf 82' lang='lat' dir='ltr'>ad</span> <span class='ocrx_word' id='word_1_44' title='bbox 596 446 766 487; x_wconf 86' lang='lat' dir='ltr'>neglectas</span> <span class='ocrx_word' id='word_1_45' title='bbox 783 446 939 477; x_wconf 88' lang='lat' dir='ltr'>discendi</span> <span class='ocrx_word' id='word_1_46' title='bbox 958 452 1070 488; x_wconf 84' lang='lat' dir='ltr'>partes</span> 
     </span>
     <span class='ocr_line' id='line_1_8' title="bbox 86 495 1068 540; baseline 0 -12"><span class='ocrx_word' id='word_1_47' title='bbox 86 495 263 535; x_wconf 86' lang='lat' dir='ltr'><strong>reducere,</strong></span> <span class='ocrx_word' id='word_1_48' title='bbox 291 500 349 527; x_wconf 88' lang='lat' dir='ltr'>aut</span> <span class='ocrx_word' id='word_1_49' title='bbox 365 506 383 527; x_wconf 91' lang='lat' dir='ltr'>a</span> <span class='ocrx_word' id='word_1_50' title='bbox 400 505 460 528; x_wconf 88' lang='lat' dir='ltr'>sua</span> <span class='ocrx_word' id='word_1_51' title='bbox 476 495 625 535; x_wconf 78' lang='lat' dir='ltr'>levitate,</span> <span class='ocrx_word' id='word_1_52' title='bbox 653 502 685 528; x_wconf 90' lang='lat' dir='ltr'>et</span> <span class='ocrx_word' id='word_1_53' title='bbox 702 495 850 533; x_wconf 76' lang='lat' dir='ltr'>inscitia,</span> <span class='ocrx_word' id='word_1_54' title='bbox 879 507 946 540; x_wconf 87' lang='lat' dir='ltr'>qua</span> <span class='ocrx_word' id='word_1_55' title='bbox 963 496 1068 528; x_wconf 88' lang='lat' dir='ltr'>modo</span> 
     </span>
     <span class='ocr_line' id='line_1_9' title="bbox 84 543 1069 585; baseline 0 -7"><span class='ocrx_word' id='word_1_56' title='bbox 84 543 173 585; x_wconf 88' lang='lat' dir='ltr'>huc,</span> <span class='ocrx_word' id='word_1_57' title='bbox 214 545 319 578; x_wconf 91' lang='lat' dir='ltr'>modo</span> <span class='ocrx_word' id='word_1_58' title='bbox 352 545 436 578; x_wconf 89' lang='lat' dir='ltr'>illuc</span> <span class='ocrx_word' id='word_1_59' title='bbox 465 545 735 583; x_wconf 76' lang='lat' dir='ltr'>auferebantur,</span> <span class='ocrx_word' id='word_1_60' title='bbox 777 546 820 577; x_wconf 87' lang='lat' dir='ltr'>ad</span> <span class='ocrx_word' id='word_1_61' title='bbox 854 546 1069 578; x_wconf 70' lang='lat' dir='ltr'>constantiae</span> 
     </span>
     <span class='ocr_line' id='line_1_10' title="bbox 84 594 1068 639; baseline -0.002 -10"><span class='ocrx_word' id='word_1_62' title='bbox 84 594 241 629; x_wconf 86' lang='lat' dir='ltr'>studium</span> <span class='ocrx_word' id='word_1_63' title='bbox 257 602 290 628; x_wconf 89' lang='lat' dir='ltr'>et</span> <span class='ocrx_word' id='word_1_64' title='bbox 307 595 512 639; x_wconf 78' lang='lat' dir='ltr'>prudentiae</span> <span class='ocrx_word' id='word_1_65' title='bbox 529 606 657 627; x_wconf 91' lang='lat' dir='ltr'>munus</span> <span class='ocrx_word' id='word_1_66' title='bbox 674 596 868 629; x_wconf 81' lang='lat' dir='ltr'>traducere.</span> <span class='ocrx_word' id='word_1_67' title='bbox 913 596 985 638; x_wconf 82' lang='lat' dir='ltr'>Qui</span> <span class='ocrx_word' id='word_1_68' title='bbox 1001 596 1068 627; x_wconf 86' lang='lat' dir='ltr'>mi-</span> 
     </span>
     <span class='ocr_line' id='line_1_11' title="bbox 85 642 1066 689; baseline -0.001 -11"><span class='ocrx_word' id='word_1_69' title='bbox 85 645 154 678; x_wconf 88' lang='lat' dir='ltr'>seri</span> <span class='ocrx_word' id='word_1_70' title='bbox 179 642 355 686; x_wconf 90' lang='lat' dir='ltr'>homines,</span> <span class='ocrx_word' id='word_1_71' title='bbox 383 657 452 689; x_wconf 90' lang='lat' dir='ltr'>quo</span> <span class='ocrx_word' id='word_1_72' title='bbox 473 651 555 677; x_wconf 87' lang='lat' dir='ltr'>sunt</span> <span class='ocrx_word' id='word_1_73' title='bbox 577 645 685 677; x_wconf 81' lang='lat' dir='ltr'>animi</span> <span class='ocrx_word' id='word_1_74' title='bbox 703 652 864 689; x_wconf 78' lang='lat' dir='ltr'>stupore,</span> <span class='ocrx_word' id='word_1_75' title='bbox 892 653 923 678; x_wconf 91' lang='lat' dir='ltr'>et</span> <span class='ocrx_word' id='word_1_76' title='bbox 938 646 1066 678; x_wconf 87' lang='lat' dir='ltr'>mentis</span> 
     </span>
     <span class='ocr_line' id='line_1_12' title="bbox 82 694 1066 740; baseline -0.001 -11"><span class='ocrx_word' id='word_1_77' title='bbox 82 696 328 740; x_wconf 86' lang='lat' dir='ltr'>perversitate,</span> <span class='ocrx_word' id='word_1_78' title='bbox 373 706 445 727; x_wconf 89' lang='lat' dir='ltr'>non</span> <span class='ocrx_word' id='word_1_79' title='bbox 470 694 609 735; x_wconf 87' lang='lat' dir='ltr'>vident,</span> <span class='ocrx_word' id='word_1_80' title='bbox 643 696 726 740; x_wconf 87' lang='lat' dir='ltr'>quid</span> <span class='ocrx_word' id='word_1_81' title='bbox 755 696 798 729; x_wconf 90' lang='lat' dir='ltr'>sit</span> <span class='ocrx_word' id='word_1_82' title='bbox 820 703 879 729; x_wconf 87' lang='lat' dir='ltr'>aut</span> <span class='ocrx_word' id='word_1_83' title='bbox 910 696 1066 737; x_wconf 89' lang='lat' dir='ltr'>libertas,</span> 
     </span>
     <span class='ocr_line' id='line_1_13' title="bbox 82 743 1065 788; baseline 0 -9"><span class='ocrx_word' id='word_1_84' title='bbox 82 752 144 779; x_wconf 87' lang='lat' dir='ltr'>aut</span> <span class='ocrx_word' id='word_1_85' title='bbox 159 745 323 785; x_wconf 87' lang='lat' dir='ltr'>servitus,</span> <span class='ocrx_word' id='word_1_86' title='bbox 351 745 411 788; x_wconf 87' lang='lat' dir='ltr'>qui</span> <span class='ocrx_word' id='word_1_87' title='bbox 423 743 628 778; x_wconf 82' lang='lat' dir='ltr'>Academias</span> <span class='ocrx_word' id='word_1_88' title='bbox 645 746 823 780; x_wconf 89' lang='lat' dir='ltr'>somniant</span> <span class='ocrx_word' id='word_1_89' title='bbox 843 744 977 779; x_wconf 87' lang='lat' dir='ltr'>theatra</span> <span class='ocrx_word' id='word_1_90' title='bbox 994 758 1065 779; x_wconf 90' lang='lat' dir='ltr'>esse</span> 
     </span>
     <span class='ocr_line' id='line_1_14' title="bbox 83 794 1065 841; baseline 0.001 -13"><span class='ocrx_word' id='word_1_91' title='bbox 83 795 266 834; x_wconf 79' lang='lat' dir='ltr'>licentiae,</span> <span class='ocrx_word' id='word_1_92' title='bbox 294 801 328 828; x_wconf 88' lang='lat' dir='ltr'>et</span> <span class='ocrx_word' id='word_1_93' title='bbox 350 794 544 839; x_wconf 81' lang='lat' dir='ltr'>Cyclopum</span> <span class='ocrx_word' id='word_1_94' title='bbox 571 796 726 839; x_wconf 85' lang='lat' dir='ltr'>agmina,</span> <span class='ocrx_word' id='word_1_95' title='bbox 758 797 794 828; x_wconf 89' lang='lat' dir='ltr'>in</span> <span class='ocrx_word' id='word_1_96' title='bbox 821 796 947 841; x_wconf 88' lang='lat' dir='ltr'>quibus</span> <span class='ocrx_word' id='word_1_97' title='bbox 970 796 1065 837; x_wconf 86' lang='lat' dir='ltr'>vitia,</span> 
     </span>
     <span class='ocr_line' id='line_1_15' title="bbox 80 845 1064 889; baseline 0.002 -11"><span class='ocrx_word' id='word_1_98' title='bbox 80 845 249 878; x_wconf 85' lang='lat' dir='ltr'>libidines</span> <span class='ocrx_word' id='word_1_99' title='bbox 275 851 308 878; x_wconf 90' lang='lat' dir='ltr'>et</span> <span class='ocrx_word' id='word_1_100' title='bbox 335 845 464 887; x_wconf 84' lang='lat' dir='ltr'>flagitia</span> <span class='ocrx_word' id='word_1_101' title='bbox 488 846 625 886; x_wconf 88' lang='lat' dir='ltr'>omnia,</span> <span class='ocrx_word' id='word_1_102' title='bbox 653 858 715 880; x_wconf 92' lang='lat' dir='ltr'>nec</span> <span class='ocrx_word' id='word_1_103' title='bbox 732 847 819 886; x_wconf 88' lang='lat' dir='ltr'>iuri,</span> <span class='ocrx_word' id='word_1_104' title='bbox 848 859 910 879; x_wconf 90' lang='lat' dir='ltr'>nec</span> <span class='ocrx_word' id='word_1_105' title='bbox 929 847 1064 889; x_wconf 87' lang='lat' dir='ltr'>legibus</span> 
     </span>
     <span class='ocr_line' id='line_1_16' title="bbox 79 895 1064 940; baseline 0.001 -12"><span class='ocrx_word' id='word_1_106' title='bbox 79 896 163 928; x_wconf 91' lang='lat' dir='ltr'>ullis</span> <span class='ocrx_word' id='word_1_107' title='bbox 180 895 350 935; x_wconf 88' lang='lat' dir='ltr'>subiecta,</span> <span class='ocrx_word' id='word_1_108' title='bbox 377 895 574 935; x_wconf 88' lang='lat' dir='ltr'>dominari,</span> <span class='ocrx_word' id='word_1_109' title='bbox 602 902 634 928; x_wconf 92' lang='lat' dir='ltr'>et</span> <span class='ocrx_word' id='word_1_110' title='bbox 650 897 838 940; x_wconf 89' lang='lat' dir='ltr'>imperium</span> <span class='ocrx_word' id='word_1_111' title='bbox 862 904 979 930; x_wconf 87' lang='lat' dir='ltr'>tenere</span> <span class='ocrx_word' id='word_1_112' title='bbox 1003 898 1064 929; x_wconf 89' lang='lat' dir='ltr'>de-</span> 
     </span>
     <span class='ocr_line' id='line_1_17' title="bbox 79 945 1064 988; baseline 0.001 -9"><span class='ocrx_word' id='word_1_113' title='bbox 79 946 202 986; x_wconf 85' lang='lat' dir='ltr'>beant,</span> <span class='ocrx_word' id='word_1_114' title='bbox 230 958 293 979; x_wconf 91' lang='lat' dir='ltr'>nec</span> <span class='ocrx_word' id='word_1_115' title='bbox 310 945 512 988; x_wconf 86' lang='lat' dir='ltr'>intelligunt</span> <span class='ocrx_word' id='word_1_116' title='bbox 530 946 607 979; x_wconf 86' lang='lat' dir='ltr'>illas</span> <span class='ocrx_word' id='word_1_117' title='bbox 623 947 669 980; x_wconf 89' lang='lat' dir='ltr'>ita</span> <span class='ocrx_word' id='word_1_118' title='bbox 687 948 912 987; x_wconf 88' lang='lat' dir='ltr'>constitutas,</span> <span class='ocrx_word' id='word_1_119' title='bbox 938 954 976 980; x_wconf 89' lang='lat' dir='ltr'>ut</span> <span class='ocrx_word' id='word_1_120' title='bbox 993 948 1064 980; x_wconf 89' lang='lat' dir='ltr'>sint</span> 
     </span>
     <span class='ocr_line' id='line_1_18' title="bbox 79 996 1062 1039; baseline 0.002 -11"><span class='ocrx_word' id='word_1_121' title='bbox 79 996 261 1038; x_wconf 84' lang='lat' dir='ltr'>religionis</span> <span class='ocrx_word' id='word_1_122' title='bbox 279 996 427 1039; x_wconf 86' lang='lat' dir='ltr'>templa,</span> <span class='ocrx_word' id='word_1_123' title='bbox 455 1003 487 1029; x_wconf 92' lang='lat' dir='ltr'>et</span> <span class='ocrx_word' id='word_1_124' title='bbox 503 996 676 1029; x_wconf 89' lang='lat' dir='ltr'>bonarum</span> <span class='ocrx_word' id='word_1_125' title='bbox 696 998 823 1030; x_wconf 90' lang='lat' dir='ltr'>artium</span> <span class='ocrx_word' id='word_1_126' title='bbox 842 1004 874 1030; x_wconf 90' lang='lat' dir='ltr'>et</span> <span class='ocrx_word' id='word_1_127' title='bbox 890 998 1062 1030; x_wconf 85' lang='lat' dir='ltr'>virtutum</span> 
     </span>
     <span class='ocr_line' id='line_1_19' title="bbox 80 1045 1063 1091; baseline 0.001 -12"><span class='ocrx_word' id='word_1_128' title='bbox 80 1046 281 1086; x_wconf 88' lang='lat' dir='ltr'>domicilia,</span> <span class='ocrx_word' id='word_1_129' title='bbox 321 1045 358 1078; x_wconf 89' lang='lat' dir='ltr'>in</span> <span class='ocrx_word' id='word_1_130' title='bbox 385 1045 512 1090; x_wconf 87' lang='lat' dir='ltr'>quibus</span> <span class='ocrx_word' id='word_1_131' title='bbox 545 1047 700 1080; x_wconf 84' lang='lat' dir='ltr'>libertati</span> <span class='ocrx_word' id='word_1_132' title='bbox 725 1048 939 1091; x_wconf 86' lang='lat' dir='ltr'>amplissima</span> <span class='ocrx_word' id='word_1_133' title='bbox 966 1050 1063 1080; x_wconf 90' lang='lat' dir='ltr'>sedes</span> 
     </span>
     <span class='ocr_line' id='line_1_20' title="bbox 80 1096 1063 1140; baseline 0.002 -12"><span class='ocrx_word' id='word_1_134' title='bbox 80 1096 247 1129; x_wconf 87' lang='lat' dir='ltr'>collocata</span> <span class='ocrx_word' id='word_1_135' title='bbox 271 1102 338 1137; x_wconf 89' lang='lat' dir='ltr'>est,</span> <span class='ocrx_word' id='word_1_136' title='bbox 366 1107 453 1140; x_wconf 86' lang='lat' dir='ltr'>quae</span> <span class='ocrx_word' id='word_1_137' title='bbox 478 1103 510 1129; x_wconf 88' lang='lat' dir='ltr'>et</span> <span class='ocrx_word' id='word_1_138' title='bbox 535 1098 628 1140; x_wconf 88' lang='lat' dir='ltr'>apud</span> <span class='ocrx_word' id='word_1_139' title='bbox 653 1110 735 1137; x_wconf 91' lang='lat' dir='ltr'>nos,</span> <span class='ocrx_word' id='word_1_140' title='bbox 769 1105 808 1131; x_wconf 90' lang='lat' dir='ltr'>ut</span> <span class='ocrx_word' id='word_1_141' title='bbox 830 1098 972 1136; x_wconf 84' lang='lat' dir='ltr'>virtuti,</span> <span class='ocrx_word' id='word_1_142' title='bbox 1007 1098 1063 1131; x_wconf 87' lang='lat' dir='ltr'>cui</span> 
     </span>
     <span class='ocr_line' id='line_1_21' title="bbox 79 1146 1062 1191; baseline 0.001 -12"><span class='ocrx_word' id='word_1_143' title='bbox 79 1158 215 1190; x_wconf 87' lang='lat' dir='ltr'>semper</span> <span class='ocrx_word' id='word_1_144' title='bbox 239 1157 340 1180; x_wconf 88' lang='lat' dir='ltr'>suum</span> <span class='ocrx_word' id='word_1_145' title='bbox 374 1146 444 1186; x_wconf 91' lang='lat' dir='ltr'>ius,</span> <span class='ocrx_word' id='word_1_146' title='bbox 486 1153 519 1179; x_wconf 89' lang='lat' dir='ltr'>et</span> <span class='ocrx_word' id='word_1_147' title='bbox 549 1147 722 1191; x_wconf 86' lang='lat' dir='ltr'>impunita</span> <span class='ocrx_word' id='word_1_148' title='bbox 755 1148 914 1180; x_wconf 86' lang='lat' dir='ltr'>omnium</span> <span class='ocrx_word' id='word_1_149' title='bbox 944 1160 1062 1181; x_wconf 89' lang='lat' dir='ltr'>rerum</span> 
     </span>
     <span class='ocr_line' id='line_1_22' title="bbox 79 1196 1063 1242; baseline 0.001 -13"><span class='ocrx_word' id='word_1_150' title='bbox 79 1196 241 1237; x_wconf 84' lang='lat' dir='ltr'>libertas,</span> <span class='ocrx_word' id='word_1_151' title='bbox 289 1196 337 1229; x_wconf 93' lang='lat' dir='ltr'>sic</span> <span class='ocrx_word' id='word_1_152' title='bbox 373 1196 492 1240; x_wconf 87' lang='lat' dir='ltr'>probis</span> <span class='ocrx_word' id='word_1_153' title='bbox 528 1198 808 1231; x_wconf 87' lang='lat' dir='ltr'>adolescentibus</span> <span class='ocrx_word' id='word_1_154' title='bbox 841 1199 1063 1242; x_wconf 87' lang='lat' dir='ltr'>relinquitur,</span> 
     </span>
     <span class='ocr_line' id='line_1_23' title="bbox 80 1247 1063 1291; baseline 0 -11"><span class='ocrx_word' id='word_1_155' title='bbox 80 1258 170 1291; x_wconf 80' lang='lat' dir='ltr'>quae</span> <span class='ocrx_word' id='word_1_156' title='bbox 195 1247 337 1291; x_wconf 89' lang='lat' dir='ltr'>quidem</span> <span class='ocrx_word' id='word_1_157' title='bbox 361 1252 510 1290; x_wconf 79' lang='lat' dir='ltr'>potestas</span> <span class='ocrx_word' id='word_1_158' title='bbox 531 1254 598 1287; x_wconf 89' lang='lat' dir='ltr'>est,</span> <span class='ocrx_word' id='word_1_159' title='bbox 627 1256 660 1281; x_wconf 85' lang='lat' dir='ltr'>et</span> <span class='ocrx_word' id='word_1_160' title='bbox 684 1249 846 1288; x_wconf 73' lang='lat' dir='ltr'>vivendi,</span> <span class='ocrx_word' id='word_1_161' title='bbox 881 1255 913 1281; x_wconf 87' lang='lat' dir='ltr'>et</span> <span class='ocrx_word' id='word_1_162' title='bbox 939 1249 1063 1281; x_wconf 83' lang='lat' dir='ltr'>utendi</span> 
     </span>
     <span class='ocr_line' id='line_1_24' title="bbox 78 1296 1064 1340; baseline 0.001 -11"><span class='ocrx_word' id='word_1_163' title='bbox 78 1297 231 1340; x_wconf 85' lang='lat' dir='ltr'>propriis</span> <span class='ocrx_word' id='word_1_164' title='bbox 261 1297 385 1336; x_wconf 89' lang='lat' dir='ltr'>rebus,</span> <span class='ocrx_word' id='word_1_165' title='bbox 417 1303 455 1328; x_wconf 88' lang='lat' dir='ltr'>ut</span> <span class='ocrx_word' id='word_1_166' title='bbox 478 1296 555 1338; x_wconf 87' lang='lat' dir='ltr'>quis</span> <span class='ocrx_word' id='word_1_167' title='bbox 580 1298 681 1336; x_wconf 77' lang='lat' dir='ltr'>velit,</span> <span class='ocrx_word' id='word_1_168' title='bbox 712 1299 771 1328; x_wconf 87' lang='lat' dir='ltr'>sed</span> <span class='ocrx_word' id='word_1_169' title='bbox 803 1310 823 1329; x_wconf 80' lang='lat' dir='ltr'>a</span> <span class='ocrx_word' id='word_1_170' title='bbox 856 1299 1064 1340; x_wconf 77' lang='lat' dir='ltr'>disciplinae</span> 
     </span>
     <span class='ocr_line' id='line_1_25' title="bbox 82 1345 1063 1388; baseline 0 -10"><span class='ocrx_word' id='word_1_171' title='bbox 82 1346 179 1379; x_wconf 88' lang='lat' dir='ltr'>cultu</span> <span class='ocrx_word' id='word_1_172' title='bbox 208 1352 241 1378; x_wconf 89' lang='lat' dir='ltr'>et</span> <span class='ocrx_word' id='word_1_173' title='bbox 263 1346 378 1387; x_wconf 84' lang='lat' dir='ltr'>legum</span> <span class='ocrx_word' id='word_1_174' title='bbox 393 1345 549 1376; x_wconf 88' lang='lat' dir='ltr'>custodia</span> <span class='ocrx_word' id='word_1_175' title='bbox 567 1356 639 1376; x_wconf 92' lang='lat' dir='ltr'>non</span> <span class='ocrx_word' id='word_1_176' title='bbox 655 1352 822 1388; x_wconf 88' lang='lat' dir='ltr'>separata.</span> <span class='ocrx_word' id='word_1_177' title='bbox 873 1346 951 1377; x_wconf 80' lang='lat' dir='ltr'>Non</span> <span class='ocrx_word' id='word_1_178' title='bbox 971 1348 1063 1378; x_wconf 84' lang='lat' dir='ltr'>enim</span> 
     </span>
     <span class='ocr_line' id='line_1_26' title="bbox 81 1395 1064 1437; baseline -0.001 -9"><span class='ocrx_word' id='word_1_179' title='bbox 81 1395 223 1428; x_wconf 82' lang='lat' dir='ltr'>licentia</span> <span class='ocrx_word' id='word_1_180' title='bbox 243 1402 292 1427; x_wconf 89' lang='lat' dir='ltr'>est</span> <span class='ocrx_word' id='word_1_181' title='bbox 309 1395 477 1426; x_wconf 68' lang='lat' dir='ltr'>virtutum</span> <span class='ocrx_word' id='word_1_182' title='bbox 495 1405 612 1426; x_wconf 82' lang='lat' dir='ltr'>secura</span> <span class='ocrx_word' id='word_1_183' title='bbox 626 1421 633 1434; x_wconf 90' lang='lat'>,</span> <span class='ocrx_word' id='word_1_184' title='bbox 662 1402 694 1427; x_wconf 83' lang='lat' dir='ltr'>et</span> <span class='ocrx_word' id='word_1_185' title='bbox 711 1396 940 1437; x_wconf 85' lang='lat' dir='ltr'>turpitudinis</span> <span class='ocrx_word' id='word_1_186' title='bbox 956 1403 1064 1428; x_wconf 81' lang='lat' dir='ltr'>secta-</span> 
     </span>
     <span class='ocr_line' id='line_1_27' title="bbox 81 1443 1063 1483; baseline -0.003 -5"><span class='ocrx_word' id='word_1_187' title='bbox 81 1445 168 1483; x_wconf 80' lang='lat' dir='ltr'>trix,</span> <span class='ocrx_word' id='word_1_188' title='bbox 195 1451 233 1476; x_wconf 91' lang='lat' dir='ltr'>ut</span> <span class='ocrx_word' id='word_1_189' title='bbox 257 1443 310 1474; x_wconf 82' lang='lat' dir='ltr'>itti</span> <span class='ocrx_word' id='word_1_190' title='bbox 335 1443 422 1482; x_wconf 87' lang='lat' dir='ltr'>suci,</span> <span class='ocrx_word' id='word_1_191' title='bbox 450 1448 483 1474; x_wconf 90' lang='lat' dir='ltr'>et</span> <span class='ocrx_word' id='word_1_192' title='bbox 506 1443 616 1474; x_wconf 88' lang='lat' dir='ltr'>nostri</span> <span class='ocrx_word' id='word_1_193' title='bbox 635 1444 770 1476; x_wconf 84' lang='lat' dir='ltr'>ordinis</span> <span class='ocrx_word' id='word_1_194' title='bbox 788 1444 943 1475; x_wconf 87' lang='lat' dir='ltr'>maculae</span> <span class='ocrx_word' id='word_1_195' title='bbox 960 1445 1063 1476; x_wconf 89' lang='lat' dir='ltr'>stulte</span> 
     </span>
     <span class='ocr_line' id='line_1_28' title="bbox 80 1492 1063 1537; baseline -0.003 -10"><span class='ocrx_word' id='word_1_196' title='bbox 80 1494 277 1533; x_wconf 86' lang='lat' dir='ltr'>somniant,</span> <span class='ocrx_word' id='word_1_197' title='bbox 309 1492 370 1537; x_wconf 89' lang='lat' dir='ltr'>qui</span> <span class='ocrx_word' id='word_1_198' title='bbox 395 1498 576 1535; x_wconf 83' lang='lat' dir='ltr'>tantopere</span> <span class='ocrx_word' id='word_1_199' title='bbox 599 1492 767 1532; x_wconf 76' lang='lat' dir='ltr'>delirant,</span> <span class='ocrx_word' id='word_1_200' title='bbox 792 1500 829 1525; x_wconf 89' lang='lat' dir='ltr'>ut</span> <span class='ocrx_word' id='word_1_201' title='bbox 854 1505 947 1532; x_wconf 84' lang='lat' dir='ltr'>eam,</span> <span class='ocrx_word' id='word_1_202' title='bbox 975 1505 1063 1536; x_wconf 84' lang='lat' dir='ltr'>quae</span> 
     </span>
     <span class='ocr_line' id='line_1_29' title="bbox 79 1542 1063 1585; baseline -0.003 -8"><span class='ocrx_word' id='word_1_203' title='bbox 79 1545 223 1577; x_wconf 87' lang='lat' dir='ltr'>libertas</span> <span class='ocrx_word' id='word_1_204' title='bbox 240 1549 290 1576; x_wconf 90' lang='lat' dir='ltr'>est</span> <span class='ocrx_word' id='word_1_205' title='bbox 307 1542 508 1575; x_wconf 91' lang='lat' dir='ltr'>servitutem</span> <span class='ocrx_word' id='word_1_206' title='bbox 526 1542 720 1585; x_wconf 86' lang='lat' dir='ltr'>appellent,</span> <span class='ocrx_word' id='word_1_207' title='bbox 752 1549 785 1575; x_wconf 94' lang='lat' dir='ltr'>et</span> <span class='ocrx_word' id='word_1_208' title='bbox 809 1548 930 1575; x_wconf 87' lang='lat' dir='ltr'>contra</span> <span class='ocrx_word' id='word_1_209' title='bbox 955 1543 1063 1575; x_wconf 82' lang='lat' dir='ltr'>servi-</span> 
     </span>
     <span class='ocr_line' id='line_1_30' title="bbox 80 1589 646 1628; baseline -0.004 0"><span class='ocrx_word' id='word_1_210' title='bbox 80 1601 188 1628; x_wconf 80' lang='lat' dir='ltr'>tutem</span> <span class='ocrx_word' id='word_1_211' title='bbox 206 1593 376 1626; x_wconf 88' lang='lat' dir='ltr'>libertatis</span> <span class='ocrx_word' id='word_1_212' title='bbox 393 1592 468 1625; x_wconf 84' lang='lat' dir='ltr'>loco</span> <span class='ocrx_word' id='word_1_213' title='bbox 485 1589 646 1628; x_wconf 84' lang='lat' dir='ltr'>habeant.</span> 
     </span>
    </p>

    <p class='ocr_par' dir='ltr' id='par_1_3' title="bbox 79 1642 1065 2433">
     <span class='ocr_line' id='line_1_31' title="bbox 180 1642 1063 1686; baseline -0.003 -9"><span class='ocrx_word' id='word_1_214' title='bbox 180 1643 270 1677; x_wconf 89' lang='lat' dir='ltr'>Nam</span> <span class='ocrx_word' id='word_1_215' title='bbox 289 1655 366 1676; x_wconf 91' lang='lat' dir='ltr'>cum</span> <span class='ocrx_word' id='word_1_216' title='bbox 385 1642 469 1686; x_wconf 83' lang='lat' dir='ltr'>ipsis</span> <span class='ocrx_word' id='word_1_217' title='bbox 486 1643 701 1686; x_wconf 86' lang='lat' dir='ltr'>permittitur</span> <span class='ocrx_word' id='word_1_218' title='bbox 719 1643 904 1675; x_wconf 83' lang='lat' dir='ltr'>beluinum</span> <span class='ocrx_word' id='word_1_219' title='bbox 929 1643 1063 1686; x_wconf 84' lang='lat' dir='ltr'>appeti-</span> 
     </span>
     <span class='ocr_line' id='line_1_32' title="bbox 80 1693 1063 1736; baseline -0.004 -7"><span class='ocrx_word' id='word_1_220' title='bbox 80 1702 175 1735; x_wconf 80' lang='lat' dir='ltr'>tum,</span> <span class='ocrx_word' id='word_1_221' title='bbox 210 1700 243 1727; x_wconf 84' lang='lat' dir='ltr'>et</span> <span class='ocrx_word' id='word_1_222' title='bbox 261 1705 380 1726; x_wconf 87' lang='lat' dir='ltr'>coecos</span> <span class='ocrx_word' id='word_1_223' title='bbox 398 1693 507 1725; x_wconf 87' lang='lat' dir='ltr'>animi</span> <span class='ocrx_word' id='word_1_224' title='bbox 525 1699 641 1726; x_wconf 87' lang='lat' dir='ltr'>motus</span> <span class='ocrx_word' id='word_1_225' title='bbox 659 1693 695 1725; x_wconf 88' lang='lat' dir='ltr'>in</span> <span class='ocrx_word' id='word_1_226' title='bbox 713 1694 927 1736; x_wconf 80' lang='lat' dir='ltr'>voluptatem</span> <span class='ocrx_word' id='word_1_227' title='bbox 946 1694 1063 1725; x_wconf 83' lang='lat' dir='ltr'>illece-</span> 
     </span>
     <span class='ocr_line' id='line_1_33' title="bbox 79 1743 1062 1789; baseline -0.003 -11"><span class='ocrx_word' id='word_1_228' title='bbox 79 1746 153 1779; x_wconf 88' lang='lat' dir='ltr'>bris</span> <span class='ocrx_word' id='word_1_229' title='bbox 174 1744 332 1789; x_wconf 88' lang='lat' dir='ltr'>undique</span> <span class='ocrx_word' id='word_1_230' title='bbox 356 1743 594 1783; x_wconf 86' lang='lat' dir='ltr'>assumendis,</span> <span class='ocrx_word' id='word_1_231' title='bbox 621 1750 653 1776; x_wconf 91' lang='lat' dir='ltr'>et</span> <span class='ocrx_word' id='word_1_232' title='bbox 671 1744 707 1775; x_wconf 86' lang='lat' dir='ltr'>in</span> <span class='ocrx_word' id='word_1_233' title='bbox 726 1744 874 1776; x_wconf 77' lang='lat' dir='ltr'>libidine</span> <span class='ocrx_word' id='word_1_234' title='bbox 893 1744 1062 1787; x_wconf 86' lang='lat' dir='ltr'>explenda</span> 
     </span>
     <span class='ocr_line' id='line_1_34' title="bbox 80 1793 1062 1839; baseline -0.003 -10"><span class='ocrx_word' id='word_1_235' title='bbox 80 1797 129 1829; x_wconf 87' lang='lat' dir='ltr'>ita</span> <span class='ocrx_word' id='word_1_236' title='bbox 154 1796 260 1828; x_wconf 91' lang='lat' dir='ltr'>duces</span> <span class='ocrx_word' id='word_1_237' title='bbox 284 1794 400 1839; x_wconf 90' lang='lat' dir='ltr'>sequi,</span> <span class='ocrx_word' id='word_1_238' title='bbox 427 1800 465 1827; x_wconf 89' lang='lat' dir='ltr'>ut</span> <span class='ocrx_word' id='word_1_239' title='bbox 491 1793 587 1825; x_wconf 91' lang='lat' dir='ltr'>nulla</span> <span class='ocrx_word' id='word_1_240' title='bbox 612 1794 701 1837; x_wconf 83' lang='lat' dir='ltr'>lege,</span> <span class='ocrx_word' id='word_1_241' title='bbox 726 1794 896 1838; x_wconf 81' lang='lat' dir='ltr'>nulloque</span> <span class='ocrx_word' id='word_1_242' title='bbox 916 1794 1062 1837; x_wconf 81' lang='lat' dir='ltr'>imperio</span> 
     </span>
     <span class='ocr_line' id='line_1_35' title="bbox 80 1844 1064 1889; baseline -0.002 -10"><span class='ocrx_word' id='word_1_243' title='bbox 80 1848 241 1889; x_wconf 88' lang='lat' dir='ltr'>impurus</span> <span class='ocrx_word' id='word_1_244' title='bbox 267 1844 406 1878; x_wconf 87' lang='lat' dir='ltr'>animus</span> <span class='ocrx_word' id='word_1_245' title='bbox 431 1856 450 1876; x_wconf 88' lang='lat' dir='ltr'>a</span> <span class='ocrx_word' id='word_1_246' title='bbox 476 1844 651 1887; x_wconf 77' lang='lat' dir='ltr'>nequitia,</span> <span class='ocrx_word' id='word_1_247' title='bbox 688 1845 978 1888; x_wconf 80' lang='lat' dir='ltr'>turpitudineque</span> <span class='ocrx_word' id='word_1_248' title='bbox 1009 1857 1064 1877; x_wconf 80' lang='lat' dir='ltr'>re-</span> 
     </span>
     <span class='ocr_line' id='line_1_36' title="bbox 79 1894 1064 1937; baseline -0.004 -7"><span class='ocrx_word' id='word_1_249' title='bbox 79 1897 257 1933; x_wconf 85' lang='lat' dir='ltr'>tardetur,</span> <span class='ocrx_word' id='word_1_250' title='bbox 297 1901 371 1928; x_wconf 91' lang='lat' dir='ltr'>tum</span> <span class='ocrx_word' id='word_1_251' title='bbox 396 1894 463 1927; x_wconf 91' lang='lat' dir='ltr'>sibi</span> <span class='ocrx_word' id='word_1_252' title='bbox 487 1894 644 1937; x_wconf 84' lang='lat' dir='ltr'>placent,</span> <span class='ocrx_word' id='word_1_253' title='bbox 685 1901 717 1927; x_wconf 86' lang='lat' dir='ltr'>et</span> <span class='ocrx_word' id='word_1_254' title='bbox 743 1906 777 1926; x_wconf 92' lang='lat' dir='ltr'>se</span> <span class='ocrx_word' id='word_1_255' title='bbox 800 1906 881 1927; x_wconf 85' lang='lat' dir='ltr'>vera</span> <span class='ocrx_word' id='word_1_256' title='bbox 904 1895 1064 1927; x_wconf 84' lang='lat' dir='ltr'>libertate</span> 
     </span>
     <span class='ocr_line' id='line_1_37' title="bbox 80 1942 1063 1986; baseline -0.004 -6"><span class='ocrx_word' id='word_1_257' title='bbox 80 1947 152 1980; x_wconf 87' lang='lat' dir='ltr'>srui</span> <span class='ocrx_word' id='word_1_258' title='bbox 167 1945 344 1979; x_wconf 80' lang='lat' dir='ltr'>somniant</span> <span class='ocrx_word' id='word_1_259' title='bbox 362 1944 477 1978; x_wconf 86' lang='lat' dir='ltr'>insani</span> <span class='ocrx_word' id='word_1_260' title='bbox 495 1942 712 1985; x_wconf 84' lang='lat' dir='ltr'>homunculi,</span> <span class='ocrx_word' id='word_1_261' title='bbox 738 1957 809 1977; x_wconf 91' lang='lat' dir='ltr'>non</span> <span class='ocrx_word' id='word_1_262' title='bbox 829 1945 1063 1986; x_wconf 75' lang='lat' dir='ltr'>intelligentes</span> 
     </span>
     <span class='ocr_line' id='line_1_38' title="bbox 82 1995 1063 2038; baseline -0.003 -8"><span class='ocrx_word' id='word_1_263' title='bbox 82 2009 117 2030; x_wconf 92' lang='lat' dir='ltr'>se</span> <span class='ocrx_word' id='word_1_264' title='bbox 132 1996 368 2029; x_wconf 82' lang='lat' dir='ltr'>foedissimam</span> <span class='ocrx_word' id='word_1_265' title='bbox 387 1995 589 2028; x_wconf 87' lang='lat' dir='ltr'>servitutem</span> <span class='ocrx_word' id='word_1_266' title='bbox 613 2006 675 2038; x_wconf 91' lang='lat' dir='ltr'>pro</span> <span class='ocrx_word' id='word_1_267' title='bbox 698 2007 802 2029; x_wconf 88' lang='lat' dir='ltr'>aurea</span> <span class='ocrx_word' id='word_1_268' title='bbox 824 1995 881 2027; x_wconf 89' lang='lat' dir='ltr'>illa</span> <span class='ocrx_word' id='word_1_269' title='bbox 905 1995 1063 2027; x_wconf 86' lang='lat' dir='ltr'>libertate</span> 
     </span>
     <span class='ocr_line' id='line_1_39' title="bbox 81 2045 1063 2090; baseline -0.003 -10"><span class='ocrx_word' id='word_1_270' title='bbox 81 2046 268 2085; x_wconf 81' lang='lat' dir='ltr'>admirari,</span> <span class='ocrx_word' id='word_1_271' title='bbox 296 2052 328 2078; x_wconf 90' lang='lat' dir='ltr'>et</span> <span class='ocrx_word' id='word_1_272' title='bbox 344 2045 523 2088; x_wconf 84' lang='lat' dir='ltr'>amplecti,</span> <span class='ocrx_word' id='word_1_273' title='bbox 547 2046 606 2089; x_wconf 88' lang='lat' dir='ltr'>qui</span> <span class='ocrx_word' id='word_1_274' title='bbox 627 2057 665 2078; x_wconf 90' lang='lat' dir='ltr'>eo</span> <span class='ocrx_word' id='word_1_275' title='bbox 684 2057 793 2090; x_wconf 88' lang='lat' dir='ltr'>usque</span> <span class='ocrx_word' id='word_1_276' title='bbox 815 2058 932 2078; x_wconf 91' lang='lat' dir='ltr'>rerum</span> <span class='ocrx_word' id='word_1_277' title='bbox 953 2046 1063 2089; x_wconf 88' lang='lat' dir='ltr'>impe-</span> 
     </span>
     <span class='ocr_line' id='line_1_40' title="bbox 81 2095 1063 2137; baseline -0.002 -6"><span class='ocrx_word' id='word_1_278' title='bbox 81 2097 158 2137; x_wconf 88' lang='lat' dir='ltr'>riti,</span> <span class='ocrx_word' id='word_1_279' title='bbox 195 2102 234 2129; x_wconf 91' lang='lat' dir='ltr'>ut</span> <span class='ocrx_word' id='word_1_280' title='bbox 255 2095 327 2127; x_wconf 92' lang='lat' dir='ltr'>suis</span> <span class='ocrx_word' id='word_1_281' title='bbox 348 2095 533 2128; x_wconf 85' lang='lat' dir='ltr'>calumniis</span> <span class='ocrx_word' id='word_1_282' title='bbox 561 2106 697 2129; x_wconf 86' lang='lat' dir='ltr'>severae</span> <span class='ocrx_word' id='word_1_283' title='bbox 720 2096 855 2135; x_wconf 90' lang='lat' dir='ltr'>laudis,</span> <span class='ocrx_word' id='word_1_284' title='bbox 897 2103 929 2128; x_wconf 90' lang='lat' dir='ltr'>et</span> <span class='ocrx_word' id='word_1_285' title='bbox 954 2097 1063 2129; x_wconf 81' lang='lat' dir='ltr'>iustae</span> 
     </span>
     <span class='ocr_line' id='line_1_41' title="bbox 80 2144 1064 2191; baseline -0.001 -11"><span class='ocrx_word' id='word_1_286' title='bbox 80 2144 364 2191; x_wconf 83' lang='lat' dir='ltr'>reprehensionis</span> <span class='ocrx_word' id='word_1_287' title='bbox 380 2146 494 2185; x_wconf 88' lang='lat' dir='ltr'>rudes,</span> <span class='ocrx_word' id='word_1_288' title='bbox 522 2151 554 2178; x_wconf 86' lang='lat' dir='ltr'>et</span> <span class='ocrx_word' id='word_1_289' title='bbox 572 2146 710 2188; x_wconf 84' lang='lat' dir='ltr'>ignaros</span> <span class='ocrx_word' id='word_1_290' title='bbox 726 2146 976 2185; x_wconf 85' lang='lat' dir='ltr'>demonstrent,</span> <span class='ocrx_word' id='word_1_291' title='bbox 1002 2159 1064 2179; x_wconf 87' lang='lat' dir='ltr'>nec</span> 
     </span>
     <span class='ocr_line' id='line_1_42' title="bbox 80 2196 1063 2241; baseline -0.001 -11"><span class='ocrx_word' id='word_1_292' title='bbox 80 2197 180 2240; x_wconf 76' lang='lat' dir='ltr'>digni</span> <span class='ocrx_word' id='word_1_293' title='bbox 210 2207 361 2241; x_wconf 93' lang='lat' dir='ltr'>quorum</span> <span class='ocrx_word' id='word_1_294' title='bbox 393 2196 585 2228; x_wconf 83' lang='lat' dir='ltr'>mendaciis</span> <span class='ocrx_word' id='word_1_295' title='bbox 609 2196 768 2239; x_wconf 89' lang='lat' dir='ltr'>pluribus</span> <span class='ocrx_word' id='word_1_296' title='bbox 798 2198 1063 2240; x_wconf 83' lang='lat' dir='ltr'>respondeatur,</span> 
     </span>
     <span class='ocr_line' id='line_1_43' title="bbox 82 2246 1062 2292; baseline -0.001 -11"><span class='ocrx_word' id='word_1_297' title='bbox 82 2249 142 2283; x_wconf 87' lang='lat' dir='ltr'>sed</span> <span class='ocrx_word' id='word_1_298' title='bbox 158 2247 218 2292; x_wconf 87' lang='lat' dir='ltr'>qui</span> <span class='ocrx_word' id='word_1_299' title='bbox 235 2246 326 2290; x_wconf 86' lang='lat' dir='ltr'>pelle</span> <span class='ocrx_word' id='word_1_300' title='bbox 344 2246 398 2279; x_wconf 90' lang='lat' dir='ltr'>vel</span> <span class='ocrx_word' id='word_1_301' title='bbox 419 2246 527 2289; x_wconf 87' lang='lat' dir='ltr'>porci,</span> <span class='ocrx_word' id='word_1_302' title='bbox 556 2247 610 2278; x_wconf 89' lang='lat' dir='ltr'>vel</span> <span class='ocrx_word' id='word_1_303' title='bbox 629 2247 716 2279; x_wconf 88' lang='lat' dir='ltr'>asini</span> <span class='ocrx_word' id='word_1_304' title='bbox 734 2254 906 2290; x_wconf 83' lang='lat' dir='ltr'>tegantur,</span> <span class='ocrx_word' id='word_1_305' title='bbox 934 2254 967 2280; x_wconf 87' lang='lat' dir='ltr'>et</span> <span class='ocrx_word' id='word_1_306' title='bbox 983 2260 1062 2280; x_wconf 90' lang='lat' dir='ltr'>cum</span> 
     </span>
     <span class='ocr_line' id='line_1_44' title="bbox 81 2296 1063 2344; baseline -0.001 -13"><span class='ocrx_word' id='word_1_307' title='bbox 81 2298 214 2344; x_wconf 82' lang='lat' dir='ltr'>gryllo,</span> <span class='ocrx_word' id='word_1_308' title='bbox 256 2296 316 2341; x_wconf 91' lang='lat' dir='ltr'>qui</span> <span class='ocrx_word' id='word_1_309' title='bbox 339 2297 475 2330; x_wconf 86' lang='lat' dir='ltr'>foedam</span> <span class='ocrx_word' id='word_1_310' title='bbox 502 2296 638 2329; x_wconf 89' lang='lat' dir='ltr'>belluae</span> <span class='ocrx_word' id='word_1_311' title='bbox 661 2305 807 2338; x_wconf 87' lang='lat' dir='ltr'>sortem,</span> <span class='ocrx_word' id='word_1_312' title='bbox 842 2309 946 2342; x_wconf 79' lang='lat' dir='ltr'>quam</span> <span class='ocrx_word' id='word_1_313' title='bbox 972 2298 1063 2330; x_wconf 90' lang='lat' dir='ltr'>divi-</span> 
     </span>
     <span class='ocr_line' id='line_1_45' title="bbox 82 2345 1065 2388; baseline -0.001 -6"><span class='ocrx_word' id='word_1_314' title='bbox 82 2360 167 2382; x_wconf 85' lang='lat' dir='ltr'>nam</span> <span class='ocrx_word' id='word_1_315' title='bbox 183 2345 338 2380; x_wconf 89' lang='lat' dir='ltr'>hominis</span> <span class='ocrx_word' id='word_1_316' title='bbox 360 2346 600 2380; x_wconf 89' lang='lat' dir='ltr'>conditionem</span> <span class='ocrx_word' id='word_1_317' title='bbox 620 2347 756 2388; x_wconf 89' lang='lat' dir='ltr'>maluit,</span> <span class='ocrx_word' id='word_1_318' title='bbox 784 2349 821 2381; x_wconf 91' lang='lat' dir='ltr'>in</span> <span class='ocrx_word' id='word_1_319' title='bbox 840 2346 959 2381; x_wconf 83' lang='lat' dir='ltr'>haram</span> <span class='ocrx_word' id='word_1_320' title='bbox 980 2361 1065 2381; x_wconf 87' lang='lat' dir='ltr'>cou-</span> 
     </span>
     <span class='ocr_line' id='line_1_46' title="bbox 82 2399 281 2433; baseline -0.005 0"><span class='ocrx_word' id='word_1_321' title='bbox 82 2399 281 2433; x_wconf 85' lang='lat' dir='ltr'>eludantur.</span> 
     </span>
    </p>

    <p class='ocr_par' dir='ltr' id='par_1_4' title="bbox 82 2445 1067 2695">
     <span class='ocr_line' id='line_1_47' title="bbox 184 2445 1065 2490; baseline -0.002 -8"><span class='ocrx_word' id='word_1_322' title='bbox 184 2447 258 2482; x_wconf 87' lang='lat' dir='ltr'>Alii</span> <span class='ocrx_word' id='word_1_323' title='bbox 276 2447 424 2490; x_wconf 86' lang='lat' dir='ltr'>fingunt,</span> <span class='ocrx_word' id='word_1_324' title='bbox 451 2454 483 2481; x_wconf 85' lang='lat' dir='ltr'>et</span> <span class='ocrx_word' id='word_1_325' title='bbox 500 2448 684 2489; x_wconf 79' lang='lat' dir='ltr'>divulgant</span> <span class='ocrx_word' id='word_1_326' title='bbox 700 2445 790 2481; x_wconf 87' lang='lat' dir='ltr'>hanc</span> <span class='ocrx_word' id='word_1_327' title='bbox 804 2455 942 2481; x_wconf 86' lang='lat' dir='ltr'>nostrae</span> <span class='ocrx_word' id='word_1_328' title='bbox 953 2446 1065 2482; x_wconf 87' lang='lat' dir='ltr'>Sebo-</span> 
     </span>
     <span class='ocr_line' id='line_1_48' title="bbox 82 2497 1066 2542; baseline -0.002 -9"><span class='ocrx_word' id='word_1_329' title='bbox 82 2500 136 2533; x_wconf 91' lang='lat' dir='ltr'>lae</span> <span class='ocrx_word' id='word_1_330' title='bbox 153 2497 408 2542; x_wconf 87' lang='lat' dir='ltr'>reparationem</span> <span class='ocrx_word' id='word_1_331' title='bbox 426 2509 497 2531; x_wconf 89' lang='lat' dir='ltr'>esse</span> <span class='ocrx_word' id='word_1_332' title='bbox 522 2499 694 2532; x_wconf 83' lang='lat' dir='ltr'>avariciae</span> <span class='ocrx_word' id='word_1_333' title='bbox 719 2505 806 2539; x_wconf 83' lang='lat' dir='ltr'>rete,</span> <span class='ocrx_word' id='word_1_334' title='bbox 842 2505 876 2532; x_wconf 85' lang='lat' dir='ltr'>et</span> <span class='ocrx_word' id='word_1_335' title='bbox 900 2499 1066 2542; x_wconf 86' lang='lat' dir='ltr'>pecuniae</span> 
     </span>
     <span class='ocr_line' id='line_1_49' title="bbox 82 2546 1066 2593; baseline -0.003 -9"><span class='ocrx_word' id='word_1_336' title='bbox 82 2548 291 2593; x_wconf 87' lang='lat' dir='ltr'>aucupium,</span> <span class='ocrx_word' id='word_1_337' title='bbox 318 2549 412 2592; x_wconf 91' lang='lat' dir='ltr'>quod</span> <span class='ocrx_word' id='word_1_338' title='bbox 430 2560 502 2581; x_wconf 89' lang='lat' dir='ltr'>non</span> <span class='ocrx_word' id='word_1_339' title='bbox 520 2546 669 2582; x_wconf 88' lang='lat' dir='ltr'>Scholae</span> <span class='ocrx_word' id='word_1_340' title='bbox 686 2549 821 2589; x_wconf 90' lang='lat' dir='ltr'>studio,</span> <span class='ocrx_word' id='word_1_341' title='bbox 849 2560 920 2580; x_wconf 91' lang='lat' dir='ltr'>non</span> <span class='ocrx_word' id='word_1_342' title='bbox 940 2549 1066 2581; x_wconf 84' lang='lat' dir='ltr'>iuven-</span> 
     </span>
     <span class='ocr_line' id='line_1_50' title="bbox 83 2599 1066 2644; baseline -0.002 -11"><span class='ocrx_word' id='word_1_343' title='bbox 83 2599 168 2633; x_wconf 90' lang='lat' dir='ltr'>tutis</span> <span class='ocrx_word' id='word_1_344' title='bbox 190 2599 321 2639; x_wconf 87' lang='lat' dir='ltr'>salute,</span> <span class='ocrx_word' id='word_1_345' title='bbox 355 2610 426 2631; x_wconf 88' lang='lat' dir='ltr'>nou</span> <span class='ocrx_word' id='word_1_346' title='bbox 449 2599 601 2644; x_wconf 87' lang='lat' dir='ltr'>denique</span> <span class='ocrx_word' id='word_1_347' title='bbox 621 2599 727 2632; x_wconf 83' lang='lat' dir='ltr'>officii</span> <span class='ocrx_word' id='word_1_348' title='bbox 750 2599 860 2632; x_wconf 90' lang='lat' dir='ltr'>nostri</span> <span class='ocrx_word' id='word_1_349' title='bbox 884 2599 1066 2641; x_wconf 79' lang='lat' dir='ltr'>religione,</span> 
     </span>
     <span class='ocr_line' id='line_1_51' title="bbox 83 2648 1067 2695; baseline -0.001 -11"><span class='ocrx_word' id='word_1_350' title='bbox 83 2650 144 2684; x_wconf 87' lang='lat' dir='ltr'>sed</span> <span class='ocrx_word' id='word_1_351' title='bbox 168 2655 331 2695; x_wconf 87' lang='lat' dir='ltr'>quaestus</span> <span class='ocrx_word' id='word_1_352' title='bbox 356 2648 546 2693; x_wconf 84' lang='lat' dir='ltr'>cupiditate</span> <span class='ocrx_word' id='word_1_353' title='bbox 570 2649 713 2685; x_wconf 84' lang='lat' dir='ltr'>adducti</span> <span class='ocrx_word' id='word_1_354' title='bbox 735 2650 864 2692; x_wconf 88' lang='lat' dir='ltr'>simus,</span> <span class='ocrx_word' id='word_1_355' title='bbox 897 2656 935 2686; x_wconf 89' lang='lat' dir='ltr'>ut</span> <span class='ocrx_word' id='word_1_356' title='bbox 959 2650 1067 2684; x_wconf 88' lang='lat' dir='ltr'>disci-</span> 
     </span>
    </p>
   </div>
   <div class='ocr_carea' id='block_1_3' title="bbox 669 104 1532 147">
    <p class='ocr_par' dir='ltr' id='par_1_5' title="bbox 669 104 1532 147">
     <span class='ocr_line' id='line_1_52' title="bbox 669 104 1532 147; baseline 0.002 -3"><span class='ocrx_word' id='word_1_357' title='bbox 669 108 828 145; x_wconf 88' lang='lat' dir='ltr'><strong>DECL.</strong></span> <span class='ocrx_word' id='word_1_358' title='bbox 867 107 942 143; x_wconf 90' lang='lat' dir='ltr'>DE</span> <span class='ocrx_word' id='word_1_359' title='bbox 975 104 1208 143; x_wconf 73' lang='lat' dir='ltr'>SCIIOLA</span> <span class='ocrx_word' id='word_1_360' title='bbox 1242 108 1532 147; x_wconf 86' lang='lat' dir='ltr'><strong>ROSTOCH.</strong></span> 
     </span>
    </p>
   </div>
   <div class='ocr_carea' id='block_1_4' title="bbox 2040 118 2111 151">
    <p class='ocr_par' dir='ltr' id='par_1_6' title="bbox 2040 118 2111 151">
     <span class='ocr_line' id='line_1_53' title="bbox 2040 118 2111 151; baseline 0.014 -1"><span class='ocrx_word' id='word_1_361' title='bbox 2040 118 2111 151; x_wconf 82' lang='lat'>170</span> 
     </span>
    </p>
   </div>
   <div class='ocr_carea' id='block_1_5' title="bbox 1113 192 2110 2694">
    <p class='ocr_par' dir='ltr' id='par_1_7' title="bbox 1116 192 2110 1181">
     <span class='ocr_line' id='line_1_54' title="bbox 1130 192 2110 241; baseline 0.008 -17"><span class='ocrx_word' id='word_1_362' title='bbox 1130 192 1246 235; x_wconf 88' lang='lat' dir='ltr'>plinae</span> <span class='ocrx_word' id='word_1_363' title='bbox 1264 194 1411 226; x_wconf 88' lang='lat' dir='ltr'>sormam</span> <span class='ocrx_word' id='word_1_364' title='bbox 1426 203 1654 237; x_wconf 85' lang='lat' dir='ltr'>mutaremus,</span> <span class='ocrx_word' id='word_1_365' title='bbox 1683 198 1775 241; x_wconf 92' lang='lat' dir='ltr'>quod</span> <span class='ocrx_word' id='word_1_366' title='bbox 1794 199 1973 232; x_wconf 73' lang='lat' dir='ltr'>vanissimi</span> <span class='ocrx_word' id='word_1_367' title='bbox 1992 197 2110 232; x_wconf 88' lang='lat' dir='ltr'>homi-</span> 
     </span>
     <span class='ocr_line' id='line_1_55' title="bbox 1128 244 2107 289; baseline 0.009 -15"><span class='ocrx_word' id='word_1_368' title='bbox 1128 254 1188 275; x_wconf 90' lang='lat' dir='ltr'>nes</span> <span class='ocrx_word' id='word_1_369' title='bbox 1207 255 1311 287; x_wconf 87' lang='lat' dir='ltr'>quam</span> <span class='ocrx_word' id='word_1_370' title='bbox 1329 244 1548 279; x_wconf 86' lang='lat' dir='ltr'>illiberaliter</span> <span class='ocrx_word' id='word_1_371' title='bbox 1566 247 1896 289; x_wconf 87' lang='lat' dir='ltr'>comminiscantur,</span> <span class='ocrx_word' id='word_1_372' title='bbox 1923 256 1955 282; x_wconf 90' lang='lat' dir='ltr'>et</span> <span class='ocrx_word' id='word_1_373' title='bbox 1973 262 2045 287; x_wconf 78' lang='lat' dir='ltr'>res,</span> <span class='ocrx_word' id='word_1_374' title='bbox 2074 257 2107 284; x_wconf 84' lang='lat' dir='ltr'>et</span> 
     </span>
     <span class='ocr_line' id='line_1_56' title="bbox 1126 293 2106 342; baseline 0.008 -18"><span class='ocrx_word' id='word_1_375' title='bbox 1126 293 1255 325; x_wconf 84' lang='lat' dir='ltr'>sactum</span> <span class='ocrx_word' id='word_1_376' title='bbox 1283 301 1441 326; x_wconf 85' lang='lat' dir='ltr'>nostrum</span> <span class='ocrx_word' id='word_1_377' title='bbox 1462 297 1652 329; x_wconf 89' lang='lat' dir='ltr'>clarissime</span> <span class='ocrx_word' id='word_1_378' title='bbox 1676 297 1888 342; x_wconf 90' lang='lat' dir='ltr'>loquuntur,</span> <span class='ocrx_word' id='word_1_379' title='bbox 1917 300 1988 332; x_wconf 79' lang='lat' dir='ltr'>sive</span> <span class='ocrx_word' id='word_1_380' title='bbox 2013 311 2106 332; x_wconf 86' lang='lat' dir='ltr'>mer-</span> 
     </span>
     <span class='ocr_line' id='line_1_57' title="bbox 1126 343 2105 393; baseline 0.008 -19"><span class='ocrx_word' id='word_1_381' title='bbox 1126 343 1243 375; x_wconf 90' lang='lat' dir='ltr'>cedem</span> <span class='ocrx_word' id='word_1_382' title='bbox 1262 344 1339 388; x_wconf 86' lang='lat' dir='ltr'>quis</span> <span class='ocrx_word' id='word_1_383' title='bbox 1356 344 1602 386; x_wconf 85' lang='lat' dir='ltr'>institutionis,</span> <span class='ocrx_word' id='word_1_384' title='bbox 1629 347 1700 380; x_wconf 85' lang='lat' dir='ltr'>sive</span> <span class='ocrx_word' id='word_1_385' title='bbox 1716 348 1893 388; x_wconf 87' lang='lat' dir='ltr'>mulctam,</span> <span class='ocrx_word' id='word_1_386' title='bbox 1920 361 2007 393; x_wconf 87' lang='lat' dir='ltr'>quae</span> <span class='ocrx_word' id='word_1_387' title='bbox 2022 361 2105 393; x_wconf 92' lang='lat' dir='ltr'>par-</span> 
     </span>
     <span class='ocr_line' id='line_1_58' title="bbox 1124 394 2103 442; baseline 0.008 -17"><span class='ocrx_word' id='word_1_388' title='bbox 1124 394 1212 426; x_wconf 88' lang='lat' dir='ltr'>tium</span> <span class='ocrx_word' id='word_1_389' title='bbox 1236 406 1377 426; x_wconf 88' lang='lat' dir='ltr'>suarum</span> <span class='ocrx_word' id='word_1_390' title='bbox 1404 396 1639 429; x_wconf 83' lang='lat' dir='ltr'>desertoribus</span> <span class='ocrx_word' id='word_1_391' title='bbox 1670 398 1818 438; x_wconf 89' lang='lat' dir='ltr'>dicitur,</span> <span class='ocrx_word' id='word_1_392' title='bbox 1851 406 1988 442; x_wconf 86' lang='lat' dir='ltr'>spectet.</span> <span class='ocrx_word' id='word_1_393' title='bbox 2048 398 2103 432; x_wconf 86' lang='lat' dir='ltr'>Ex</span> 
     </span>
     <span class='ocr_line' id='line_1_59' title="bbox 1123 444 2104 489; baseline 0.007 -14"><span class='ocrx_word' id='word_1_394' title='bbox 1123 444 1306 487; x_wconf 89' lang='lat' dir='ltr'>discipulis</span> <span class='ocrx_word' id='word_1_395' title='bbox 1326 444 1418 476; x_wconf 88' lang='lat' dir='ltr'>enim</span> <span class='ocrx_word' id='word_1_396' title='bbox 1436 446 1572 478; x_wconf 84' lang='lat' dir='ltr'>nobiles</span> <span class='ocrx_word' id='word_1_397' title='bbox 1586 454 1620 479; x_wconf 88' lang='lat' dir='ltr'>et</span> <span class='ocrx_word' id='word_1_398' title='bbox 1637 448 1775 488; x_wconf 86' lang='lat' dir='ltr'>patricii</span> <span class='ocrx_word' id='word_1_399' title='bbox 1793 449 2046 489; x_wconf 87' lang='lat' dir='ltr'>adolescentes,</span> <span class='ocrx_word' id='word_1_400' title='bbox 2074 449 2104 482; x_wconf 88' lang='lat' dir='ltr'>si</span> 
     </span>
     <span class='ocr_line' id='line_1_60' title="bbox 1121 494 2102 541; baseline 0.005 -15"><span class='ocrx_word' id='word_1_401' title='bbox 1121 494 1291 526; x_wconf 82' lang='lat' dir='ltr'>fortunati</span> <span class='ocrx_word' id='word_1_402' title='bbox 1315 502 1348 528; x_wconf 85' lang='lat' dir='ltr'>et</span> <span class='ocrx_word' id='word_1_403' title='bbox 1374 495 1562 539; x_wconf 88' lang='lat' dir='ltr'>locupletes</span> <span class='ocrx_word' id='word_1_404' title='bbox 1580 502 1683 535; x_wconf 89' lang='lat' dir='ltr'>sunt,</span> <span class='ocrx_word' id='word_1_405' title='bbox 1711 505 1860 541; x_wconf 87' lang='lat' dir='ltr'>quatuor</span> <span class='ocrx_word' id='word_1_406' title='bbox 1880 505 2017 531; x_wconf 85' lang='lat' dir='ltr'>tantum</span> <span class='ocrx_word' id='word_1_407' title='bbox 2039 511 2102 532; x_wconf 90' lang='lat' dir='ltr'>au-</span> 
     </span>
     <span class='ocr_line' id='line_1_61' title="bbox 1122 542 2100 585; baseline 0.005 -9"><span class='ocrx_word' id='word_1_408' title='bbox 1122 555 1197 577; x_wconf 88' lang='lat' dir='ltr'>reos</span> <span class='ocrx_word' id='word_1_409' title='bbox 1211 542 1405 578; x_wconf 82' lang='lat' dir='ltr'>Rhenanos</span> <span class='ocrx_word' id='word_1_410' title='bbox 1431 558 1507 578; x_wconf 90' lang='lat' dir='ltr'>cum</span> <span class='ocrx_word' id='word_1_411' title='bbox 1535 546 1700 585; x_wconf 84' lang='lat' dir='ltr'>dimidio,</span> <span class='ocrx_word' id='word_1_412' title='bbox 1737 546 1764 578; x_wconf 90' lang='lat' dir='ltr'>si</span> <span class='ocrx_word' id='word_1_413' title='bbox 1788 547 1964 580; x_wconf 85' lang='lat' dir='ltr'>inferioris</span> <span class='ocrx_word' id='word_1_414' title='bbox 1986 549 2100 581; x_wconf 85' lang='lat' dir='ltr'>sortu-</span> 
     </span>
     <span class='ocr_line' id='line_1_62' title="bbox 1121 595 2100 636; baseline 0.005 -10"><span class='ocrx_word' id='word_1_415' title='bbox 1121 605 1184 627; x_wconf 85' lang='lat' dir='ltr'>nae</span> <span class='ocrx_word' id='word_1_416' title='bbox 1212 601 1245 627; x_wconf 89' lang='lat' dir='ltr'>et</span> <span class='ocrx_word' id='word_1_417' title='bbox 1263 595 1330 627; x_wconf 87' lang='lat' dir='ltr'>loci</span> <span class='ocrx_word' id='word_1_418' title='bbox 1348 602 1446 635; x_wconf 89' lang='lat' dir='ltr'>sunt,</span> <span class='ocrx_word' id='word_1_419' title='bbox 1474 603 1561 634; x_wconf 88' lang='lat' dir='ltr'>tres,</span> <span class='ocrx_word' id='word_1_420' title='bbox 1583 595 1637 628; x_wconf 76' lang='lat' dir='ltr'>vel</span> <span class='ocrx_word' id='word_1_421' title='bbox 1654 596 1759 635; x_wconf 85' lang='lat' dir='ltr'>duos,</span> <span class='ocrx_word' id='word_1_422' title='bbox 1787 597 1841 628; x_wconf 78' lang='lat' dir='ltr'>vel</span> <span class='ocrx_word' id='word_1_423' title='bbox 1859 595 1969 636; x_wconf 86' lang='lat' dir='ltr'>nihil,</span> <span class='ocrx_word' id='word_1_424' title='bbox 2001 599 2029 630; x_wconf 91' lang='lat' dir='ltr'>si</span> <span class='ocrx_word' id='word_1_425' title='bbox 2045 609 2100 631; x_wconf 88' lang='lat' dir='ltr'>res</span> 
     </span>
     <span class='ocr_line' id='line_1_63' title="bbox 1120 645 2099 690; baseline 0.002 -13"><span class='ocrx_word' id='word_1_426' title='bbox 1120 645 1275 688; x_wconf 90' lang='lat' dir='ltr'>ipsorum</span> <span class='ocrx_word' id='word_1_427' title='bbox 1293 645 1341 678; x_wconf 88' lang='lat' dir='ltr'>sic</span> <span class='ocrx_word' id='word_1_428' title='bbox 1365 646 1534 688; x_wconf 83' lang='lat' dir='ltr'>postulat,</span> <span class='ocrx_word' id='word_1_429' title='bbox 1561 657 1624 689; x_wconf 92' lang='lat' dir='ltr'>pro</span> <span class='ocrx_word' id='word_1_430' title='bbox 1648 652 1744 678; x_wconf 90' lang='lat' dir='ltr'>tanto</span> <span class='ocrx_word' id='word_1_431' title='bbox 1770 646 2001 679; x_wconf 88' lang='lat' dir='ltr'>institutionis</span> <span class='ocrx_word' id='word_1_432' title='bbox 2025 649 2099 690; x_wconf 89' lang='lat' dir='ltr'>pri-</span> 
     </span>
     <span class='ocr_line' id='line_1_64' title="bbox 1119 695 2099 729; baseline 0.002 -2"><span class='ocrx_word' id='word_1_433' title='bbox 1119 703 1216 728; x_wconf 82' lang='lat' dir='ltr'>vatae</span> <span class='ocrx_word' id='word_1_434' title='bbox 1243 696 1362 728; x_wconf 91' lang='lat' dir='ltr'>labore</span> <span class='ocrx_word' id='word_1_435' title='bbox 1389 702 1588 728; x_wconf 87' lang='lat' dir='ltr'>numerant.</span> <span class='ocrx_word' id='word_1_436' title='bbox 1654 695 1742 727; x_wconf 59' lang='lat' dir='ltr'>Nam</span> <span class='ocrx_word' id='word_1_437' title='bbox 1770 696 1939 729; x_wconf 88' lang='lat' dir='ltr'>divitibus</span> <span class='ocrx_word' id='word_1_438' title='bbox 1967 704 1999 729; x_wconf 90' lang='lat' dir='ltr'>et</span> <span class='ocrx_word' id='word_1_439' title='bbox 2025 708 2099 729; x_wconf 87' lang='lat' dir='ltr'>me-</span> 
     </span>
     <span class='ocr_line' id='line_1_65' title="bbox 1119 745 2099 788; baseline 0 -10"><span class='ocrx_word' id='word_1_440' title='bbox 1119 745 1247 778; x_wconf 88' lang='lat' dir='ltr'>diocris</span> <span class='ocrx_word' id='word_1_441' title='bbox 1263 746 1423 779; x_wconf 83' lang='lat' dir='ltr'>fortunae</span> <span class='ocrx_word' id='word_1_442' title='bbox 1441 746 1721 779; x_wconf 87' lang='lat' dir='ltr'>adolescentibus</span> <span class='ocrx_word' id='word_1_443' title='bbox 1739 746 1894 788; x_wconf 87' lang='lat' dir='ltr'>precium</span> <span class='ocrx_word' id='word_1_444' title='bbox 1913 746 2024 779; x_wconf 87' lang='lat' dir='ltr'>nostri</span> <span class='ocrx_word' id='word_1_445' title='bbox 2048 747 2099 779; x_wconf 92' lang='lat' dir='ltr'>la-</span> 
     </span>
     <span class='ocr_line' id='line_1_66' title="bbox 1118 793 2099 839; baseline 0 -11"><span class='ocrx_word' id='word_1_446' title='bbox 1118 796 1212 828; x_wconf 90' lang='lat' dir='ltr'>boris</span> <span class='ocrx_word' id='word_1_447' title='bbox 1228 808 1300 827; x_wconf 89' lang='lat' dir='ltr'>non</span> <span class='ocrx_word' id='word_1_448' title='bbox 1325 808 1428 829; x_wconf 82' lang='lat' dir='ltr'>avare</span> <span class='ocrx_word' id='word_1_449' title='bbox 1454 796 1655 835; x_wconf 83' lang='lat' dir='ltr'>statuimus,</span> <span class='ocrx_word' id='word_1_450' title='bbox 1683 802 1715 828; x_wconf 91' lang='lat' dir='ltr'>et</span> <span class='ocrx_word' id='word_1_451' title='bbox 1740 796 1950 839; x_wconf 88' lang='lat' dir='ltr'>pauperibus</span> <span class='ocrx_word' id='word_1_452' title='bbox 1974 797 2011 828; x_wconf 90' lang='lat' dir='ltr'>in</span> <span class='ocrx_word' id='word_1_453' title='bbox 2035 793 2099 829; x_wconf 88' lang='lat' dir='ltr'>hac</span> 
     </span>
     <span class='ocr_line' id='line_1_67' title="bbox 1116 845 2099 890; baseline 0 -11"><span class='ocrx_word' id='word_1_454' title='bbox 1116 845 1303 879; x_wconf 88' lang='lat' dir='ltr'>Academia</span> <span class='ocrx_word' id='word_1_455' title='bbox 1318 858 1457 878; x_wconf 90' lang='lat' dir='ltr'>omnem</span> <span class='ocrx_word' id='word_1_456' title='bbox 1480 852 1633 878; x_wconf 87' lang='lat' dir='ltr'>nostram</span> <span class='ocrx_word' id='word_1_457' title='bbox 1654 857 1814 888; x_wconf 85' lang='lat' dir='ltr'>operam,</span> <span class='ocrx_word' id='word_1_458' title='bbox 1840 858 1928 890; x_wconf 90' lang='lat' dir='ltr'>quae</span> <span class='ocrx_word' id='word_1_459' title='bbox 1944 853 1977 879; x_wconf 89' lang='lat' dir='ltr'>et</span> <span class='ocrx_word' id='word_1_460' title='bbox 1997 846 2099 879; x_wconf 88' lang='lat' dir='ltr'>insti-</span> 
     </span>
     <span class='ocr_line' id='line_1_68' title="bbox 1117 896 2099 939; baseline 0 -10"><span class='ocrx_word' id='word_1_461' title='bbox 1117 896 1263 929; x_wconf 88' lang='lat' dir='ltr'>tutionis</span> <span class='ocrx_word' id='word_1_462' title='bbox 1288 903 1319 929; x_wconf 88' lang='lat' dir='ltr'>et</span> <span class='ocrx_word' id='word_1_463' title='bbox 1343 896 1549 939; x_wconf 87' lang='lat' dir='ltr'>disciplinae</span> <span class='ocrx_word' id='word_1_464' title='bbox 1573 907 1673 928; x_wconf 82' lang='lat' dir='ltr'>causa</span> <span class='ocrx_word' id='word_1_465' title='bbox 1689 896 1910 939; x_wconf 86' lang='lat' dir='ltr'>suscipienda</span> <span class='ocrx_word' id='word_1_466' title='bbox 1927 903 1993 936; x_wconf 85' lang='lat' dir='ltr'>est,</span> <span class='ocrx_word' id='word_1_467' title='bbox 2020 908 2099 938; x_wconf 84' lang='lat' dir='ltr'>gra-</span> 
     </span>
     <span class='ocr_line' id='line_1_69' title="bbox 1116 943 2099 990; baseline 0 -11"><span class='ocrx_word' id='word_1_468' title='bbox 1116 947 1180 987; x_wconf 89' lang='lat' dir='ltr'>tis,</span> <span class='ocrx_word' id='word_1_469' title='bbox 1206 953 1245 979; x_wconf 91' lang='lat' dir='ltr'>ut</span> <span class='ocrx_word' id='word_1_470' title='bbox 1274 947 1524 979; x_wconf 82' lang='lat' dir='ltr'>beneficentiae</span> <span class='ocrx_word' id='word_1_471' title='bbox 1551 952 1583 978; x_wconf 89' lang='lat' dir='ltr'>et</span> <span class='ocrx_word' id='word_1_472' title='bbox 1608 943 1836 979; x_wconf 86' lang='lat' dir='ltr'>humanitatis</span> <span class='ocrx_word' id='word_1_473' title='bbox 1860 946 1951 987; x_wconf 81' lang='lat' dir='ltr'>leges</span> <span class='ocrx_word' id='word_1_474' title='bbox 1978 953 2099 990; x_wconf 90' lang='lat' dir='ltr'>postu-</span> 
     </span>
     <span class='ocr_line' id='line_1_70' title="bbox 1116 994 2098 1039; baseline 0 -10"><span class='ocrx_word' id='word_1_475' title='bbox 1116 998 1210 1037; x_wconf 86' lang='lat' dir='ltr'>lant,</span> <span class='ocrx_word' id='word_1_476' title='bbox 1237 997 1388 1037; x_wconf 78' lang='lat' dir='ltr'>benigne</span> <span class='ocrx_word' id='word_1_477' title='bbox 1412 1008 1548 1039; x_wconf 83' lang='lat' dir='ltr'>semper</span> <span class='ocrx_word' id='word_1_478' title='bbox 1572 996 1817 1039; x_wconf 85' lang='lat' dir='ltr'>praestitimus.</span> <span class='ocrx_word' id='word_1_479' title='bbox 1872 994 1966 1028; x_wconf 88' lang='lat' dir='ltr'>Tum</span> <span class='ocrx_word' id='word_1_480' title='bbox 1987 1007 2098 1039; x_wconf 83' lang='lat' dir='ltr'>poena</span> 
     </span>
     <span class='ocr_line' id='line_1_71' title="bbox 1116 1046 2099 1092; baseline -0.002 -13"><span class='ocrx_word' id='word_1_481' title='bbox 1116 1059 1204 1092; x_wconf 88' lang='lat' dir='ltr'>quae</span> <span class='ocrx_word' id='word_1_482' title='bbox 1227 1047 1365 1079; x_wconf 81' lang='lat' dir='ltr'>violatis</span> <span class='ocrx_word' id='word_1_483' title='bbox 1390 1047 1525 1089; x_wconf 86' lang='lat' dir='ltr'>legibus</span> <span class='ocrx_word' id='word_1_484' title='bbox 1547 1046 1640 1089; x_wconf 87' lang='lat' dir='ltr'>apud</span> <span class='ocrx_word' id='word_1_485' title='bbox 1666 1057 1728 1077; x_wconf 86' lang='lat' dir='ltr'>uos</span> <span class='ocrx_word' id='word_1_486' title='bbox 1752 1047 1872 1084; x_wconf 89' lang='lat' dir='ltr'>datur,</span> <span class='ocrx_word' id='word_1_487' title='bbox 1914 1046 1960 1078; x_wconf 90' lang='lat' dir='ltr'>ita</span> <span class='ocrx_word' id='word_1_488' title='bbox 1991 1057 2099 1089; x_wconf 75' lang='lat' dir='ltr'>parva</span> 
     </span>
     <span class='ocr_line' id='line_1_72' title="bbox 1116 1095 2098 1137; baseline -0.001 -8"><span class='ocrx_word' id='word_1_489' title='bbox 1116 1105 1183 1137; x_wconf 85' lang='lat' dir='ltr'>est,</span> <span class='ocrx_word' id='word_1_490' title='bbox 1210 1104 1249 1130; x_wconf 89' lang='lat' dir='ltr'>ut</span> <span class='ocrx_word' id='word_1_491' title='bbox 1273 1103 1475 1130; x_wconf 86' lang='lat' dir='ltr'>constanter</span> <span class='ocrx_word' id='word_1_492' title='bbox 1499 1096 1673 1129; x_wconf 82' lang='lat' dir='ltr'>affirmare</span> <span class='ocrx_word' id='word_1_493' title='bbox 1701 1096 1908 1128; x_wconf 86' lang='lat' dir='ltr'>auderemus</span> <span class='ocrx_word' id='word_1_494' title='bbox 1931 1095 1968 1127; x_wconf 85' lang='lat' dir='ltr'>in</span> <span class='ocrx_word' id='word_1_495' title='bbox 1990 1095 2098 1129; x_wconf 89' lang='lat' dir='ltr'>nullis</span> 
     </span>
     <span class='ocr_line' id='line_1_73' title="bbox 1116 1145 1539 1181; baseline -0.005 0"><span class='ocrx_word' id='word_1_496' title='bbox 1116 1145 1252 1181; x_wconf 88' lang='lat' dir='ltr'>Scholis</span> <span class='ocrx_word' id='word_1_497' title='bbox 1268 1148 1440 1180; x_wconf 89' lang='lat' dir='ltr'>minorem</span> <span class='ocrx_word' id='word_1_498' title='bbox 1457 1159 1539 1179; x_wconf 90' lang='lat' dir='ltr'>esse.</span> 
     </span>
    </p>

    <p class='ocr_par' dir='ltr' id='par_1_8' title="bbox 1113 1194 2098 2694">
     <span class='ocr_line' id='line_1_74' title="bbox 1217 1194 2098 1241; baseline -0.001 -11"><span class='ocrx_word' id='word_1_499' title='bbox 1217 1197 1286 1230; x_wconf 80' lang='lat' dir='ltr'>Sed</span> <span class='ocrx_word' id='word_1_500' title='bbox 1309 1198 1382 1237; x_wconf 91' lang='lat' dir='ltr'>illi,</span> <span class='ocrx_word' id='word_1_501' title='bbox 1420 1198 1481 1241; x_wconf 92' lang='lat' dir='ltr'>qui</span> <span class='ocrx_word' id='word_1_502' title='bbox 1505 1198 1547 1229; x_wconf 87' lang='lat' dir='ltr'>de</span> <span class='ocrx_word' id='word_1_503' title='bbox 1573 1203 1692 1229; x_wconf 87' lang='lat' dir='ltr'>nostro</span> <span class='ocrx_word' id='word_1_504' title='bbox 1721 1203 1754 1230; x_wconf 91' lang='lat' dir='ltr'>et</span> <span class='ocrx_word' id='word_1_505' title='bbox 1781 1194 1928 1230; x_wconf 80' lang='lat' dir='ltr'>Scliolae</span> <span class='ocrx_word' id='word_1_506' title='bbox 1953 1197 2098 1229; x_wconf 87' lang='lat' dir='ltr'>nomine</span> 
     </span>
     <span class='ocr_line' id='line_1_75' title="bbox 1116 1245 2098 1287; baseline -0.001 -8"><span class='ocrx_word' id='word_1_507' title='bbox 1116 1245 1324 1287; x_wconf 81' lang='lat' dir='ltr'>detrahunt,</span> <span class='ocrx_word' id='word_1_508' title='bbox 1361 1259 1478 1280; x_wconf 70' lang='lat' dir='ltr'>veram</span> <span class='ocrx_word' id='word_1_509' title='bbox 1505 1247 1558 1279; x_wconf 89' lang='lat' dir='ltr'>sui</span> <span class='ocrx_word' id='word_1_510' title='bbox 1583 1248 1716 1279; x_wconf 86' lang='lat' dir='ltr'>doloris</span> <span class='ocrx_word' id='word_1_511' title='bbox 1741 1253 1772 1279; x_wconf 87' lang='lat' dir='ltr'>et</span> <span class='ocrx_word' id='word_1_512' title='bbox 1796 1247 1989 1279; x_wconf 73' lang='lat' dir='ltr'>calumniae</span> <span class='ocrx_word' id='word_1_513' title='bbox 2017 1259 2098 1279; x_wconf 91' lang='lat' dir='ltr'>cau-</span> 
     </span>
     <span class='ocr_line' id='line_1_76' title="bbox 1116 1294 2097 1341; baseline 0 -13"><span class='ocrx_word' id='word_1_514' title='bbox 1116 1309 1187 1330; x_wconf 87' lang='lat' dir='ltr'>sam</span> <span class='ocrx_word' id='word_1_515' title='bbox 1213 1297 1456 1335; x_wconf 88' lang='lat' dir='ltr'>dissimulant</span> <span class='ocrx_word' id='word_1_516' title='bbox 1483 1309 1571 1340; x_wconf 90' lang='lat' dir='ltr'>quae</span> <span class='ocrx_word' id='word_1_517' title='bbox 1595 1294 1677 1330; x_wconf 86' lang='lat' dir='ltr'>hacc</span> <span class='ocrx_word' id='word_1_518' title='bbox 1701 1304 1769 1336; x_wconf 89' lang='lat' dir='ltr'>est,</span> <span class='ocrx_word' id='word_1_519' title='bbox 1796 1298 1889 1341; x_wconf 88' lang='lat' dir='ltr'>quod</span> <span class='ocrx_word' id='word_1_520' title='bbox 1916 1297 1999 1339; x_wconf 85' lang='lat' dir='ltr'>ipsis</span> <span class='ocrx_word' id='word_1_521' title='bbox 2024 1308 2097 1328; x_wconf 87' lang='lat' dir='ltr'>non</span> 
     </span>
     <span class='ocr_line' id='line_1_77' title="bbox 1115 1346 2097 1387; baseline 0.002 -11"><span class='ocrx_word' id='word_1_522' title='bbox 1115 1347 1264 1387; x_wconf 86' lang='lat' dir='ltr'>amplius</span> <span class='ocrx_word' id='word_1_523' title='bbox 1283 1346 1486 1377; x_wconf 87' lang='lat' dir='ltr'>conceditur</span> <span class='ocrx_word' id='word_1_524' title='bbox 1510 1346 1655 1378; x_wconf 88' lang='lat' dir='ltr'>liberior</span> <span class='ocrx_word' id='word_1_525' title='bbox 1680 1346 1738 1377; x_wconf 87' lang='lat' dir='ltr'>illa</span> <span class='ocrx_word' id='word_1_526' title='bbox 1765 1346 1905 1377; x_wconf 75' lang='lat' dir='ltr'>vivendi</span> <span class='ocrx_word' id='word_1_527' title='bbox 1929 1347 2036 1382; x_wconf 84' lang='lat' dir='ltr'>ratio,</span> <span class='ocrx_word' id='word_1_528' title='bbox 2064 1353 2097 1378; x_wconf 81' lang='lat' dir='ltr'>et</span> 
     </span>
     <span class='ocr_line' id='line_1_78' title="bbox 1116 1393 2096 1438; baseline 0.001 -12"><span class='ocrx_word' id='word_1_529' title='bbox 1116 1396 1207 1438; x_wconf 90' lang='lat' dir='ltr'>quod</span> <span class='ocrx_word' id='word_1_530' title='bbox 1227 1393 1289 1427; x_wconf 85' lang='lat' dir='ltr'>bac</span> <span class='ocrx_word' id='word_1_531' title='bbox 1307 1395 1512 1437; x_wconf 87' lang='lat' dir='ltr'>disciplinae</span> <span class='ocrx_word' id='word_1_532' title='bbox 1530 1396 1757 1428; x_wconf 87' lang='lat' dir='ltr'>renovatione</span> <span class='ocrx_word' id='word_1_533' title='bbox 1774 1407 1812 1427; x_wconf 87' lang='lat' dir='ltr'>ex</span> <span class='ocrx_word' id='word_1_534' title='bbox 1835 1407 1897 1428; x_wconf 91' lang='lat' dir='ltr'>suo</span> <span class='ocrx_word' id='word_1_535' title='bbox 1926 1396 1987 1427; x_wconf 90' lang='lat' dir='ltr'>illo</span> <span class='ocrx_word' id='word_1_536' title='bbox 2012 1395 2096 1427; x_wconf 93' lang='lat' dir='ltr'>libi-</span> 
     </span>
     <span class='ocr_line' id='line_1_79' title="bbox 1115 1445 2097 1488; baseline 0.003 -14"><span class='ocrx_word' id='word_1_537' title='bbox 1115 1445 1259 1483; x_wconf 87' lang='lat' dir='ltr'>dinum,</span> <span class='ocrx_word' id='word_1_538' title='bbox 1284 1452 1315 1476; x_wconf 86' lang='lat' dir='ltr'>et</span> <span class='ocrx_word' id='word_1_539' title='bbox 1343 1445 1523 1487; x_wconf 74' lang='lat' dir='ltr'>nequiciae</span> <span class='ocrx_word' id='word_1_540' title='bbox 1545 1457 1650 1485; x_wconf 74' lang='lat' dir='ltr'>regno</span> <span class='ocrx_word' id='word_1_541' title='bbox 1676 1446 1884 1483; x_wconf 89' lang='lat' dir='ltr'>eiiciuntur,</span> <span class='ocrx_word' id='word_1_542' title='bbox 1912 1452 1942 1477; x_wconf 86' lang='lat' dir='ltr'>et</span> <span class='ocrx_word' id='word_1_543' title='bbox 1961 1446 2001 1477; x_wconf 89' lang='lat' dir='ltr'>ad</span> <span class='ocrx_word' id='word_1_544' title='bbox 2023 1446 2097 1488; x_wconf 88' lang='lat' dir='ltr'>pic-</span> 
     </span>
     <span class='ocr_line' id='line_1_80' title="bbox 1115 1494 2098 1535; baseline 0.003 -11"><span class='ocrx_word' id='word_1_545' title='bbox 1115 1494 1194 1524; x_wconf 84' lang='lat' dir='ltr'>tatis</span> <span class='ocrx_word' id='word_1_546' title='bbox 1218 1500 1348 1535; x_wconf 88' lang='lat' dir='ltr'>partes,</span> <span class='ocrx_word' id='word_1_547' title='bbox 1381 1500 1414 1525; x_wconf 87' lang='lat' dir='ltr'>et</span> <span class='ocrx_word' id='word_1_548' title='bbox 1447 1495 1488 1524; x_wconf 91' lang='lat' dir='ltr'>ad</span> <span class='ocrx_word' id='word_1_549' title='bbox 1526 1500 1655 1525; x_wconf 87' lang='lat' dir='ltr'>caetera</span> <span class='ocrx_word' id='word_1_550' title='bbox 1688 1494 1874 1526; x_wconf 86' lang='lat' dir='ltr'>laudabilis</span> <span class='ocrx_word' id='word_1_551' title='bbox 1907 1495 2098 1527; x_wconf 73' lang='lat' dir='ltr'>iuventutis</span> 
     </span>
     <span class='ocr_line' id='line_1_81' title="bbox 1114 1542 2097 1584; baseline 0.002 -10"><span class='ocrx_word' id='word_1_552' title='bbox 1114 1543 1227 1574; x_wconf 76' lang='lat' dir='ltr'>officia</span> <span class='ocrx_word' id='word_1_553' title='bbox 1252 1554 1286 1574; x_wconf 90' lang='lat' dir='ltr'>se</span> <span class='ocrx_word' id='word_1_554' title='bbox 1309 1542 1462 1584; x_wconf 83' lang='lat' dir='ltr'>recipere</span> <span class='ocrx_word' id='word_1_555' title='bbox 1487 1549 1670 1584; x_wconf 79' lang='lat' dir='ltr'>coguntur.</span> <span class='ocrx_word' id='word_1_556' title='bbox 1730 1542 1805 1574; x_wconf 82' lang='lat' dir='ltr'>Iloc</span> <span class='ocrx_word' id='word_1_557' title='bbox 1830 1544 1931 1576; x_wconf 86' lang='lat' dir='ltr'>aliter</span> <span class='ocrx_word' id='word_1_558' title='bbox 1952 1545 2097 1577; x_wconf 82' lang='lat' dir='ltr'>assuetis</span> 
     </span>
     <span class='ocr_line' id='line_1_82' title="bbox 1115 1591 2097 1634; baseline 0.002 -11"><span class='ocrx_word' id='word_1_559' title='bbox 1115 1604 1186 1624; x_wconf 90' lang='lat' dir='ltr'>non</span> <span class='ocrx_word' id='word_1_560' title='bbox 1212 1603 1332 1634; x_wconf 83' lang='lat' dir='ltr'>parum</span> <span class='ocrx_word' id='word_1_561' title='bbox 1359 1593 1470 1629; x_wconf 88' lang='lat' dir='ltr'>dolet,</span> <span class='ocrx_word' id='word_1_562' title='bbox 1513 1604 1575 1624; x_wconf 84' lang='lat' dir='ltr'>nec</span> <span class='ocrx_word' id='word_1_563' title='bbox 1606 1593 1729 1626; x_wconf 85' lang='lat' dir='ltr'>leviter</span> <span class='ocrx_word' id='word_1_564' title='bbox 1755 1604 1813 1624; x_wconf 90' lang='lat' dir='ltr'>eos</span> <span class='ocrx_word' id='word_1_565' title='bbox 1837 1601 1970 1633; x_wconf 79' lang='lat' dir='ltr'>movet,</span> <span class='ocrx_word' id='word_1_566' title='bbox 2014 1591 2097 1626; x_wconf 84' lang='lat' dir='ltr'>hinc</span> 
     </span>
     <span class='ocr_line' id='line_1_83' title="bbox 1115 1641 2095 1686; baseline 0.003 -12"><span class='ocrx_word' id='word_1_567' title='bbox 1115 1643 1194 1674; x_wconf 76' lang='lat' dir='ltr'>illae</span> <span class='ocrx_word' id='word_1_568' title='bbox 1219 1641 1436 1686; x_wconf 71' lang='lat' dir='ltr'>lachrymae,</span> <span class='ocrx_word' id='word_1_569' title='bbox 1479 1649 1511 1675; x_wconf 87' lang='lat' dir='ltr'>et</span> <span class='ocrx_word' id='word_1_570' title='bbox 1534 1642 1643 1675; x_wconf 87' lang='lat' dir='ltr'>multa</span> <span class='ocrx_word' id='word_1_571' title='bbox 1669 1650 1788 1674; x_wconf 86' lang='lat' dir='ltr'>contra</span> <span class='ocrx_word' id='word_1_572' title='bbox 1815 1655 1878 1675; x_wconf 88' lang='lat' dir='ltr'>nos</span> <span class='ocrx_word' id='word_1_573' title='bbox 1902 1644 2095 1678; x_wconf 81' lang='lat' dir='ltr'>mendacia.</span> 
     </span>
     <span class='ocr_line' id='line_1_84' title="bbox 1115 1692 2096 1736; baseline 0.002 -11"><span class='ocrx_word' id='word_1_574' title='bbox 1115 1692 1219 1731; x_wconf 85' lang='lat' dir='ltr'>Tum,</span> <span class='ocrx_word' id='word_1_575' title='bbox 1245 1693 1338 1736; x_wconf 88' lang='lat' dir='ltr'>quod</span> <span class='ocrx_word' id='word_1_576' title='bbox 1358 1693 1514 1736; x_wconf 77' lang='lat' dir='ltr'>plerique</span> <span class='ocrx_word' id='word_1_577' title='bbox 1534 1705 1572 1724; x_wconf 85' lang='lat' dir='ltr'>ex</span> <span class='ocrx_word' id='word_1_578' title='bbox 1588 1693 1755 1726; x_wconf 83' lang='lat' dir='ltr'>aediculis</span> <span class='ocrx_word' id='word_1_579' title='bbox 1772 1694 1899 1725; x_wconf 76' lang='lat' dir='ltr'>civium</span> <span class='ocrx_word' id='word_1_580' title='bbox 1920 1694 1953 1725; x_wconf 92' lang='lat' dir='ltr'>in</span> <span class='ocrx_word' id='word_1_581' title='bbox 1973 1695 2096 1727; x_wconf 83' lang='lat' dir='ltr'>domos</span> 
     </span>
     <span class='ocr_line' id='line_1_85' title="bbox 1114 1741 2095 1783; baseline 0 -7"><span class='ocrx_word' id='word_1_582' title='bbox 1114 1741 1261 1776; x_wconf 70' lang='lat' dir='ltr'>Scliolae</span> <span class='ocrx_word' id='word_1_583' title='bbox 1283 1744 1532 1781; x_wconf 81' lang='lat' dir='ltr'>traducuntur,</span> <span class='ocrx_word' id='word_1_584' title='bbox 1561 1741 1626 1774; x_wconf 83' lang='lat' dir='ltr'>boe</span> <span class='ocrx_word' id='word_1_585' title='bbox 1650 1755 1720 1774; x_wconf 84' lang='lat' dir='ltr'>non</span> <span class='ocrx_word' id='word_1_586' title='bbox 1743 1755 1873 1775; x_wconf 78' lang='lat' dir='ltr'>novum</span> <span class='ocrx_word' id='word_1_587' title='bbox 1898 1743 2095 1783; x_wconf 78' lang='lat' dir='ltr'>inventum,</span> 
     </span>
     <span class='ocr_line' id='line_1_86' title="bbox 1115 1790 2094 1836; baseline 0.001 -11"><span class='ocrx_word' id='word_1_588' title='bbox 1115 1794 1173 1825; x_wconf 88' lang='lat' dir='ltr'>sed</span> <span class='ocrx_word' id='word_1_589' title='bbox 1193 1800 1290 1826; x_wconf 85' lang='lat' dir='ltr'>vetus</span> <span class='ocrx_word' id='word_1_590' title='bbox 1308 1793 1515 1836; x_wconf 85' lang='lat' dir='ltr'>disciplinae</span> <span class='ocrx_word' id='word_1_591' title='bbox 1540 1794 1575 1825; x_wconf 87' lang='lat' dir='ltr'>in</span> <span class='ocrx_word' id='word_1_592' title='bbox 1601 1790 1664 1825; x_wconf 80' lang='lat' dir='ltr'>bac</span> <span class='ocrx_word' id='word_1_593' title='bbox 1681 1791 1867 1825; x_wconf 74' lang='lat' dir='ltr'>Academia</span> <span class='ocrx_word' id='word_1_594' title='bbox 1888 1794 2094 1836; x_wconf 80' lang='lat' dir='ltr'>capitulum.</span> 
     </span>
     <span class='ocr_line' id='line_1_87' title="bbox 1113 1841 2094 1886; baseline 0 -10"><span class='ocrx_word' id='word_1_595' title='bbox 1113 1844 1200 1876; x_wconf 84' lang='lat' dir='ltr'>Nam</span> <span class='ocrx_word' id='word_1_596' title='bbox 1220 1844 1327 1875; x_wconf 86' lang='lat' dir='ltr'>nostri</span> <span class='ocrx_word' id='word_1_597' title='bbox 1347 1843 1494 1876; x_wconf 83' lang='lat' dir='ltr'>maiores</span> <span class='ocrx_word' id='word_1_598' title='bbox 1513 1844 1577 1875; x_wconf 72' lang='lat' dir='ltr'>viri</span> <span class='ocrx_word' id='word_1_599' title='bbox 1597 1845 1795 1886; x_wconf 85' lang='lat' dir='ltr'>prudentes,</span> <span class='ocrx_word' id='word_1_600' title='bbox 1819 1850 1848 1875; x_wconf 89' lang='lat' dir='ltr'>et</span> <span class='ocrx_word' id='word_1_601' title='bbox 1862 1841 2094 1876; x_wconf 81' lang='lat' dir='ltr'>Scliolasticae</span> 
     </span>
     <span class='ocr_line' id='line_1_88' title="bbox 1113 1894 2096 1937; baseline 0.001 -11"><span class='ocrx_word' id='word_1_602' title='bbox 1113 1894 1374 1936; x_wconf 80' lang='lat' dir='ltr'>gubernationis</span> <span class='ocrx_word' id='word_1_603' title='bbox 1394 1894 1495 1937; x_wconf 86' lang='lat' dir='ltr'>periti</span> <span class='ocrx_word' id='word_1_604' title='bbox 1516 1894 1717 1927; x_wconf 87' lang='lat' dir='ltr'>iudicabant</span> <span class='ocrx_word' id='word_1_605' title='bbox 1739 1894 1828 1926; x_wconf 89' lang='lat' dir='ltr'>bene</span> <span class='ocrx_word' id='word_1_606' title='bbox 1844 1905 1860 1926; x_wconf 93' lang='lat' dir='ltr'>e</span> <span class='ocrx_word' id='word_1_607' title='bbox 1877 1905 1913 1926; x_wconf 91' lang='lat' dir='ltr'>re</span> <span class='ocrx_word' id='word_1_608' title='bbox 1930 1894 2096 1927; x_wconf 83' lang='lat' dir='ltr'>iuventu-</span> 
     </span>
     <span class='ocr_line' id='line_1_89' title="bbox 1114 1944 2094 1987; baseline 0 -10"><span class='ocrx_word' id='word_1_609' title='bbox 1114 1946 1156 1978; x_wconf 92' lang='lat' dir='ltr'>tis</span> <span class='ocrx_word' id='word_1_610' title='bbox 1175 1956 1266 1983; x_wconf 85' lang='lat' dir='ltr'>esse,</span> <span class='ocrx_word' id='word_1_611' title='bbox 1291 1944 1400 1987; x_wconf 85' lang='lat' dir='ltr'>ipsam</span> <span class='ocrx_word' id='word_1_612' title='bbox 1430 1945 1565 1976; x_wconf 87' lang='lat' dir='ltr'>easdem</span> <span class='ocrx_word' id='word_1_613' title='bbox 1591 1944 1742 1976; x_wconf 89' lang='lat' dir='ltr'>incolere</span> <span class='ocrx_word' id='word_1_614' title='bbox 1766 1946 1866 1977; x_wconf 86' lang='lat' dir='ltr'>aedes</span> <span class='ocrx_word' id='word_1_615' title='bbox 1890 1956 1967 1977; x_wconf 86' lang='lat' dir='ltr'>cum</span> <span class='ocrx_word' id='word_1_616' title='bbox 1993 1955 2094 1987; x_wconf 86' lang='lat' dir='ltr'>prae-</span> 
     </span>
     <span class='ocr_line' id='line_1_90' title="bbox 1113 1994 2093 2037; baseline -0.001 -10"><span class='ocrx_word' id='word_1_617' title='bbox 1113 1995 1331 2037; x_wconf 87' lang='lat' dir='ltr'>ceptoribus,</span> <span class='ocrx_word' id='word_1_618' title='bbox 1363 2001 1396 2027; x_wconf 91' lang='lat' dir='ltr'>et</span> <span class='ocrx_word' id='word_1_619' title='bbox 1422 1994 1458 2026; x_wconf 86' lang='lat' dir='ltr'>in</span> <span class='ocrx_word' id='word_1_620' title='bbox 1483 2006 1602 2027; x_wconf 89' lang='lat' dir='ltr'>eorum</span> <span class='ocrx_word' id='word_1_621' title='bbox 1627 2001 1814 2036; x_wconf 83' lang='lat' dir='ltr'>conspectu</span> <span class='ocrx_word' id='word_1_622' title='bbox 1838 2001 1871 2027; x_wconf 88' lang='lat' dir='ltr'>et</span> <span class='ocrx_word' id='word_1_623' title='bbox 1899 1994 2034 2033; x_wconf 80' lang='lat' dir='ltr'>vivere,</span> <span class='ocrx_word' id='word_1_624' title='bbox 2061 2000 2093 2026; x_wconf 86' lang='lat' dir='ltr'>et</span> 
     </span>
     <span class='ocr_line' id='line_1_91' title="bbox 1115 2044 2094 2079; baseline -0.002 -2"><span class='ocrx_word' id='word_1_625' title='bbox 1115 2045 1243 2077; x_wconf 86' lang='lat' dir='ltr'>versari</span> <span class='ocrx_word' id='word_1_626' title='bbox 1272 2045 1306 2076; x_wconf 92' lang='lat' dir='ltr'>in</span> <span class='ocrx_word' id='word_1_627' title='bbox 1332 2044 1452 2079; x_wconf 76' lang='lat' dir='ltr'>literis,</span> <span class='ocrx_word' id='word_1_628' title='bbox 1505 2044 1591 2077; x_wconf 87' lang='lat' dir='ltr'>Nam</span> <span class='ocrx_word' id='word_1_629' title='bbox 1619 2044 1654 2076; x_wconf 89' lang='lat' dir='ltr'>in</span> <span class='ocrx_word' id='word_1_630' title='bbox 1673 2044 1871 2077; x_wconf 79' lang='lat' dir='ltr'>civitatibus</span> <span class='ocrx_word' id='word_1_631' title='bbox 1890 2044 2094 2077; x_wconf 91' lang='lat' dir='ltr'>celebriori-</span> 
     </span>
     <span class='ocr_line' id='line_1_92' title="bbox 1113 2092 2094 2136; baseline -0.001 -9"><span class='ocrx_word' id='word_1_632' title='bbox 1113 2096 1197 2135; x_wconf 85' lang='lat' dir='ltr'>bus,</span> <span class='ocrx_word' id='word_1_633' title='bbox 1223 2101 1261 2126; x_wconf 89' lang='lat' dir='ltr'>ut</span> <span class='ocrx_word' id='word_1_634' title='bbox 1278 2092 1361 2126; x_wconf 74' lang='lat' dir='ltr'>iniec</span> <span class='ocrx_word' id='word_1_635' title='bbox 1378 2101 1446 2134; x_wconf 85' lang='lat' dir='ltr'>est,</span> <span class='ocrx_word' id='word_1_636' title='bbox 1473 2095 1602 2127; x_wconf 83' lang='lat' dir='ltr'>variam</span> <span class='ocrx_word' id='word_1_637' title='bbox 1622 2094 1793 2126; x_wconf 84' lang='lat' dir='ltr'>malorum</span> <span class='ocrx_word' id='word_1_638' title='bbox 1812 2105 1941 2132; x_wconf 85' lang='lat' dir='ltr'>escam,</span> <span class='ocrx_word' id='word_1_639' title='bbox 1966 2100 1996 2126; x_wconf 88' lang='lat' dir='ltr'>et</span> <span class='ocrx_word' id='word_1_640' title='bbox 2015 2094 2094 2136; x_wconf 86' lang='lat' dir='ltr'>plu-</span> 
     </span>
     <span class='ocr_line' id='line_1_93' title="bbox 1115 2143 2094 2188; baseline -0.002 -10"><span class='ocrx_word' id='word_1_641' title='bbox 1115 2146 1201 2178; x_wconf 85' lang='lat' dir='ltr'>rima</span> <span class='ocrx_word' id='word_1_642' title='bbox 1218 2145 1408 2177; x_wconf 83' lang='lat' dir='ltr'>libidinum</span> <span class='ocrx_word' id='word_1_643' title='bbox 1429 2145 1656 2177; x_wconf 71' lang='lat' dir='ltr'>invitamenta</span> <span class='ocrx_word' id='word_1_644' title='bbox 1672 2156 1744 2177; x_wconf 81' lang='lat' dir='ltr'>esse</span> <span class='ocrx_word' id='word_1_645' title='bbox 1762 2143 1938 2183; x_wconf 73' lang='lat' dir='ltr'>videbant,</span> <span class='ocrx_word' id='word_1_646' title='bbox 1965 2144 2094 2188; x_wconf 87' lang='lat' dir='ltr'>quibus</span> 
     </span>
     <span class='ocr_line' id='line_1_94' title="bbox 1115 2194 2093 2232; baseline -0.003 -4"><span class='ocrx_word' id='word_1_647' title='bbox 1115 2209 1157 2228; x_wconf 85' lang='lat' dir='ltr'>ne</span> <span class='ocrx_word' id='word_1_648' title='bbox 1176 2197 1212 2227; x_wconf 90' lang='lat' dir='ltr'>iu</span> <span class='ocrx_word' id='word_1_649' title='bbox 1229 2196 1383 2228; x_wconf 81' lang='lat' dir='ltr'>fraudem</span> <span class='ocrx_word' id='word_1_650' title='bbox 1403 2202 1462 2228; x_wconf 90' lang='lat' dir='ltr'>aut</span> <span class='ocrx_word' id='word_1_651' title='bbox 1479 2195 1568 2228; x_wconf 81' lang='lat' dir='ltr'>vitae</span> <span class='ocrx_word' id='word_1_652' title='bbox 1589 2195 1774 2227; x_wconf 91' lang='lat' dir='ltr'>discrimen</span> <span class='ocrx_word' id='word_1_653' title='bbox 1800 2194 2033 2232; x_wconf 84' lang='lat' dir='ltr'>illicerentur,</span> <span class='ocrx_word' id='word_1_654' title='bbox 2061 2200 2093 2226; x_wconf 86' lang='lat' dir='ltr'>et</span> 
     </span>
     <span class='ocr_line' id='line_1_95' title="bbox 1113 2244 2095 2281; baseline -0.003 -2"><span class='ocrx_word' id='word_1_655' title='bbox 1113 2248 1157 2280; x_wconf 86' lang='lat' dir='ltr'>ab</span> <span class='ocrx_word' id='word_1_656' title='bbox 1175 2246 1333 2278; x_wconf 87' lang='lat' dir='ltr'>instituto</span> <span class='ocrx_word' id='word_1_657' title='bbox 1352 2246 1507 2277; x_wconf 82' lang='lat' dir='ltr'>discendi</span> <span class='ocrx_word' id='word_1_658' title='bbox 1524 2256 1625 2278; x_wconf 91' lang='lat' dir='ltr'>cursu</span> <span class='ocrx_word' id='word_1_659' title='bbox 1642 2245 1914 2281; x_wconf 83' lang='lat' dir='ltr'>abducerentur,</span> <span class='ocrx_word' id='word_1_660' title='bbox 1941 2244 2095 2276; x_wconf 85' lang='lat' dir='ltr'>occasio</span> 
     </span>
     <span class='ocr_line' id='line_1_96' title="bbox 1115 2294 2094 2338; baseline -0.004 -9"><span class='ocrx_word' id='word_1_661' title='bbox 1115 2309 1195 2329; x_wconf 89' lang='lat' dir='ltr'>nem</span> <span class='ocrx_word' id='word_1_662' title='bbox 1212 2296 1315 2336; x_wconf 85' lang='lat' dir='ltr'>mali,</span> <span class='ocrx_word' id='word_1_663' title='bbox 1345 2294 1504 2328; x_wconf 85' lang='lat' dir='ltr'>homiues</span> <span class='ocrx_word' id='word_1_664' title='bbox 1520 2296 1707 2338; x_wconf 86' lang='lat' dir='ltr'>prudentes</span> <span class='ocrx_word' id='word_1_665' title='bbox 1726 2294 1865 2327; x_wconf 84' lang='lat' dir='ltr'>tlorenti</span> <span class='ocrx_word' id='word_1_666' title='bbox 1887 2294 2011 2333; x_wconf 80' lang='lat' dir='ltr'>aetati,</span> <span class='ocrx_word' id='word_1_667' title='bbox 2039 2306 2094 2326; x_wconf 84' lang='lat' dir='ltr'>re.-</span> 
     </span>
     <span class='ocr_line' id='line_1_97' title="bbox 1114 2344 2093 2392; baseline -0.004 -13"><span class='ocrx_word' id='word_1_668' title='bbox 1114 2348 1342 2392; x_wconf 88' lang='lat' dir='ltr'>linquendam</span> <span class='ocrx_word' id='word_1_669' title='bbox 1370 2358 1441 2378; x_wconf 91' lang='lat' dir='ltr'>non</span> <span class='ocrx_word' id='word_1_670' title='bbox 1469 2352 1650 2388; x_wconf 87' lang='lat' dir='ltr'>putarunt,</span> <span class='ocrx_word' id='word_1_671' title='bbox 1690 2356 1777 2389; x_wconf 86' lang='lat' dir='ltr'>quae</span> <span class='ocrx_word' id='word_1_672' title='bbox 1806 2350 1844 2376; x_wconf 91' lang='lat' dir='ltr'>ut</span> <span class='ocrx_word' id='word_1_673' title='bbox 1875 2344 2006 2383; x_wconf 76' lang='lat' dir='ltr'>furem,</span> <span class='ocrx_word' id='word_1_674' title='bbox 2048 2344 2093 2376; x_wconf 84' lang='lat' dir='ltr'>ita</span> 
     </span>
     <span class='ocr_line' id='line_1_98' title="bbox 1115 2395 2094 2442; baseline -0.004 -12"><span class='ocrx_word' id='word_1_675' title='bbox 1115 2410 1284 2442; x_wconf 77' lang='lat' dir='ltr'>nequam,</span> <span class='ocrx_word' id='word_1_676' title='bbox 1307 2404 1339 2429; x_wconf 91' lang='lat' dir='ltr'>et</span> <span class='ocrx_word' id='word_1_677' title='bbox 1359 2396 1557 2440; x_wconf 88' lang='lat' dir='ltr'>improbum</span> <span class='ocrx_word' id='word_1_678' title='bbox 1578 2395 1668 2427; x_wconf 85' lang='lat' dir='ltr'>sacit.</span> <span class='ocrx_word' id='word_1_679' title='bbox 1722 2395 1840 2436; x_wconf 74' lang='lat' dir='ltr'>Quare</span> <span class='ocrx_word' id='word_1_680' title='bbox 1858 2395 2094 2426; x_wconf 86' lang='lat' dir='ltr'>adolescentes</span> 
     </span>
     <span class='ocr_line' id='line_1_99' title="bbox 1115 2442 2094 2491; baseline -0.005 -11"><span class='ocrx_word' id='word_1_681' title='bbox 1115 2460 1186 2480; x_wconf 91' lang='lat' dir='ltr'>non</span> <span class='ocrx_word' id='word_1_682' title='bbox 1205 2460 1267 2491; x_wconf 87' lang='lat' dir='ltr'>per</span> <span class='ocrx_word' id='word_1_683' title='bbox 1285 2458 1405 2479; x_wconf 88' lang='lat' dir='ltr'>onmes</span> <span class='ocrx_word' id='word_1_684' title='bbox 1421 2446 1513 2478; x_wconf 76' lang='lat' dir='ltr'>vicos</span> <span class='ocrx_word' id='word_1_685' title='bbox 1529 2445 1677 2477; x_wconf 76' lang='lat' dir='ltr'>civitatis</span> <span class='ocrx_word' id='word_1_686' title='bbox 1694 2456 1831 2488; x_wconf 83' lang='lat' dir='ltr'>sparsos</span> <span class='ocrx_word' id='word_1_687' title='bbox 1847 2442 2015 2482; x_wconf 69' lang='lat' dir='ltr'>babitare,</span> <span class='ocrx_word' id='word_1_688' title='bbox 2035 2445 2094 2476; x_wconf 79' lang='lat' dir='ltr'>sed</span> 
     </span>
     <span class='ocr_line' id='line_1_100' title="bbox 1115 2492 2094 2538; baseline -0.005 -7"><span class='ocrx_word' id='word_1_689' title='bbox 1115 2500 1152 2531; x_wconf 90' lang='lat' dir='ltr'>in</span> <span class='ocrx_word' id='word_1_690' title='bbox 1164 2496 1313 2531; x_wconf 80' lang='lat' dir='ltr'>Scholae</span> <span class='ocrx_word' id='word_1_691' title='bbox 1329 2498 1430 2529; x_wconf 87' lang='lat' dir='ltr'>aedes</span> <span class='ocrx_word' id='word_1_692' title='bbox 1446 2495 1673 2537; x_wconf 81' lang='lat' dir='ltr'>commigrare</span> <span class='ocrx_word' id='word_1_693' title='bbox 1691 2496 1889 2534; x_wconf 81' lang='lat' dir='ltr'>voluerunt,</span> <span class='ocrx_word' id='word_1_694' title='bbox 1919 2496 2010 2538; x_wconf 89' lang='lat' dir='ltr'>quod</span> <span class='ocrx_word' id='word_1_695' title='bbox 2030 2492 2094 2526; x_wconf 83' lang='lat' dir='ltr'>boc</span> 
     </span>
     <span class='ocr_line' id='line_1_101' title="bbox 1115 2545 2094 2582; baseline -0.006 -1"><span class='ocrx_word' id='word_1_696' title='bbox 1115 2546 1393 2582; x_wconf 88' lang='lat' dir='ltr'>adolescentibus</span> <span class='ocrx_word' id='word_1_697' title='bbox 1411 2553 1444 2578; x_wconf 91' lang='lat' dir='ltr'>et</span> <span class='ocrx_word' id='word_1_698' title='bbox 1463 2545 1568 2578; x_wconf 90' lang='lat' dir='ltr'>tutius</span> <span class='ocrx_word' id='word_1_699' title='bbox 1595 2553 1627 2579; x_wconf 83' lang='lat' dir='ltr'>et</span> <span class='ocrx_word' id='word_1_700' title='bbox 1650 2546 1769 2578; x_wconf 87' lang='lat' dir='ltr'>utilius</span> <span class='ocrx_word' id='word_1_701' title='bbox 1794 2557 1865 2577; x_wconf 81' lang='lat' dir='ltr'>esse</span> <span class='ocrx_word' id='word_1_702' title='bbox 1883 2546 2094 2578; x_wconf 86' lang='lat' dir='ltr'>iudicarunt.</span> 
     </span>
     <span class='ocr_line' id='line_1_102' title="bbox 1116 2592 2095 2639; baseline -0.006 -9"><span class='ocrx_word' id='word_1_703' title='bbox 1116 2598 1201 2632; x_wconf 89' lang='lat' dir='ltr'>Plus</span> <span class='ocrx_word' id='word_1_704' title='bbox 1218 2598 1311 2631; x_wconf 89' lang='lat' dir='ltr'>enim</span> <span class='ocrx_word' id='word_1_705' title='bbox 1329 2597 1558 2629; x_wconf 87' lang='lat' dir='ltr'>conductores</span> <span class='ocrx_word' id='word_1_706' title='bbox 1583 2596 1654 2629; x_wconf 86' lang='lat' dir='ltr'>sere</span> <span class='ocrx_word' id='word_1_707' title='bbox 1681 2596 1834 2635; x_wconf 74' lang='lat' dir='ltr'>civibus,</span> <span class='ocrx_word' id='word_1_708' title='bbox 1861 2606 1964 2639; x_wconf 83' lang='lat' dir='ltr'>quam</span> <span class='ocrx_word' id='word_1_709' title='bbox 1985 2592 2095 2627; x_wconf 75' lang='lat' dir='ltr'>Sebo-</span> 
     </span>
     <span class='ocr_line' id='line_1_103' title="bbox 1117 2642 2095 2694; baseline -0.008 -11"><span class='ocrx_word' id='word_1_710' title='bbox 1117 2650 1169 2684; x_wconf 81' lang='lat' dir='ltr'>lae</span> <span class='ocrx_word' id='word_1_711' title='bbox 1185 2649 1339 2694; x_wconf 83' lang='lat' dir='ltr'>pendere</span> <span class='ocrx_word' id='word_1_712' title='bbox 1356 2653 1538 2691; x_wconf 82' lang='lat' dir='ltr'>coguntur.</span> <span class='ocrx_word' id='word_1_713' title='bbox 1593 2647 1820 2693; x_wconf 81' lang='lat' dir='ltr'>Quapropter</span> <span class='ocrx_word' id='word_1_714' title='bbox 1839 2642 1928 2679; x_wconf 86' lang='lat' dir='ltr'>hanc</span> <span class='ocrx_word' id='word_1_715' title='bbox 1947 2651 2095 2678; x_wconf 78' lang='lat' dir='ltr'>veterem</span> 
     </span>
    </p>
   </div>
  </div>
 </body>
</html>
