2324 2955
155 104 227 138 927

162 189 281 223 scribit
295 187 389 222 Dion
409 197 426 217 a
445 188 578 227 spectro
595 179 759 212 eductum
779 185 852 209 esse
875 174 913 206 in
936 174 1051 206 locum
1078 180 1136 207 tu-

163 241 287 273 tiorem
311 249 349 270 ex
375 246 412 268 ea
434 234 539 266 domo
563 225 790 267 Antiochiae,
828 225 865 258 in
891 235 997 270 quam
1020 224 1139 257 diver-

164 296 262 322 terat.

267 333 313 368 Ut
329 333 434 376 igitur
451 331 639 366 seditiones
655 328 692 360 in
710 339 748 360 ea
766 325 895 360 vicinia
917 324 1142 369 opprimeret,
1167 362 1168 368 ἵ

168 388 298 420 bellum
321 389 437 416 movet
456 388 576 415 contra
591 380 788 422 Agarenos,
815 376 876 421 qui
897 376 1042 409 fuerunt
1064 385 1143 420 pars

173 437 326 469 Arabum
338 461 347 474 ,
375 433 458 466 dicti
475 433 518 466 ab
535 432 649 474 Agar,
677 428 803 461 ancilla
819 424 995 460 Abrahae.

272 483 445 518 Existimo
484 489 600 516 autem
635 491 675 513 eo
710 477 897 512 colluviem
934 476 1145 509 Iudaeorum

173 534 392 570 confluxisse.

274 584 316 618 In
339 583 412 617 eius
432 581 517 615 belli
543 586 712 624 apparatu
736 589 814 611 cum
839 576 1007 620 coepisset
1028 586 1148 618 aegro-

175 645 248 670 tare
272 633 430 680 hydrope
446 631 621 665 Traianus
634 655 642 669 ‚
670 630 845 674 profectus
861 627 898 659 in
915 625 1076 660 Ciliciam
1099 624 1150 658 ibi

176 693 336 719 mortuus
358 691 407 717 est
429 694 522 716 anno
548 681 668 714 aetatis
689 691 769 712 suae
787 677 996 720 sexagesimo
1015 682 1151 720 quarto,

176 749 255 770 cum
276 736 479 778 imperasset
503 743 614 765 annos
640 732 758 763 decem
782 734 815 762 et
836 738 982 765 novem,
1017 736 1153 758 menses

178 798 253 825 sex,
280 785 353 817 dies
377 782 592 828 quindecim.
652 780 702 813 lta
727 791 804 812 cum
828 784 1038 821 postremam
1062 774 1153 809 hanc

179 835 435 880 expeditionem
450 833 493 865 ad
512 829 696 865 Orientem
715 829 844 862 multae
863 827 1075 860 calamitates
1097 838 1154 859 ex-

180 885 353 929 ceperint,
377 884 479 917 etiam
497 882 534 914 in
552 879 618 915 hoc
634 879 793 924 principe
810 877 965 912 cernitur
975 876 1153 910 Fortunae

180 934 427 969 inconstantia.

233 1037 339 1069 Anno
358 1033 483 1067 mundi
500 1037 622 1077 quater
637 1029 823 1063 millesimo
842 1027 1086 1070 octuagesimo.

235 1087 340 1119 Anno
357 1084 455 1119 urbis
464 1081 599 1116 Romae
615 1079 920 1123 octingentesimo,
947 1075 1156 1118 sexagesimo

385 1140 519 1167 octavo.

235 1186 340 1219 Anno
358 1182 491 1219 Christi
510 1180 700 1216 centesimo
719 1178 854 1213 decimo
871 1183 1004 1211 octavo.

520 1255 823 1289 Adrianus.

284 1330 442 1366 Publius
461 1327 585 1362 Aelius
604 1326 795 1361 Adrianus
815 1325 976 1360 successit
992 1323 1159 1357 Traiano.

186 1385 317 1419 Tenuit
333 1382 517 1426 imperium
536 1391 646 1413 annos
662 1378 805 1421 viginti,
831 1387 966 1409 menses
983 1374 1161 1414 undecim,

186 1436 277 1468 filius
287 1432 436 1466 Adriani
447 1430 626 1465 Senatoris
636 1456 645 1470 ,
673 1428 733 1473 qui
747 1427 980 1461 consobrinus
994 1424 1061 1457 fuit
1070 1423 1161 1456 Tra-

186 1486 280 1526 iani,
306 1484 442 1528 fuitque
464 1487 606 1526 paterna
632 1479 767 1522 origine
792 1490 831 1511 ex
857 1476 988 1521 oppido
1012 1474 1086 1518 agri
1102 1473 1161 1506 Pi-

188 1536 262 1569 ceni
282 1531 413 1567 Adria.

287 1583 477 1618 Discedens
499 1580 674 1614 Traianus
696 1591 734 1612 ex
757 1577 859 1623 Syria
882 1587 999 1619 aeger,
1039 1585 1161 1617 regen-

189 1638 268 1669 dam
291 1647 365 1668 eam
388 1632 546 1665 Adriano
570 1631 722 1664 dederat.
782 1629 900 1670 Quare
923 1625 1095 1658 moriente
1121 1636 1161 1656 eo

190 1698 268 1720 cum
287 1692 317 1718 et
337 1683 503 1716 exercitus
529 1680 704 1724 praecipui
730 1679 767 1710 in
792 1679 834 1710 iis
859 1676 944 1709 locis
969 1680 1101 1714 essent,
1131 1680 1163 1706 et

191 1748 315 1778 magna
339 1739 425 1767 esset
447 1731 614 1765 autoritas
639 1727 789 1762 Adriani
819 1732 961 1770 propter
985 1723 1163 1766 cognatio·
1186 1733 1188 1742 ¹

191 1798 271 1818 nem
291 1783 456 1822 Traiani,
483 1788 515 1814 et
538 1785 680 1824 propter
704 1777 813 1822 ipsius
832 1774 1041 1808 industriam
1060 1785 1163 1806 nemo

193 1836 222 1868 ei
242 1835 414 1878 praelatus
433 1838 492 1864 est.
543 1828 589 1863 Et
605 1830 790 1872 adoptatus
805 1839 824 1859 a
843 1826 998 1859 Traiano
1024 1824 1165 1856 diceba-

193 1893 267 1925 tur,
291 1896 350 1918 seu
369 1894 467 1922 vere,
495 1892 552 1913 seu
573 1881 721 1922 fingente
731 1877 892 1916 Plotina,
918 1874 1064 1916 coniuge
1074 1872 1165 1905 Tra-

193 1936 282 1976 iani,
310 1945 396 1979 quae
414 1932 551 1964 amabat
566 1928 773 1962 Adrianurn.
827 1925 973 1968 Scripsit
999 1925 1041 1956 ad
1056 1922 1166 1957 Sena-

193 1993 265 2019 tum
284 1997 318 2018 se
336 1996 408 2017 non
423 1982 577 2026 accipere
602 1979 809 2023 imperium,
837 1976 905 2009 nisi
921 1973 1111 2009 etSenatus
1130 1973 1165 2006 id

192 2037 354 2069 iussisset.

295 2084 400 2118 Initio
418 2081 556 2125 imperii
572 2091 611 2113 ut
628 2079 728 2112 citius
738 2078 889 2112 Romam
906 2074 1026 2109 venire
1042 2081 1167 2118 posset,

198 2144 229 2170 et
263 2133 463 2180 provinciae
497 2132 533 2164 in
567 2128 715 2163 Oriente
748 2127 1010 2172 tranquilliores
1044 2131 1166 2165 essent,

198 2199 274 2219 cum
291 2184 404 2219 adime
422 2183 457 2215 in
477 2181 616 2226 Assyria
642 2185 745 2219 esset,
772 2178 893 2211 volens
916 2176 1015 2210 cessit
1039 2175 1081 2207 de
1099 2172 1167 2207 As-

199 2237 305 2281 syria,
332 2244 362 2269 et
380 2244 496 2279 pacem
511 2231 611 2269 fecit,
636 2235 819 2263 contentus
844 2227 952 2260 veteri
978 2224 1107 2265 limite,
1134 2231 1167 2258 et
1190 2223 1192 2233 ’

1092 2273 1166 2318 lpse
1190 2280 1192 2293 ³

198 2336 348 2370 Romam
373 2334 484 2372 venit,
520 2338 558 2365 ut
582 2331 631 2363 ibi
654 2329 782 2363 iudicia
805 2328 1000 2361 restitueret
1027 2331 1059 2358 et
1085 2337 1167 2368 pro-
1190 2330 1191 2363 J

602 2380 648 2415 Et
675 2380 756 2424 quia
784 2377 903 2411 Iudaei
931 2389 1001 2409 non
1027 2375 1165 2407 desine-
1190 2377 1191 2395 ³

199 2287 319 2331 Syriae
350 2292 381 2319 ct
412 2283 487 2316 aliis
521 2280 711 2326 provinciis
743 2285 892 2312 rectores
914 2277 1020 2309 dedit.

199 2387 328 2419 vincias
351 2384 538 2418 ordinaret.

200 2438 281 2470 bant
307 2432 531 2471 tumultuari,
571 2430 701 2464 lulium
726 2429 893 2463 Severum
919 2439 958 2460 ex
981 2425 1165 2459 Britannia

199 2486 396 2525 accersivit,
423 2489 453 2516 et
470 2482 505 2513 in
521 2482 656 2526 Syriam
673 2480 784 2519 misit,
817 2486 854 2512 ut
875 2477 1020 2511 Iudaeos
1044 2476 1164 2519 oppri-
1188 2487 1190 2508 1

198 2544 327 2576 meret,
353 2535 411 2580 qui
430 2544 498 2565 non
516 2542 617 2563 ausus
636 2541 756 2571 magna
773 2529 900 2572 praelia
918 2529 1028 2561 facere
1055 2532 1086 2559 et
1109 2526 1163 2559 di·
1187 2525 1189 2554 ἶ

199 2588 324 2619 micare
349 2597 426 2619 cum
449 2580 685 2615 audacissimis
708 2579 920 2619 latronibus,
962 2575 1065 2611 traxit
1088 2577 1163 2609 bel-

197 2638 280 2671 lam.
327 2636 462 2670 Interea
480 2632 568 2665 vires
586 2629 791 2664 Iudaeorum
808 2630 1029 2664 confirmatae
1046 2634 1136 2663 sunt.

400 97 602 138 semera
628 93 703 130 pn.
730 89 846 128 MEL.
872 89 939 125 AD
964 87 1089 126 fflsr.
1115 87 1258 127 PRoF.
1285 86 1352 123 ET
1377 84 1571 123 PH1Los.
1599 84 1918 126 SPECTANTIA.

1183 1275 1300 1314 ⁴farne
1331 1274 1530 1318 perierunt,
1570 1287 1644 1307 non
1675 1282 1866 1318 potuerunt
1891 1275 2082 1308 numerari.

2092 91 2165 127 928

1292 171 1339 206 Ut
1353 177 1469 205 autem
1486 179 1628 216 propter
1653 173 1835 216 religionis
1856 175 2006 218 speciem
2027 183 2061 210 et
2085 175 2164 219 plu-

1189 235 1243 258 res
1259 228 1528 263 concurrerent,
1553 229 1586 256 et
1608 231 1775 258 cresceret
1799 225 1960 266 audacia,
1987 226 2057 258 dux
2074 225 2167 259 sedi-

1190 275 1361 308 tiosorum
1377 272 1504 306 tribuit
1519 271 1587 305 sibi
1604 273 1745 307 titulum
1761 271 1947 314 Messiae,
1973 281 2006 308 et
2021 281 2060 309 ut
2076 275 2168 309 allu-

1191 326 1289 358 deret
1321 323 1365 355 ad
1396 322 1621 356 vaticinium:
1674 322 1822 358 Orietur
1849 326 1947 359 stella
1979 337 2020 358 ex
2054 324 2170 366 Iacob,

1193 372 1395 408 nominatus
1417 379 1467 406 est
1483 372 1559 406 Ben
1573 371 1735 415 Cochab‚
1762 375 1797 408 id
1819 382 1889 417 est,
1915 376 2009 409 filius
2037 375 2169 409 stellae.

1195 424 1269 459 Alii
1285 423 1445 456 scribunt
1462 421 1692 464 Barchobab,
1718 425 1813 469 quod
1831 437 1973 468 prorsus
1990 426 2084 458 idem
2109 431 2171 459 est.

1194 475 1284 509 Nam
1303 480 1335 507 et
1346 470 1425 506 Ben
1443 471 1569 506 etBar
1587 474 1786 517 significant
1796 473 1939 510 Filium.
1976 475 2043 508 Hic
2060 487 2172 509 annos

1197 525 1333 569 aliquot
1364 523 1402 556 in
1428 524 1502 567 ipsa
1529 523 1655 558 Iudaea
1680 525 1795 558 tenuit
1825 525 2079 570 quinquaginta
2116 537 2175 558 ca-

1199 575 1298 609 stella
1325 581 1358 608 et
1385 580 1582 617 nongentos
1600 581 1634 608 et
1649 575 1826 618 octoginta
1842 576 1955 614 vicos,
1988 582 2020 609 et
2044 575 2174 608 muniit

1200 625 1369 670 oppidum
1380 621 1573 666 Bethoron,
1589 625 1694 658 situm
1711 624 1941 659 inBeniamin
1954 632 1986 659 et
1994 622 2177 668 Ephraim,

1201 676 1294 721 quod
1312 674 1397 708 olim
1414 681 1447 707 et
1457 673 1626 708 Salomon
1643 676 1829 711 munierat.
1880 673 1934 709 Ex
1952 687 1989 708 ea
2005 686 2082 708 arce
2098 686 2177 708 cum

1203 725 1403 769 eruptiones
1422 725 1595 764 facerent,
1622 737 1722 769 saepe
1737 724 1918 760 Romanos
1936 726 2178 770 profligarunt.

1204 776 1273 810 Sed
1297 775 1401 808 rediit
1424 775 1461 807 in
1485 774 1623 820 Syriam
1642 774 1840 817 Adrianus,
1873 783 1906 810 et
1925 776 2094 820 oppidum
2110 774 2179 808 Be-

1203 824 1333 860 thoron
1357 825 1494 859 obsedit
1516 837 1627 859 annos
1649 833 1718 859 tres
1752 832 1785 859 et
1816 838 1873 860 sex
1901 837 2045 859 menses.
2123 824 2177 858 lbi

1205 889 1284 910 cum
1308 876 1410 909 multi
1433 875 1470 907 in
1489 876 1631 919 praeliis
1656 876 1859 917 interirent,
1893 883 1926 910 et
1948 877 2065 920 plures
2090 876 2180 908 fame

1206 934 1239 961 et
1267 926 1466 970 pestilentia
1495 933 1737 968 morerentur,
1777 927 1917 961 tandem
1948 926 2119 970 oppidum
2145 925 2181 957 vi

1207 983 1344 1019 captum
1362 983 1431 1016 est,
1458 982 1491 1009 et
1508 976 1708 1009 interfectus
1726 984 1775 1010 est
1797 978 1866 1010 dux
1890 976 2072 1010 seditionis
2087 974 2181 1008 Ben-

1207 1023 1360 1065 cochab,
1401 1037 1505 1069 quem
1537 1032 1653 1068 postea
1679 1025 1798 1059 Iudaei
1829 1027 2060 1059 nominarunt
2082 1024 2182 1058 Ben—

1208 1075 1330 1114 cozba,
1358 1073 1394 1106 id
1411 1081 1479 1115 est,
1505 1075 1616 1107 filium
1637 1076 1830 1116 mendacii,
1857 1077 1951 1120 quod
1970 1076 2056 1108 falso
2082 1075 2181 1109 iacti-

1208 1131 1310 1158 tasset
1328 1136 1362 1157 se
1378 1123 1543 1156 Messinm
1560 1136 1651 1165 esse,
1679 1132 1710 1158 et
1728 1132 2007 1168 recuperatorem
2022 1124 2182 1159 Iudaeae.

1292 1173 1467 1207 Numerus
1483 1174 1744 1208 interfectorum
1759 1175 1925 1209 scribitur
1940 1175 2059 1215 fuisse,
2079 1175 2185 1219 quin-

1209 1224 1308 1269 quies
1323 1223 1360 1259 C.
1376 1224 1487 1256 millia
1506 1222 1702 1258 hominum.
1754 1223 1829 1258 Alii
1852 1225 1912 1270 qui
1934 1225 2129 1269 pestilentia
2152 1231 2185 1257 et

2144 1273 2186 1307 In

1209 1323 1276 1358 hoc
1291 1325 1384 1357 bello
1400 1325 1556 1368 potentia
1568 1324 1777 1359 Iudaeorum
1789 1352 1797 1366 ,
1823 1332 1953 1370 quanta
1968 1325 2102 1369 reliqua
2118 1324 2187 1358 fuit

1210 1376 1317 1408 fracta
1341 1381 1408 1415 est,
1445 1382 1478 1408 et
1502 1375 1698 1419 exemplum
1721 1376 1943 1420 propositum
1969 1382 2018 1409 est
2039 1375 2187 1418 dignum

1211 1424 1509 1464 consideratione,
1554 1426 1648 1470 quod
1678 1425 1852 1467 ostendit,
1896 1427 2014 1471 quales
2050 1426 2186 1458 furores

1211 1476 1281 1510 sint
1304 1475 1341 1507 in
1364 1475 1482 1519 impiis
1506 1487 1524 1508 a
1539 1474 1614 1509 Deo
1636 1476 1798 1517 abiectis,
1825 1488 1904 1510 cum
1921 1476 2085 1510 fatalibus
2103 1487 2187 1520 poe-

1211 1527 1266 1558 nis
1284 1532 1463 1568 urgentur.
1499 1523 1545 1559 Et
1561 1526 1664 1559 simul
1680 1533 1818 1567 monet,
1844 1538 1887 1559 ne
1904 1527 1989 1560 falso
2007 1532 2183 1570 praetextu

1211 1575 1395 1618 religionis
1437 1576 1625 1608 seditiones
1666 1583 1889 1613 moveantur,
1942 1577 2030 1609 sicut
2064 1582 2186 1609 nostro

1212 1632 1368 1668 tempore
1402 1625 1559 1658 fecerunt
1592 1623 1845 1670 Anabaptistae
1878 1625 2186 1665 Monasterienses‚

1212 1686 1362 1719 quorum
1386 1686 1444 1707 rex
1470 1687 1550 1708 vere
1572 1675 1638 1708 suit
1663 1674 1737 1708 Ben
1752 1674 1885 1716 Cosba,
1925 1675 1961 1708 id
1987 1681 2058 1716 est,
2094 1675 2188 1709 fillus

1219 1724 1404 1757 mendacii.

1314 1773 1435 1806 Iudaei
1457 1774 1522 1817 ipsi
1545 1771 1635 1806 hanc
1659 1771 1842 1807 historiam
1865 1775 2080 1809 atrocissime
2105 1787 2188 1809 nar-

1213 1831 1310 1863 rant,
1338 1830 1371 1857 et
1388 1823 1510 1857 dicunt
1526 1824 1657 1857 bellum
1683 1821 1749 1857 hoc
1770 1825 2013 1860 continuatum
2037 1837 2108 1859 esse
2131 1838 2187 1859 sex

1214 1885 1338 1909 annos.
1396 1873 1474 1918 Ipse
1499 1872 1679 1907 Adrianus
1704 1875 1842 1919 scripsit
1864 1876 1907 1909 ad
1927 1875 2095 1910 Senatum
2112 1875 2189 1911 Ro-

1214 1936 1379 1963 manum,
1405 1936 1449 1957 ne
1466 1922 1556 1957 hanc
1571 1924 1753 1957 victoriam
1778 1937 1886 1969 parvo
1908 1926 2028 1960 labore
2053 1934 2188 1970 partam

1216 1974 1470 2007 existimarent:
1499 1981 1531 2007 et
1547 1975 1588 2007 ad
1606 1986 1723 2018 pacem
1743 1973 1902 2010 Orientis
1925 1977 2053 2011 scirent
2074 1977 2188 2021 pluri-

1216 2037 1311 2058 mum
1329 2026 1523 2057 conducere
1540 2022 1644 2057 huius
1659 2025 1842 2059 seditionis
1857 2027 2131 2071 oppressionem.

1315 2074 1387 2107 Nec
1405 2081 1540 2108 tantum
1558 2073 1749 2117 Romanis,
1776 2078 1834 2110 sed
1860 2078 1962 2111 etiam
1979 2075 2188 2112 Christianis

1216 2125 1280 2158 suit
1297 2122 1406 2158 hostis
1423 2125 1481 2157 ille
1497 2124 1689 2161 Bencosba.
1742 2126 1952 2173 Ubicunque
1972 2128 2066 2161 enim
2089 2139 2188 2161 occa-

1216 2175 1267 2208 sio
1284 2175 1368 2213 suit‚
1395 2175 1632 2208 crudelissime
1647 2176 1819 2210 interfecit
1836 2176 2054 2212 Christianos
2070 2179 2106 2211 in
2120 2177 2186 2211 Pa-

1216 2226 1371 2258 laestina.
1436 2224 1525 2259 Cum
1558 2225 1664 2268 igitur
1695 2234 1811 2270 postea
1836 2226 2015 2261 Adrianus
2044 2228 2188 2272 pelleret

1216 2275 1382 2315 Iudaeos,
1410 2275 1569 2309 distinxit
1593 2277 1636 2309 ab
1660 2277 1708 2310 eis
1722 2275 1957 2311 Christianos:
1992 2285 2023 2311 et
2044 2290 2121 2313 cum
2149 2279 2186 2312 in

1218 2325 1451 2371 lerosolymae
1475 2326 1587 2360 ruinis
1610 2339 1731 2361 rursus
1754 2329 1925 2361 aedificari
1949 2329 2071 2361 urbem
2094 2330 2187 2362 sine-

1215 2383 1286 2416 ret,
1315 2388 1417 2421 quam
1435 2377 1632 2410 nominavit
1650 2389 1667 2410 a
1685 2389 1747 2411 suo
1765 2377 1906 2411 nornine
1919 2376 2075 2418 Aeliam,
2102 2391 2186 2412 con·

1215 2426 1315 2459 cessit
1338 2433 1375 2459 ut
1398 2426 1446 2459 ibi
1466 2424 1658 2460 Christiani
1684 2426 1892 2463 habitarent.
1944 2428 2094 2474 Fuitque
2114 2430 2186 2473 pri-

1213 2488 1291 2510 mus
1315 2474 1509 2521 Episcopus
1531 2477 1581 2510 ibi
1597 2474 1768 2515 fissurus,
1805 2490 1877 2511 non
1902 2491 1939 2511 ex
1967 2479 2103 2513 ludaeis
2125 2492 2186 2524 pa-

1213 2527 1370 2560 rentibus
1388 2535 1500 2561 natus.
1553 2525 1651 2560 Adeo
1670 2527 1776 2570 igitur
1792 2535 1874 2562 tunc
1889 2536 2019 2563 mutata
2036 2536 2086 2563 est
2102 2530 2186 2563 urbs

1212 2578 1440 2622 lerosolyma‚
1472 2584 1509 2610 ut
1534 2589 1596 2609 nec
1620 2577 1707 2610 ritus
1730 2589 1792 2611 nec
1816 2580 1908 2612 cives
1932 2578 2095 2619 Iudaeos,
2123 2593 2187 2613 nec

1212 2639 1340 2660 nomen
1360 2635 1457 2662 vetus
1477 2627 1677 2665 retinuerit,
1703 2634 1741 2661 ut
1763 2629 1854 2663 clare
1879 2630 2032 2674 conspici
2058 2637 2186 2675 posset,
