2324 2955
88 98 162 132 717

393 179 452 211 De
479 178 625 212 ordine
654 177 767 211 libri.

776 96 805 133 Ι.
849 90 1143 133 CHRONICON
1170 92 1419 132 CARIONIS.

2035 105 2108 139 718

1227 179 1463 216 Secundus
1490 180 1610 217 liber
1626 185 1692 220 erit
1709 187 1897 231 prolixior,
1925 189 2006 233 quia
2023 197 2106 224 tunc

191 239 286 275 Utile
297 246 359 281 est,
385 239 574 284 semperin
590 246 778 284 conspectu
793 237 936 281 hahere,
959 250 1074 285 quan·
1125 237 1158 265 et
1175 228 1331 267 Ecclesia
1354 231 1459 268 habet
1485 246 1562 268 suas
1586 237 1814 280 mutationes,
1840 240 2027 283 promissio
2051 253 2106 274 re-

87 299 162 326 tum
190 291 266 324 fieri
290 297 424 335 potest,
457 289 617 323 omnium
645 297 843 334 temporum
869 291 1012 331 seriem,
1039 296 1072 323 et

87 342 292 386 praecipuas
321 340 457 384 generis
485 337 633 374 humani
661 341 885 376 mutationes.
946 340 1004 374 Ad
1034 340 1072 373 id

87 393 240 426 maxime
257 391 423 424 conducit
439 402 540 424 nosse
556 392 689 425 dictum
703 418 712 432 ‚
740 393 836 436 quod
853 392 1020 425 recitatur
1032 391 1071 423 in

88 442 301 476 Iudaeorum
316 442 596 483 commentariis,
623 440 690 475 hoc
705 443 829 475 modo:

340 535 517 563 Traditio
542 535 671 563 domus
697 535 816 564 Eliae.

137 594 206 630 Sex
227 594 339 628 millia
369 606 544 628 annorum
569 595 742 636 mundus,
776 603 808 630 et
831 594 958 628 deinde
984 604 1072 626 con-

242 645 414 688 flagratio.

135 695 218 731 Duo
235 695 346 728 millia
364 695 479 728 inane.

137 746 223 780 Duo
239 745 350 778 millia
367 745 433 778 lex.

136 795 217 830 Duo
243 795 355 828 millia
381 795 454 829 dies
478 794 641 832 Messiae.
693 794 741 830 Et
764 801 909 840 propter
931 799 1069 838 peccata

238 853 376 884 nostra,
410 858 499 891 quae
523 847 634 881 multa
667 854 699 880 et
729 858 854 890 magna
884 851 982 886 sunt,
1008 845 1069 877 de-

239 903 344 930 erunt
360 897 465 938 anni,
490 896 552 941 qui
569 898 727 930 deerunt.

188 961 266 995 Hoc
282 962 388 995 modo
404 961 503 995 Elias
522 962 565 994 de
581 962 768 995 duratione
792 960 926 1003 generiS
943 957 1070 992 huma-

86 1014 123 1045 ni
147 1013 355 1046 vaticinatus
376 1019 445 1053 est,
481 1018 513 1044 et
536 1011 741 1054 praecipuas
765 1011 976 1044 mutationes
997 1010 1070 1042 dis-

85 1063 203 1097 tinxit.
261 1060 360 1095 Duos
382 1061 514 1104 primos
541 1061 758 1094 millenarios
774 1061 935 1093 nominat
962 1059 1070 1092 ina-

87 1124 157 1151 ne,
190 1112 284 1157 quod
304 1112 562 1154 simplicissime
581 1112 630 1144 sic
653 1112 885 1154 interpretor,
909 1111 1069 1143 nondum

86 1161 249 1196 homines
270 1161 392 1205 procul
417 1161 555 1194 dissitas
578 1161 736 1203 regiones
761 1172 964 1204 occupasse,
990 1167 1069 1193 ante

87 1213 267 1246 conditam
301 1211 531 1256 Babylonem.
599 1210 673 1244 Alii
713 1212 853 1252 dicunt,
893 1211 1069 1243 nominari

88 1262 217 1303 Inane,
243 1262 325 1307 quia
350 1262 510 1295 nondum
538 1268 629 1295 certa
654 1261 776 1305 politia
790 1261 966 1294 Ecclesiae
986 1273 1070 1294 con-

90 1313 210 1346 stituta
235 1312 319 1352 suit,
352 1319 384 1344 et
407 1312 567 1344 nondum
593 1319 766 1354 segregata
789 1312 855 1344 fuit
879 1309 1033 1344 Ecclesia
1052 1324 1069 1343 a

89 1363 233 1396 caeteris
247 1362 420 1405 gentibus,
472 1361 641 1395 Nondum
666 1362 769 1395 etiam
792 1368 891 1394 erant
914 1362 1071 1405 imperia,

89 1413 206 1458 qualia
226 1419 345 1457 postea
369 1412 407 1444 in
428 1410 642 1445 monarchiis
662 1412 817 1446 fuerunt.
869 1411 939 1446 Sed
964 1424 1071 1457 quae-

88 1474 227 1507 cunque
256 1473 357 1495 causa
391 1469 462 1502 est,
494 1473 601 1506 quare
625 1462 673 1495 sic
705 1463 831 1495 dixerit
855 1459 970 1502 Elias,
1005 1460 1071 1495 hoc

89 1525 163 1546 non
180 1512 329 1546 dubium
349 1517 416 1552 est,
441 1512 590 1555 primam
606 1518 752 1545 aetatem
769 1512 875 1544 fuisse
892 1512 1071 1544 florentis-

89 1563 232 1604 simam,
268 1563 350 1607 quia
380 1568 506 1594 natura
538 1559 724 1594 hominum
757 1562 875 1594 minus
905 1562 1071 1603 languida

88 1614 173 1654 suit,
200 1613 294 1659 quod
313 1612 466 1646 ostendit
484 1612 710 1654 longaevitas.
752 1609 799 1644 Et
816 1612 883 1644 suit
901 1612 1071 1644 excellens

91 1666 214 1704 decus,
247 1664 340 1707 quod
373 1662 618 1705 sapientissimi
647 1674 767 1702 senes,
800 1662 896 1705 pleni
930 1663 1072 1695 divinae

91 1714 196 1751 lucis,
229 1713 334 1747 simul
357 1712 538 1752 vixerunt,
569 1719 603 1745 et
626 1713 668 1745 de
692 1711 786 1752 Deo,
819 1714 863 1744 de
887 1712 1072 1753 creatione,

92 1767 135 1797 de
152 1764 242 1797 edita
259 1762 491 1805 promissione
509 1768 610 1794 testes
631 1763 792 1803 suerunt,
815 1768 848 1795 et
864 1763 965 1795 multi
983 1770 1072 1795 artes
1095 1749 1098 1787 l

90 1816 142 1847 im
154 1820 301 1847 enerunt
317 1819 348 1845 et
366 1812 600 1846 illustrarunt.

191 1872 397 1907 Secundum
424 1878 561 1914 tempus
577 1882 594 1903 a
613 1869 889 1904 Circumcisione
909 1883 1073 1904 numera-

91 1933 166 1964 tur,
191 1934 302 1967 usque
326 1923 370 1955 ad
394 1928 515 1954 natum
540 1920 704 1954 Messinm
727 1932 767 1954 ex
784 1920 949 1965 Virgine,
978 1923 1070 1967 quod

41 1982 46 1989 ³
91 1986 162 2008 non
180 1974 292 2007 multo
308 1973 426 2006 minus
442 1971 580 2005 duobus
597 1971 806 2004 millenariis
825 1972 992 2008 continet.

191 2031 244 2066 De
277 2031 380 2065 tertio
407 2036 563 2074 tempore
595 2030 764 2073 significat
796 2031 890 2071 sore,
929 2038 967 2065 ut
1000 2044 1070 2064 non

90 2083 334 2127 compleantur
349 2082 420 2114 duo
439 2080 646 2120 millenarii,
673 2081 754 2125 quia
777 2081 927 2114 nimium
945 2089 1072 2115 crescet

90 2135 270 2179 impietas,
297 2139 440 2176 propter
452 2128 560 2176 'quam
576 2131 678 2164 citius
695 2132 868 2165 delebitur
884 2139 996 2166 totum
1014 2144 1072 2176 gc-

91 2197 158 2219 nus
182 2182 399 2221 humanum,
428 2189 461 2214 et
480 2179 642 2214 Christus
667 2193 701 2214 se
724 2182 835 2226 palam
861 2184 1019 2216 ostendet
1036 2185 1071 2216 in

92 2235 243 2275 iudicio,
271 2240 310 2267 ut
336 2233 466 2277 inquit:
495 2231 645 2276 Propter
669 2233 794 2266 electos
818 2233 891 2266 dies
916 2234 968 2266 illi
992 2236 1072 2267 bre-

91 2287 207 2319 viores
221 2291 336 2318 erunt.

195 2343 454 2378 Distribuemus
472 2342 578 2385 igitur
602 2339 784 2375 historiam
812 2342 849 2375 in
866 2348 935 2376 tres
953 2344 1073 2382 libros,

94 2398 191 2430 iuxta
206 2394 338 2428 dictum
355 2391 467 2428 Eliae.
518 2389 666 2425 Primi
688 2390 805 2425 libri
823 2394 976 2428 narratio
993 2395 1075 2428 bre-

94 2448 148 2480 vis
164 2452 233 2484 est,
259 2443 322 2476 etsi
338 2441 433 2476 haud
455 2443 562 2477 dubie
579 2450 659 2476 ante
680 2443 854 2476 diluvium
869 2443 964 2491 Deus
982 2445 1076 2478 mul-

96 2504 130 2532 ta
154 2494 306 2530 illustria
331 2493 528 2527 testimonia
551 2494 594 2527 de
619 2505 691 2526 sese
723 2493 875 2536 aedidit,
907 2494 956 2529 Et
980 2495 1075 2529 varia

96 2546 286 2581 certamina
321 2544 465 2577 suerunt
495 2543 671 2578 Ecclesiae
709 2552 740 2578 et
778 2544 987 2588 impiorum,
1030 2543 1077 2580 Et

96 2597 205 2631 multa
237 2594 469 2629 admiratione
501 2595 606 2638 digna
637 2596 673 2628 in
701 2594 842 2630 Artium
871 2596 1102 2630 inventione«

97 2647 287 2691 excogitata
311 2652 343 2679 et
369 2644 497 2679 tradita
518 2652 611 2680 sunt.
1098 2625 1104 2686 i

1125 282 1271 326 petitur,
1299 291 1332 318 et
1350 285 1515 328 alligatur
1530 287 1573 319 ad
1591 293 1720 321 certam
1743 289 1904 333 stirpem,
1933 297 1966 324 et
1982 289 2106 325 Eccle-

1124 333 1174 365 sia
1193 333 1422 377 distinguitur
1438 347 1457 368 a
1474 337 1616 370 caeteris
1632 339 1813 380 gentihus,
1841 347 1872 373 et
1894 341 1930 375 fit
1946 343 2106 385 promul—

1123 383 1215 425 gatio
1238 384 1344 427 legis,
1379 392 1411 418 et
1436 386 1628 420 collocatur
1644 387 1801 422 Ecclesia
1821 390 1857 422 in
1883 392 1963 424 sede
1985 399 2019 425 et
2041 404 2106 436 po-

1124 434 1200 466 litia
1215 443 1318 470 certa.
1366 433 1412 469 Et
1429 436 1466 468 in
1483 437 1518 469 id
1536 443 1674 479 tempus
1691 439 1853 473 incidunt
1869 439 2105 483 monarchiae,

1124 485 1161 517 in
1179 485 1308 528 quibus
1330 497 1476 528 magnae
1497 488 1709 521 mutationes
1724 491 1860 531 generis
1883 489 2031 524 humani
2048 505 2106 527 ac·

1124 535 1305 576 ciderunt,
1343 536 1467 579 dignae
1499 537 1792 572 consideratione.
1851 539 1902 574 Ac
1932 543 2104 585 praedixit

1122 584 1218 618 Deus
1235 587 1359 619 seriem
1379 593 1531 631 quatuor
1549 586 1852 630 monarchiarum,
1882 598 1920 624 ut
1936 592 2103 634 significet

1122 635 1274 669 Messiae
1315 637 1505 670 adventum
1530 644 1578 671 'et
1613 637 1720 671 finem
1751 641 1896 679 mundi,
1943 642 2103 677 videlicet

1123 683 1299 720 humanae
1325 687 1579 730 generationis,
1614 695 1647 722 et
1673 695 1812 733 tempus
1836 691 1954 724 ultimi
1972 692 2104 728 iudicii.

1124 735 1303 779 Intelligas
1339 744 1455 771 autem
1488 736 1809 772 monarchiam
1850 754 1922 774 non
1961 743 2104 787 quidem

1123 787 1339 830 complexam
1356 800 1478 821 omnes
1491 789 1651 832 regiones
1673 796 1706 823 et
1721 798 1858 832 gentes,
1883 793 1941 824 sed
1959 800 2104 833 tantam,

1123 849 1211 882 quae
1234 849 1396 881 magnam
1427 846 1561 882 partem
1592 840 1688 873 orbis
1710 847 1883 874 terrarum
1908 844 2037 882 tenuit,
2072 852 2106 879 et

1122 894 1254 921 tantam
1272 885 1395 922 habuit
1413 890 1626 932 potentiam,
1653 897 1693 923 ut
1710 899 1861 925 caeteros
1890 904 1986 936 reges
2009 906 2108 927 com-

1123 950 1260 981 pescere
1280 946 1404 982 posset.
1466 938 1549 972 Ideo
1574 941 1667 972 enim
1701 942 1815 975 voluit
1842 941 1938 976 Deus
1961 956 2106 978 monar-

1123 986 1218 1021 chias
1243 988 1430 1029 constitui,
1465 996 1504 1022 ut
1535 987 1697 1023 homines
1724 992 1876 1034 legibus,
1911 994 2050 1027 iudiciis
2073 1003 2105 1029 et

1123 1039 1308 1082 disciplina
1332 1046 1548 1082 regerentur.
2007 1052 2011 1055 ·

1224 1103 1301 1137 Iloc
1317 1111 1356 1138 ut
1371 1103 1472 1139 fieret
1488 1104 1582 1139 Deus
1599 1107 1696 1140 dedit
1717 1107 1944 1148 monarchas,
1974 1111 2107 1145 instru-

1123 1161 1194 1187 ctos
1210 1155 1384 1198 potentia,
1410 1156 1470 1200 qui
1490 1163 1521 1189 et
1539 1157 1631 1200 leges
1653 1155 1818 1192 honestas
1837 1162 2046 1203 conderent,
2073 1170 2106 1195 et

1123 1205 1252 1238 iudicia
1290 1217 1329 1238 ac
1359 1206 1582 1250 disciplinam
1613 1209 1720 1242 armis
1754 1210 1993 1246 defenderent.
2060 1210 2105 1246 Et

1122 1262 1233 1289 mutat
1257 1254 1352 1289 Deus
1378 1257 1543 1300 imperia,
1579 1270 1658 1292 cum
1683 1257 1767 1292 haec
1786 1259 1898 1293 officia
1918 1262 2105 1306 negligun—

1122 1313 1197 1346 tur,
1233 1313 1266 1339 et
1287 1305 1468 1351 Principes
1498 1308 1552 1340 vel
1581 1309 1648 1352 ipsi
1672 1309 1824 1350 faciunt,
1860 1312 1914 1343 vel
1939 1324 2011 1344 non
2036 1325 2104 1356 pu—

1122 1357 1247 1396 niunt,
1288 1357 1435 1390 iniustas
1467 1358 1605 1398 caedes,
1645 1359 1837 1392 libidinum
1868 1362 2104 1404 confusiones,

1122 1407 1353 1450 direptiones,
1388 1414 1420 1440 et
1446 1407 1513 1440 alia
1537 1409 1666 1442 atrocia
1692 1409 1830 1443 scelera.
1891 1410 1977 1446 Vult
2008 1414 2103 1446 enim

1121 1456 1233 1497 Deus,
1271 1457 1455 1500 politicum
1479 1458 1639 1491 ordinem
1672 1460 1913 1493 testimonium
1946 1474 2017 1496 esse
2061 1465 2104 1497 de

1122 1507 1362 1550 providentia,
1389 1514 1422 1540 et
1448 1508 1491 1540 de
1513 1508 1644 1541 iudicio
1667 1521 1749 1550 suo,
1774 1517 1808 1543 et
1822 1511 1898 1544 vult
1915 1509 1981 1545 hoc
1997 1514 2103 1547 modo

1121 1563 1301 1601 utcunque
1324 1557 1454 1590 servari
1481 1559 1678 1593 societatem
1698 1557 1904 1602 hominum,
1931 1563 2105 1607 coniugia,

1122 1607 1364 1651 disciplinam,
1397 1609 1593 1648 doctrinas,
1628 1617 1660 1644 et
1680 1610 1757 1644 vult
1779 1611 1924 1655 imperia
1950 1625 2021 1647 esse
2038 1612 2103 1647 ho-

1121 1657 1224 1701 spitIa
1240 1656 1427 1694 Ecclesiae.

1223 1722 1287 1757 Est
1314 1731 1344 1757 et
1372 1722 1440 1758 hoc
1471 1726 1648 1769 singulare
1676 1727 1962 1764 monarchiarum
1989 1734 2103 1775 decus,

1122 1775 1214 1819 quod
1241 1775 1349 1819 aliqui
1373 1783 1587 1819 praestantes
1606 1789 1701 1819 reges
1724 1779 1761 1811 in
1788 1792 1934 1814 numero
1959 1795 2103 1817 monar-

1122 1823 1267 1858 charum
1286 1827 1396 1858 vocati
1415 1834 1496 1860 sunt
1511 1828 1554 1859 ad
1575 1829 1647 1860 veri
1667 1829 1733 1862 Dei
1749 1831 1982 1874 agnitionem,
2009 1842 2040 1868 et
2060 1837 2102 1867 ad

1122 1876 1316 1908 ornandam
1328 1874 1533 1917 Ecclesiam,
1564 1885 1602 1911 ut
1626 1877 1966 1923 Nabuchodonosor,
1989 1883 2103 1928 Ephi-

1121 1926 1295 1966 merodas‚
1322 1924 1452 1959 Darius
1462 1926 1610 1968 Medus,
1627 1927 1753 1972 Cyrus,
1780 1930 1989 1966 Artaxerxes
2005 1934 2102 1968 Lou-

1122 1977 1300 2017 gimanus,
1335 1975 1608 2016 Constantinus,
1647 1976 1888 2021 Theodosius,
1917 1981 2102 2022 Arcadius.

1122 2026 1412 2066 Valentinianus,
1438 2026 1586 2060 Carolus
1604 2027 1768 2071 Magnus,
1796 2030 1997 2067 Ludovicus
2014 2036 2104 2079 pius,

1122 2076 1298 2110 Ilenricus
1314 2076 1424 2117 Saxo,
1451 2074 1540 2111 Otto
1557 2079 1712 2122 primus,
1742 2087 1781 2114 ut
1805 2082 1847 2115 de
1868 2085 2011 2118 caeteris
2029 2098 2102 2119 nou

1122 2127 1246 2163 dicam.

1225 2191 1394 2228 Ostendit
1412 2202 1526 2229 autem
1546 2197 1635 2229 liber
1654 2195 1830 2239 Danielis,
1856 2198 1968 2234 Deum
1991 2203 2103 2246 ipsum

1123 2252 1275 2290 quatuor
1312 2243 1534 2278 monarchias
1571 2259 1775 2288 numerare,
1824 2256 1857 2283 et
1891 2251 2103 2294 significare,

1123 2303 1267 2340 quartae
1310 2293 1536 2328 monarchiae
1582 2304 1739 2341 tempore
1780 2298 1945 2334 Messinm
1987 2305 2102 2346 palam

1123 2347 1405 2390 praedicaturum
1447 2357 1519 2378 esse
1555 2345 1788 2390 Evangelium
1824 2358 1858 2384 et
1897 2354 2103 2387 sacrificium

1122 2397 1316 2436 facturum,
1349 2397 1393 2429 ad
1429 2397 1522 2441 quod
1556 2397 1748 2432 mittendus
1783 2407 1875 2444 erat,
1911 2410 1944 2436 et
1976 2405 2104 2439 deinde

1123 2447 1229 2480 finem
1248 2447 1323 2479 sore
1340 2446 1575 2488 generationis
1593 2445 1798 2489 hominum,
1825 2458 1859 2485 et
1876 2462 2102 2498 sequuturam

1125 2509 1196 2531 esse
1221 2497 1520 2530 resuscitationem
1544 2495 1729 2532 hominum
1744 2508 1977 2540 mortuorum.
2032 2506 2104 2539 Yo-

1125 2548 1193 2582 luit
1215 2548 1308 2581 enim
1333 2546 1428 2580 Deus
1454 2547 1554 2589 sciri,
1583 2546 1673 2584 hanc
1697 2553 1959 2593 generationem
1989 2555 2104 2589 homi-

1127 2610 1212 2632 num
1231 2610 1302 2631 non
1321 2598 1394 2631 sore
1411 2605 1623 2642 perpetuam.
1678 2600 1802 2637 Voluit
1819 2604 1900 2638 item
1920 2607 1998 2639 sciri
2019 2613 2104 2638 tem-

1127 2660 1213 2694 pora
1238 2649 1421 2694 utriusque
1444 2650 1615 2685 adventus
1645 2646 1847 2688 Christi.
1907 2655 1958 2689 Ac
1981 2668 2104 2699 inagna

1507 2699 1582 2734 46·
