<?xml version="1.0" encoding="UTF-8"?>
<!DOCTYPE html PUBLIC "-//W3C//DTD XHTML 1.0 Transitional//EN"
    "http://www.w3.org/TR/xhtml1/DTD/xhtml1-transitional.dtd">
<html xmlns="http://www.w3.org/1999/xhtml" xml:lang="en" lang="en">
 <head>
  <title>
</title>
<meta http-equiv="Content-Type" content="text/html;charset=utf-8" />
  <meta name='ocr-system' content='tesseract 3.04.00' />
  <meta name='ocr-capabilities' content='ocr_page ocr_carea ocr_par ocr_line ocrx_word'/>
</head>
<body>
  <div class='ocr_page' id='page_1' title='image "./operaquaesupersu12melauoft/operaquaesupersu12melauoft_0181.png"; bbox 0 0 2324 2955; ppageno 0'>
   <div class='ocr_carea' id='block_1_1' title="bbox 87 123 161 161">
    <p class='ocr_par' dir='ltr' id='par_1_1' title="bbox 87 123 161 161">
     <span class='ocr_line' id='line_1_1' title="bbox 87 123 161 161; baseline -0.041 0"><span class='ocrx_word' id='word_1_1' title='bbox 87 123 161 161; x_wconf 79' lang='lat'>345</span> 
     </span>
    </p>
   </div>
   <div class='ocr_carea' id='block_1_2' title="bbox 598 114 1603 154">
    <p class='ocr_par' dir='ltr' id='par_1_2' title="bbox 598 114 1603 154">
     <span class='ocr_line' id='line_1_2' title="bbox 598 114 1603 154; baseline -0.002 0"><span class='ocrx_word' id='word_1_2' title='bbox 598 117 754 154; x_wconf 89' lang='lat' dir='ltr'>DECL.</span> <span class='ocrx_word' id='word_1_3' title='bbox 796 117 868 154; x_wconf 87' lang='lat' dir='ltr'>DE</span> <span class='ocrx_word' id='word_1_4' title='bbox 902 114 1081 152; x_wconf 92' lang='lat' dir='ltr'>DICTO</span> <span class='ocrx_word' id='word_1_5' title='bbox 1111 115 1287 151; x_wconf 72' lang='lat' dir='ltr'>PAULI</span> <span class='ocrx_word' id='word_1_6' title='bbox 1315 115 1512 151; x_wconf 88' lang='lat' dir='ltr'>EPHES.</span> <span class='ocrx_word' id='word_1_7' title='bbox 1541 114 1603 152; x_wconf 79' lang='lat' dir='ltr'>lv,</span> 
     </span>
    </p>
   </div>
   <div class='ocr_carea' id='block_1_3' title="bbox 2046 115 2118 151">
    <p class='ocr_par' dir='ltr' id='par_1_3' title="bbox 2046 115 2118 151">
     <span class='ocr_line' id='line_1_3' title="bbox 2046 115 2118 151; baseline 0.014 -1"><span class='ocrx_word' id='word_1_8' title='bbox 2046 115 2118 151; x_wconf 77' lang='lat'>346</span> 
     </span>
    </p>
   </div>
   <div class='ocr_carea' id='block_1_4' title="bbox 87 201 2116 251">
    <p class='ocr_par' dir='ltr' id='par_1_4' title="bbox 87 201 2116 251">
     <span class='ocr_line' id='line_1_4' title="bbox 87 201 2116 251; baseline -0.004 -8"><span class='ocrx_word' id='word_1_9' title='bbox 87 218 209 243; x_wconf 87' lang='lat' dir='ltr'>eorum</span> <span class='ocrx_word' id='word_1_10' title='bbox 231 205 396 247; x_wconf 87' lang='lat' dir='ltr'>vulnera,</span> <span class='ocrx_word' id='word_1_11' title='bbox 431 216 520 251; x_wconf 87' lang='lat' dir='ltr'>quae</span> <span class='ocrx_word' id='word_1_12' title='bbox 544 205 714 250; x_wconf 88' lang='lat' dir='ltr'>paulatim</span> <span class='ocrx_word' id='word_1_13' title='bbox 739 204 940 238; x_wconf 89' lang='lat' dir='ltr'>mitioribus</span> <span class='ocrx_word' id='word_1_14' title='bbox 965 215 1079 237; x_wconf 86' lang='lat' dir='ltr'>reme·</span> <span class='ocrx_word' id='word_1_15' title='bbox 1102 207 1107 232; x_wconf 87' lang='grc'>1</span> <span class='ocrx_word' id='word_1_16' title='bbox 1130 208 1245 246; x_wconf 86' lang='lat' dir='ltr'>partes</span> <span class='ocrx_word' id='word_1_17' title='bbox 1262 214 1335 235; x_wconf 92' lang='lat' dir='ltr'>non</span> <span class='ocrx_word' id='word_1_18' title='bbox 1353 214 1489 235; x_wconf 87' lang='lat' dir='ltr'>sumere</span> <span class='ocrx_word' id='word_1_19' title='bbox 1508 201 1612 235; x_wconf 91' lang='lat' dir='ltr'>nobis</span> <span class='ocrx_word' id='word_1_20' title='bbox 1630 201 1735 242; x_wconf 88' lang='lat' dir='ltr'>ultro,</span> <span class='ocrx_word' id='word_1_21' title='bbox 1762 201 1820 234; x_wconf 93' lang='lat' dir='ltr'>sed</span> <span class='ocrx_word' id='word_1_22' title='bbox 1837 201 1986 242; x_wconf 83' lang='lat' dir='ltr'>delatas,</span> <span class='ocrx_word' id='word_1_23' title='bbox 2013 208 2116 246; x_wconf 85' lang='lat' dir='ltr'>atque</span> 
     </span>
    </p>
   </div>
   <div class='ocr_carea' id='block_1_5' title="bbox 82 257 1077 1667">
    <p class='ocr_par' dir='ltr' id='par_1_5' title="bbox 86 257 464 302">
     <span class='ocr_line' id='line_1_5' title="bbox 86 257 464 302; baseline -0.003 -9"><span class='ocrx_word' id='word_1_24' title='bbox 86 259 155 293; x_wconf 85' lang='lat' dir='ltr'>diis</span> <span class='ocrx_word' id='word_1_25' title='bbox 169 257 287 292; x_wconf 87' lang='lat' dir='ltr'>sanari</span> <span class='ocrx_word' id='word_1_26' title='bbox 304 263 464 302; x_wconf 87' lang='lat' dir='ltr'><strong>possunt.</strong></span> 
     </span>
    </p>

    <p class='ocr_par' dir='ltr' id='par_1_6' title="bbox 82 306 1077 1667">
     <span class='ocr_line' id='line_1_6' title="bbox 186 306 1076 343; baseline -0.004 0"><span class='ocrx_word' id='word_1_27' title='bbox 186 308 240 343; x_wconf 94' lang='lat' dir='ltr'>De</span> <span class='ocrx_word' id='word_1_28' title='bbox 266 309 328 342; x_wconf 90' lang='lat' dir='ltr'>tali</span> <span class='ocrx_word' id='word_1_29' title='bbox 362 308 478 342; x_wconf 89' lang='lat' dir='ltr'>studio</span> <span class='ocrx_word' id='word_1_30' title='bbox 509 308 658 340; x_wconf 90' lang='lat' dir='ltr'>tuendae</span> <span class='ocrx_word' id='word_1_31' title='bbox 681 306 943 340; x_wconf 88' lang='lat' dir='ltr'>coniunctionis</span> <span class='ocrx_word' id='word_1_32' title='bbox 975 312 1008 340; x_wconf 89' lang='lat' dir='ltr'>et</span> <span class='ocrx_word' id='word_1_33' title='bbox 1033 306 1076 339; x_wconf 88' lang='lat' dir='ltr'>ad</span> 
     </span>
     <span class='ocr_line' id='line_1_7' title="bbox 86 356 1076 396; baseline -0.004 -2"><span class='ocrx_word' id='word_1_34' title='bbox 86 372 168 394; x_wconf 88' lang='lat' dir='ltr'>suos</span> <span class='ocrx_word' id='word_1_35' title='bbox 195 361 287 393; x_wconf 85' lang='lat' dir='ltr'>cives</span> <span class='ocrx_word' id='word_1_36' title='bbox 311 357 377 392; x_wconf 88' lang='lat' dir='ltr'>hoc</span> <span class='ocrx_word' id='word_1_37' title='bbox 404 359 510 391; x_wconf 91' lang='lat' dir='ltr'>modo</span> <span class='ocrx_word' id='word_1_38' title='bbox 537 359 658 392; x_wconf 86' lang='lat' dir='ltr'>scribit</span> <span class='ocrx_word' id='word_1_39' title='bbox 674 356 947 396; x_wconf 76' lang='lat' dir='ltr'><strong>Demosthenes,</strong></span> <span class='ocrx_word' id='word_1_40' title='bbox 978 357 1076 391; x_wconf 89' lang='lat' dir='ltr'>cuius</span> 
     </span>
     <span class='ocr_line' id='line_1_8' title="bbox 86 409 1075 454; baseline -0.003 -11"><span class='ocrx_word' id='word_1_41' title='bbox 86 412 192 445; x_wconf 86' lang='lat' dir='ltr'>verba</span> <span class='ocrx_word' id='word_1_42' title='bbox 216 410 368 443; x_wconf 86' lang='lat' dir='ltr'>libenter</span> <span class='ocrx_word' id='word_1_43' title='bbox 393 409 520 449; x_wconf 90' lang='lat' dir='ltr'>recito,</span> <span class='ocrx_word' id='word_1_44' title='bbox 554 410 636 454; x_wconf 87' lang='lat' dir='ltr'>quia</span> <span class='ocrx_word' id='word_1_45' title='bbox 662 410 802 453; x_wconf 86' lang='lat' dir='ltr'>prodest</span> <span class='ocrx_word' id='word_1_46' title='bbox 826 409 992 442; x_wconf 87' lang='lat' dir='ltr'>omnibus</span> <span class='ocrx_word' id='word_1_47' title='bbox 1011 421 1075 441; x_wconf 90' lang='lat' dir='ltr'>no-</span> 
     </span>
     <span class='ocr_line' id='line_1_9' title="bbox 87 456 1077 506; baseline -0.002 -11"><span class='ocrx_word' id='word_1_48' title='bbox 87 462 219 496; x_wconf 89' lang='lat' dir='ltr'>tissima</span> <span class='ocrx_word' id='word_1_49' title='bbox 245 472 334 493; x_wconf 88' lang='lat' dir='ltr'>esse:</span> <span class='ocrx_word' id='word_1_50' title='bbox 361 462 565 506; x_wconf 76' lang='grc' dir='ltr'><em>παρακαλῶ</em></span> <span class='ocrx_word' id='word_1_51' title='bbox 590 458 629 494; x_wconf 77' lang='grc' dir='ltr'>δὲ</span> <span class='ocrx_word' id='word_1_52' title='bbox 652 461 700 498; x_wconf 69' lang='grc' dir='ltr'>εἷς</span> <span class='ocrx_word' id='word_1_53' title='bbox 723 461 861 500; x_wconf 82' lang='grc' dir='ltr'><em>ταῦτα,</em></span> <span class='ocrx_word' id='word_1_54' title='bbox 892 459 934 493; x_wconf 82' lang='grc' dir='ltr'>οὐ</span> <span class='ocrx_word' id='word_1_55' title='bbox 952 456 1077 503; x_wconf 75' lang='grc' dir='ltr'><em>τυχών</em></span> 
     </span>
     <span class='ocr_line' id='line_1_10' title="bbox 86 508 1072 557; baseline -0.003 -11"><span class='ocrx_word' id='word_1_56' title='bbox 86 509 198 550; x_wconf 82' lang='grc' dir='ltr'><em>αὐτὸς</em></span> <span class='ocrx_word' id='word_1_57' title='bbox 218 508 390 556; x_wconf 71' lang='grc' dir='ltr'><em>τοιαύτης</em></span> <span class='ocrx_word' id='word_1_58' title='bbox 413 508 700 557; x_wconf 69' lang='grc' dir='ltr'>φιλανθρωπίας</span> <span class='ocrx_word' id='word_1_59' title='bbox 725 511 798 555; x_wconf 75' lang='grc' dir='ltr'>παῤ</span> <span class='ocrx_word' id='word_1_60' title='bbox 831 508 958 551; x_wconf 77' lang='grc' dir='ltr'><em>ἐνίων,</em></span> <span class='ocrx_word' id='word_1_61' title='bbox 996 508 1072 543; x_wconf 73' lang='grc' dir='ltr'>ἀλλ’</span> 
     </span>
     <span class='ocr_line' id='line_1_11' title="bbox 86 558 1076 607; baseline -0.004 -10"><span class='ocrx_word' id='word_1_62' title='bbox 86 560 225 601; x_wconf 74' lang='grc' dir='ltr'><strong><em>ἀδίκως</em></strong></span> <span class='ocrx_word' id='word_1_63' title='bbox 252 561 315 597; x_wconf 76' lang='grc' dir='ltr'>καὶ</span> <span class='ocrx_word' id='word_1_64' title='bbox 349 564 614 600; x_wconf 79' lang='grc' dir='ltr'><em>στασιαστικῶς</em></span> <span class='ocrx_word' id='word_1_65' title='bbox 643 562 691 599; x_wconf 71' lang='grc' dir='ltr'>εἷς</span> <span class='ocrx_word' id='word_1_66' title='bbox 715 559 782 606; x_wconf 71' lang='grc' dir='ltr'>τὴν</span> <span class='ocrx_word' id='word_1_67' title='bbox 810 560 944 607; x_wconf 68' lang='grc' dir='ltr'><em>ἑτέρων</em></span> <span class='ocrx_word' id='word_1_68' title='bbox 964 558 1076 605; x_wconf 79' lang='grc' dir='ltr'><em>χάριν</em></span> 
     </span>
     <span class='ocr_line' id='line_1_12' title="bbox 85 609 1075 659; baseline -0.004 -11"><span class='ocrx_word' id='word_1_69' title='bbox 85 611 308 659; x_wconf 78' lang='grc' dir='ltr'><em>προποθεὶς,</em></span> <span class='ocrx_word' id='word_1_70' title='bbox 336 611 415 647; x_wconf 77' lang='grc' dir='ltr'>ἀλλ’</span> <span class='ocrx_word' id='word_1_71' title='bbox 444 609 530 647; x_wconf 74' lang='grc' dir='ltr'><em>οὐδὲ</em></span> <span class='ocrx_word' id='word_1_72' title='bbox 555 610 622 656; x_wconf 61' lang='grc' dir='ltr'>τὴν</span> <span class='ocrx_word' id='word_1_73' title='bbox 641 610 744 646; x_wconf 71' lang='grc' dir='ltr'><em>ἰδίαν</em></span> <span class='ocrx_word' id='word_1_74' title='bbox 770 610 886 659; x_wconf 63' lang='grc' dir='ltr'><em>ὀργὴν</em></span> <span class='ocrx_word' id='word_1_75' title='bbox 913 611 1075 656; x_wconf 73' lang='grc' dir='ltr'><em>ἀναπλη-</em></span> 
     </span>
     <span class='ocr_line' id='line_1_13' title="bbox 86 660 1072 710; baseline -0.005 -11"><span class='ocrx_word' id='word_1_76' title='bbox 86 666 165 710; x_wconf 83' lang='grc' dir='ltr'><em>ρῶν</em></span> <span class='ocrx_word' id='word_1_77' title='bbox 197 662 238 698; x_wconf 84' lang='grc' dir='ltr'>τὸ</span> <span class='ocrx_word' id='word_1_78' title='bbox 273 666 378 708; x_wconf 78' lang='grc' dir='ltr'><em>κοινῆ</em></span> <span class='ocrx_word' id='word_1_79' title='bbox 412 661 605 708; x_wconf 71' lang='grc' dir='ltr'><em>συμφέρον</em></span> <span class='ocrx_word' id='word_1_80' title='bbox 636 660 738 706; x_wconf 78' lang='grc' dir='ltr'><em>οἶμαι</em></span> <span class='ocrx_word' id='word_1_81' title='bbox 770 661 850 697; x_wconf 60' lang='grc' dir='ltr'><em>δεῖν</em></span> <span class='ocrx_word' id='word_1_82' title='bbox 883 660 1072 708; x_wconf 72' lang='grc' dir='ltr'><em>βλάπτειν,</em></span> 
     </span>
     <span class='ocr_line' id='line_1_14' title="bbox 87 711 1070 762; baseline -0.004 -13"><span class='ocrx_word' id='word_1_83' title='bbox 87 714 171 749; x_wconf 79' lang='grc' dir='ltr'><em>οὔτε</em></span> <span class='ocrx_word' id='word_1_84' title='bbox 186 712 345 762; x_wconf 71' lang='grc' dir='ltr'><em>μίγνυμι</em></span> <span class='ocrx_word' id='word_1_85' title='bbox 366 711 431 752; x_wconf 73' lang='grc' dir='ltr'>τὰς</span> <span class='ocrx_word' id='word_1_86' title='bbox 449 712 546 752; x_wconf 76' lang='grc' dir='ltr'><em>ἰδίας</em></span> <span class='ocrx_word' id='word_1_87' title='bbox 569 713 708 759; x_wconf 68' lang='grc' dir='ltr'><em>ἔχθρα,-</em></span> <span class='ocrx_word' id='word_1_88' title='bbox 723 715 771 752; x_wconf 65' lang='lat' dir='ltr'>ei,-</span> <span class='ocrx_word' id='word_1_89' title='bbox 788 712 834 747; x_wconf 74' lang='grc' dir='ltr'>τὰ</span> <span class='ocrx_word' id='word_1_90' title='bbox 856 715 961 758; x_wconf 83' lang='grc' dir='ltr'><em>κοινῆ</em></span> <span class='ocrx_word' id='word_1_91' title='bbox 981 724 1070 756; x_wconf 79' lang='grc' dir='ltr'><em>συμ-</em></span> 
     </span>
     <span class='ocr_line' id='line_1_15' title="bbox 85 762 1073 812; baseline -0.003 -12"><span class='ocrx_word' id='word_1_92' title='bbox 85 764 249 812; x_wconf 76' lang='grc' dir='ltr'><em>φέροντα</em></span> <span class='ocrx_word' id='word_1_93' title='bbox 267 762 395 806; x_wconf 74' lang='grc' dir='ltr'><em>οὐδὲν,</em></span> <span class='ocrx_word' id='word_1_94' title='bbox 424 762 515 797; x_wconf 79' lang='grc' dir='ltr'><em>ἀλλὰ</em></span> <span class='ocrx_word' id='word_1_95' title='bbox 533 763 592 810; x_wconf 67' lang='grc' dir='ltr'>ἔφ’</span> <span class='ocrx_word' id='word_1_96' title='bbox 614 763 636 798; x_wconf 76' lang='grc' dir='ltr'><em>ἃ</em></span> <span class='ocrx_word' id='word_1_97' title='bbox 654 763 740 803; x_wconf 63' lang='grc' dir='ltr'>τοὺς</span> <span class='ocrx_word' id='word_1_98' title='bbox 758 764 890 803; x_wconf 76' lang='grc' dir='ltr'><em>ἄλλους</em></span> <span class='ocrx_word' id='word_1_99' title='bbox 905 776 1073 810; x_wconf 77' lang='grc' dir='ltr'><em>παρακα-</em></span> 
     </span>
     <span class='ocr_line' id='line_1_16' title="bbox 85 813 1074 861; baseline -0.003 -11"><span class='ocrx_word' id='word_1_100' title='bbox 85 818 138 850; x_wconf 81' lang='grc' dir='ltr'>λῶ</span> <span class='ocrx_word' id='word_1_101' title='bbox 146 842 158 858; x_wconf 88' lang='lat'><em>‚</em></span> <span class='ocrx_word' id='word_1_102' title='bbox 186 818 306 850; x_wconf 84' lang='grc' dir='ltr'><em>ταῦτα</em></span> <span class='ocrx_word' id='word_1_103' title='bbox 322 813 433 854; x_wconf 73' lang='grc' dir='ltr'><em>αὐτὸς</em></span> <span class='ocrx_word' id='word_1_104' title='bbox 449 816 571 859; x_wconf 80' lang='grc' dir='ltr'><em>οἴομαι</em></span> <span class='ocrx_word' id='word_1_105' title='bbox 586 813 665 850; x_wconf 69' lang='grc' dir='ltr'><em>δεῖν</em></span> <span class='ocrx_word' id='word_1_106' title='bbox 686 818 836 861; x_wconf 74' lang='grc' dir='ltr'><em>πρῶτον</em></span> <span class='ocrx_word' id='word_1_107' title='bbox 852 816 980 850; x_wconf 78' lang='grc' dir='ltr'><em>ποιεῖν.</em></span> <span class='ocrx_word' id='word_1_108' title='bbox 1034 814 1074 847; x_wconf 92' lang='lat' dir='ltr'>ld</span> 
     </span>
     <span class='ocr_line' id='line_1_17' title="bbox 84 865 1075 911; baseline -0.001 -11"><span class='ocrx_word' id='word_1_109' title='bbox 84 873 152 900; x_wconf 84' lang='lat' dir='ltr'>est:</span> <span class='ocrx_word' id='word_1_110' title='bbox 179 865 364 901; x_wconf 75' lang='lat' dir='ltr'>Adhortor</span> <span class='ocrx_word' id='word_1_111' title='bbox 379 867 466 900; x_wconf 86' lang='lat' dir='ltr'>alios</span> <span class='ocrx_word' id='word_1_112' title='bbox 483 868 526 899; x_wconf 93' lang='lat' dir='ltr'>ad</span> <span class='ocrx_word' id='word_1_113' title='bbox 544 868 752 911; x_wconf 83' lang='lat' dir='ltr'>deponenda</span> <span class='ocrx_word' id='word_1_114' title='bbox 768 867 868 910; x_wconf 85' lang='lat' dir='ltr'>odia,</span> <span class='ocrx_word' id='word_1_115' title='bbox 896 879 975 900; x_wconf 89' lang='lat' dir='ltr'>cum</span> <span class='ocrx_word' id='word_1_116' title='bbox 996 865 1075 910; x_wconf 91' lang='lat' dir='ltr'>qui-</span> 
     </span>
     <span class='ocr_line' id='line_1_18' title="bbox 84 916 1075 959; baseline -0.001 -9"><span class='ocrx_word' id='word_1_117' title='bbox 84 918 164 950; x_wconf 89' lang='lat' dir='ltr'>dem</span> <span class='ocrx_word' id='word_1_118' title='bbox 178 918 285 951; x_wconf 83' lang='lat' dir='ltr'>simili</span> <span class='ocrx_word' id='word_1_119' title='bbox 306 916 525 951; x_wconf 81' lang='lat' dir='ltr'>humanitate</span> <span class='ocrx_word' id='word_1_120' title='bbox 540 918 644 951; x_wconf 88' lang='lat' dir='ltr'>multi</span> <span class='ocrx_word' id='word_1_121' title='bbox 663 930 742 959; x_wconf 86' lang='lat' dir='ltr'>erga</span> <span class='ocrx_word' id='word_1_122' title='bbox 760 930 815 950; x_wconf 87' lang='lat' dir='ltr'>me</span> <span class='ocrx_word' id='word_1_123' title='bbox 834 930 906 951; x_wconf 90' lang='lat' dir='ltr'>non</span> <span class='ocrx_word' id='word_1_124' title='bbox 925 918 994 950; x_wconf 92' lang='lat' dir='ltr'>sint</span> <span class='ocrx_word' id='word_1_125' title='bbox 1011 916 1075 957; x_wconf 88' lang='lat' dir='ltr'>usi,</span> 
     </span>
     <span class='ocr_line' id='line_1_19' title="bbox 85 968 1076 1013; baseline -0.002 -12"><span class='ocrx_word' id='word_1_126' title='bbox 85 968 147 1013; x_wconf 89' lang='lat' dir='ltr'>qui</span> <span class='ocrx_word' id='word_1_127' title='bbox 171 980 226 1001; x_wconf 89' lang='lat' dir='ltr'>me</span> <span class='ocrx_word' id='word_1_128' title='bbox 252 969 382 1003; x_wconf 87' lang='lat' dir='ltr'>iniuste</span> <span class='ocrx_word' id='word_1_129' title='bbox 405 976 438 1003; x_wconf 86' lang='lat' dir='ltr'>et</span> <span class='ocrx_word' id='word_1_130' title='bbox 462 968 625 1001; x_wconf 74' lang='lat' dir='ltr'>seditiose</span> <span class='ocrx_word' id='word_1_131' title='bbox 649 968 804 1001; x_wconf 86' lang='lat' dir='ltr'>inimicis</span> <span class='ocrx_word' id='word_1_132' title='bbox 829 969 1076 1012; x_wconf 81' lang='lat' dir='ltr'>propinarunt,</span> 
     </span>
     <span class='ocr_line' id='line_1_20' title="bbox 85 1019 1075 1063; baseline 0.001 -12"><span class='ocrx_word' id='word_1_133' title='bbox 85 1019 145 1051; x_wconf 90' lang='lat' dir='ltr'>sed</span> <span class='ocrx_word' id='word_1_134' title='bbox 170 1019 289 1053; x_wconf 91' lang='lat' dir='ltr'>iudico</span> <span class='ocrx_word' id='word_1_135' title='bbox 305 1031 378 1052; x_wconf 91' lang='lat' dir='ltr'>non</span> <span class='ocrx_word' id='word_1_136' title='bbox 397 1019 604 1062; x_wconf 78' lang='lat' dir='ltr'>explendam</span> <span class='ocrx_word' id='word_1_137' title='bbox 621 1030 694 1052; x_wconf 89' lang='lat' dir='ltr'>esse</span> <span class='ocrx_word' id='word_1_138' title='bbox 710 1020 884 1052; x_wconf 84' lang='lat' dir='ltr'>vindictae</span> <span class='ocrx_word' id='word_1_139' title='bbox 900 1019 1075 1063; x_wconf 84' lang='lat' dir='ltr'>eupidita—</span> 
     </span>
     <span class='ocr_line' id='line_1_21' title="bbox 83 1069 1075 1114; baseline 0 -12"><span class='ocrx_word' id='word_1_140' title='bbox 83 1076 154 1102; x_wconf 86' lang='lat' dir='ltr'>tem</span> <span class='ocrx_word' id='word_1_141' title='bbox 177 1081 256 1102; x_wconf 91' lang='lat' dir='ltr'>cum</span> <span class='ocrx_word' id='word_1_142' title='bbox 281 1070 437 1114; x_wconf 86' lang='lat' dir='ltr'>pernicie</span> <span class='ocrx_word' id='word_1_143' title='bbox 458 1069 615 1113; x_wconf 87' lang='lat' dir='ltr'>publica,</span> <span class='ocrx_word' id='word_1_144' title='bbox 651 1082 714 1103; x_wconf 92' lang='lat' dir='ltr'>nec</span> <span class='ocrx_word' id='word_1_145' title='bbox 744 1071 878 1114; x_wconf 86' lang='lat' dir='ltr'>privata</span> <span class='ocrx_word' id='word_1_146' title='bbox 903 1070 984 1103; x_wconf 85' lang='lat' dir='ltr'>odia</span> <span class='ocrx_word' id='word_1_147' title='bbox 1008 1069 1075 1102; x_wconf 90' lang='lat' dir='ltr'>mi-</span> 
     </span>
     <span class='ocr_line' id='line_1_22' title="bbox 83 1121 1074 1165; baseline -0.001 -12"><span class='ocrx_word' id='word_1_148' title='bbox 83 1121 212 1153; x_wconf 86' lang='lat' dir='ltr'>scenda</span> <span class='ocrx_word' id='word_1_149' title='bbox 247 1132 320 1154; x_wconf 92' lang='lat' dir='ltr'>esse</span> <span class='ocrx_word' id='word_1_150' title='bbox 347 1121 502 1163; x_wconf 79' lang='lat' dir='ltr'>negociis</span> <span class='ocrx_word' id='word_1_151' title='bbox 533 1121 703 1164; x_wconf 86' lang='lat' dir='ltr'>publicis,</span> <span class='ocrx_word' id='word_1_152' title='bbox 743 1122 802 1154; x_wconf 85' lang='lat' dir='ltr'>sed</span> <span class='ocrx_word' id='word_1_153' title='bbox 833 1134 889 1154; x_wconf 86' lang='lat' dir='ltr'>me</span> <span class='ocrx_word' id='word_1_154' title='bbox 921 1122 1074 1165; x_wconf 85' lang='lat' dir='ltr'>primum</span> 
     </span>
     <span class='ocr_line' id='line_1_23' title="bbox 83 1167 1074 1216; baseline 0.001 -14"><span class='ocrx_word' id='word_1_155' title='bbox 83 1167 176 1203; x_wconf 84' lang='lat' dir='ltr'>hanc</span> <span class='ocrx_word' id='word_1_156' title='bbox 208 1172 506 1212; x_wconf 82' lang='lat' dir='ltr'>moderationem,</span> <span class='ocrx_word' id='word_1_157' title='bbox 547 1172 590 1204; x_wconf 89' lang='lat' dir='ltr'>ad</span> <span class='ocrx_word' id='word_1_158' title='bbox 627 1184 731 1216; x_wconf 89' lang='lat' dir='ltr'>quam</span> <span class='ocrx_word' id='word_1_159' title='bbox 770 1172 857 1205; x_wconf 89' lang='lat' dir='ltr'>alios</span> <span class='ocrx_word' id='word_1_160' title='bbox 892 1170 1074 1210; x_wconf 81' lang='lat' dir='ltr'>adhortor,</span> 
     </span>
     <span class='ocr_line' id='line_1_24' title="bbox 83 1221 1075 1265; baseline 0 -11"><span class='ocrx_word' id='word_1_161' title='bbox 83 1227 259 1265; x_wconf 88' lang='lat' dir='ltr'>praestare</span> <span class='ocrx_word' id='word_1_162' title='bbox 279 1223 419 1257; x_wconf 89' lang='lat' dir='ltr'>debere.</span> <span class='ocrx_word' id='word_1_163' title='bbox 474 1221 569 1255; x_wconf 86' lang='lat' dir='ltr'>Haec</span> <span class='ocrx_word' id='word_1_164' title='bbox 595 1222 654 1255; x_wconf 84' lang='lat' dir='ltr'>ille</span> <span class='ocrx_word' id='word_1_165' title='bbox 676 1223 812 1256; x_wconf 80' lang='lat' dir='ltr'>civibus</span> <span class='ocrx_word' id='word_1_166' title='bbox 838 1222 964 1256; x_wconf 84' lang='lat' dir='ltr'>Atticis</span> <span class='ocrx_word' id='word_1_167' title='bbox 991 1234 1075 1255; x_wconf 91' lang='lat' dir='ltr'>con-</span> 
     </span>
     <span class='ocr_line' id='line_1_25' title="bbox 83 1272 1076 1316; baseline -0.002 -11"><span class='ocrx_word' id='word_1_168' title='bbox 83 1272 304 1308; x_wconf 88' lang='lat' dir='ltr'>cionabatur.</span> <span class='ocrx_word' id='word_1_169' title='bbox 358 1272 503 1315; x_wconf 84' lang='lat' dir='ltr'>Quanto</span> <span class='ocrx_word' id='word_1_170' title='bbox 521 1273 598 1316; x_wconf 92' lang='lat' dir='ltr'>plus</span> <span class='ocrx_word' id='word_1_171' title='bbox 616 1280 665 1306; x_wconf 91' lang='lat' dir='ltr'>est</span> <span class='ocrx_word' id='word_1_172' title='bbox 683 1284 754 1305; x_wconf 90' lang='lat' dir='ltr'>esse</span> <span class='ocrx_word' id='word_1_173' title='bbox 763 1272 938 1306; x_wconf 87' lang='lat' dir='ltr'>Ecclesiae</span> <span class='ocrx_word' id='word_1_174' title='bbox 955 1273 1076 1311; x_wconf 77' lang='lat' dir='ltr'>civem,</span> 
     </span>
     <span class='ocr_line' id='line_1_26' title="bbox 85 1321 1075 1366; baseline -0.001 -12"><span class='ocrx_word' id='word_1_175' title='bbox 85 1322 123 1354; x_wconf 90' lang='lat' dir='ltr'>in</span> <span class='ocrx_word' id='word_1_176' title='bbox 139 1335 208 1366; x_wconf 84' lang='lat' dir='ltr'>qua</span> <span class='ocrx_word' id='word_1_177' title='bbox 225 1324 318 1355; x_wconf 86' lang='lat' dir='ltr'>filius</span> <span class='ocrx_word' id='word_1_178' title='bbox 332 1322 400 1355; x_wconf 85' lang='lat' dir='ltr'>Dei</span> <span class='ocrx_word' id='word_1_179' title='bbox 419 1323 636 1355; x_wconf 88' lang='lat' dir='ltr'>severissime</span> <span class='ocrx_word' id='word_1_180' title='bbox 662 1321 729 1354; x_wconf 88' lang='lat' dir='ltr'>hoc</span> <span class='ocrx_word' id='word_1_181' title='bbox 751 1324 956 1355; x_wconf 87' lang='lat' dir='ltr'>mandatum</span> <span class='ocrx_word' id='word_1_182' title='bbox 976 1335 1075 1366; x_wconf 86' lang='lat' dir='ltr'>prae-</span> 
     </span>
     <span class='ocr_line' id='line_1_27' title="bbox 84 1370 1076 1416; baseline 0 -12"><span class='ocrx_word' id='word_1_183' title='bbox 84 1372 185 1416; x_wconf 85' lang='lat' dir='ltr'>cipit:</span> <span class='ocrx_word' id='word_1_184' title='bbox 220 1371 353 1406; x_wconf 85' lang='lat' dir='ltr'>Discite</span> <span class='ocrx_word' id='word_1_185' title='bbox 379 1384 397 1405; x_wconf 87' lang='lat' dir='ltr'>a</span> <span class='ocrx_word' id='word_1_186' title='bbox 419 1385 492 1412; x_wconf 90' lang='lat' dir='ltr'>me,</span> <span class='ocrx_word' id='word_1_187' title='bbox 520 1372 601 1416; x_wconf 90' lang='lat' dir='ltr'>quia</span> <span class='ocrx_word' id='word_1_188' title='bbox 626 1372 721 1405; x_wconf 87' lang='lat' dir='ltr'>mitis</span> <span class='ocrx_word' id='word_1_189' title='bbox 746 1384 842 1413; x_wconf 87' lang='lat' dir='ltr'>sum,</span> <span class='ocrx_word' id='word_1_190' title='bbox 877 1380 909 1405; x_wconf 86' lang='lat' dir='ltr'>et</span> <span class='ocrx_word' id='word_1_191' title='bbox 931 1370 1076 1405; x_wconf 86' lang='lat' dir='ltr'>humilis</span> 
     </span>
     <span class='ocr_line' id='line_1_28' title="bbox 84 1422 1075 1466; baseline -0.001 -11"><span class='ocrx_word' id='word_1_192' title='bbox 84 1423 201 1455; x_wconf 88' lang='lat' dir='ltr'>corde.</span> <span class='ocrx_word' id='word_1_193' title='bbox 254 1422 328 1455; x_wconf 84' lang='lat' dir='ltr'>Has</span> <span class='ocrx_word' id='word_1_194' title='bbox 350 1423 704 1455; x_wconf 84' lang='lat' dir='ltr'>commonefactiones</span> <span class='ocrx_word' id='word_1_195' title='bbox 732 1435 809 1455; x_wconf 90' lang='lat' dir='ltr'>cum</span> <span class='ocrx_word' id='word_1_196' title='bbox 831 1435 932 1466; x_wconf 80' lang='lat' dir='ltr'>saepe</span> <span class='ocrx_word' id='word_1_197' title='bbox 951 1423 1075 1455; x_wconf 84' lang='lat' dir='ltr'>andia-</span> 
     </span>
     <span class='ocr_line' id='line_1_29' title="bbox 83 1472 1076 1515; baseline -0.002 -10"><span class='ocrx_word' id='word_1_198' title='bbox 83 1472 146 1511; x_wconf 79' lang='lat' dir='ltr'>tis,</span> <span class='ocrx_word' id='word_1_199' title='bbox 174 1477 207 1504; x_wconf 82' lang='lat' dir='ltr'>et</span> <span class='ocrx_word' id='word_1_200' title='bbox 232 1472 388 1515; x_wconf 83' lang='lat' dir='ltr'>exempla</span> <span class='ocrx_word' id='word_1_201' title='bbox 417 1479 535 1505; x_wconf 86' lang='lat' dir='ltr'>nostra</span> <span class='ocrx_word' id='word_1_202' title='bbox 562 1472 811 1504; x_wconf 86' lang='lat' dir='ltr'>intolerandis</span> <span class='ocrx_word' id='word_1_203' title='bbox 834 1472 975 1504; x_wconf 86' lang='lat' dir='ltr'>iniuriis</span> <span class='ocrx_word' id='word_1_204' title='bbox 992 1484 1076 1503; x_wconf 91' lang='lat' dir='ltr'>con-</span> 
     </span>
     <span class='ocr_line' id='line_1_30' title="bbox 83 1519 1075 1566; baseline -0.002 -11"><span class='ocrx_word' id='word_1_205' title='bbox 83 1521 294 1566; x_wconf 88' lang='lat' dir='ltr'>spiciantur,</span> <span class='ocrx_word' id='word_1_206' title='bbox 320 1522 365 1555; x_wconf 88' lang='lat' dir='ltr'>sit</span> <span class='ocrx_word' id='word_1_207' title='bbox 379 1519 463 1555; x_wconf 87' lang='lat' dir='ltr'>haec</span> <span class='ocrx_word' id='word_1_208' title='bbox 483 1521 595 1555; x_wconf 88' lang='lat' dir='ltr'>oratio</span> <span class='ocrx_word' id='word_1_209' title='bbox 616 1522 767 1554; x_wconf 77' lang='lat' dir='ltr'>brevior.</span> <span class='ocrx_word' id='word_1_210' title='bbox 815 1521 945 1554; x_wconf 85' lang='lat' dir='ltr'>Precor</span> <span class='ocrx_word' id='word_1_211' title='bbox 960 1528 1075 1554; x_wconf 82' lang='lat' dir='ltr'>autem</span> 
     </span>
     <span class='ocr_line' id='line_1_31' title="bbox 83 1570 1074 1617; baseline -0.003 -11"><span class='ocrx_word' id='word_1_212' title='bbox 83 1579 158 1606; x_wconf 91' lang='lat' dir='ltr'>toto</span> <span class='ocrx_word' id='word_1_213' title='bbox 181 1579 320 1617; x_wconf 89' lang='lat' dir='ltr'>pectore</span> <span class='ocrx_word' id='word_1_214' title='bbox 343 1572 455 1606; x_wconf 89' lang='lat' dir='ltr'>filium</span> <span class='ocrx_word' id='word_1_215' title='bbox 476 1572 540 1606; x_wconf 92' lang='lat' dir='ltr'>Dei</span> <span class='ocrx_word' id='word_1_216' title='bbox 556 1570 752 1605; x_wconf 89' lang='lat' dir='ltr'>Dominum</span> <span class='ocrx_word' id='word_1_217' title='bbox 775 1578 936 1605; x_wconf 85' lang='lat' dir='ltr'>nostrum</span> <span class='ocrx_word' id='word_1_218' title='bbox 960 1571 1074 1604; x_wconf 87' lang='lat' dir='ltr'>Iesum</span> 
     </span>
     <span class='ocr_line' id='line_1_32' title="bbox 82 1620 1075 1667; baseline -0.003 -9"><span class='ocrx_word' id='word_1_219' title='bbox 82 1620 286 1663; x_wconf 84' lang='lat' dir='ltr'>Christum,</span> <span class='ocrx_word' id='word_1_220' title='bbox 313 1630 353 1657; x_wconf 90' lang='lat' dir='ltr'>ut</span> <span class='ocrx_word' id='word_1_221' title='bbox 376 1623 519 1664; x_wconf 87' lang='lat' dir='ltr'>efficiat,</span> <span class='ocrx_word' id='word_1_222' title='bbox 547 1629 586 1656; x_wconf 90' lang='lat' dir='ltr'>ut</span> <span class='ocrx_word' id='word_1_223' title='bbox 606 1635 746 1663; x_wconf 88' lang='lat' dir='ltr'>ornnes,</span> <span class='ocrx_word' id='word_1_224' title='bbox 773 1623 833 1667; x_wconf 89' lang='lat' dir='ltr'>qui</span> <span class='ocrx_word' id='word_1_225' title='bbox 853 1623 889 1655; x_wconf 91' lang='lat' dir='ltr'>in</span> <span class='ocrx_word' id='word_1_226' title='bbox 909 1621 1075 1656; x_wconf 87' lang='lat' dir='ltr'>Ecclesiis</span> 
     </span>
    </p>
   </div>
   <div class='ocr_carea' id='block_1_6' title="bbox 390 1779 1023 1783">
    <p class='ocr_par' dir='ltr' id='par_1_7' title="bbox 390 1779 1023 1783">
     <span class='ocr_line' id='line_1_33' title="bbox 390 1779 1023 1783; baseline 0 0"><span class='ocrx_word' id='word_1_227' title='bbox 390 1779 1023 1783; x_wconf 95' lang='lat' dir='ltr'> </span> 
     </span>
    </p>
   </div>
   <div class='ocr_carea' id='block_1_7' title="bbox 78 1672 1063 1912">
    <p class='ocr_par' dir='ltr' id='par_1_8' title="bbox 78 1672 1063 1912">
     <span class='ocr_line' id='line_1_34' title="bbox 83 1672 911 1718; baseline 0.001 -11"><span class='ocrx_word' id='word_1_228' title='bbox 83 1674 213 1708; x_wconf 89' lang='lat' dir='ltr'>nostris</span> <span class='ocrx_word' id='word_1_229' title='bbox 228 1675 374 1716; x_wconf 85' lang='lat' dir='ltr'>docent,</span> <span class='ocrx_word' id='word_1_230' title='bbox 400 1686 512 1708; x_wconf 88' lang='lat' dir='ltr'>unum</span> <span class='ocrx_word' id='word_1_231' title='bbox 529 1673 598 1707; x_wconf 92' lang='lat' dir='ltr'>sint</span> <span class='ocrx_word' id='word_1_232' title='bbox 615 1674 652 1706; x_wconf 88' lang='lat' dir='ltr'>in</span> <span class='ocrx_word' id='word_1_233' title='bbox 672 1674 759 1718; x_wconf 87' lang='lat' dir='ltr'>ipso.</span> <span class='ocrx_word' id='word_1_234' title='bbox 814 1672 911 1708; x_wconf 81' lang='lat' dir='ltr'>Dixi.</span> 
     </span>
     <span class='ocr_line' id='line_1_35' title="bbox 78 1849 1061 1886; baseline -0.003 -2"><span class='ocrx_word' id='word_1_235' title='bbox 78 1850 147 1886; x_wconf 71' lang='grc' dir='ltr'><strong>-ΝΟ,</strong></span> <span class='ocrx_word' id='word_1_236' title='bbox 167 1849 251 1885; x_wconf 80' lang='lat'>174.</span> <span class='ocrx_word' id='word_1_237' title='bbox 900 1864 949 1882; x_wconf 75' lang='lat' dir='ltr'>au.</span> <span class='ocrx_word' id='word_1_238' title='bbox 970 1854 1061 1882; x_wconf 73' lang='grc'>1559,</span> 
     </span>
     <span class='ocr_line' id='line_1_36' title="bbox 87 1897 1063 1912; baseline -0.003 0"><span class='ocrx_word' id='word_1_239' title='bbox 87 1897 259 1912; x_wconf 55' lang='lat' dir='ltr'><em>w</em></span> <span class='ocrx_word' id='word_1_240' title='bbox 893 1897 1063 1909; x_wconf 58' lang='grc' dir='ltr'>Μ</span> 
     </span>
    </p>
   </div>
   <div class='ocr_carea' id='block_1_8' title="bbox 225 1949 931 2004">
    <p class='ocr_par' dir='ltr' id='par_1_9' title="bbox 225 1949 931 2004">
     <span class='ocr_line' id='line_1_37' title="bbox 225 1949 931 2004; baseline -0.004 -12"><span class='ocrx_word' id='word_1_241' title='bbox 225 1950 300 1992; x_wconf 83' lang='lat' dir='ltr'>De</span> <span class='ocrx_word' id='word_1_242' title='bbox 330 1950 451 1991; x_wconf 80' lang='lat' dir='ltr'>dicto</span> <span class='ocrx_word' id='word_1_243' title='bbox 483 1949 625 1990; x_wconf 74' lang='lat' dir='ltr'>Pauli</span> <span class='ocrx_word' id='word_1_244' title='bbox 651 1949 817 2004; x_wconf 76' lang='lat' dir='ltr'>Ephes.</span> <span class='ocrx_word' id='word_1_245' title='bbox 850 1949 931 1989; x_wconf 64' lang='grc'>112</span> 
     </span>
    </p>
   </div>
   <div class='ocr_carea' id='block_1_9' title="bbox 151 2030 1074 2100">
    <p class='ocr_par' dir='ltr' id='par_1_10' title="bbox 151 2030 1074 2100">
     <span class='ocr_line' id='line_1_38' title="bbox 151 2030 1074 2065; baseline 0 -9"><span class='ocrx_word' id='word_1_246' title='bbox 151 2030 184 2056; x_wconf 84' lang='lat' dir='ltr'>In</span> <span class='ocrx_word' id='word_1_247' title='bbox 203 2030 281 2056; x_wconf 80' lang='lat' dir='ltr'>Orat.</span> <span class='ocrx_word' id='word_1_248' title='bbox 298 2030 331 2057; x_wconf 84' lang='lat' dir='ltr'>T.</span> <span class='ocrx_word' id='word_1_249' title='bbox 343 2031 375 2056; x_wconf 93' lang='lat' dir='ltr'>V.</span> <span class='ocrx_word' id='word_1_250' title='bbox 391 2039 416 2064; x_wconf 86' lang='lat' dir='ltr'>p.</span> <span class='ocrx_word' id='word_1_251' title='bbox 428 2030 475 2055; x_wconf 86' lang='lat'>165</span> <span class='ocrx_word' id='word_1_252' title='bbox 485 2040 557 2064; x_wconf 81' lang='lat' dir='ltr'>sqq.,</span> <span class='ocrx_word' id='word_1_253' title='bbox 578 2031 605 2055; x_wconf 92' lang='lat' dir='ltr'>iu</span> <span class='ocrx_word' id='word_1_254' title='bbox 620 2030 798 2056; x_wconf 69' lang='lat' dir='ltr'>Orationibus</span> <span class='ocrx_word' id='word_1_255' title='bbox 818 2030 960 2065; x_wconf 73' lang='lat' dir='ltr'>postremis</span> <span class='ocrx_word' id='word_1_256' title='bbox 974 2040 998 2063; x_wconf 88' lang='lat' dir='ltr'>p.</span> <span class='ocrx_word' id='word_1_257' title='bbox 1017 2030 1074 2056; x_wconf 82' lang='lat'>176.</span> 
     </span>
     <span class='ocr_line' id='line_1_39' title="bbox 183 2065 680 2100; baseline 0.006 -11"><span class='ocrx_word' id='word_1_258' title='bbox 183 2070 209 2090; x_wconf 84' lang='lat' dir='ltr'>et</span> <span class='ocrx_word' id='word_1_259' title='bbox 235 2065 305 2099; x_wconf 83' lang='lat' dir='ltr'>apud</span> <span class='ocrx_word' id='word_1_260' title='bbox 325 2065 453 2092; x_wconf 77' lang='lat' dir='ltr'>Richard.</span> <span class='ocrx_word' id='word_1_261' title='bbox 471 2065 502 2091; x_wconf 79' lang='grc' dir='ltr'>Τ.</span> <span class='ocrx_word' id='word_1_262' title='bbox 517 2065 562 2091; x_wconf 78' lang='lat' dir='ltr'>tlt.</span> <span class='ocrx_word' id='word_1_263' title='bbox 582 2075 607 2100; x_wconf 78' lang='lat' dir='ltr'>p.</span> <span class='ocrx_word' id='word_1_264' title='bbox 620 2066 680 2092; x_wconf 80' lang='lat'>487.</span> 
     </span>
    </p>
   </div>
   <div class='ocr_carea' id='block_1_10' title="bbox 82 2152 1074 2250">
    <p class='ocr_par' dir='ltr' id='par_1_11' title="bbox 82 2152 1074 2250">
     <span class='ocr_line' id='line_1_40' title="bbox 83 2152 1074 2199; baseline 0 -11"><span class='ocrx_word' id='word_1_265' title='bbox 83 2153 328 2189; x_wconf 78' lang='lat' dir='ltr'>oratiuncula</span> <span class='ocrx_word' id='word_1_266' title='bbox 364 2152 411 2187; x_wconf 84' lang='lat' dir='ltr'>de</span> <span class='ocrx_word' id='word_1_267' title='bbox 446 2152 538 2188; x_wconf 72' lang='lat' dir='ltr'>dicei</span> <span class='ocrx_word' id='word_1_268' title='bbox 564 2155 673 2189; x_wconf 78' lang='lat' dir='ltr'>Pauli</span> <span class='ocrx_word' id='word_1_269' title='bbox 699 2154 834 2199; x_wconf 79' lang='lat' dir='ltr'>Ephes.</span> <span class='ocrx_word' id='word_1_270' title='bbox 862 2156 934 2194; x_wconf 82' lang='lat' dir='ltr'>W,</span> <span class='ocrx_word' id='word_1_271' title='bbox 976 2156 1074 2189; x_wconf 77' lang='lat' dir='ltr'>reci-</span> 
     </span>
     <span class='ocr_line' id='line_1_41' title="bbox 82 2202 1072 2250; baseline 0 -10"><span class='ocrx_word' id='word_1_272' title='bbox 82 2209 170 2248; x_wconf 69' lang='lat' dir='ltr'>tata</span> <span class='ocrx_word' id='word_1_273' title='bbox 197 2203 248 2250; x_wconf 88' lang='lat' dir='ltr'>(d.</span> <span class='ocrx_word' id='word_1_274' title='bbox 269 2202 445 2239; x_wconf 79' lang='lat' dir='ltr'>7.Decbr.</span> <span class='ocrx_word' id='word_1_275' title='bbox 472 2204 598 2250; x_wconf 85' lang='lat'>1559.)</span> <span class='ocrx_word' id='word_1_276' title='bbox 625 2217 647 2239; x_wconf 87' lang='lat' dir='ltr'>a</span> <span class='ocrx_word' id='word_1_277' title='bbox 671 2207 720 2240; x_wconf 89' lang='lat' dir='ltr'>D.</span> <span class='ocrx_word' id='word_1_278' title='bbox 746 2207 890 2241; x_wconf 79' lang='lat' dir='ltr'>Paulo</span> <span class='ocrx_word' id='word_1_279' title='bbox 919 2205 1072 2240; x_wconf 80' lang='lat' dir='ltr'>Ebero.</span> 
     </span>
    </p>
   </div>
   <div class='ocr_carea' id='block_1_11' title="bbox 82 2274 1073 2682">
    <p class='ocr_par' dir='ltr' id='par_1_12' title="bbox 82 2274 1073 2682">
     <span class='ocr_line' id='line_1_42' title="bbox 84 2274 1071 2325; baseline 0 -12"><span class='ocrx_word' id='word_1_280' title='bbox 84 2274 268 2324; x_wconf 81' lang='lat' dir='ltr'>Quoniam</span> <span class='ocrx_word' id='word_1_281' title='bbox 292 2279 456 2313; x_wconf 81' lang='lat' dir='ltr'>iubemur</span> <span class='ocrx_word' id='word_1_282' title='bbox 478 2280 612 2325; x_wconf 83' lang='lat' dir='ltr'>aliquid</span> <span class='ocrx_word' id='word_1_283' title='bbox 638 2277 707 2313; x_wconf 90' lang='lat' dir='ltr'>hoc</span> <span class='ocrx_word' id='word_1_284' title='bbox 739 2281 813 2314; x_wconf 93' lang='lat' dir='ltr'>loco</span> <span class='ocrx_word' id='word_1_285' title='bbox 837 2281 974 2321; x_wconf 85' lang='lat' dir='ltr'>dicere,</span> <span class='ocrx_word' id='word_1_286' title='bbox 1009 2281 1071 2314; x_wconf 86' lang='lat' dir='ltr'>etsi</span> 
     </span>
     <span class='ocr_line' id='line_1_43' title="bbox 84 2328 1072 2375; baseline 0.001 -12"><span class='ocrx_word' id='word_1_287' title='bbox 84 2342 148 2364; x_wconf 87' lang='lat' dir='ltr'>nos</span> <span class='ocrx_word' id='word_1_288' title='bbox 171 2328 229 2363; x_wconf 87' lang='lat' dir='ltr'>hic</span> <span class='ocrx_word' id='word_1_289' title='bbox 253 2330 432 2364; x_wconf 84' lang='lat' dir='ltr'>consessus</span> <span class='ocrx_word' id='word_1_290' title='bbox 458 2331 758 2375; x_wconf 87' lang='lat' dir='ltr'>amplissimorum</span> <span class='ocrx_word' id='word_1_291' title='bbox 794 2339 827 2366; x_wconf 91' lang='lat' dir='ltr'>et</span> <span class='ocrx_word' id='word_1_292' title='bbox 850 2332 1072 2365; x_wconf 87' lang='lat' dir='ltr'>doctissimo-</span> 
     </span>
     <span class='ocr_line' id='line_1_44' title="bbox 84 2381 1073 2423; baseline -0.001 -7"><span class='ocrx_word' id='word_1_293' title='bbox 84 2393 162 2416; x_wconf 85' lang='lat' dir='ltr'>rum</span> <span class='ocrx_word' id='word_1_294' title='bbox 179 2381 338 2414; x_wconf 89' lang='lat' dir='ltr'>virorum</span> <span class='ocrx_word' id='word_1_295' title='bbox 352 2382 396 2414; x_wconf 87' lang='lat' dir='ltr'>ad</span> <span class='ocrx_word' id='word_1_296' title='bbox 413 2382 604 2415; x_wconf 90' lang='lat' dir='ltr'>dicendum</span> <span class='ocrx_word' id='word_1_297' title='bbox 620 2382 815 2416; x_wconf 84' lang='lat' dir='ltr'>timidiores</span> <span class='ocrx_word' id='word_1_298' title='bbox 831 2384 965 2423; x_wconf 82' lang='lat' dir='ltr'>reddit,</span> <span class='ocrx_word' id='word_1_299' title='bbox 987 2395 1073 2416; x_wconf 80' lang='lat' dir='ltr'>con-</span> 
     </span>
     <span class='ocr_line' id='line_1_45' title="bbox 83 2431 1072 2478; baseline 0.001 -12"><span class='ocrx_word' id='word_1_300' title='bbox 83 2433 173 2466; x_wconf 87' lang='lat' dir='ltr'>scios</span> <span class='ocrx_word' id='word_1_301' title='bbox 198 2431 302 2464; x_wconf 82' lang='lat' dir='ltr'>nobis</span> <span class='ocrx_word' id='word_1_302' title='bbox 327 2431 496 2467; x_wconf 86' lang='lat' dir='ltr'>infantiae</span> <span class='ocrx_word' id='word_1_303' title='bbox 518 2440 677 2473; x_wconf 86' lang='lat' dir='ltr'>nostrae,</span> <span class='ocrx_word' id='word_1_304' title='bbox 713 2445 802 2478; x_wconf 87' lang='lat' dir='ltr'>quae</span> <span class='ocrx_word' id='word_1_305' title='bbox 826 2431 915 2466; x_wconf 86' lang='lat' dir='ltr'>nihil</span> <span class='ocrx_word' id='word_1_306' title='bbox 935 2435 1072 2467; x_wconf 83' lang='lat' dir='ltr'>adferre</span> 
     </span>
     <span class='ocr_line' id='line_1_46' title="bbox 85 2483 1072 2530; baseline 0 -13"><span class='ocrx_word' id='word_1_307' title='bbox 85 2489 196 2528; x_wconf 81' lang='lat' dir='ltr'>potest</span> <span class='ocrx_word' id='word_1_308' title='bbox 212 2483 358 2525; x_wconf 82' lang='lat' dir='ltr'>dignum</span> <span class='ocrx_word' id='word_1_309' title='bbox 375 2484 498 2517; x_wconf 84' lang='lat' dir='ltr'>talium</span> <span class='ocrx_word' id='word_1_310' title='bbox 516 2485 717 2518; x_wconf 88' lang='lat' dir='ltr'>auditorum</span> <span class='ocrx_word' id='word_1_311' title='bbox 736 2484 925 2530; x_wconf 73' lang='lat' dir='ltr'>sapientia,</span> <span class='ocrx_word' id='word_1_312' title='bbox 951 2485 1072 2517; x_wconf 89' lang='lat' dir='ltr'>erudi-</span> 
     </span>
     <span class='ocr_line' id='line_1_47' title="bbox 84 2533 1071 2569; baseline 0.002 -2"><span class='ocrx_word' id='word_1_313' title='bbox 84 2534 182 2568; x_wconf 84' lang='lat' dir='ltr'>tione</span> <span class='ocrx_word' id='word_1_314' title='bbox 199 2540 232 2567; x_wconf 86' lang='lat' dir='ltr'>et</span> <span class='ocrx_word' id='word_1_315' title='bbox 249 2533 380 2567; x_wconf 87' lang='lat' dir='ltr'>iudicio</span> <span class='ocrx_word' id='word_1_316' title='bbox 396 2536 602 2569; x_wconf 78' lang='lat' dir='ltr'>confirmato</span> <span class='ocrx_word' id='word_1_317' title='bbox 620 2536 851 2568; x_wconf 83' lang='lat' dir='ltr'>maximarum</span> <span class='ocrx_word' id='word_1_318' title='bbox 873 2547 988 2568; x_wconf 85' lang='lat' dir='ltr'>rerum</span> <span class='ocrx_word' id='word_1_319' title='bbox 1008 2547 1071 2569; x_wconf 92' lang='lat' dir='ltr'>usu</span> 
     </span>
     <span class='ocr_line' id='line_1_48' title="bbox 84 2584 1070 2630; baseline 0.001 -12"><span class='ocrx_word' id='word_1_320' title='bbox 84 2592 117 2619; x_wconf 86' lang='lat' dir='ltr'>et</span> <span class='ocrx_word' id='word_1_321' title='bbox 135 2584 365 2628; x_wconf 82' lang='lat' dir='ltr'>experientia:</span> <span class='ocrx_word' id='word_1_322' title='bbox 395 2591 510 2619; x_wconf 86' lang='lat' dir='ltr'>tamen</span> <span class='ocrx_word' id='word_1_323' title='bbox 535 2598 657 2620; x_wconf 89' lang='lat' dir='ltr'>rursus</span> <span class='ocrx_word' id='word_1_324' title='bbox 675 2587 776 2630; x_wconf 78' lang='lat' dir='ltr'>erigit</span> <span class='ocrx_word' id='word_1_325' title='bbox 795 2598 860 2619; x_wconf 89' lang='lat' dir='ltr'>nos</span> <span class='ocrx_word' id='word_1_326' title='bbox 877 2588 1070 2619; x_wconf 84' lang='lat' dir='ltr'>eorundem</span> 
     </span>
     <span class='ocr_line' id='line_1_49' title="bbox 82 2632 1072 2682; baseline 0.003 -15"><span class='ocrx_word' id='word_1_327' title='bbox 82 2641 260 2680; x_wconf 84' lang='lat' dir='ltr'>perspecta</span> <span class='ocrx_word' id='word_1_328' title='bbox 285 2632 484 2670; x_wconf 87' lang='lat' dir='ltr'>humanitas</span> <span class='ocrx_word' id='word_1_329' title='bbox 507 2643 538 2671; x_wconf 91' lang='lat' dir='ltr'>et</span> <span class='ocrx_word' id='word_1_330' title='bbox 554 2638 727 2682; x_wconf 84' lang='lat' dir='ltr'>aequitas,</span> <span class='ocrx_word' id='word_1_331' title='bbox 755 2649 842 2682; x_wconf 84' lang='lat' dir='ltr'>quos</span> <span class='ocrx_word' id='word_1_332' title='bbox 866 2650 943 2671; x_wconf 91' lang='lat' dir='ltr'>cum</span> <span class='ocrx_word' id='word_1_333' title='bbox 961 2635 1072 2671; x_wconf 82' lang='lat' dir='ltr'>Scho-</span> 
     </span>
    </p>
   </div>
   <div class='ocr_carea' id='block_1_12' title="bbox 1099 987 1103 1605">
    <p class='ocr_par' dir='ltr' id='par_1_13' title="bbox 1099 987 1103 1605">
     <span class='ocr_line' id='line_1_50' title="bbox 1099 987 1103 1605; baseline 0 0"><span class='ocrx_word' id='word_1_334' title='bbox 1099 987 1103 1605; x_wconf 95' lang='lat' dir='ltr'> </span> 
     </span>
    </p>
   </div>
   <div class='ocr_carea' id='block_1_13' title="bbox 1121 253 2120 2678">
    <p class='ocr_par' dir='ltr' id='par_1_14' title="bbox 1127 253 2118 602">
     <span class='ocr_line' id='line_1_51' title="bbox 1130 253 2118 298; baseline -0.001 -12"><span class='ocrx_word' id='word_1_335' title='bbox 1130 254 1311 297; x_wconf 88' lang='lat' dir='ltr'>impositas</span> <span class='ocrx_word' id='word_1_336' title='bbox 1328 253 1424 286; x_wconf 85' lang='lat' dir='ltr'>salvo</span> <span class='ocrx_word' id='word_1_337' title='bbox 1451 253 1566 285; x_wconf 85' lang='lat' dir='ltr'>officio</span> <span class='ocrx_word' id='word_1_338' title='bbox 1583 264 1741 285; x_wconf 84' lang='lat' dir='ltr'>recusare</span> <span class='ocrx_word' id='word_1_339' title='bbox 1763 265 1835 285; x_wconf 91' lang='lat' dir='ltr'>non</span> <span class='ocrx_word' id='word_1_340' title='bbox 1854 264 1970 296; x_wconf 86' lang='lat' dir='ltr'>posse,</span> <span class='ocrx_word' id='word_1_341' title='bbox 2000 264 2118 298; x_wconf 90' lang='lat' dir='ltr'>spera-</span> 
     </span>
     <span class='ocr_line' id='line_1_52' title="bbox 1130 304 2118 347; baseline -0.001 -10"><span class='ocrx_word' id='word_1_342' title='bbox 1130 316 1207 337; x_wconf 89' lang='lat' dir='ltr'>mus</span> <span class='ocrx_word' id='word_1_343' title='bbox 1234 305 1373 336; x_wconf 81' lang='lat' dir='ltr'>veniam</span> <span class='ocrx_word' id='word_1_344' title='bbox 1401 304 1542 336; x_wconf 87' lang='lat' dir='ltr'>daturos</span> <span class='ocrx_word' id='word_1_345' title='bbox 1569 304 1692 343; x_wconf 88' lang='lat' dir='ltr'>nobis,</span> <span class='ocrx_word' id='word_1_346' title='bbox 1728 311 1992 347; x_wconf 76' lang='lat' dir='ltr'>praeceptorum</span> <span class='ocrx_word' id='word_1_347' title='bbox 2016 316 2118 336; x_wconf 88' lang='lat' dir='ltr'>man-</span> 
     </span>
     <span class='ocr_line' id='line_1_53' title="bbox 1129 354 2117 399; baseline 0 -12"><span class='ocrx_word' id='word_1_348' title='bbox 1129 355 1228 393; x_wconf 87' lang='lat' dir='ltr'>dato,</span> <span class='ocrx_word' id='word_1_349' title='bbox 1263 362 1301 388; x_wconf 90' lang='lat' dir='ltr'>ut</span> <span class='ocrx_word' id='word_1_350' title='bbox 1327 356 1442 394; x_wconf 84' lang='lat' dir='ltr'>decet,</span> <span class='ocrx_word' id='word_1_351' title='bbox 1475 354 1769 399; x_wconf 87' lang='lat' dir='ltr'>obsequentibus,</span> <span class='ocrx_word' id='word_1_352' title='bbox 1805 362 1837 387; x_wconf 87' lang='lat' dir='ltr'>et</span> <span class='ocrx_word' id='word_1_353' title='bbox 1859 366 1922 387; x_wconf 91' lang='lat' dir='ltr'>nos</span> <span class='ocrx_word' id='word_1_354' title='bbox 1940 367 2002 398; x_wconf 91' lang='lat' dir='ltr'>pro</span> <span class='ocrx_word' id='word_1_355' title='bbox 2020 366 2117 387; x_wconf 88' lang='lat' dir='ltr'>more</span> 
     </span>
     <span class='ocr_line' id='line_1_54' title="bbox 1129 403 2117 449; baseline -0.001 -11"><span class='ocrx_word' id='word_1_356' title='bbox 1129 403 1329 439; x_wconf 91' lang='lat' dir='ltr'>scholarum</span> <span class='ocrx_word' id='word_1_357' title='bbox 1372 417 1479 449; x_wconf 84' lang='lat' dir='ltr'>pauca</span> <span class='ocrx_word' id='word_1_358' title='bbox 1516 405 1688 445; x_wconf 89' lang='lat' dir='ltr'>dicentes,</span> <span class='ocrx_word' id='word_1_359' title='bbox 1730 405 1901 447; x_wconf 79' lang='lat' dir='ltr'>patienter</span> <span class='ocrx_word' id='word_1_360' title='bbox 1934 406 2117 439; x_wconf 87' lang='lat' dir='ltr'>audituros</span> 
     </span>
     <span class='ocr_line' id='line_1_55' title="bbox 1130 456 2118 501; baseline 0 -13"><span class='ocrx_word' id='word_1_361' title='bbox 1130 467 1221 497; x_wconf 90' lang='lat' dir='ltr'>esse,</span> <span class='ocrx_word' id='word_1_362' title='bbox 1252 459 1347 501; x_wconf 91' lang='lat' dir='ltr'>quod</span> <span class='ocrx_word' id='word_1_363' title='bbox 1369 457 1509 501; x_wconf 86' lang='lat' dir='ltr'>quidem</span> <span class='ocrx_word' id='word_1_364' title='bbox 1532 456 1634 488; x_wconf 85' lang='lat' dir='ltr'>etiam</span> <span class='ocrx_word' id='word_1_365' title='bbox 1658 462 1696 488; x_wconf 88' lang='lat' dir='ltr'>ut</span> <span class='ocrx_word' id='word_1_366' title='bbox 1722 456 1870 493; x_wconf 81' lang='lat' dir='ltr'>faciant,</span> <span class='ocrx_word' id='word_1_367' title='bbox 1906 462 1938 488; x_wconf 91' lang='lat' dir='ltr'>et</span> <span class='ocrx_word' id='word_1_368' title='bbox 1967 456 2118 498; x_wconf 82' lang='lat' dir='ltr'>collega-</span> 
     </span>
     <span class='ocr_line' id='line_1_56' title="bbox 1129 505 2118 548; baseline -0.002 -8"><span class='ocrx_word' id='word_1_369' title='bbox 1129 519 1207 540; x_wconf 89' lang='lat' dir='ltr'>rum</span> <span class='ocrx_word' id='word_1_370' title='bbox 1234 520 1411 548; x_wconf 88' lang='lat' dir='ltr'>meorum,</span> <span class='ocrx_word' id='word_1_371' title='bbox 1439 514 1470 540; x_wconf 91' lang='lat' dir='ltr'>et</span> <span class='ocrx_word' id='word_1_372' title='bbox 1493 518 1570 539; x_wconf 91' lang='lat' dir='ltr'>meo</span> <span class='ocrx_word' id='word_1_373' title='bbox 1594 505 1742 538; x_wconf 90' lang='lat' dir='ltr'>nomine</span> <span class='ocrx_word' id='word_1_374' title='bbox 1766 513 1966 539; x_wconf 75' lang='lat' dir='ltr'>reverenter</span> <span class='ocrx_word' id='word_1_375' title='bbox 1990 514 2022 540; x_wconf 88' lang='lat' dir='ltr'>et</span> <span class='ocrx_word' id='word_1_376' title='bbox 2041 506 2118 539; x_wconf 82' lang='lat' dir='ltr'>offi-</span> 
     </span>
     <span class='ocr_line' id='line_1_57' title="bbox 1127 558 1331 602; baseline 0.01 -11"><span class='ocrx_word' id='word_1_377' title='bbox 1127 558 1219 591; x_wconf 91' lang='lat' dir='ltr'>ciose</span> <span class='ocrx_word' id='word_1_378' title='bbox 1239 565 1331 602; x_wconf 86' lang='lat' dir='ltr'>peto.</span> 
     </span>
    </p>

    <p class='ocr_par' dir='ltr' id='par_1_15' title="bbox 1128 606 2118 847">
     <span class='ocr_line' id='line_1_58' title="bbox 1229 606 2118 651; baseline -0.004 -9"><span class='ocrx_word' id='word_1_379' title='bbox 1229 608 1405 642; x_wconf 87' lang='lat' dir='ltr'>Constitui</span> <span class='ocrx_word' id='word_1_380' title='bbox 1423 615 1537 641; x_wconf 86' lang='lat' dir='ltr'>autem</span> <span class='ocrx_word' id='word_1_381' title='bbox 1556 618 1665 651; x_wconf 87' lang='lat' dir='ltr'>pauca</span> <span class='ocrx_word' id='word_1_382' title='bbox 1683 606 1798 639; x_wconf 86' lang='lat' dir='ltr'>dicere</span> <span class='ocrx_word' id='word_1_383' title='bbox 1815 607 1858 638; x_wconf 91' lang='lat' dir='ltr'>de</span> <span class='ocrx_word' id='word_1_384' title='bbox 1876 607 2006 649; x_wconf 86' lang='lat' dir='ltr'>insigni</span> <span class='ocrx_word' id='word_1_385' title='bbox 2025 606 2118 638; x_wconf 87' lang='lat' dir='ltr'>dicto</span> 
     </span>
     <span class='ocr_line' id='line_1_59' title="bbox 1129 656 2117 703; baseline -0.004 -11"><span class='ocrx_word' id='word_1_386' title='bbox 1129 659 1231 692; x_wconf 85' lang='lat' dir='ltr'>Pauli</span> <span class='ocrx_word' id='word_1_387' title='bbox 1255 662 1298 693; x_wconf 92' lang='lat' dir='ltr'>ad</span> <span class='ocrx_word' id='word_1_388' title='bbox 1320 657 1452 703; x_wconf 87' lang='lat' dir='ltr'>Ephes.</span> <span class='ocrx_word' id='word_1_389' title='bbox 1478 657 1529 694; x_wconf 84' lang='lat'>4.:</span> <span class='ocrx_word' id='word_1_390' title='bbox 1569 656 1740 691; x_wconf 88' lang='lat' dir='ltr'>Ascendit</span> <span class='ocrx_word' id='word_1_391' title='bbox 1766 657 1802 688; x_wconf 92' lang='lat' dir='ltr'>in</span> <span class='ocrx_word' id='word_1_392' title='bbox 1828 657 1954 695; x_wconf 80' lang='lat' dir='ltr'>altum,</span> <span class='ocrx_word' id='word_1_393' title='bbox 1983 663 2117 699; x_wconf 85' lang='lat' dir='ltr'>captam</span> 
     </span>
     <span class='ocr_line' id='line_1_60' title="bbox 1129 705 2116 755; baseline -0.003 -12"><span class='ocrx_word' id='word_1_394' title='bbox 1129 712 1260 743; x_wconf 88' lang='lat' dir='ltr'>ducens</span> <span class='ocrx_word' id='word_1_395' title='bbox 1293 711 1550 755; x_wconf 76' lang='lat' dir='ltr'>captivitatem,</span> <span class='ocrx_word' id='word_1_396' title='bbox 1591 715 1623 741; x_wconf 91' lang='lat' dir='ltr'>et</span> <span class='ocrx_word' id='word_1_397' title='bbox 1653 708 1751 740; x_wconf 87' lang='lat' dir='ltr'>dedit</span> <span class='ocrx_word' id='word_1_398' title='bbox 1780 709 1872 740; x_wconf 79' lang='lat' dir='ltr'>dona</span> <span class='ocrx_word' id='word_1_399' title='bbox 1903 705 2116 740; x_wconf 82' lang='lat' dir='ltr'>horninibus.</span> 
     </span>
     <span class='ocr_line' id='line_1_61' title="bbox 1128 757 2118 806; baseline -0.006 -11"><span class='ocrx_word' id='word_1_400' title='bbox 1128 760 1181 794; x_wconf 84' lang='lat' dir='ltr'>Ex</span> <span class='ocrx_word' id='word_1_401' title='bbox 1205 775 1274 806; x_wconf 91' lang='lat' dir='ltr'>quo</span> <span class='ocrx_word' id='word_1_402' title='bbox 1299 763 1392 794; x_wconf 91' lang='lat' dir='ltr'>dicto</span> <span class='ocrx_word' id='word_1_403' title='bbox 1418 762 1456 793; x_wconf 89' lang='lat' dir='ltr'>in</span> <span class='ocrx_word' id='word_1_404' title='bbox 1480 759 1616 803; x_wconf 86' lang='lat' dir='ltr'>magnis</span> <span class='ocrx_word' id='word_1_405' title='bbox 1635 770 1735 803; x_wconf 82' lang='lat' dir='ltr'>saepe</span> <span class='ocrx_word' id='word_1_406' title='bbox 1756 759 1940 791; x_wconf 86' lang='lat' dir='ltr'>doloribus</span> <span class='ocrx_word' id='word_1_407' title='bbox 1958 757 2118 790; x_wconf 88' lang='lat' dir='ltr'>consola-</span> 
     </span>
     <span class='ocr_line' id='line_1_62' title="bbox 1128 811 1397 847; baseline -0.004 -3"><span class='ocrx_word' id='word_1_408' title='bbox 1128 812 1259 844; x_wconf 85' lang='lat' dir='ltr'>tionem</span> <span class='ocrx_word' id='word_1_409' title='bbox 1285 811 1397 847; x_wconf 81' lang='lat' dir='ltr'>hausi.</span> 
     </span>
    </p>

    <p class='ocr_par' dir='ltr' id='par_1_16' title="bbox 1128 858 2118 1058">
     <span class='ocr_line' id='line_1_63' title="bbox 1230 858 2118 907; baseline -0.006 -11"><span class='ocrx_word' id='word_1_410' title='bbox 1230 863 1386 907; x_wconf 87' lang='lat' dir='ltr'>Sumpsit</span> <span class='ocrx_word' id='word_1_411' title='bbox 1411 868 1526 895; x_wconf 88' lang='lat' dir='ltr'>autem</span> <span class='ocrx_word' id='word_1_412' title='bbox 1550 861 1583 893; x_wconf 90' lang='lat' dir='ltr'>id</span> <span class='ocrx_word' id='word_1_413' title='bbox 1602 859 1733 893; x_wconf 85' lang='lat' dir='ltr'>Paulus</span> <span class='ocrx_word' id='word_1_414' title='bbox 1753 872 1791 893; x_wconf 83' lang='lat' dir='ltr'>ex</span> <span class='ocrx_word' id='word_1_415' title='bbox 1810 859 1949 893; x_wconf 79' lang='lat' dir='ltr'>Psalmo</span> <span class='ocrx_word' id='word_1_416' title='bbox 1969 858 2028 892; x_wconf 84' lang='lat'>68.</span> <span class='ocrx_word' id='word_1_417' title='bbox 2056 858 2118 891; x_wconf 90' lang='lat' dir='ltr'>ubi</span> 
     </span>
     <span class='ocr_line' id='line_1_64' title="bbox 1128 908 2118 956; baseline -0.005 -10"><span class='ocrx_word' id='word_1_418' title='bbox 1128 914 1310 956; x_wconf 79' lang='lat' dir='ltr'>magnifice</span> <span class='ocrx_word' id='word_1_419' title='bbox 1334 913 1547 947; x_wconf 82' lang='lat' dir='ltr'>describitur</span> <span class='ocrx_word' id='word_1_420' title='bbox 1573 911 1747 954; x_wconf 88' lang='lat' dir='ltr'>gloriosus</span> <span class='ocrx_word' id='word_1_421' title='bbox 1779 908 1980 954; x_wconf 89' lang='lat' dir='ltr'>triumphus</span> <span class='ocrx_word' id='word_1_422' title='bbox 2008 909 2118 942; x_wconf 76' lang='lat' dir='ltr'>victo-</span> 
     </span>
     <span class='ocr_line' id='line_1_65' title="bbox 1128 959 2118 1002; baseline -0.005 -5"><span class='ocrx_word' id='word_1_423' title='bbox 1128 965 1176 997; x_wconf 91' lang='lat' dir='ltr'>ris</span> <span class='ocrx_word' id='word_1_424' title='bbox 1195 964 1343 997; x_wconf 85' lang='lat' dir='ltr'>Messiae</span> <span class='ocrx_word' id='word_1_425' title='bbox 1359 963 1505 997; x_wconf 88' lang='lat' dir='ltr'>Domini</span> <span class='ocrx_word' id='word_1_426' title='bbox 1530 962 1641 995; x_wconf 78' lang='lat' dir='ltr'>nostri</span> <span class='ocrx_word' id='word_1_427' title='bbox 1667 961 1744 995; x_wconf 79' lang='lat' dir='ltr'>Iesu</span> <span class='ocrx_word' id='word_1_428' title='bbox 1761 959 1909 1002; x_wconf 79' lang='lat' dir='ltr'>Christi,</span> <span class='ocrx_word' id='word_1_429' title='bbox 1938 960 2118 994; x_wconf 87' lang='lat' dir='ltr'>redeuntis</span> 
     </span>
     <span class='ocr_line' id='line_1_66' title="bbox 1129 1009 1758 1058; baseline -0.006 -10"><span class='ocrx_word' id='word_1_430' title='bbox 1129 1015 1166 1048; x_wconf 88' lang='lat' dir='ltr'>in</span> <span class='ocrx_word' id='word_1_431' title='bbox 1183 1016 1338 1056; x_wconf 87' lang='lat' dir='ltr'>coelum,</span> <span class='ocrx_word' id='word_1_432' title='bbox 1363 1021 1440 1058; x_wconf 90' lang='lat' dir='ltr'>post</span> <span class='ocrx_word' id='word_1_433' title='bbox 1455 1013 1610 1046; x_wconf 75' lang='lat' dir='ltr'>devictos</span> <span class='ocrx_word' id='word_1_434' title='bbox 1626 1009 1758 1045; x_wconf 90' lang='lat' dir='ltr'>hostes:</span> 
     </span>
    </p>

    <p class='ocr_par' dir='ltr' id='par_1_17' title="bbox 1123 1060 2120 2019">
     <span class='ocr_line' id='line_1_67' title="bbox 1229 1060 2118 1106; baseline -0.007 -7"><span class='ocrx_word' id='word_1_435' title='bbox 1229 1065 1335 1099; x_wconf 89' lang='lat' dir='ltr'>Hunc</span> <span class='ocrx_word' id='word_1_436' title='bbox 1353 1066 1520 1098; x_wconf 74' lang='lat' dir='ltr'>victorem</span> <span class='ocrx_word' id='word_1_437' title='bbox 1540 1074 1733 1106; x_wconf 87' lang='lat' dir='ltr'>regressum</span> <span class='ocrx_word' id='word_1_438' title='bbox 1750 1063 1787 1095; x_wconf 89' lang='lat' dir='ltr'>in</span> <span class='ocrx_word' id='word_1_439' title='bbox 1804 1073 1875 1102; x_wconf 86' lang='lat' dir='ltr'>sua,</span> <span class='ocrx_word' id='word_1_440' title='bbox 1903 1060 1968 1094; x_wconf 83' lang='lat' dir='ltr'>hoc</span> <span class='ocrx_word' id='word_1_441' title='bbox 1985 1068 2052 1101; x_wconf 85' lang='lat' dir='ltr'>est,</span> <span class='ocrx_word' id='word_1_442' title='bbox 2082 1060 2118 1093; x_wconf 90' lang='lat' dir='ltr'>in</span> 
     </span>
     <span class='ocr_line' id='line_1_68' title="bbox 1128 1111 2117 1153; baseline -0.006 -3"><span class='ocrx_word' id='word_1_443' title='bbox 1128 1117 1237 1150; x_wconf 87' lang='lat' dir='ltr'>altum</span> <span class='ocrx_word' id='word_1_444' title='bbox 1256 1129 1316 1150; x_wconf 92' lang='lat' dir='ltr'>seu</span> <span class='ocrx_word' id='word_1_445' title='bbox 1335 1117 1492 1153; x_wconf 91' lang='lat' dir='ltr'>coelum,</span> <span class='ocrx_word' id='word_1_446' title='bbox 1517 1116 1612 1147; x_wconf 89' lang='lat' dir='ltr'>unde</span> <span class='ocrx_word' id='word_1_447' title='bbox 1637 1115 1679 1147; x_wconf 86' lang='lat' dir='ltr'>ad</span> <span class='ocrx_word' id='word_1_448' title='bbox 1704 1111 1797 1145; x_wconf 90' lang='lat' dir='ltr'>hunc</span> <span class='ocrx_word' id='word_1_449' title='bbox 1816 1113 2017 1146; x_wconf 83' lang='lat' dir='ltr'>conflictum</span> <span class='ocrx_word' id='word_1_450' title='bbox 2038 1124 2117 1144; x_wconf 89' lang='lat' dir='ltr'>cum</span> 
     </span>
     <span class='ocr_line' id='line_1_69' title="bbox 1128 1163 2119 1210; baseline -0.006 -10"><span class='ocrx_word' id='word_1_451' title='bbox 1128 1165 1288 1200; x_wconf 82' lang='lat' dir='ltr'>hostibus</span> <span class='ocrx_word' id='word_1_452' title='bbox 1311 1167 1448 1210; x_wconf 89' lang='lat' dir='ltr'>generis</span> <span class='ocrx_word' id='word_1_453' title='bbox 1477 1163 1625 1198; x_wconf 87' lang='lat' dir='ltr'>humani</span> <span class='ocrx_word' id='word_1_454' title='bbox 1650 1176 1721 1197; x_wconf 83' lang='lat' dir='ltr'>sese</span> <span class='ocrx_word' id='word_1_455' title='bbox 1747 1164 1950 1203; x_wconf 86' lang='lat' dir='ltr'>dimiserat,</span> <span class='ocrx_word' id='word_1_456' title='bbox 1977 1170 2054 1207; x_wconf 88' lang='lat' dir='ltr'>post</span> <span class='ocrx_word' id='word_1_457' title='bbox 2073 1163 2119 1194; x_wconf 89' lang='lat' dir='ltr'>it-</span> 
     </span>
     <span class='ocr_line' id='line_1_70' title="bbox 1128 1213 2119 1263; baseline -0.006 -12"><span class='ocrx_word' id='word_1_458' title='bbox 1128 1220 1195 1251; x_wconf 90' lang='lat' dir='ltr'>lam</span> <span class='ocrx_word' id='word_1_459' title='bbox 1214 1231 1378 1263; x_wconf 89' lang='lat' dir='ltr'>pompam</span> <span class='ocrx_word' id='word_1_460' title='bbox 1397 1214 1647 1260; x_wconf 82' lang='lat' dir='ltr'>triumphalem</span> <span class='ocrx_word' id='word_1_461' title='bbox 1666 1216 1751 1248; x_wconf 92' lang='lat' dir='ltr'>dicit</span> <span class='ocrx_word' id='word_1_462' title='bbox 1769 1214 1929 1248; x_wconf 89' lang='lat' dir='ltr'>Psalmus</span> <span class='ocrx_word' id='word_1_463' title='bbox 1949 1213 2119 1257; x_wconf 85' lang='lat' dir='ltr'>accepisse</span> 
     </span>
     <span class='ocr_line' id='line_1_71' title="bbox 1127 1264 2120 1310; baseline -0.006 -8"><span class='ocrx_word' id='word_1_464' title='bbox 1127 1271 1220 1302; x_wconf 92' lang='lat' dir='ltr'>dona</span> <span class='ocrx_word' id='word_1_465' title='bbox 1244 1269 1487 1302; x_wconf 89' lang='lat' dir='ltr'>distribuenda</span> <span class='ocrx_word' id='word_1_466' title='bbox 1512 1265 1738 1306; x_wconf 89' lang='lat' dir='ltr'>hominibus,</span> <span class='ocrx_word' id='word_1_467' title='bbox 1774 1278 1837 1310; x_wconf 93' lang='lat' dir='ltr'>pro</span> <span class='ocrx_word' id='word_1_468' title='bbox 1865 1264 2120 1297; x_wconf 87' lang='lat' dir='ltr'>consuetudine</span> 
     </span>
     <span class='ocr_line' id='line_1_72' title="bbox 1127 1315 2118 1363; baseline -0.005 -12"><span class='ocrx_word' id='word_1_469' title='bbox 1127 1320 1386 1363; x_wconf 88' lang='lat' dir='ltr'>Imperatorum</span> <span class='ocrx_word' id='word_1_470' title='bbox 1406 1315 1701 1360; x_wconf 85' lang='lat' dir='ltr'>triumphantium</span> <span class='ocrx_word' id='word_1_471' title='bbox 1715 1341 1723 1354; x_wconf 91' lang='lat'>‚</span> <span class='ocrx_word' id='word_1_472' title='bbox 1748 1317 1808 1360; x_wconf 86' lang='lat' dir='ltr'>qui</span> <span class='ocrx_word' id='word_1_473' title='bbox 1825 1316 1953 1348; x_wconf 82' lang='lat' dir='ltr'>reversi</span> <span class='ocrx_word' id='word_1_474' title='bbox 1973 1327 2011 1347; x_wconf 80' lang='lat' dir='ltr'>ex</span> <span class='ocrx_word' id='word_1_475' title='bbox 2028 1321 2118 1347; x_wconf 87' lang='lat' dir='ltr'>terra</span> 
     </span>
     <span class='ocr_line' id='line_1_73' title="bbox 1128 1365 2119 1411; baseline -0.005 -9"><span class='ocrx_word' id='word_1_476' title='bbox 1128 1367 1267 1409; x_wconf 87' lang='lat' dir='ltr'>hostili,</span> <span class='ocrx_word' id='word_1_477' title='bbox 1301 1368 1486 1411; x_wconf 82' lang='lat' dir='ltr'>magnifico</span> <span class='ocrx_word' id='word_1_478' title='bbox 1511 1379 1589 1399; x_wconf 89' lang='lat' dir='ltr'>cum</span> <span class='ocrx_word' id='word_1_479' title='bbox 1615 1373 1784 1410; x_wconf 87' lang='lat' dir='ltr'>apparatu</span> <span class='ocrx_word' id='word_1_480' title='bbox 1810 1365 1956 1408; x_wconf 86' lang='lat' dir='ltr'>ingressi</span> <span class='ocrx_word' id='word_1_481' title='bbox 1983 1365 2119 1404; x_wconf 88' lang='lat' dir='ltr'>urbem,</span> 
     </span>
     <span class='ocr_line' id='line_1_74' title="bbox 1128 1416 2118 1460; baseline -0.004 -8"><span class='ocrx_word' id='word_1_482' title='bbox 1128 1427 1208 1452; x_wconf 87' lang='lat' dir='ltr'>ante</span> <span class='ocrx_word' id='word_1_483' title='bbox 1239 1420 1358 1452; x_wconf 89' lang='lat' dir='ltr'>omnia</span> <span class='ocrx_word' id='word_1_484' title='bbox 1390 1418 1625 1451; x_wconf 87' lang='lat' dir='ltr'>ascendebant</span> <span class='ocrx_word' id='word_1_485' title='bbox 1658 1417 1695 1449; x_wconf 88' lang='lat' dir='ltr'>in</span> <span class='ocrx_word' id='word_1_486' title='bbox 1726 1428 1902 1449; x_wconf 87' lang='lat' dir='ltr'>summum</span> <span class='ocrx_word' id='word_1_487' title='bbox 1935 1416 2118 1460; x_wconf 88' lang='lat' dir='ltr'>templum,</span> 
     </span>
     <span class='ocr_line' id='line_1_75' title="bbox 1127 1463 2117 1511; baseline -0.003 -10"><span class='ocrx_word' id='word_1_488' title='bbox 1127 1469 1189 1501; x_wconf 90' lang='lat' dir='ltr'>ubi</span> <span class='ocrx_word' id='word_1_489' title='bbox 1216 1481 1294 1502; x_wconf 86' lang='lat' dir='ltr'>cum</span> <span class='ocrx_word' id='word_1_490' title='bbox 1320 1468 1588 1505; x_wconf 87' lang='lat' dir='ltr'>sacrificassent,</span> <span class='ocrx_word' id='word_1_491' title='bbox 1623 1463 1801 1511; x_wconf 68' lang='grc' dir='ltr'><em>σωτήρια,</em></span> <span class='ocrx_word' id='word_1_492' title='bbox 1836 1474 1870 1500; x_wconf 88' lang='lat' dir='ltr'>et</span> <span class='ocrx_word' id='word_1_493' title='bbox 1898 1466 2024 1509; x_wconf 86' lang='lat' dir='ltr'>gratias</span> <span class='ocrx_word' id='word_1_494' title='bbox 2042 1464 2117 1499; x_wconf 91' lang='lat' dir='ltr'>Deo</span> 
     </span>
     <span class='ocr_line' id='line_1_76' title="bbox 1127 1516 2117 1561; baseline -0.002 -11"><span class='ocrx_word' id='word_1_495' title='bbox 1127 1519 1278 1561; x_wconf 85' lang='lat' dir='ltr'>egissent</span> <span class='ocrx_word' id='word_1_496' title='bbox 1302 1530 1367 1561; x_wconf 91' lang='lat' dir='ltr'>pro</span> <span class='ocrx_word' id='word_1_497' title='bbox 1394 1518 1563 1557; x_wconf 86' lang='lat' dir='ltr'>victoria,</span> <span class='ocrx_word' id='word_1_498' title='bbox 1598 1517 1857 1549; x_wconf 90' lang='lat' dir='ltr'>distribuebant</span> <span class='ocrx_word' id='word_1_499' title='bbox 1886 1518 2054 1549; x_wconf 79' lang='lat' dir='ltr'>donativa</span> <span class='ocrx_word' id='word_1_500' title='bbox 2080 1516 2117 1548; x_wconf 88' lang='lat' dir='ltr'>in</span> 
     </span>
     <span class='ocr_line' id='line_1_77' title="bbox 1127 1567 2117 1610; baseline -0.003 -9"><span class='ocrx_word' id='word_1_501' title='bbox 1127 1569 1257 1602; x_wconf 88' lang='lat' dir='ltr'>milites</span> <span class='ocrx_word' id='word_1_502' title='bbox 1281 1575 1313 1601; x_wconf 87' lang='lat' dir='ltr'>et</span> <span class='ocrx_word' id='word_1_503' title='bbox 1337 1568 1514 1610; x_wconf 83' lang='lat' dir='ltr'>congiaria</span> <span class='ocrx_word' id='word_1_504' title='bbox 1533 1567 1570 1599; x_wconf 90' lang='lat' dir='ltr'>in</span> <span class='ocrx_word' id='word_1_505' title='bbox 1597 1567 1710 1606; x_wconf 90' lang='lat' dir='ltr'>cives,</span> <span class='ocrx_word' id='word_1_506' title='bbox 1734 1574 1772 1600; x_wconf 90' lang='lat' dir='ltr'>ut</span> <span class='ocrx_word' id='word_1_507' title='bbox 1787 1578 1907 1599; x_wconf 89' lang='lat' dir='ltr'>omnes</span> <span class='ocrx_word' id='word_1_508' title='bbox 1928 1567 1987 1599; x_wconf 88' lang='lat' dir='ltr'>illa</span> <span class='ocrx_word' id='word_1_509' title='bbox 2006 1567 2117 1598; x_wconf 67' lang='lat' dir='ltr'>victo—</span> 
     </span>
     <span class='ocr_line' id='line_1_78' title="bbox 1126 1615 2118 1662; baseline -0.003 -10"><span class='ocrx_word' id='word_1_510' title='bbox 1126 1620 1178 1653; x_wconf 90' lang='lat' dir='ltr'>ria</span> <span class='ocrx_word' id='word_1_511' title='bbox 1197 1620 1277 1653; x_wconf 84' lang='lat' dir='ltr'>laeti</span> <span class='ocrx_word' id='word_1_512' title='bbox 1294 1619 1497 1652; x_wconf 91' lang='lat' dir='ltr'>fruerentur</span> <span class='ocrx_word' id='word_1_513' title='bbox 1516 1625 1548 1652; x_wconf 89' lang='lat' dir='ltr'>et</span> <span class='ocrx_word' id='word_1_514' title='bbox 1572 1618 1788 1651; x_wconf 90' lang='lat' dir='ltr'>iuvarentur.</span> <span class='ocrx_word' id='word_1_515' title='bbox 1840 1615 1891 1650; x_wconf 85' lang='lat' dir='ltr'>Ea</span> <span class='ocrx_word' id='word_1_516' title='bbox 1919 1618 2012 1651; x_wconf 84' lang='lat' dir='ltr'>dona</span> <span class='ocrx_word' id='word_1_517' title='bbox 2030 1628 2118 1662; x_wconf 75' lang='lat' dir='ltr'>qua·</span> 
     </span>
     <span class='ocr_line' id='line_1_79' title="bbox 1126 1666 2116 1713; baseline -0.003 -10"><span class='ocrx_word' id='word_1_518' title='bbox 1126 1671 1172 1704; x_wconf 86' lang='lat' dir='ltr'>lia</span> <span class='ocrx_word' id='word_1_519' title='bbox 1199 1670 1331 1704; x_wconf 88' lang='lat' dir='ltr'>fuerint</span> <span class='ocrx_word' id='word_1_520' title='bbox 1354 1677 1387 1703; x_wconf 89' lang='lat' dir='ltr'>et</span> <span class='ocrx_word' id='word_1_521' title='bbox 1410 1667 1525 1702; x_wconf 86' lang='lat' dir='ltr'>adhuc</span> <span class='ocrx_word' id='word_1_522' title='bbox 1549 1669 1634 1708; x_wconf 88' lang='lat' dir='ltr'>sint,</span> <span class='ocrx_word' id='word_1_523' title='bbox 1669 1680 1758 1713; x_wconf 88' lang='lat' dir='ltr'>quae</span> <span class='ocrx_word' id='word_1_524' title='bbox 1790 1668 1947 1713; x_wconf 88' lang='lat' dir='ltr'>quotidie</span> <span class='ocrx_word' id='word_1_525' title='bbox 1976 1669 2020 1701; x_wconf 88' lang='lat' dir='ltr'>ab</span> <span class='ocrx_word' id='word_1_526' title='bbox 2051 1666 2116 1700; x_wconf 88' lang='lat' dir='ltr'>hoc</span> 
     </span>
     <span class='ocr_line' id='line_1_80' title="bbox 1126 1718 2116 1765; baseline -0.005 -10"><span class='ocrx_word' id='word_1_527' title='bbox 1126 1719 1384 1765; x_wconf 88' lang='lat' dir='ltr'>triumphatore</span> <span class='ocrx_word' id='word_1_528' title='bbox 1421 1718 1564 1753; x_wconf 85' lang='lat' dir='ltr'>Christo</span> <span class='ocrx_word' id='word_1_529' title='bbox 1609 1719 1892 1759; x_wconf 87' lang='lat' dir='ltr'>distribuuntur,</span> <span class='ocrx_word' id='word_1_530' title='bbox 1939 1729 2116 1762; x_wconf 88' lang='lat' dir='ltr'>exponens</span> 
     </span>
     <span class='ocr_line' id='line_1_81' title="bbox 1125 1769 2116 1817; baseline -0.004 -12"><span class='ocrx_word' id='word_1_531' title='bbox 1125 1773 1318 1817; x_wconf 89' lang='lat' dir='ltr'>Apostolus</span> <span class='ocrx_word' id='word_1_532' title='bbox 1343 1771 1474 1804; x_wconf 84' lang='lat' dir='ltr'>Paulus</span> <span class='ocrx_word' id='word_1_533' title='bbox 1499 1772 1562 1804; x_wconf 91' lang='lat' dir='ltr'>ait:</span> <span class='ocrx_word' id='word_1_534' title='bbox 1597 1770 1654 1803; x_wconf 88' lang='lat' dir='ltr'>Ab</span> <span class='ocrx_word' id='word_1_535' title='bbox 1680 1770 1754 1814; x_wconf 88' lang='lat' dir='ltr'>ipso</span> <span class='ocrx_word' id='word_1_536' title='bbox 1772 1770 1848 1802; x_wconf 91' lang='lat' dir='ltr'>dari</span> <span class='ocrx_word' id='word_1_537' title='bbox 1868 1770 1954 1802; x_wconf 92' lang='lat' dir='ltr'>alios</span> <span class='ocrx_word' id='word_1_538' title='bbox 1972 1769 2116 1814; x_wconf 87' lang='lat' dir='ltr'>quidem</span> 
     </span>
     <span class='ocr_line' id='line_1_82' title="bbox 1126 1818 2118 1866; baseline -0.004 -10"><span class='ocrx_word' id='word_1_539' title='bbox 1126 1823 1336 1866; x_wconf 89' lang='lat' dir='ltr'>Apostolos,</span> <span class='ocrx_word' id='word_1_540' title='bbox 1375 1822 1463 1855; x_wconf 85' lang='lat' dir='ltr'>alios</span> <span class='ocrx_word' id='word_1_541' title='bbox 1492 1819 1706 1865; x_wconf 86' lang='lat' dir='ltr'>Prophetas,</span> <span class='ocrx_word' id='word_1_542' title='bbox 1746 1821 1833 1854; x_wconf 88' lang='lat' dir='ltr'>alios</span> <span class='ocrx_word' id='word_1_543' title='bbox 1863 1818 2118 1863; x_wconf 77' lang='lat' dir='ltr'>Evangelistas,</span> 
     </span>
     <span class='ocr_line' id='line_1_83' title="bbox 1125 1870 2114 1916; baseline -0.004 -10"><span class='ocrx_word' id='word_1_544' title='bbox 1125 1874 1212 1907; x_wconf 89' lang='lat' dir='ltr'>alios</span> <span class='ocrx_word' id='word_1_545' title='bbox 1238 1872 1400 1906; x_wconf 87' lang='lat' dir='ltr'>Pastores</span> <span class='ocrx_word' id='word_1_546' title='bbox 1433 1880 1465 1906; x_wconf 88' lang='lat' dir='ltr'>et</span> <span class='ocrx_word' id='word_1_547' title='bbox 1492 1872 1683 1915; x_wconf 88' lang='lat' dir='ltr'>Doctores,</span> <span class='ocrx_word' id='word_1_548' title='bbox 1721 1884 1810 1916; x_wconf 86' lang='lat' dir='ltr'>quae</span> <span class='ocrx_word' id='word_1_549' title='bbox 1837 1883 1920 1904; x_wconf 88' lang='lat' dir='ltr'>saue</span> <span class='ocrx_word' id='word_1_550' title='bbox 1944 1870 2114 1914; x_wconf 83' lang='lat' dir='ltr'>expositio</span> 
     </span>
     <span class='ocr_line' id='line_1_84' title="bbox 1126 1921 2115 1968; baseline -0.004 -11"><span class='ocrx_word' id='word_1_551' title='bbox 1126 1925 1271 1957; x_wconf 80' lang='lat' dir='ltr'>mirifica</span> <span class='ocrx_word' id='word_1_552' title='bbox 1294 1931 1361 1964; x_wconf 91' lang='lat' dir='ltr'>est,</span> <span class='ocrx_word' id='word_1_553' title='bbox 1389 1931 1422 1957; x_wconf 87' lang='lat' dir='ltr'>et</span> <span class='ocrx_word' id='word_1_554' title='bbox 1445 1923 1576 1956; x_wconf 89' lang='lat' dir='ltr'>rationi</span> <span class='ocrx_word' id='word_1_555' title='bbox 1599 1924 1750 1956; x_wconf 86' lang='lat' dir='ltr'>absurda</span> <span class='ocrx_word' id='word_1_556' title='bbox 1777 1929 1881 1968; x_wconf 87' lang='lat' dir='ltr'>atque</span> <span class='ocrx_word' id='word_1_557' title='bbox 1898 1923 2000 1955; x_wconf 89' lang='lat' dir='ltr'>etiam</span> <span class='ocrx_word' id='word_1_558' title='bbox 2026 1921 2115 1954; x_wconf 86' lang='lat' dir='ltr'>ridi-</span> 
     </span>
     <span class='ocr_line' id='line_1_85' title="bbox 1123 1975 1490 2019; baseline -0.003 -11"><span class='ocrx_word' id='word_1_559' title='bbox 1123 1976 1201 2008; x_wconf 85' lang='lat' dir='ltr'>cula</span> <span class='ocrx_word' id='word_1_560' title='bbox 1224 1975 1336 2008; x_wconf 88' lang='lat' dir='ltr'>videri</span> <span class='ocrx_word' id='word_1_561' title='bbox 1364 1981 1490 2019; x_wconf 79' lang='lat' dir='ltr'>potest.</span> 
     </span>
    </p>

    <p class='ocr_par' dir='ltr' id='par_1_18' title="bbox 1122 2021 2115 2417">
     <span class='ocr_line' id='line_1_86' title="bbox 1226 2021 2115 2068; baseline -0.004 -10"><span class='ocrx_word' id='word_1_562' title='bbox 1226 2026 1264 2059; x_wconf 88' lang='lat' dir='ltr'>Si</span> <span class='ocrx_word' id='word_1_563' title='bbox 1289 2025 1384 2058; x_wconf 90' lang='lat' dir='ltr'>enim</span> <span class='ocrx_word' id='word_1_564' title='bbox 1415 2023 1521 2058; x_wconf 89' lang='lat' dir='ltr'>huius</span> <span class='ocrx_word' id='word_1_565' title='bbox 1550 2021 1802 2068; x_wconf 86' lang='lat' dir='ltr'>triumphantis</span> <span class='ocrx_word' id='word_1_566' title='bbox 1824 2023 2115 2066; x_wconf 85' lang='lat' dir='ltr'>magnitudinem,</span> 
     </span>
     <span class='ocr_line' id='line_1_87' title="bbox 1123 2074 2114 2122; baseline -0.005 -12"><span class='ocrx_word' id='word_1_567' title='bbox 1123 2077 1337 2122; x_wconf 87' lang='lat' dir='ltr'>potentiam,</span> <span class='ocrx_word' id='word_1_568' title='bbox 1377 2075 1614 2120; x_wconf 90' lang='lat' dir='ltr'>opulentiam,</span> <span class='ocrx_word' id='word_1_569' title='bbox 1659 2074 1934 2106; x_wconf 85' lang='lat' dir='ltr'>munificentiam</span> <span class='ocrx_word' id='word_1_570' title='bbox 1970 2080 2114 2117; x_wconf 79' lang='lat' dir='ltr'>spectes,</span> 
     </span>
     <span class='ocr_line' id='line_1_88' title="bbox 1123 2124 2114 2170; baseline -0.006 -9"><span class='ocrx_word' id='word_1_571' title='bbox 1123 2126 1215 2161; x_wconf 83' lang='lat' dir='ltr'>nihil</span> <span class='ocrx_word' id='word_1_572' title='bbox 1238 2129 1283 2161; x_wconf 90' lang='lat' dir='ltr'>ab</span> <span class='ocrx_word' id='word_1_573' title='bbox 1307 2140 1347 2160; x_wconf 88' lang='lat' dir='ltr'>eo</span> <span class='ocrx_word' id='word_1_574' title='bbox 1363 2133 1543 2170; x_wconf 83' lang='lat' dir='ltr'>expectare</span> <span class='ocrx_word' id='word_1_575' title='bbox 1566 2125 1724 2158; x_wconf 86' lang='lat' dir='ltr'>muneris</span> <span class='ocrx_word' id='word_1_576' title='bbox 1742 2131 1857 2168; x_wconf 85' lang='lat' dir='ltr'>potes,</span> <span class='ocrx_word' id='word_1_577' title='bbox 1883 2124 1950 2157; x_wconf 88' lang='lat' dir='ltr'>nisi</span> <span class='ocrx_word' id='word_1_578' title='bbox 1976 2124 2114 2166; x_wconf 87' lang='lat' dir='ltr'>magni-</span> 
     </span>
     <span class='ocr_line' id='line_1_89' title="bbox 1122 2173 2113 2222; baseline -0.006 -10"><span class='ocrx_word' id='word_1_579' title='bbox 1122 2180 1248 2219; x_wconf 83' lang='lat' dir='ltr'>ficum,</span> <span class='ocrx_word' id='word_1_580' title='bbox 1276 2178 1554 2222; x_wconf 88' lang='lat' dir='ltr'>amplissimum,</span> <span class='ocrx_word' id='word_1_581' title='bbox 1579 2176 1886 2220; x_wconf 87' lang='lat' dir='ltr'>preciosissimum.</span> <span class='ocrx_word' id='word_1_582' title='bbox 1938 2173 2000 2208; x_wconf 83' lang='lat' dir='ltr'>Est</span> <span class='ocrx_word' id='word_1_583' title='bbox 2018 2174 2113 2207; x_wconf 86' lang='lat' dir='ltr'>enim</span> 
     </span>
     <span class='ocr_line' id='line_1_90' title="bbox 1123 2223 2114 2267; baseline -0.006 -4"><span class='ocrx_word' id='word_1_584' title='bbox 1123 2228 1180 2263; x_wconf 85' lang='lat' dir='ltr'>hie</span> <span class='ocrx_word' id='word_1_585' title='bbox 1205 2230 1317 2264; x_wconf 80' lang='lat' dir='ltr'>victor</span> <span class='ocrx_word' id='word_1_586' title='bbox 1339 2241 1411 2261; x_wconf 91' lang='lat' dir='ltr'>nou</span> <span class='ocrx_word' id='word_1_587' title='bbox 1436 2235 1473 2261; x_wconf 92' lang='lat' dir='ltr'>ut</span> <span class='ocrx_word' id='word_1_588' title='bbox 1498 2227 1578 2267; x_wconf 89' lang='lat' dir='ltr'>alii,</span> <span class='ocrx_word' id='word_1_589' title='bbox 1613 2226 1799 2259; x_wconf 85' lang='lat' dir='ltr'>imbecillis</span> <span class='ocrx_word' id='word_1_590' title='bbox 1828 2223 1935 2258; x_wconf 88' lang='lat' dir='ltr'>homo</span> <span class='ocrx_word' id='word_1_591' title='bbox 1963 2233 2114 2263; x_wconf 83' lang='lat' dir='ltr'>tautum,</span> 
     </span>
     <span class='ocr_line' id='line_1_91' title="bbox 1122 2276 2114 2320; baseline -0.006 -6"><span class='ocrx_word' id='word_1_592' title='bbox 1122 2282 1181 2314; x_wconf 91' lang='lat' dir='ltr'>sed</span> <span class='ocrx_word' id='word_1_593' title='bbox 1209 2280 1314 2313; x_wconf 89' lang='lat' dir='ltr'>simul</span> <span class='ocrx_word' id='word_1_594' title='bbox 1335 2279 1400 2314; x_wconf 88' lang='lat' dir='ltr'>Dei</span> <span class='ocrx_word' id='word_1_595' title='bbox 1434 2279 1548 2320; x_wconf 80' lang='lat' dir='ltr'>filius,</span> <span class='ocrx_word' id='word_1_596' title='bbox 1581 2277 1697 2320; x_wconf 85' lang='lat' dir='ltr'>opifex</span> <span class='ocrx_word' id='word_1_597' title='bbox 1721 2283 1754 2310; x_wconf 91' lang='lat' dir='ltr'>et</span> <span class='ocrx_word' id='word_1_598' title='bbox 1779 2277 1993 2319; x_wconf 79' lang='lat' dir='ltr'>gubernator</span> <span class='ocrx_word' id='word_1_599' title='bbox 2025 2276 2114 2309; x_wconf 83' lang='lat' dir='ltr'>coeli</span> 
     </span>
     <span class='ocr_line' id='line_1_92' title="bbox 1122 2325 2111 2374; baseline -0.006 -9"><span class='ocrx_word' id='word_1_600' title='bbox 1122 2339 1154 2366; x_wconf 89' lang='lat' dir='ltr'>et</span> <span class='ocrx_word' id='word_1_601' title='bbox 1171 2339 1303 2371; x_wconf 88' lang='lat' dir='ltr'>terrae,</span> <span class='ocrx_word' id='word_1_602' title='bbox 1331 2331 1512 2374; x_wconf 87' lang='lat' dir='ltr'>possidens</span> <span class='ocrx_word' id='word_1_603' title='bbox 1536 2339 1659 2361; x_wconf 85' lang='lat' dir='ltr'>omnes</span> <span class='ocrx_word' id='word_1_604' title='bbox 1683 2325 1865 2361; x_wconf 81' lang='lat' dir='ltr'>thesauros</span> <span class='ocrx_word' id='word_1_605' title='bbox 1889 2339 2111 2361; x_wconf 86' lang='lat' dir='ltr'>summorum</span> 
     </span>
     <span class='ocr_line' id='line_1_93' title="bbox 1122 2382 1585 2417; baseline -0.006 0"><span class='ocrx_word' id='word_1_606' title='bbox 1122 2390 1155 2417; x_wconf 84' lang='lat' dir='ltr'>et</span> <span class='ocrx_word' id='word_1_607' title='bbox 1173 2382 1374 2416; x_wconf 87' lang='lat' dir='ltr'>coelestium</span> <span class='ocrx_word' id='word_1_608' title='bbox 1398 2382 1585 2414; x_wconf 89' lang='lat' dir='ltr'>bonorum.</span> 
     </span>
    </p>

    <p class='ocr_par' dir='ltr' id='par_1_19' title="bbox 1121 2428 2110 2620">
     <span class='ocr_line' id='line_1_94' title="bbox 1224 2428 2110 2477; baseline -0.007 -10"><span class='ocrx_word' id='word_1_609' title='bbox 1224 2433 1320 2477; x_wconf 82' lang='lat' dir='ltr'>Quid</span> <span class='ocrx_word' id='word_1_610' title='bbox 1348 2433 1454 2475; x_wconf 87' lang='lat' dir='ltr'>igitur</span> <span class='ocrx_word' id='word_1_611' title='bbox 1478 2441 1595 2463; x_wconf 82' lang='lat' dir='ltr'>censes</span> <span class='ocrx_word' id='word_1_612' title='bbox 1617 2429 1696 2462; x_wconf 89' lang='lat' dir='ltr'>dari</span> <span class='ocrx_word' id='word_1_613' title='bbox 1727 2429 1771 2462; x_wconf 87' lang='lat' dir='ltr'>ab</span> <span class='ocrx_word' id='word_1_614' title='bbox 1796 2429 2006 2467; x_wconf 85' lang='lat' dir='ltr'>immortali,</span> <span class='ocrx_word' id='word_1_615' title='bbox 2042 2428 2110 2460; x_wconf 81' lang='lat' dir='ltr'>nisi</span> 
     </span>
     <span class='ocr_line' id='line_1_95' title="bbox 1121 2480 2110 2524; baseline -0.008 -6"><span class='ocrx_word' id='word_1_616' title='bbox 1121 2491 1260 2518; x_wconf 84' lang='lat' dir='ltr'>aeterna</span> <span class='ocrx_word' id='word_1_617' title='bbox 1290 2483 1406 2517; x_wconf 74' lang='lat' dir='ltr'>bona?</span> <span class='ocrx_word' id='word_1_618' title='bbox 1453 2495 1470 2515; x_wconf 85' lang='lat' dir='ltr'>a</span> <span class='ocrx_word' id='word_1_619' title='bbox 1499 2481 1690 2521; x_wconf 84' lang='lat' dir='ltr'>ditissimo,</span> <span class='ocrx_word' id='word_1_620' title='bbox 1721 2481 1789 2513; x_wconf 89' lang='lat' dir='ltr'>uisi</span> <span class='ocrx_word' id='word_1_621' title='bbox 1810 2480 2051 2524; x_wconf 69' lang='lat' dir='ltr'>amplissima?</span> <span class='ocrx_word' id='word_1_622' title='bbox 2092 2491 2110 2510; x_wconf 82' lang='lat' dir='ltr'>a</span> 
     </span>
     <span class='ocr_line' id='line_1_96' title="bbox 1122 2529 2108 2579; baseline -0.008 -9"><span class='ocrx_word' id='word_1_623' title='bbox 1122 2535 1196 2570; x_wconf 88' lang='lat' dir='ltr'>Deo</span> <span class='ocrx_word' id='word_1_624' title='bbox 1220 2535 1372 2579; x_wconf 89' lang='lat' dir='ltr'>denique</span> <span class='ocrx_word' id='word_1_625' title='bbox 1397 2533 1463 2566; x_wconf 90' lang='lat' dir='ltr'>uisi</span> <span class='ocrx_word' id='word_1_626' title='bbox 1488 2532 1634 2566; x_wconf 82' lang='lat' dir='ltr'>diviua?</span> <span class='ocrx_word' id='word_1_627' title='bbox 1674 2529 1741 2564; x_wconf 84' lang='lat' dir='ltr'>hoc</span> <span class='ocrx_word' id='word_1_628' title='bbox 1758 2538 1829 2572; x_wconf 86' lang='lat' dir='ltr'>est,</span> <span class='ocrx_word' id='word_1_629' title='bbox 1854 2543 1914 2564; x_wconf 82' lang='lat' dir='ltr'>sua</span> <span class='ocrx_word' id='word_1_630' title='bbox 1933 2531 2108 2574; x_wconf 81' lang='lat' dir='ltr'>maguitu-</span> 
     </span>
     <span class='ocr_line' id='line_1_97' title="bbox 1122 2582 1962 2620; baseline -0.007 0"><span class='ocrx_word' id='word_1_631' title='bbox 1122 2587 1206 2620; x_wconf 90' lang='lat' dir='ltr'>diue</span> <span class='ocrx_word' id='word_1_632' title='bbox 1219 2599 1256 2619; x_wconf 90' lang='lat' dir='ltr'>ac</span> <span class='ocrx_word' id='word_1_633' title='bbox 1275 2585 1431 2618; x_wconf 84' lang='lat' dir='ltr'>bonitate</span> <span class='ocrx_word' id='word_1_634' title='bbox 1450 2584 1618 2616; x_wconf 88' lang='lat' dir='ltr'>immensa</span> <span class='ocrx_word' id='word_1_635' title='bbox 1638 2589 1668 2616; x_wconf 89' lang='lat' dir='ltr'>et</span> <span class='ocrx_word' id='word_1_636' title='bbox 1687 2583 1826 2616; x_wconf 81' lang='lat' dir='ltr'>infinita</span> <span class='ocrx_word' id='word_1_637' title='bbox 1847 2582 1962 2614; x_wconf 82' lang='lat' dir='ltr'>boua‘?</span> 
     </span>
    </p>

    <p class='ocr_par' dir='ltr' id='par_1_20' title="bbox 1223 2630 2107 2678">
     <span class='ocr_line' id='line_1_98' title="bbox 1223 2630 2107 2678; baseline -0.008 -10"><span class='ocrx_word' id='word_1_638' title='bbox 1223 2637 1323 2678; x_wconf 77' lang='lat' dir='ltr'>Quae</span> <span class='ocrx_word' id='word_1_639' title='bbox 1348 2636 1454 2677; x_wconf 79' lang='lat' dir='ltr'>igitur</span> <span class='ocrx_word' id='word_1_640' title='bbox 1476 2642 1556 2668; x_wconf 84' lang='lat' dir='ltr'>sunt</span> <span class='ocrx_word' id='word_1_641' title='bbox 1574 2635 1633 2668; x_wconf 86' lang='lat' dir='ltr'>illa</span> <span class='ocrx_word' id='word_1_642' title='bbox 1660 2635 1773 2671; x_wconf 79' lang='lat' dir='ltr'>dona,</span> <span class='ocrx_word' id='word_1_643' title='bbox 1800 2645 1889 2678; x_wconf 84' lang='lat' dir='ltr'>quae</span> <span class='ocrx_word' id='word_1_644' title='bbox 1906 2630 1962 2664; x_wconf 79' lang='lat' dir='ltr'>hic</span> <span class='ocrx_word' id='word_1_645' title='bbox 1981 2631 2058 2664; x_wconf 78' lang='lat' dir='ltr'>talis</span> <span class='ocrx_word' id='word_1_646' title='bbox 2075 2636 2107 2662; x_wconf 86' lang='lat' dir='ltr'>et</span> 
     </span>
    </p>
   </div>
   <div class='ocr_carea' id='block_1_14' title="bbox 84 2681 2107 2730">
    <p class='ocr_par' dir='ltr' id='par_1_21' title="bbox 84 2681 2107 2730">
     <span class='ocr_line' id='line_1_99' title="bbox 84 2681 2107 2730; baseline -0.004 -10"><span class='ocrx_word' id='word_1_647' title='bbox 84 2686 198 2720; x_wconf 82' lang='lat' dir='ltr'>larum</span> <span class='ocrx_word' id='word_1_648' title='bbox 222 2686 515 2722; x_wconf 81' lang='lat' dir='ltr'>consuetudinem</span> <span class='ocrx_word' id='word_1_649' title='bbox 538 2689 674 2730; x_wconf 88' lang='lat' dir='ltr'>norint,</span> <span class='ocrx_word' id='word_1_650' title='bbox 710 2696 744 2723; x_wconf 85' lang='lat' dir='ltr'>et</span> <span class='ocrx_word' id='word_1_651' title='bbox 765 2689 895 2730; x_wconf 89' lang='lat' dir='ltr'>sciant,</span> <span class='ocrx_word' id='word_1_652' title='bbox 930 2700 995 2722; x_wconf 84' lang='lat' dir='ltr'>nos</span> <span class='ocrx_word' id='word_1_653' title='bbox 1011 2686 1073 2722; x_wconf 75' lang='lat' dir='ltr'>lias</span> <span class='ocrx_word' id='word_1_654' title='bbox 1123 2695 1240 2723; x_wconf 86' lang='lat' dir='ltr'>tantus</span> <span class='ocrx_word' id='word_1_655' title='bbox 1260 2687 1389 2726; x_wconf 79' lang='lat' dir='ltr'>victor,</span> <span class='ocrx_word' id='word_1_656' title='bbox 1416 2693 1485 2720; x_wconf 86' lang='lat' dir='ltr'>tam</span> <span class='ocrx_word' id='word_1_657' title='bbox 1510 2686 1713 2725; x_wconf 81' lang='lat' dir='ltr'>munificus,</span> <span class='ocrx_word' id='word_1_658' title='bbox 1740 2691 1773 2717; x_wconf 89' lang='lat' dir='ltr'>et</span> <span class='ocrx_word' id='word_1_659' title='bbox 1797 2685 1841 2716; x_wconf 88' lang='lat' dir='ltr'>ob</span> <span class='ocrx_word' id='word_1_660' title='bbox 1866 2684 1978 2726; x_wconf 87' lang='lat' dir='ltr'>ipsum</span> <span class='ocrx_word' id='word_1_661' title='bbox 1995 2681 2107 2713; x_wconf 81' lang='lat' dir='ltr'>victo-</span> 
     </span>
    </p>
   </div>
  </div>
 </body>
</html>
