<?xml version="1.0" encoding="UTF-8"?>
<!DOCTYPE html PUBLIC "-//W3C//DTD XHTML 1.0 Transitional//EN"
    "http://www.w3.org/TR/xhtml1/DTD/xhtml1-transitional.dtd">
<html xmlns="http://www.w3.org/1999/xhtml" xml:lang="en" lang="en">
 <head>
  <title>
</title>
<meta http-equiv="Content-Type" content="text/html;charset=utf-8" />
  <meta name='ocr-system' content='tesseract 3.04.00' />
  <meta name='ocr-capabilities' content='ocr_page ocr_carea ocr_par ocr_line ocrx_word'/>
</head>
<body>
  <div class='ocr_page' id='page_1' title='image "./operaquaesupersu12melauoft/operaquaesupersu12melauoft_0461.png"; bbox 0 0 2324 2955; ppageno 0'>
   <div class='ocr_carea' id='block_1_1' title="bbox 128 96 202 132">
    <p class='ocr_par' dir='ltr' id='par_1_1' title="bbox 128 96 202 132">
     <span class='ocr_line' id='line_1_1' title="bbox 128 96 202 132; baseline -0.027 0"><span class='ocrx_word' id='word_1_1' title='bbox 128 96 202 132; x_wconf 86' lang='lat'>897</span> 
     </span>
    </p>
   </div>
   <div class='ocr_carea' id='block_1_2' title="bbox 118 180 1108 1830">
    <p class='ocr_par' dir='ltr' id='par_1_2' title="bbox 129 180 1108 426">
     <span class='ocr_line' id='line_1_2' title="bbox 132 180 1108 227; baseline 0 -11"><span class='ocrx_word' id='word_1_2' title='bbox 132 182 187 217; x_wconf 85' lang='lat' dir='ltr'>tis.</span> <span class='ocrx_word' id='word_1_3' title='bbox 254 180 361 215; x_wconf 87' lang='lat' dir='ltr'>Multi</span> <span class='ocrx_word' id='word_1_4' title='bbox 393 182 598 226; x_wconf 77' lang='lat' dir='ltr'>praecipuae</span> <span class='ocrx_word' id='word_1_5' title='bbox 632 182 828 217; x_wconf 73' lang='lat' dir='ltr'>nobilitatis</span> <span class='ocrx_word' id='word_1_6' title='bbox 855 182 991 218; x_wconf 87' lang='lat' dir='ltr'>Romae</span> <span class='ocrx_word' id='word_1_7' title='bbox 1025 194 1108 227; x_wconf 89' lang='lat' dir='ltr'>pro·</span> 
     </span>
     <span class='ocr_line' id='line_1_3' title="bbox 132 228 1108 275; baseline 0 -10"><span class='ocrx_word' id='word_1_8' title='bbox 132 231 251 275; x_wconf 90' lang='lat' dir='ltr'>scripti</span> <span class='ocrx_word' id='word_1_9' title='bbox 267 239 299 265; x_wconf 87' lang='lat' dir='ltr'>et</span> <span class='ocrx_word' id='word_1_10' title='bbox 319 232 489 265; x_wconf 70' lang='lat' dir='ltr'>interfecti</span> <span class='ocrx_word' id='word_1_11' title='bbox 509 238 599 265; x_wconf 87' lang='lat' dir='ltr'>sunt.</span> <span class='ocrx_word' id='word_1_12' title='bbox 653 231 757 267; x_wconf 82' lang='lat' dir='ltr'>Tune</span> <span class='ocrx_word' id='word_1_13' title='bbox 781 241 813 268; x_wconf 90' lang='lat' dir='ltr'>et</span> <span class='ocrx_word' id='word_1_14' title='bbox 831 231 889 268; x_wconf 78' lang='lat' dir='ltr'>M.</span> <span class='ocrx_word' id='word_1_15' title='bbox 907 228 1032 267; x_wconf 84' lang='lat' dir='ltr'>Cicero</span> <span class='ocrx_word' id='word_1_16' title='bbox 1051 233 1108 265; x_wconf 91' lang='lat' dir='ltr'>in-</span> 
     </span>
     <span class='ocr_line' id='line_1_4' title="bbox 129 282 1108 328; baseline 0.002 -14"><span class='ocrx_word' id='word_1_17' title='bbox 129 293 264 325; x_wconf 86' lang='lat' dir='ltr'>gressus</span> <span class='ocrx_word' id='word_1_18' title='bbox 288 293 420 315; x_wconf 90' lang='lat' dir='ltr'>annum</span> <span class='ocrx_word' id='word_1_19' title='bbox 443 282 693 324; x_wconf 84' lang='lat' dir='ltr'>sexagesimum</span> <span class='ocrx_word' id='word_1_20' title='bbox 718 291 883 328; x_wconf 87' lang='lat' dir='ltr'>quartum</span> <span class='ocrx_word' id='word_1_21' title='bbox 913 295 1031 317; x_wconf 86' lang='lat' dir='ltr'>mense</span> <span class='ocrx_word' id='word_1_22' title='bbox 1055 282 1108 316; x_wconf 89' lang='lat' dir='ltr'>la-</span> 
     </span>
     <span class='ocr_line' id='line_1_5' title="bbox 129 330 1106 378; baseline 0.001 -13"><span class='ocrx_word' id='word_1_23' title='bbox 129 333 256 365; x_wconf 90' lang='lat' dir='ltr'>nuario</span> <span class='ocrx_word' id='word_1_24' title='bbox 276 333 475 366; x_wconf 85' lang='lat' dir='ltr'>interfectus</span> <span class='ocrx_word' id='word_1_25' title='bbox 492 339 559 373; x_wconf 87' lang='lat' dir='ltr'>est,</span> <span class='ocrx_word' id='word_1_26' title='bbox 586 330 686 366; x_wconf 60' lang='lat' dir='ltr'>&lt;hius</span> <span class='ocrx_word' id='word_1_27' title='bbox 703 341 806 378; x_wconf 88' lang='lat' dir='ltr'>caput</span> <span class='ocrx_word' id='word_1_28' title='bbox 823 347 900 368; x_wconf 93' lang='lat' dir='ltr'>cum</span> <span class='ocrx_word' id='word_1_29' title='bbox 925 336 1044 368; x_wconf 81' lang='lat' dir='ltr'>dextra</span> <span class='ocrx_word' id='word_1_30' title='bbox 1071 334 1106 366; x_wconf 93' lang='lat' dir='ltr'>in</span> 
     </span>
     <span class='ocr_line' id='line_1_6' title="bbox 131 382 494 426; baseline 0.003 -11"><span class='ocrx_word' id='word_1_31' title='bbox 131 383 252 417; x_wconf 86' lang='lat' dir='ltr'>rostris</span> <span class='ocrx_word' id='word_1_32' title='bbox 269 382 418 426; x_wconf 86' lang='lat' dir='ltr'>positum</span> <span class='ocrx_word' id='word_1_33' title='bbox 436 389 494 416; x_wconf 87' lang='lat' dir='ltr'>est.</span> 
     </span>
    </p>

    <p class='ocr_par' dir='ltr' id='par_1_3' title="bbox 128 432 1107 677">
     <span class='ocr_line' id='line_1_7' title="bbox 233 432 1107 476; baseline 0.003 -12"><span class='ocrx_word' id='word_1_34' title='bbox 233 432 339 465; x_wconf 85' lang='lat' dir='ltr'>Anno</span> <span class='ocrx_word' id='word_1_35' title='bbox 363 433 671 476; x_wconf 82' lang='lat' dir='ltr'>septingentesimo</span> <span class='ocrx_word' id='word_1_36' title='bbox 693 435 904 467; x_wconf 88' lang='lat' dir='ltr'>duodecimo</span> <span class='ocrx_word' id='word_1_37' title='bbox 930 433 1107 469; x_wconf 87' lang='lat' dir='ltr'>Antonius</span> 
     </span>
     <span class='ocr_line' id='line_1_8' title="bbox 129 480 1107 529; baseline 0.003 -13"><span class='ocrx_word' id='word_1_38' title='bbox 129 490 161 516; x_wconf 92' lang='lat' dir='ltr'>et</span> <span class='ocrx_word' id='word_1_39' title='bbox 178 480 348 516; x_wconf 81' lang='lat' dir='ltr'>Octavius</span> <span class='ocrx_word' id='word_1_40' title='bbox 366 482 491 516; x_wconf 87' lang='lat' dir='ltr'>Caesar</span> <span class='ocrx_word' id='word_1_41' title='bbox 508 482 657 517; x_wconf 88' lang='lat' dir='ltr'>Brutum</span> <span class='ocrx_word' id='word_1_42' title='bbox 684 491 716 517; x_wconf 91' lang='lat' dir='ltr'>et</span> <span class='ocrx_word' id='word_1_43' title='bbox 731 484 890 518; x_wconf 84' lang='lat' dir='ltr'>Cassium</span> <span class='ocrx_word' id='word_1_44' title='bbox 914 486 1006 519; x_wconf 90' lang='lat' dir='ltr'>bello</span> <span class='ocrx_word' id='word_1_45' title='bbox 1029 497 1107 529; x_wconf 90' lang='lat' dir='ltr'>per-</span> 
     </span>
     <span class='ocr_line' id='line_1_9' title="bbox 129 532 1106 578; baseline 0.004 -13"><span class='ocrx_word' id='word_1_46' title='bbox 129 533 265 578; x_wconf 83' lang='lat' dir='ltr'>sequuti</span> <span class='ocrx_word' id='word_1_47' title='bbox 283 539 375 568; x_wconf 84' lang='lat' dir='ltr'>sunt.</span> <span class='ocrx_word' id='word_1_48' title='bbox 428 532 568 567; x_wconf 87' lang='lat' dir='ltr'>Cassius</span> <span class='ocrx_word' id='word_1_49' title='bbox 586 534 653 566; x_wconf 84' lang='lat' dir='ltr'>sibi</span> <span class='ocrx_word' id='word_1_50' title='bbox 670 535 742 578; x_wconf 88' lang='lat' dir='ltr'>ipse</span> <span class='ocrx_word' id='word_1_51' title='bbox 760 542 909 568; x_wconf 89' lang='lat' dir='ltr'>mortem</span> <span class='ocrx_word' id='word_1_52' title='bbox 925 536 1106 570; x_wconf 79' lang='lat' dir='ltr'>conscivit·</span> 
     </span>
     <span class='ocr_line' id='line_1_10' title="bbox 128 582 1107 628; baseline 0.003 -12"><span class='ocrx_word' id='word_1_53' title='bbox 128 582 259 617; x_wconf 88' lang='lat' dir='ltr'>Brutus</span> <span class='ocrx_word' id='word_1_54' title='bbox 276 590 391 627; x_wconf 87' lang='lat' dir='ltr'>postca</span> <span class='ocrx_word' id='word_1_55' title='bbox 407 596 546 628; x_wconf 89' lang='lat' dir='ltr'>quoque</span> <span class='ocrx_word' id='word_1_56' title='bbox 562 596 597 617; x_wconf 90' lang='lat' dir='ltr'>se</span> <span class='ocrx_word' id='word_1_57' title='bbox 616 585 763 617; x_wconf 85' lang='lat' dir='ltr'>interfici</span> <span class='ocrx_word' id='word_1_58' title='bbox 780 597 797 618; x_wconf 91' lang='lat' dir='ltr'>a</span> <span class='ocrx_word' id='word_1_59' title='bbox 816 585 980 620; x_wconf 75' lang='lat' dir='ltr'>Stratone</span> <span class='ocrx_word' id='word_1_60' title='bbox 998 586 1107 627; x_wconf 89' lang='lat' dir='ltr'>iussit,</span> 
     </span>
     <span class='ocr_line' id='line_1_11' title="bbox 128 633 981 677; baseline 0.005 -11"><span class='ocrx_word' id='word_1_61' title='bbox 128 646 206 667; x_wconf 89' lang='lat' dir='ltr'>cum</span> <span class='ocrx_word' id='word_1_62' title='bbox 223 634 403 677; x_wconf 89' lang='lat' dir='ltr'>aliquanto</span> <span class='ocrx_word' id='word_1_63' title='bbox 421 641 501 666; x_wconf 88' lang='lat' dir='ltr'>ante</span> <span class='ocrx_word' id='word_1_64' title='bbox 520 635 696 669; x_wconf 73' lang='lat' dir='ltr'>recitasset</span> <span class='ocrx_word' id='word_1_65' title='bbox 715 633 809 668; x_wconf 91' lang='lat' dir='ltr'>hunc</span> <span class='ocrx_word' id='word_1_66' title='bbox 826 648 981 670; x_wconf 86' lang='lat' dir='ltr'>versum:</span> 
     </span>
    </p>

    <p class='ocr_par' dir='ltr' id='par_1_4' title="bbox 126 681 1105 818">
     <span class='ocr_line' id='line_1_12' title="bbox 168 681 912 720; baseline 0.005 -10"><span class='ocrx_word' id='word_1_67' title='bbox 168 683 231 712; x_wconf 86' lang='grc' dir='ltr'>Ζεῦ</span> <span class='ocrx_word' id='word_1_68' title='bbox 253 681 294 720; x_wconf 65' lang='grc' dir='ltr'>μὴ</span> <span class='ocrx_word' id='word_1_69' title='bbox 317 681 415 712; x_wconf 67' lang='grc' dir='ltr'><em>λάθοι</em></span> <span class='ocrx_word' id='word_1_70' title='bbox 440 694 475 712; x_wconf 84' lang='grc' dir='ltr'>σε</span> <span class='ocrx_word' id='word_1_71' title='bbox 499 683 594 713; x_wconf 74' lang='grc' dir='ltr'><em>τῶνδε</em></span> <span class='ocrx_word' id='word_1_72' title='bbox 618 681 652 719; x_wconf 79' lang='grc' dir='ltr'>ὃς</span> <span class='ocrx_word' id='word_1_73' title='bbox 675 683 777 720; x_wconf 69' lang='grc' dir='ltr'><em>αἴτιος</em></span> <span class='ocrx_word' id='word_1_74' title='bbox 800 686 912 715; x_wconf 75' lang='grc' dir='ltr'><em>κακῶν.</em></span> 
     </span>
     <span class='ocr_line' id='line_1_13' title="bbox 128 732 1105 779; baseline 0.002 -13"><span class='ocrx_word' id='word_1_75' title='bbox 128 732 209 776; x_wconf 87' lang='lat' dir='ltr'>Quo</span> <span class='ocrx_word' id='word_1_76' title='bbox 240 745 342 767; x_wconf 87' lang='lat' dir='ltr'>versu</span> <span class='ocrx_word' id='word_1_77' title='bbox 369 734 460 767; x_wconf 89' lang='lat' dir='ltr'>mala</span> <span class='ocrx_word' id='word_1_78' title='bbox 486 734 696 779; x_wconf 74' lang='lat' dir='ltr'>imprecatus</span> <span class='ocrx_word' id='word_1_79' title='bbox 717 742 767 769; x_wconf 90' lang='lat' dir='ltr'>est</span> <span class='ocrx_word' id='word_1_80' title='bbox 790 737 906 770; x_wconf 89' lang='lat' dir='ltr'>autori</span> <span class='ocrx_word' id='word_1_81' title='bbox 930 743 1105 770; x_wconf 90' lang='lat' dir='ltr'>tantarum</span> 
     </span>
     <span class='ocr_line' id='line_1_14' title="bbox 126 784 373 818; baseline 0 -1"><span class='ocrx_word' id='word_1_82' title='bbox 126 784 373 818; x_wconf 77' lang='lat' dir='ltr'>calamitatum.</span> 
     </span>
    </p>

    <p class='ocr_par' dir='ltr' id='par_1_5' title="bbox 118 834 1106 1830">
     <span class='ocr_line' id='line_1_15' title="bbox 227 834 1106 870; baseline 0.002 -3"><span class='ocrx_word' id='word_1_83' title='bbox 227 834 389 868; x_wconf 84' lang='lat' dir='ltr'>Tandem</span> <span class='ocrx_word' id='word_1_84' title='bbox 423 842 456 869; x_wconf 92' lang='lat' dir='ltr'>et</span> <span class='ocrx_word' id='word_1_85' title='bbox 489 836 581 869; x_wconf 92' lang='lat' dir='ltr'>inter</span> <span class='ocrx_word' id='word_1_86' title='bbox 614 835 839 870; x_wconf 77' lang='lat' dir='ltr'>Triumviros</span> <span class='ocrx_word' id='word_1_87' title='bbox 872 837 1106 870; x_wconf 87' lang='lat' dir='ltr'>dissensiones</span> 
     </span>
     <span class='ocr_line' id='line_1_16' title="bbox 126 885 1106 930; baseline 0 -12"><span class='ocrx_word' id='word_1_88' title='bbox 126 891 222 918; x_wconf 89' lang='lat' dir='ltr'>ortae</span> <span class='ocrx_word' id='word_1_89' title='bbox 248 892 348 924; x_wconf 90' lang='lat' dir='ltr'>sunt,</span> <span class='ocrx_word' id='word_1_90' title='bbox 382 892 422 919; x_wconf 80' lang='lat' dir='ltr'>ut.</span> <span class='ocrx_word' id='word_1_91' title='bbox 442 887 590 920; x_wconf 90' lang='lat' dir='ltr'>dicitur:</span> <span class='ocrx_word' id='word_1_92' title='bbox 625 885 730 919; x_wconf 90' lang='lat' dir='ltr'>Nulla</span> <span class='ocrx_word' id='word_1_93' title='bbox 757 888 840 920; x_wconf 79' lang='lat' dir='ltr'>sides</span> <span class='ocrx_word' id='word_1_94' title='bbox 863 888 963 930; x_wconf 80' lang='lat' dir='ltr'>regni</span> <span class='ocrx_word' id='word_1_95' title='bbox 992 887 1106 926; x_wconf 87' lang='lat' dir='ltr'>sociis,</span> 
     </span>
     <span class='ocr_line' id='line_1_17' title="bbox 125 935 1104 980; baseline 0.002 -13"><span class='ocrx_word' id='word_1_96' title='bbox 125 935 310 980; x_wconf 88' lang='lat' dir='ltr'>omnisque</span> <span class='ocrx_word' id='word_1_97' title='bbox 328 943 478 979; x_wconf 87' lang='lat' dir='ltr'>potestas</span> <span class='ocrx_word' id='word_1_98' title='bbox 497 936 681 979; x_wconf 79' lang='lat' dir='ltr'>impatiens</span> <span class='ocrx_word' id='word_1_99' title='bbox 698 937 869 970; x_wconf 89' lang='lat' dir='ltr'>consortis</span> <span class='ocrx_word' id='word_1_100' title='bbox 884 938 961 971; x_wconf 89' lang='lat' dir='ltr'>erit.</span> <span class='ocrx_word' id='word_1_101' title='bbox 996 935 1104 970; x_wconf 91' lang='lat' dir='ltr'>Cum-</span> 
     </span>
     <span class='ocr_line' id='line_1_18' title="bbox 126 983 1104 1031; baseline 0.001 -13"><span class='ocrx_word' id='word_1_102' title='bbox 126 997 194 1030; x_wconf 87' lang='lat' dir='ltr'>que</span> <span class='ocrx_word' id='word_1_103' title='bbox 211 983 390 1019; x_wconf 88' lang='lat' dir='ltr'>Antonius</span> <span class='ocrx_word' id='word_1_104' title='bbox 413 997 557 1029; x_wconf 90' lang='lat' dir='ltr'>sperans</span> <span class='ocrx_word' id='word_1_105' title='bbox 580 997 614 1018; x_wconf 93' lang='lat' dir='ltr'>se</span> <span class='ocrx_word' id='word_1_106' title='bbox 638 986 749 1019; x_wconf 89' lang='lat' dir='ltr'>solum</span> <span class='ocrx_word' id='word_1_107' title='bbox 775 987 968 1030; x_wconf 86' lang='lat' dir='ltr'>potiturum</span> <span class='ocrx_word' id='word_1_108' title='bbox 992 986 1104 1031; x_wconf 89' lang='lat' dir='ltr'>impe—</span> 
     </span>
     <span class='ocr_line' id='line_1_19' title="bbox 124 1036 1105 1080; baseline 0.002 -12"><span class='ocrx_word' id='word_1_109' title='bbox 124 1036 196 1075; x_wconf 83' lang='lat' dir='ltr'>rio,</span> <span class='ocrx_word' id='word_1_110' title='bbox 228 1047 267 1068; x_wconf 89' lang='lat' dir='ltr'>ex</span> <span class='ocrx_word' id='word_1_111' title='bbox 285 1036 443 1080; x_wconf 75' lang='lat' dir='ltr'>Aegypto</span> <span class='ocrx_word' id='word_1_112' title='bbox 469 1047 635 1079; x_wconf 84' lang='lat' dir='ltr'>magnum</span> <span class='ocrx_word' id='word_1_113' title='bbox 662 1037 851 1071; x_wconf 80' lang='lat' dir='ltr'>exercitum</span> <span class='ocrx_word' id='word_1_114' title='bbox 868 1036 1020 1071; x_wconf 83' lang='lat' dir='ltr'>Romam</span> <span class='ocrx_word' id='word_1_115' title='bbox 1043 1038 1105 1070; x_wconf 89' lang='lat' dir='ltr'>ad-</span> 
     </span>
     <span class='ocr_line' id='line_1_20' title="bbox 124 1083 1102 1131; baseline 0.002 -13"><span class='ocrx_word' id='word_1_116' title='bbox 124 1086 286 1126; x_wconf 86' lang='lat' dir='ltr'>duceret,</span> <span class='ocrx_word' id='word_1_117' title='bbox 312 1083 482 1119; x_wconf 87' lang='lat' dir='ltr'>Octavius</span> <span class='ocrx_word' id='word_1_118' title='bbox 491 1085 619 1119; x_wconf 89' lang='lat' dir='ltr'>Caesar</span> <span class='ocrx_word' id='word_1_119' title='bbox 636 1098 714 1119; x_wconf 88' lang='lat' dir='ltr'>cum</span> <span class='ocrx_word' id='word_1_120' title='bbox 732 1087 883 1120; x_wconf 87' lang='lat' dir='ltr'>exercitu</span> <span class='ocrx_word' id='word_1_121' title='bbox 903 1088 939 1119; x_wconf 94' lang='lat' dir='ltr'>in</span> <span class='ocrx_word' id='word_1_122' title='bbox 953 1085 1102 1131; x_wconf 87' lang='lat' dir='ltr'>Epirum</span> 
     </span>
     <span class='ocr_line' id='line_1_21' title="bbox 124 1135 1103 1182; baseline 0.002 -14"><span class='ocrx_word' id='word_1_123' title='bbox 124 1135 279 1174; x_wconf 87' lang='lat' dir='ltr'>traiecit,</span> <span class='ocrx_word' id='word_1_124' title='bbox 307 1136 367 1168; x_wconf 85' lang='lat' dir='ltr'>ubi</span> <span class='ocrx_word' id='word_1_125' title='bbox 386 1136 517 1168; x_wconf 82' lang='lat' dir='ltr'>victum</span> <span class='ocrx_word' id='word_1_126' title='bbox 537 1143 569 1170; x_wconf 90' lang='lat' dir='ltr'>et</span> <span class='ocrx_word' id='word_1_127' title='bbox 587 1137 745 1178; x_wconf 78' lang='lat' dir='ltr'>fugatum</span> <span class='ocrx_word' id='word_1_128' title='bbox 763 1135 960 1170; x_wconf 84' lang='lat' dir='ltr'>Antonium</span> <span class='ocrx_word' id='word_1_129' title='bbox 976 1149 1103 1182; x_wconf 89' lang='lat' dir='ltr'>sequu-</span> 
     </span>
     <span class='ocr_line' id='line_1_22' title="bbox 123 1183 1104 1221; baseline 0.001 -2"><span class='ocrx_word' id='word_1_130' title='bbox 123 1193 178 1219; x_wconf 86' lang='lat' dir='ltr'>tus</span> <span class='ocrx_word' id='word_1_131' title='bbox 197 1192 246 1218; x_wconf 89' lang='lat' dir='ltr'>est</span> <span class='ocrx_word' id='word_1_132' title='bbox 266 1183 528 1219; x_wconf 74' lang='lat' dir='ltr'>Alexandriam.</span> <span class='ocrx_word' id='word_1_133' title='bbox 582 1185 636 1218; x_wconf 91' lang='lat' dir='ltr'>Ibi</span> <span class='ocrx_word' id='word_1_134' title='bbox 654 1193 734 1219; x_wconf 89' lang='lat' dir='ltr'>ante</span> <span class='ocrx_word' id='word_1_135' title='bbox 753 1188 943 1221; x_wconf 84' lang='lat' dir='ltr'>adventum</span> <span class='ocrx_word' id='word_1_136' title='bbox 961 1186 1104 1221; x_wconf 87' lang='lat' dir='ltr'>Octavii</span> 
     </span>
     <span class='ocr_line' id='line_1_23' title="bbox 123 1235 1101 1282; baseline 0.001 -13"><span class='ocrx_word' id='word_1_137' title='bbox 123 1235 279 1269; x_wconf 80' lang='lat' dir='ltr'>Caesaris</span> <span class='ocrx_word' id='word_1_138' title='bbox 295 1236 547 1269; x_wconf 87' lang='lat' dir='ltr'>domunculam</span> <span class='ocrx_word' id='word_1_139' title='bbox 569 1242 766 1270; x_wconf 85' lang='lat' dir='ltr'>extruxerat</span> <span class='ocrx_word' id='word_1_140' title='bbox 793 1238 828 1270; x_wconf 89' lang='lat' dir='ltr'>in</span> <span class='ocrx_word' id='word_1_141' title='bbox 852 1250 919 1282; x_wconf 91' lang='lat' dir='ltr'>qua</span> <span class='ocrx_word' id='word_1_142' title='bbox 944 1238 1039 1271; x_wconf 89' lang='lat' dir='ltr'>velut</span> <span class='ocrx_word' id='word_1_143' title='bbox 1066 1238 1101 1270; x_wconf 89' lang='lat' dir='ltr'>in</span> 
     </span>
     <span class='ocr_line' id='line_1_24' title="bbox 123 1285 1102 1333; baseline 0.001 -14"><span class='ocrx_word' id='word_1_144' title='bbox 123 1297 255 1320; x_wconf 87' lang='lat' dir='ltr'>secessu</span> <span class='ocrx_word' id='word_1_145' title='bbox 278 1286 416 1320; x_wconf 88' lang='lat' dir='ltr'>dicebat</span> <span class='ocrx_word' id='word_1_146' title='bbox 440 1298 475 1319; x_wconf 89' lang='lat' dir='ltr'>se</span> <span class='ocrx_word' id='word_1_147' title='bbox 498 1286 661 1319; x_wconf 81' lang='lat' dir='ltr'>Timonis</span> <span class='ocrx_word' id='word_1_148' title='bbox 685 1285 961 1333; x_wconf 67' lang='grc' dir='ltr'>,ιιισανθριύπου</span> <span class='ocrx_word' id='word_1_149' title='bbox 996 1289 1102 1321; x_wconf 87' lang='lat' dir='ltr'>vitam</span> 
     </span>
     <span class='ocr_line' id='line_1_25' title="bbox 122 1335 1103 1371; baseline 0.001 -1"><span class='ocrx_word' id='word_1_150' title='bbox 122 1344 282 1370; x_wconf 88' lang='lat' dir='ltr'>acturum</span> <span class='ocrx_word' id='word_1_151' title='bbox 307 1347 389 1370; x_wconf 87' lang='lat' dir='ltr'>esse.</span> <span class='ocrx_word' id='word_1_152' title='bbox 459 1335 581 1369; x_wconf 82' lang='lat' dir='ltr'>Postea</span> <span class='ocrx_word' id='word_1_153' title='bbox 613 1337 656 1368; x_wconf 87' lang='lat' dir='ltr'>ab</span> <span class='ocrx_word' id='word_1_154' title='bbox 683 1337 832 1371; x_wconf 87' lang='lat' dir='ltr'>Octavio</span> <span class='ocrx_word' id='word_1_155' title='bbox 858 1339 1103 1371; x_wconf 69' lang='lat' dir='ltr'>circumsessus</span> 
     </span>
     <span class='ocr_line' id='line_1_26' title="bbox 122 1386 1102 1430; baseline 0 -9"><span class='ocrx_word' id='word_1_156' title='bbox 122 1399 200 1421; x_wconf 91' lang='lat' dir='ltr'>cum</span> <span class='ocrx_word' id='word_1_157' title='bbox 218 1386 403 1430; x_wconf 83' lang='lat' dir='ltr'>aliquoties</span> <span class='ocrx_word' id='word_1_158' title='bbox 427 1386 636 1419; x_wconf 79' lang='lat' dir='ltr'>infoeliciter</span> <span class='ocrx_word' id='word_1_159' title='bbox 660 1388 875 1429; x_wconf 81' lang='lat' dir='ltr'>dimicasset,</span> <span class='ocrx_word' id='word_1_160' title='bbox 905 1395 938 1421; x_wconf 87' lang='lat' dir='ltr'>et</span> <span class='ocrx_word' id='word_1_161' title='bbox 961 1389 991 1420; x_wconf 92' lang='lat' dir='ltr'>ei</span> <span class='ocrx_word' id='word_1_162' title='bbox 1016 1390 1102 1422; x_wconf 86' lang='lat' dir='ltr'>falso</span> 
     </span>
     <span class='ocr_line' id='line_1_27' title="bbox 120 1435 1102 1480; baseline 0.002 -10"><span class='ocrx_word' id='word_1_163' title='bbox 120 1437 326 1470; x_wconf 89' lang='lat' dir='ltr'>nunciatum</span> <span class='ocrx_word' id='word_1_164' title='bbox 343 1443 440 1475; x_wconf 80' lang='lat' dir='ltr'>esset,</span> <span class='ocrx_word' id='word_1_165' title='bbox 461 1435 682 1480; x_wconf 83' lang='lat' dir='ltr'>Cleopatram</span> <span class='ocrx_word' id='word_1_166' title='bbox 699 1438 766 1470; x_wconf 85' lang='lat' dir='ltr'>sibi</span> <span class='ocrx_word' id='word_1_167' title='bbox 784 1439 992 1471; x_wconf 84' lang='lat' dir='ltr'>conscivisse</span> <span class='ocrx_word' id='word_1_168' title='bbox 1008 1451 1102 1472; x_wconf 85' lang='lat' dir='ltr'>mor-</span> 
     </span>
     <span class='ocr_line' id='line_1_28' title="bbox 121 1487 1102 1534; baseline 0.001 -13"><span class='ocrx_word' id='word_1_169' title='bbox 121 1496 209 1526; x_wconf 88' lang='lat' dir='ltr'>tem,</span> <span class='ocrx_word' id='word_1_170' title='bbox 236 1487 308 1530; x_wconf 90' lang='lat' dir='ltr'>ipse</span> <span class='ocrx_word' id='word_1_171' title='bbox 331 1498 403 1519; x_wconf 92' lang='lat' dir='ltr'>sese</span> <span class='ocrx_word' id='word_1_172' title='bbox 426 1487 619 1526; x_wconf 86' lang='lat' dir='ltr'>interfecit,</span> <span class='ocrx_word' id='word_1_173' title='bbox 646 1499 739 1520; x_wconf 86' lang='lat' dir='ltr'>anno</span> <span class='ocrx_word' id='word_1_174' title='bbox 761 1489 880 1522; x_wconf 88' lang='lat' dir='ltr'>aetatis</span> <span class='ocrx_word' id='word_1_175' title='bbox 898 1500 980 1521; x_wconf 89' lang='lat' dir='ltr'>suae</span> <span class='ocrx_word' id='word_1_176' title='bbox 996 1489 1102 1534; x_wconf 92' lang='lat' dir='ltr'>quin-</span> 
     </span>
     <span class='ocr_line' id='line_1_29' title="bbox 121 1538 1102 1583; baseline 0.002 -13"><span class='ocrx_word' id='word_1_177' title='bbox 121 1538 324 1583; x_wconf 84' lang='lat' dir='ltr'>quagesimo</span> <span class='ocrx_word' id='word_1_178' title='bbox 355 1543 468 1577; x_wconf 77' lang='lat' dir='ltr'>sexto,</span> <span class='ocrx_word' id='word_1_179' title='bbox 512 1548 606 1570; x_wconf 90' lang='lat' dir='ltr'>anno</span> <span class='ocrx_word' id='word_1_180' title='bbox 637 1544 751 1570; x_wconf 89' lang='lat' dir='ltr'>autem</span> <span class='ocrx_word' id='word_1_181' title='bbox 783 1539 994 1571; x_wconf 86' lang='lat' dir='ltr'>duodecimo</span> <span class='ocrx_word' id='word_1_182' title='bbox 1026 1546 1102 1583; x_wconf 86' lang='lat' dir='ltr'>post</span> 
     </span>
     <span class='ocr_line' id='line_1_30' title="bbox 119 1585 1101 1631; baseline 0.001 -10"><span class='ocrx_word' id='word_1_183' title='bbox 119 1595 268 1621; x_wconf 83' lang='lat' dir='ltr'>mortem</span> <span class='ocrx_word' id='word_1_184' title='bbox 290 1586 369 1619; x_wconf 88' lang='lat' dir='ltr'>lulii</span> <span class='ocrx_word' id='word_1_185' title='bbox 391 1586 559 1627; x_wconf 84' lang='lat' dir='ltr'>Caesaris.</span> <span class='ocrx_word' id='word_1_186' title='bbox 611 1585 750 1620; x_wconf 84' lang='lat' dir='ltr'>Deinde</span> <span class='ocrx_word' id='word_1_187' title='bbox 774 1595 805 1621; x_wconf 86' lang='lat' dir='ltr'>et</span> <span class='ocrx_word' id='word_1_188' title='bbox 824 1587 1009 1631; x_wconf 86' lang='lat' dir='ltr'>Cleopatra</span> <span class='ocrx_word' id='word_1_189' title='bbox 1035 1589 1101 1622; x_wconf 89' lang='lat' dir='ltr'>sibi</span> 
     </span>
     <span class='ocr_line' id='line_1_31' title="bbox 120 1637 1100 1682; baseline -0.001 -10"><span class='ocrx_word' id='word_1_190' title='bbox 120 1639 256 1682; x_wconf 86' lang='lat' dir='ltr'>aspidas</span> <span class='ocrx_word' id='word_1_191' title='bbox 272 1637 446 1677; x_wconf 84' lang='lat' dir='ltr'>admovit,</span> <span class='ocrx_word' id='word_1_192' title='bbox 470 1649 557 1681; x_wconf 90' lang='lat' dir='ltr'>quae</span> <span class='ocrx_word' id='word_1_193' title='bbox 574 1649 647 1669; x_wconf 91' lang='lat' dir='ltr'>eam</span> <span class='ocrx_word' id='word_1_194' title='bbox 665 1645 847 1671; x_wconf 87' lang='lat' dir='ltr'>necarunt.</span> <span class='ocrx_word' id='word_1_195' title='bbox 900 1638 995 1671; x_wconf 84' lang='lat' dir='ltr'>Ilaec</span> <span class='ocrx_word' id='word_1_196' title='bbox 1013 1639 1100 1672; x_wconf 90' lang='lat' dir='ltr'>facta</span> 
     </span>
     <span class='ocr_line' id='line_1_32' title="bbox 119 1686 1100 1729; baseline 0 -7"><span class='ocrx_word' id='word_1_197' title='bbox 119 1695 201 1722; x_wconf 91' lang='lat' dir='ltr'>sunt</span> <span class='ocrx_word' id='word_1_198' title='bbox 217 1699 309 1719; x_wconf 87' lang='lat' dir='ltr'>anno</span> <span class='ocrx_word' id='word_1_199' title='bbox 327 1686 424 1718; x_wconf 88' lang='lat' dir='ltr'>urbis</span> <span class='ocrx_word' id='word_1_200' title='bbox 438 1686 744 1729; x_wconf 82' lang='lat' dir='ltr'>septingentesimo</span> <span class='ocrx_word' id='word_1_201' title='bbox 757 1689 922 1722; x_wconf 87' lang='lat' dir='ltr'>vicesimo</span> <span class='ocrx_word' id='word_1_202' title='bbox 935 1690 1100 1724; x_wconf 85' lang='lat' dir='ltr'>secundo.</span> 
     </span>
     <span class='ocr_line' id='line_1_33' title="bbox 118 1736 1101 1781; baseline 0.002 -10"><span class='ocrx_word' id='word_1_203' title='bbox 118 1739 241 1772; x_wconf 81' lang='lat' dir='ltr'>Postea</span> <span class='ocrx_word' id='word_1_204' title='bbox 274 1737 368 1769; x_wconf 89' lang='lat' dir='ltr'>solus</span> <span class='ocrx_word' id='word_1_205' title='bbox 399 1736 511 1769; x_wconf 88' lang='lat' dir='ltr'>tenuit</span> <span class='ocrx_word' id='word_1_206' title='bbox 543 1736 728 1779; x_wconf 82' lang='lat' dir='ltr'>imperium</span> <span class='ocrx_word' id='word_1_207' title='bbox 758 1736 930 1772; x_wconf 83' lang='lat' dir='ltr'>Octavius</span> <span class='ocrx_word' id='word_1_208' title='bbox 961 1738 1101 1781; x_wconf 88' lang='lat' dir='ltr'>Caesar,</span> 
     </span>
     <span class='ocr_line' id='line_1_34' title="bbox 120 1784 814 1830; baseline -0.004 -7"><span class='ocrx_word' id='word_1_209' title='bbox 120 1789 175 1823; x_wconf 85' lang='lat' dir='ltr'>cui</span> <span class='ocrx_word' id='word_1_210' title='bbox 193 1788 342 1822; x_wconf 81' lang='lat' dir='ltr'>Senatus</span> <span class='ocrx_word' id='word_1_211' title='bbox 360 1786 483 1820; x_wconf 87' lang='lat' dir='ltr'>tribuit</span> <span class='ocrx_word' id='word_1_212' title='bbox 502 1798 629 1818; x_wconf 86' lang='lat' dir='ltr'>nomen</span> <span class='ocrx_word' id='word_1_213' title='bbox 647 1784 814 1830; x_wconf 71' lang='lat' dir='ltr'>Augusti.</span> 
     </span>
    </p>
   </div>
   <div class='ocr_carea' id='block_1_3' title="bbox 271 1900 946 1937">
    <p class='ocr_par' dir='ltr' id='par_1_6' title="bbox 271 1900 946 1937">
     <span class='ocr_line' id='line_1_35' title="bbox 271 1900 946 1937; baseline 0 -1"><span class='ocrx_word' id='word_1_214' title='bbox 271 1903 337 1936; x_wconf 88' lang='lat' dir='ltr'>De</span> <span class='ocrx_word' id='word_1_215' title='bbox 366 1900 549 1935; x_wconf 81' lang='lat' dir='ltr'>Iudaea</span> <span class='ocrx_word' id='word_1_216' title='bbox 575 1900 696 1934; x_wconf 82' lang='lat' dir='ltr'>etde</span> <span class='ocrx_word' id='word_1_217' title='bbox 724 1901 946 1937; x_wconf 79' lang='lat' dir='ltr'>Ecclesia.</span> 
     </span>
    </p>
   </div>
   <div class='ocr_carea' id='block_1_4' title="bbox 117 1983 1100 2686">
    <p class='ocr_par' dir='ltr' id='par_1_7' title="bbox 118 1983 1100 2384">
     <span class='ocr_line' id='line_1_36' title="bbox 220 1983 1100 2028; baseline -0.002 -8"><span class='ocrx_word' id='word_1_218' title='bbox 220 1985 309 2020; x_wconf 91' lang='lat' dir='ltr'>Cum</span> <span class='ocrx_word' id='word_1_219' title='bbox 328 1986 362 2018; x_wconf 94' lang='lat' dir='ltr'>in</span> <span class='ocrx_word' id='word_1_220' title='bbox 382 1983 528 2018; x_wconf 91' lang='lat' dir='ltr'>historia</span> <span class='ocrx_word' id='word_1_221' title='bbox 546 1985 782 2019; x_wconf 84' lang='lat' dir='ltr'>consideratio</span> <span class='ocrx_word' id='word_1_222' title='bbox 800 1983 976 2019; x_wconf 87' lang='lat' dir='ltr'>Ecclesiae</span> <span class='ocrx_word' id='word_1_223' title='bbox 998 1997 1100 2028; x_wconf 88' lang='lat' dir='ltr'>prae-</span> 
     </span>
     <span class='ocr_line' id='line_1_37' title="bbox 119 2034 1099 2080; baseline -0.002 -10"><span class='ocrx_word' id='word_1_224' title='bbox 119 2038 218 2080; x_wconf 84' lang='lat' dir='ltr'>cipua</span> <span class='ocrx_word' id='word_1_225' title='bbox 237 2048 308 2069; x_wconf 90' lang='lat' dir='ltr'>esse</span> <span class='ocrx_word' id='word_1_226' title='bbox 327 2037 468 2073; x_wconf 87' lang='lat' dir='ltr'>debeat,</span> <span class='ocrx_word' id='word_1_227' title='bbox 497 2036 653 2068; x_wconf 91' lang='lat' dir='ltr'>dicamus</span> <span class='ocrx_word' id='word_1_228' title='bbox 677 2037 778 2068; x_wconf 87' lang='lat' dir='ltr'>etiam</span> <span class='ocrx_word' id='word_1_229' title='bbox 807 2036 841 2068; x_wconf 91' lang='lat' dir='ltr'>in</span> <span class='ocrx_word' id='word_1_230' title='bbox 867 2034 929 2069; x_wconf 89' lang='lat' dir='ltr'>hac</span> <span class='ocrx_word' id='word_1_231' title='bbox 955 2037 1099 2069; x_wconf 75' lang='lat' dir='ltr'>univer-</span> 
     </span>
     <span class='ocr_line' id='line_1_38' title="bbox 118 2084 1098 2130; baseline -0.003 -8"><span class='ocrx_word' id='word_1_232' title='bbox 118 2088 180 2122; x_wconf 88' lang='lat' dir='ltr'>sali</span> <span class='ocrx_word' id='word_1_233' title='bbox 201 2087 392 2121; x_wconf 82' lang='lat' dir='ltr'>mutatione</span> <span class='ocrx_word' id='word_1_234' title='bbox 409 2087 545 2127; x_wconf 78' lang='lat' dir='ltr'>generis</span> <span class='ocrx_word' id='word_1_235' title='bbox 564 2084 708 2118; x_wconf 85' lang='lat' dir='ltr'>humani</span> <span class='ocrx_word' id='word_1_236' title='bbox 723 2114 731 2125; x_wconf 93' lang='lat'>‚</span> <span class='ocrx_word' id='word_1_237' title='bbox 760 2098 838 2119; x_wconf 92' lang='lat' dir='ltr'>cum</span> <span class='ocrx_word' id='word_1_238' title='bbox 858 2087 948 2119; x_wconf 90' lang='lat' dir='ltr'>intra</span> <span class='ocrx_word' id='word_1_239' title='bbox 973 2099 1098 2130; x_wconf 88' lang='lat' dir='ltr'>paucos</span> 
     </span>
     <span class='ocr_line' id='line_1_39' title="bbox 118 2136 1098 2180; baseline -0.002 -8"><span class='ocrx_word' id='word_1_240' title='bbox 118 2150 229 2172; x_wconf 88' lang='lat' dir='ltr'>annos</span> <span class='ocrx_word' id='word_1_241' title='bbox 253 2145 285 2171; x_wconf 87' lang='lat' dir='ltr'>et</span> <span class='ocrx_word' id='word_1_242' title='bbox 309 2137 463 2170; x_wconf 83' lang='lat' dir='ltr'>cessisset</span> <span class='ocrx_word' id='word_1_243' title='bbox 489 2136 669 2170; x_wconf 70' lang='lat' dir='ltr'>l&#39;tomanae</span> <span class='ocrx_word' id='word_1_244' title='bbox 696 2137 870 2180; x_wconf 85' lang='lat' dir='ltr'>potentiae</span> <span class='ocrx_word' id='word_1_245' title='bbox 895 2149 982 2180; x_wconf 89' lang='lat' dir='ltr'>pene</span> <span class='ocrx_word' id='word_1_246' title='bbox 1006 2144 1098 2170; x_wconf 89' lang='lat' dir='ltr'>totus</span> 
     </span>
     <span class='ocr_line' id='line_1_40' title="bbox 119 2187 1097 2231; baseline -0.001 -10"><span class='ocrx_word' id='word_1_247' title='bbox 119 2189 214 2222; x_wconf 85' lang='lat' dir='ltr'>orbis</span> <span class='ocrx_word' id='word_1_248' title='bbox 233 2195 404 2222; x_wconf 88' lang='lat' dir='ltr'>terrarum</span> <span class='ocrx_word' id='word_1_249' title='bbox 428 2187 530 2220; x_wconf 91' lang='lat' dir='ltr'>nobis</span> <span class='ocrx_word' id='word_1_250' title='bbox 553 2187 731 2229; x_wconf 79' lang='lat' dir='ltr'>cognitus,</span> <span class='ocrx_word' id='word_1_251' title='bbox 766 2194 799 2220; x_wconf 89' lang='lat' dir='ltr'>et</span> <span class='ocrx_word' id='word_1_252' title='bbox 823 2187 887 2231; x_wconf 90' lang='lat' dir='ltr'>ipsi</span> <span class='ocrx_word' id='word_1_253' title='bbox 913 2188 1004 2221; x_wconf 90' lang='lat' dir='ltr'>inter</span> <span class='ocrx_word' id='word_1_254' title='bbox 1025 2200 1097 2220; x_wconf 84' lang='lat' dir='ltr'>sese</span> 
     </span>
     <span class='ocr_line' id='line_1_41' title="bbox 120 2231 1097 2281; baseline -0.004 -7"><span class='ocrx_word' id='word_1_255' title='bbox 120 2231 274 2274; x_wconf 78' lang='lat' dir='ltr'>Romani</span> <span class='ocrx_word' id='word_1_256' title='bbox 291 2238 382 2271; x_wconf 84' lang='lat' dir='ltr'>cives</span> <span class='ocrx_word' id='word_1_257' title='bbox 402 2244 497 2271; x_wconf 88' lang='lat' dir='ltr'>moto</span> <span class='ocrx_word' id='word_1_258' title='bbox 514 2237 605 2270; x_wconf 90' lang='lat' dir='ltr'>bello</span> <span class='ocrx_word' id='word_1_259' title='bbox 621 2238 811 2270; x_wconf 89' lang='lat' dir='ltr'>domestico</span> <span class='ocrx_word' id='word_1_260' title='bbox 823 2238 935 2270; x_wconf 91' lang='lat' dir='ltr'>collisi</span> <span class='ocrx_word' id='word_1_261' title='bbox 955 2250 1097 2281; x_wconf 75' lang='lat' dir='ltr'>magnas</span> 
     </span>
     <span class='ocr_line' id='line_1_42' title="bbox 120 2288 1095 2331; baseline -0.001 -9"><span class='ocrx_word' id='word_1_262' title='bbox 120 2290 326 2322; x_wconf 79' lang='lat' dir='ltr'>vastationes</span> <span class='ocrx_word' id='word_1_263' title='bbox 353 2289 388 2321; x_wconf 92' lang='lat' dir='ltr'>iu</span> <span class='ocrx_word' id='word_1_264' title='bbox 414 2295 485 2321; x_wconf 90' lang='lat' dir='ltr'>toto</span> <span class='ocrx_word' id='word_1_265' title='bbox 512 2288 659 2331; x_wconf 85' lang='lat' dir='ltr'>imperio</span> <span class='ocrx_word' id='word_1_266' title='bbox 685 2288 861 2328; x_wconf 85' lang='lat' dir='ltr'>fecissent,</span> <span class='ocrx_word' id='word_1_267' title='bbox 900 2301 944 2321; x_wconf 90' lang='lat' dir='ltr'>an</span> <span class='ocrx_word' id='word_1_268' title='bbox 970 2288 1095 2322; x_wconf 82' lang='lat' dir='ltr'>Iudaea</span> 
     </span>
     <span class='ocr_line' id='line_1_43' title="bbox 120 2337 1059 2384; baseline -0.003 -10"><span class='ocrx_word' id='word_1_269' title='bbox 120 2340 221 2374; x_wconf 83' lang='lat' dir='ltr'>fuerit</span> <span class='ocrx_word' id='word_1_270' title='bbox 240 2339 427 2384; x_wconf 89' lang='lat' dir='ltr'>tranquilla</span> <span class='ocrx_word' id='word_1_271' title='bbox 441 2366 450 2379; x_wconf 95' lang='lat'>‚</span> <span class='ocrx_word' id='word_1_272' title='bbox 476 2338 536 2371; x_wconf 88' lang='lat' dir='ltr'>ubi</span> <span class='ocrx_word' id='word_1_273' title='bbox 556 2339 653 2371; x_wconf 83' lang='lat' dir='ltr'>sedes</span> <span class='ocrx_word' id='word_1_274' title='bbox 672 2339 737 2371; x_wconf 89' lang='lat' dir='ltr'>suit</span> <span class='ocrx_word' id='word_1_275' title='bbox 755 2351 856 2372; x_wconf 85' lang='lat' dir='ltr'>verae</span> <span class='ocrx_word' id='word_1_276' title='bbox 875 2337 1059 2372; x_wconf 82' lang='lat' dir='ltr'>Ecclesiae.</span> 
     </span>
    </p>

    <p class='ocr_par' dir='ltr' id='par_1_8' title="bbox 117 2386 1095 2686">
     <span class='ocr_line' id='line_1_44' title="bbox 223 2386 1095 2430; baseline -0.001 -7"><span class='ocrx_word' id='word_1_277' title='bbox 223 2390 348 2423; x_wconf 89' lang='lat' dir='ltr'>lncidit</span> <span class='ocrx_word' id='word_1_278' title='bbox 376 2396 489 2422; x_wconf 88' lang='lat' dir='ltr'>autem</span> <span class='ocrx_word' id='word_1_279' title='bbox 526 2389 559 2421; x_wconf 93' lang='lat' dir='ltr'>in</span> <span class='ocrx_word' id='word_1_280' title='bbox 587 2386 676 2421; x_wconf 86' lang='lat' dir='ltr'>banc</span> <span class='ocrx_word' id='word_1_281' title='bbox 702 2390 935 2422; x_wconf 85' lang='lat' dir='ltr'>universalem</span> <span class='ocrx_word' id='word_1_282' title='bbox 959 2390 1095 2430; x_wconf 71' lang='lat' dir='ltr'>generis</span> 
     </span>
     <span class='ocr_line' id='line_1_45' title="bbox 117 2439 1094 2483; baseline -0.004 -7"><span class='ocrx_word' id='word_1_283' title='bbox 117 2440 262 2476; x_wconf 85' lang='lat' dir='ltr'>humani</span> <span class='ocrx_word' id='word_1_284' title='bbox 281 2441 508 2472; x_wconf 85' lang='lat' dir='ltr'>mutationem</span> <span class='ocrx_word' id='word_1_285' title='bbox 525 2446 556 2473; x_wconf 90' lang='lat' dir='ltr'>et</span> <span class='ocrx_word' id='word_1_286' title='bbox 573 2439 649 2471; x_wconf 82' lang='lat' dir='ltr'>linis</span> <span class='ocrx_word' id='word_1_287' title='bbox 668 2440 828 2483; x_wconf 82' lang='lat' dir='ltr'>propriae</span> <span class='ocrx_word' id='word_1_288' title='bbox 844 2441 977 2483; x_wconf 77' lang='lat' dir='ltr'>periodi</span> <span class='ocrx_word' id='word_1_289' title='bbox 997 2441 1094 2481; x_wconf 72' lang='lat' dir='ltr'>regni</span> 
     </span>
     <span class='ocr_line' id='line_1_46' title="bbox 119 2490 1092 2535; baseline -0.003 -9"><span class='ocrx_word' id='word_1_290' title='bbox 119 2492 272 2531; x_wconf 79' lang='lat' dir='ltr'>Iudaici,</span> <span class='ocrx_word' id='word_1_291' title='bbox 298 2491 341 2522; x_wconf 88' lang='lat' dir='ltr'>de</span> <span class='ocrx_word' id='word_1_292' title='bbox 359 2502 426 2535; x_wconf 89' lang='lat' dir='ltr'>qua</span> <span class='ocrx_word' id='word_1_293' title='bbox 443 2490 573 2524; x_wconf 88' lang='lat' dir='ltr'>dictum</span> <span class='ocrx_word' id='word_1_294' title='bbox 594 2490 674 2522; x_wconf 88' lang='lat' dir='ltr'>suit:</span> <span class='ocrx_word' id='word_1_295' title='bbox 713 2490 790 2523; x_wconf 85' lang='lat' dir='ltr'>Non</span> <span class='ocrx_word' id='word_1_296' title='bbox 819 2491 996 2524; x_wconf 79' lang='lat' dir='ltr'>auferetur</span> <span class='ocrx_word' id='word_1_297' title='bbox 1018 2503 1092 2523; x_wconf 85' lang='lat' dir='ltr'>sce-</span> 
     </span>
     <span class='ocr_line' id='line_1_47' title="bbox 118 2539 1092 2587; baseline -0.003 -11"><span class='ocrx_word' id='word_1_298' title='bbox 118 2550 232 2587; x_wconf 88' lang='lat' dir='ltr'>ptrum</span> <span class='ocrx_word' id='word_1_299' title='bbox 258 2555 275 2575; x_wconf 91' lang='lat' dir='ltr'>a</span> <span class='ocrx_word' id='word_1_300' title='bbox 292 2542 395 2579; x_wconf 90' lang='lat' dir='ltr'>luda,</span> <span class='ocrx_word' id='word_1_301' title='bbox 423 2541 533 2574; x_wconf 90' lang='lat' dir='ltr'>donec</span> <span class='ocrx_word' id='word_1_302' title='bbox 550 2541 683 2573; x_wconf 88' lang='lat' dir='ltr'>venerit</span> <span class='ocrx_word' id='word_1_303' title='bbox 704 2539 817 2575; x_wconf 87' lang='lat' dir='ltr'>Siloh.</span> <span class='ocrx_word' id='word_1_304' title='bbox 871 2540 990 2583; x_wconf 77' lang='lat' dir='ltr'>Quare</span> <span class='ocrx_word' id='word_1_305' title='bbox 1014 2553 1092 2574; x_wconf 90' lang='lat' dir='ltr'>cum</span> 
     </span>
     <span class='ocr_line' id='line_1_48' title="bbox 118 2591 1093 2632; baseline -0.003 -6"><span class='ocrx_word' id='word_1_306' title='bbox 118 2593 254 2626; x_wconf 91' lang='lat' dir='ltr'>articuli</span> <span class='ocrx_word' id='word_1_307' title='bbox 280 2592 331 2624; x_wconf 91' lang='lat' dir='ltr'>illi</span> <span class='ocrx_word' id='word_1_308' title='bbox 358 2591 591 2624; x_wconf 83' lang='lat' dir='ltr'>mutationum</span> <span class='ocrx_word' id='word_1_309' title='bbox 618 2592 766 2623; x_wconf 80' lang='lat' dir='ltr'>maxime</span> <span class='ocrx_word' id='word_1_310' title='bbox 790 2592 859 2624; x_wconf 88' lang='lat' dir='ltr'>siut</span> <span class='ocrx_word' id='word_1_311' title='bbox 884 2592 1093 2632; x_wconf 87' lang='lat' dir='ltr'>turbulenti,</span> 
     </span>
     <span class='ocr_line' id='line_1_49' title="bbox 119 2641 1091 2686; baseline -0.002 -9"><span class='ocrx_word' id='word_1_312' title='bbox 119 2643 247 2686; x_wconf 76' lang='lat' dir='ltr'>Iudaea</span> <span class='ocrx_word' id='word_1_313' title='bbox 262 2642 364 2676; x_wconf 89' lang='lat' dir='ltr'>ctiam</span> <span class='ocrx_word' id='word_1_314' title='bbox 381 2641 447 2675; x_wconf 88' lang='lat' dir='ltr'>suit</span> <span class='ocrx_word' id='word_1_315' title='bbox 467 2641 640 2686; x_wconf 89' lang='lat' dir='ltr'>inquieta,</span> <span class='ocrx_word' id='word_1_316' title='bbox 674 2643 732 2675; x_wconf 83' lang='lat' dir='ltr'>sed</span> <span class='ocrx_word' id='word_1_317' title='bbox 757 2642 850 2686; x_wconf 85' lang='lat' dir='ltr'>ipsa,</span> <span class='ocrx_word' id='word_1_318' title='bbox 883 2649 921 2677; x_wconf 89' lang='lat' dir='ltr'>ut</span> <span class='ocrx_word' id='word_1_319' title='bbox 947 2643 999 2684; x_wconf 87' lang='lat' dir='ltr'>tit,</span> <span class='ocrx_word' id='word_1_320' title='bbox 1027 2643 1091 2675; x_wconf 88' lang='lat' dir='ltr'>do-</span> 
     </span>
    </p>
   </div>
   <div class='ocr_carea' id='block_1_5' title="bbox 825 94 1458 136">
    <p class='ocr_par' dir='ltr' id='par_1_9' title="bbox 825 94 1458 136">
     <span class='ocr_line' id='line_1_50' title="bbox 825 94 1458 136; baseline 0.008 -5"><span class='ocrx_word' id='word_1_321' title='bbox 825 97 851 134; x_wconf 86' lang='grc' dir='ltr'>Ι.</span> <span class='ocrx_word' id='word_1_322' title='bbox 891 94 1182 134; x_wconf 83' lang='lat' dir='ltr'>CHRONICON</span> <span class='ocrx_word' id='word_1_323' title='bbox 1213 95 1458 136; x_wconf 80' lang='lat' dir='ltr'>CARIONIS.</span> 
     </span>
    </p>
   </div>
   <div class='ocr_carea' id='block_1_6' title="bbox 2076 105 2148 141">
    <p class='ocr_par' dir='ltr' id='par_1_10' title="bbox 2076 105 2148 141">
     <span class='ocr_line' id='line_1_51' title="bbox 2076 105 2148 141; baseline 0.014 -1"><span class='ocrx_word' id='word_1_324' title='bbox 2076 105 2148 141; x_wconf 80' lang='lat'>898</span> 
     </span>
    </p>
   </div>
   <div class='ocr_carea' id='block_1_7' title="bbox 1141 182 2139 2691">
    <p class='ocr_par' dir='ltr' id='par_1_11' title="bbox 1148 182 2139 1771">
     <span class='ocr_line' id='line_1_52' title="bbox 1159 182 2139 233; baseline 0.01 -19"><span class='ocrx_word' id='word_1_325' title='bbox 1159 182 1300 216; x_wconf 89' lang='lat' dir='ltr'>mestica</span> <span class='ocrx_word' id='word_1_326' title='bbox 1326 184 1474 218; x_wconf 84' lang='lat' dir='ltr'>fratrum</span> <span class='ocrx_word' id='word_1_327' title='bbox 1499 185 1673 221; x_wconf 85' lang='lat' dir='ltr'>discordia</span> <span class='ocrx_word' id='word_1_328' title='bbox 1698 189 1839 223; x_wconf 88' lang='lat' dir='ltr'>attraxit</span> <span class='ocrx_word' id='word_1_329' title='bbox 1863 189 2021 233; x_wconf 87' lang='lat' dir='ltr'>ingentes</span> <span class='ocrx_word' id='word_1_330' title='bbox 2047 190 2139 224; x_wconf 87' lang='lat' dir='ltr'>cala-</span> 
     </span>
     <span class='ocr_line' id='line_1_53' title="bbox 1160 232 2138 282; baseline 0.01 -18"><span class='ocrx_word' id='word_1_331' title='bbox 1160 232 1311 273; x_wconf 87' lang='lat' dir='ltr'>mitates,</span> <span class='ocrx_word' id='word_1_332' title='bbox 1339 246 1423 278; x_wconf 86' lang='lat' dir='ltr'>quas</span> <span class='ocrx_word' id='word_1_333' title='bbox 1441 241 1557 268; x_wconf 90' lang='lat' dir='ltr'>tamen</span> <span class='ocrx_word' id='word_1_334' title='bbox 1575 235 1669 270; x_wconf 91' lang='lat' dir='ltr'>Deus</span> <span class='ocrx_word' id='word_1_335' title='bbox 1693 239 1885 282; x_wconf 84' lang='lat' dir='ltr'>mitigavit,</span> <span class='ocrx_word' id='word_1_336' title='bbox 1912 252 1956 273; x_wconf 89' lang='lat' dir='ltr'>ne</span> <span class='ocrx_word' id='word_1_337' title='bbox 1978 241 2138 274; x_wconf 80' lang='lat' dir='ltr'>funditus</span> 
     </span>
     <span class='ocr_line' id='line_1_54' title="bbox 1158 279 2137 325; baseline 0.011 -11"><span class='ocrx_word' id='word_1_338' title='bbox 1158 279 1314 316; x_wconf 89' lang='lat' dir='ltr'>Ecclesia</span> <span class='ocrx_word' id='word_1_339' title='bbox 1341 285 1526 320; x_wconf 85' lang='lat' dir='ltr'>deleretur.</span> <span class='ocrx_word' id='word_1_340' title='bbox 1588 285 1746 321; x_wconf 89' lang='lat' dir='ltr'>Primum</span> <span class='ocrx_word' id='word_1_341' title='bbox 1769 296 1886 323; x_wconf 89' lang='lat' dir='ltr'>autem</span> <span class='ocrx_word' id='word_1_342' title='bbox 1911 291 1955 324; x_wconf 91' lang='lat' dir='ltr'>de</span> <span class='ocrx_word' id='word_1_343' title='bbox 1979 289 2137 325; x_wconf 85' lang='lat' dir='ltr'>Ecclesia</span> 
     </span>
     <span class='ocr_line' id='line_1_55' title="bbox 1158 331 2138 375; baseline 0.011 -11"><span class='ocrx_word' id='word_1_344' title='bbox 1158 331 1195 364; x_wconf 91' lang='lat' dir='ltr'>in</span> <span class='ocrx_word' id='word_1_345' title='bbox 1222 344 1259 365; x_wconf 90' lang='lat' dir='ltr'>ea</span> <span class='ocrx_word' id='word_1_346' title='bbox 1284 335 1363 367; x_wconf 89' lang='lat' dir='ltr'>sede</span> <span class='ocrx_word' id='word_1_347' title='bbox 1385 332 1469 369; x_wconf 88' lang='lat' dir='ltr'>haec</span> <span class='ocrx_word' id='word_1_348' title='bbox 1490 337 1768 373; x_wconf 86' lang='lat' dir='ltr'>considerentur.</span> <span class='ocrx_word' id='word_1_349' title='bbox 1820 340 2019 374; x_wconf 88' lang='lat' dir='ltr'>Sacerdotia</span> <span class='ocrx_word' id='word_1_350' title='bbox 2039 349 2138 375; x_wconf 89' lang='lat' dir='ltr'>tene-</span> 
     </span>
     <span class='ocr_line' id='line_1_56' title="bbox 1157 381 2138 436; baseline 0.011 -22"><span class='ocrx_word' id='word_1_351' title='bbox 1157 383 1241 416; x_wconf 85' lang='lat' dir='ltr'>bant</span> <span class='ocrx_word' id='word_1_352' title='bbox 1265 381 1426 418; x_wconf 88' lang='lat' dir='ltr'>homines</span> <span class='ocrx_word' id='word_1_353' title='bbox 1451 385 1637 430; x_wconf 84' lang='lat' dir='ltr'>prophani.</span> <span class='ocrx_word' id='word_1_354' title='bbox 1695 389 1886 423; x_wconf 89' lang='lat' dir='ltr'>Doctrinae</span> <span class='ocrx_word' id='word_1_355' title='bbox 1909 403 2017 434; x_wconf 83' lang='lat' dir='ltr'>genus</span> <span class='ocrx_word' id='word_1_356' title='bbox 2041 393 2138 436; x_wconf 91' lang='lat' dir='ltr'>quod</span> 
     </span>
     <span class='ocr_line' id='line_1_57' title="bbox 1158 432 2137 485; baseline 0.01 -21"><span class='ocrx_word' id='word_1_357' title='bbox 1158 432 1323 468; x_wconf 89' lang='lat' dir='ltr'>latissime</span> <span class='ocrx_word' id='word_1_358' title='bbox 1340 436 1531 478; x_wconf 86' lang='lat' dir='ltr'>vagabatur</span> <span class='ocrx_word' id='word_1_359' title='bbox 1556 438 1592 470; x_wconf 90' lang='lat' dir='ltr'>in</span> <span class='ocrx_word' id='word_1_360' title='bbox 1619 440 1767 483; x_wconf 90' lang='lat' dir='ltr'>populo,</span> <span class='ocrx_word' id='word_1_361' title='bbox 1795 447 1866 474; x_wconf 86' lang='lat' dir='ltr'>erat</span> <span class='ocrx_word' id='word_1_362' title='bbox 1891 440 2137 485; x_wconf 89' lang='lat' dir='ltr'>pharisaicum.</span> 
     </span>
     <span class='ocr_line' id='line_1_58' title="bbox 1158 482 2137 536; baseline 0.011 -21"><span class='ocrx_word' id='word_1_363' title='bbox 1158 482 1227 515; x_wconf 87' lang='lat' dir='ltr'>Nec</span> <span class='ocrx_word' id='word_1_364' title='bbox 1251 490 1366 517; x_wconf 89' lang='lat' dir='ltr'>tamen</span> <span class='ocrx_word' id='word_1_365' title='bbox 1390 487 1512 529; x_wconf 86' lang='lat' dir='ltr'>exigua</span> <span class='ocrx_word' id='word_1_366' title='bbox 1540 488 1730 522; x_wconf 88' lang='lat' dir='ltr'>multitudo</span> <span class='ocrx_word' id='word_1_367' title='bbox 1755 491 1912 534; x_wconf 86' lang='lat' dir='ltr'>amplexa</span> <span class='ocrx_word' id='word_1_368' title='bbox 1935 498 1985 525; x_wconf 83' lang='lat' dir='ltr'>est</span> <span class='ocrx_word' id='word_1_369' title='bbox 2017 493 2137 536; x_wconf 90' lang='lat' dir='ltr'>epicu-</span> 
     </span>
     <span class='ocr_line' id='line_1_59' title="bbox 1156 535 2137 584; baseline 0.01 -19"><span class='ocrx_word' id='word_1_370' title='bbox 1156 544 1232 566; x_wconf 87' lang='lat' dir='ltr'>reos</span> <span class='ocrx_word' id='word_1_371' title='bbox 1250 535 1384 569; x_wconf 83' lang='lat' dir='ltr'>surores</span> <span class='ocrx_word' id='word_1_372' title='bbox 1400 536 1679 572; x_wconf 87' lang='lat' dir='ltr'>Zadduceorum.</span> <span class='ocrx_word' id='word_1_373' title='bbox 1734 538 1786 572; x_wconf 87' lang='lat' dir='ltr'>Ita</span> <span class='ocrx_word' id='word_1_374' title='bbox 1812 541 1848 572; x_wconf 88' lang='lat' dir='ltr'>in</span> <span class='ocrx_word' id='word_1_375' title='bbox 1872 552 1997 584; x_wconf 87' lang='lat' dir='ltr'>magna</span> <span class='ocrx_word' id='word_1_376' title='bbox 2014 543 2137 575; x_wconf 90' lang='lat' dir='ltr'>multi-</span> 
     </span>
     <span class='ocr_line' id='line_1_60' title="bbox 1157 584 2137 636; baseline 0.009 -21"><span class='ocrx_word' id='word_1_377' title='bbox 1157 584 1278 617; x_wconf 88' lang='lat' dir='ltr'>tudine</span> <span class='ocrx_word' id='word_1_378' title='bbox 1309 586 1458 620; x_wconf 82' lang='lat' dir='ltr'>extincta</span> <span class='ocrx_word' id='word_1_379' title='bbox 1485 587 1551 620; x_wconf 86' lang='lat' dir='ltr'>suit</span> <span class='ocrx_word' id='word_1_380' title='bbox 1578 600 1657 621; x_wconf 82' lang='lat' dir='ltr'>vera</span> <span class='ocrx_word' id='word_1_381' title='bbox 1682 589 1857 624; x_wconf 82' lang='lat' dir='ltr'>invocatio</span> <span class='ocrx_word' id='word_1_382' title='bbox 1878 589 1963 634; x_wconf 89' lang='lat' dir='ltr'>Dei,</span> <span class='ocrx_word' id='word_1_383' title='bbox 2007 592 2137 636; x_wconf 88' lang='lat' dir='ltr'>partim</span> 
     </span>
     <span class='ocr_line' id='line_1_61' title="bbox 1155 635 2137 685; baseline 0.009 -19"><span class='ocrx_word' id='word_1_384' title='bbox 1155 635 1401 677; x_wconf 81' lang='lat' dir='ltr'>superstitione</span> <span class='ocrx_word' id='word_1_385' title='bbox 1417 635 1705 680; x_wconf 83' lang='lat' dir='ltr'>Pharisaeorum,</span> <span class='ocrx_word' id='word_1_386' title='bbox 1726 640 1854 683; x_wconf 87' lang='lat' dir='ltr'>partim</span> <span class='ocrx_word' id='word_1_387' title='bbox 1875 641 2035 684; x_wconf 89' lang='lat' dir='ltr'>epicurea</span> <span class='ocrx_word' id='word_1_388' title='bbox 2052 654 2137 685; x_wconf 87' lang='lat' dir='ltr'>pro-</span> 
     </span>
     <span class='ocr_line' id='line_1_62' title="bbox 1157 682 2138 726; baseline 0.009 -10"><span class='ocrx_word' id='word_1_389' title='bbox 1157 682 1335 726; x_wconf 88' lang='lat' dir='ltr'>phanitate</span> <span class='ocrx_word' id='word_1_390' title='bbox 1364 686 1643 725; x_wconf 88' lang='lat' dir='ltr'>Zadduceorum.</span> <span class='ocrx_word' id='word_1_391' title='bbox 1709 689 1869 724; x_wconf 90' lang='lat' dir='ltr'>Servavit</span> <span class='ocrx_word' id='word_1_392' title='bbox 1899 698 2015 724; x_wconf 88' lang='lat' dir='ltr'>tamen</span> <span class='ocrx_word' id='word_1_393' title='bbox 2042 690 2138 725; x_wconf 82' lang='lat' dir='ltr'>Deus</span> 
     </span>
     <span class='ocr_line' id='line_1_63' title="bbox 1156 734 2137 785; baseline 0.009 -19"><span class='ocrx_word' id='word_1_394' title='bbox 1156 734 1229 777; x_wconf 91' lang='lat' dir='ltr'>pias</span> <span class='ocrx_word' id='word_1_395' title='bbox 1253 736 1437 781; x_wconf 86' lang='lat' dir='ltr'>reliquias,</span> <span class='ocrx_word' id='word_1_396' title='bbox 1465 737 1686 780; x_wconf 83' lang='lat' dir='ltr'>Simeonem,</span> <span class='ocrx_word' id='word_1_397' title='bbox 1713 738 1940 782; x_wconf 87' lang='lat' dir='ltr'>Zachariam,</span> <span class='ocrx_word' id='word_1_398' title='bbox 1975 749 2137 785; x_wconf 86' lang='lat' dir='ltr'>parentes</span> 
     </span>
     <span class='ocr_line' id='line_1_64' title="bbox 1157 784 2136 835; baseline 0.01 -19"><span class='ocrx_word' id='word_1_399' title='bbox 1157 784 1309 823; x_wconf 83' lang='lat' dir='ltr'>Mariae,</span> <span class='ocrx_word' id='word_1_400' title='bbox 1341 794 1373 820; x_wconf 88' lang='lat' dir='ltr'>et</span> <span class='ocrx_word' id='word_1_401' title='bbox 1400 794 1536 821; x_wconf 88' lang='lat' dir='ltr'>coetum</span> <span class='ocrx_word' id='word_1_402' title='bbox 1561 789 1733 833; x_wconf 89' lang='lat' dir='ltr'>aliquem,</span> <span class='ocrx_word' id='word_1_403' title='bbox 1768 791 1829 835; x_wconf 89' lang='lat' dir='ltr'>qui</span> <span class='ocrx_word' id='word_1_404' title='bbox 1851 788 1979 824; x_wconf 88' lang='lat' dir='ltr'>borum</span> <span class='ocrx_word' id='word_1_405' title='bbox 2005 793 2136 826; x_wconf 89' lang='lat' dir='ltr'>doctri-</span> 
     </span>
     <span class='ocr_line' id='line_1_65' title="bbox 1155 836 2135 884; baseline 0.01 -18"><span class='ocrx_word' id='word_1_406' title='bbox 1155 845 1235 867; x_wconf 82' lang='lat' dir='ltr'>nam</span> <span class='ocrx_word' id='word_1_407' title='bbox 1256 836 1309 878; x_wconf 88' lang='lat' dir='ltr'>pie</span> <span class='ocrx_word' id='word_1_408' title='bbox 1327 843 1358 870; x_wconf 90' lang='lat' dir='ltr'>et</span> <span class='ocrx_word' id='word_1_409' title='bbox 1377 845 1578 871; x_wconf 83' lang='lat' dir='ltr'>constanter</span> <span class='ocrx_word' id='word_1_410' title='bbox 1593 841 1772 884; x_wconf 82' lang='lat' dir='ltr'>amplexus</span> <span class='ocrx_word' id='word_1_411' title='bbox 1791 847 1853 884; x_wconf 87' lang='lat' dir='ltr'>est,</span> <span class='ocrx_word' id='word_1_412' title='bbox 1883 848 1915 875; x_wconf 89' lang='lat' dir='ltr'>et</span> <span class='ocrx_word' id='word_1_413' title='bbox 1930 854 2010 875; x_wconf 89' lang='lat' dir='ltr'>vere</span> <span class='ocrx_word' id='word_1_414' title='bbox 2020 841 2135 876; x_wconf 84' lang='lat' dir='ltr'>Deum</span> 
     </span>
     <span class='ocr_line' id='line_1_66' title="bbox 1154 886 2138 933; baseline 0.007 -16"><span class='ocrx_word' id='word_1_415' title='bbox 1154 896 1231 917; x_wconf 91' lang='lat' dir='ltr'>cum</span> <span class='ocrx_word' id='word_1_416' title='bbox 1250 886 1333 929; x_wconf 92' lang='lat' dir='ltr'>ipsis</span> <span class='ocrx_word' id='word_1_417' title='bbox 1350 887 1526 921; x_wconf 77' lang='lat' dir='ltr'>invocavit</span> <span class='ocrx_word' id='word_1_418' title='bbox 1544 889 1580 921; x_wconf 90' lang='lat' dir='ltr'>in</span> <span class='ocrx_word' id='word_1_419' title='bbox 1597 891 1776 932; x_wconf 82' lang='lat' dir='ltr'>agnitione</span> <span class='ocrx_word' id='word_1_420' title='bbox 1792 898 1824 924; x_wconf 93' lang='lat' dir='ltr'>et</span> <span class='ocrx_word' id='word_1_421' title='bbox 1840 892 1966 925; x_wconf 86' lang='lat' dir='ltr'>fiducia</span> <span class='ocrx_word' id='word_1_422' title='bbox 1984 893 2047 925; x_wconf 82' lang='lat' dir='ltr'>filii</span> <span class='ocrx_word' id='word_1_423' title='bbox 2059 892 2138 933; x_wconf 89' lang='lat' dir='ltr'>Dei,</span> 
     </span>
     <span class='ocr_line' id='line_1_67' title="bbox 1153 935 2137 976; baseline 0.01 -10"><span class='ocrx_word' id='word_1_424' title='bbox 1153 941 1186 967; x_wconf 89' lang='lat' dir='ltr'>et</span> <span class='ocrx_word' id='word_1_425' title='bbox 1202 935 1245 968; x_wconf 86' lang='lat' dir='ltr'>ab</span> <span class='ocrx_word' id='word_1_426' title='bbox 1262 937 1440 969; x_wconf 87' lang='lat' dir='ltr'>erroribus</span> <span class='ocrx_word' id='word_1_427' title='bbox 1451 935 1722 973; x_wconf 86' lang='lat' dir='ltr'>Pharisaeorum</span> <span class='ocrx_word' id='word_1_428' title='bbox 1741 947 1773 974; x_wconf 90' lang='lat' dir='ltr'>et</span> <span class='ocrx_word' id='word_1_429' title='bbox 1785 941 2053 975; x_wconf 87' lang='lat' dir='ltr'>Zadduceorum</span> <span class='ocrx_word' id='word_1_430' title='bbox 2073 944 2137 976; x_wconf 88' lang='lat' dir='ltr'>ab-</span> 
     </span>
     <span class='ocr_line' id='line_1_68' title="bbox 1153 982 2136 1032; baseline 0.009 -15"><span class='ocrx_word' id='word_1_431' title='bbox 1153 982 1310 1026; x_wconf 90' lang='lat' dir='ltr'>horruit,</span> <span class='ocrx_word' id='word_1_432' title='bbox 1346 993 1378 1020; x_wconf 85' lang='lat' dir='ltr'>et</span> <span class='ocrx_word' id='word_1_433' title='bbox 1402 998 1479 1027; x_wconf 87' lang='lat' dir='ltr'>eos,</span> <span class='ocrx_word' id='word_1_434' title='bbox 1511 989 1648 1032; x_wconf 82' lang='lat' dir='ltr'>quoties</span> <span class='ocrx_word' id='word_1_435' title='bbox 1671 990 1738 1022; x_wconf 81' lang='lat' dir='ltr'>fuit</span> <span class='ocrx_word' id='word_1_436' title='bbox 1762 992 1916 1032; x_wconf 84' lang='lat' dir='ltr'>occasio,</span> <span class='ocrx_word' id='word_1_437' title='bbox 1958 993 2136 1029; x_wconf 73' lang='lat' dir='ltr'>refutavit.</span> 
     </span>
     <span class='ocr_line' id='line_1_69' title="bbox 1153 1033 2135 1084; baseline 0.008 -17"><span class='ocrx_word' id='word_1_438' title='bbox 1153 1033 1220 1068; x_wconf 84' lang='lat' dir='ltr'>Hic</span> <span class='ocrx_word' id='word_1_439' title='bbox 1237 1036 1317 1078; x_wconf 87' lang='lat' dir='ltr'>pius</span> <span class='ocrx_word' id='word_1_440' title='bbox 1335 1043 1454 1070; x_wconf 88' lang='lat' dir='ltr'>coetus</span> <span class='ocrx_word' id='word_1_441' title='bbox 1474 1038 1510 1069; x_wconf 88' lang='lat' dir='ltr'>iu</span> <span class='ocrx_word' id='word_1_442' title='bbox 1527 1039 1668 1082; x_wconf 89' lang='lat' dir='ltr'>quantis</span> <span class='ocrx_word' id='word_1_443' title='bbox 1685 1040 1789 1073; x_wconf 81' lang='lat' dir='ltr'>fuerit</span> <span class='ocrx_word' id='word_1_444' title='bbox 1812 1042 1996 1084; x_wconf 84' lang='lat' dir='ltr'>periculis,</span> <span class='ocrx_word' id='word_1_445' title='bbox 2030 1042 2135 1075; x_wconf 87' lang='lat' dir='ltr'>intel-</span> 
     </span>
     <span class='ocr_line' id='line_1_70' title="bbox 1153 1085 2136 1136; baseline 0.01 -20"><span class='ocrx_word' id='word_1_446' title='bbox 1153 1085 1212 1127; x_wconf 87' lang='lat' dir='ltr'>ligi</span> <span class='ocrx_word' id='word_1_447' title='bbox 1239 1092 1352 1129; x_wconf 90' lang='lat' dir='ltr'>potest</span> <span class='ocrx_word' id='word_1_448' title='bbox 1381 1099 1421 1119; x_wconf 80' lang='lat' dir='ltr'>ex</span> <span class='ocrx_word' id='word_1_449' title='bbox 1454 1095 1566 1121; x_wconf 90' lang='lat' dir='ltr'>morte</span> <span class='ocrx_word' id='word_1_450' title='bbox 1591 1087 1782 1123; x_wconf 88' lang='lat' dir='ltr'>Zachariae</span> <span class='ocrx_word' id='word_1_451' title='bbox 1815 1091 1922 1135; x_wconf 91' lang='lat' dir='ltr'>patris</span> <span class='ocrx_word' id='word_1_452' title='bbox 1946 1091 2136 1136; x_wconf 87' lang='lat' dir='ltr'>Baptistae.</span> 
     </span>
     <span class='ocr_line' id='line_1_71' title="bbox 1152 1133 2135 1184; baseline 0.008 -17"><span class='ocrx_word' id='word_1_453' title='bbox 1152 1133 1266 1168; x_wconf 86' lang='lat' dir='ltr'>Credo</span> <span class='ocrx_word' id='word_1_454' title='bbox 1301 1137 1395 1169; x_wconf 91' lang='lat' dir='ltr'>enim</span> <span class='ocrx_word' id='word_1_455' title='bbox 1428 1138 1612 1176; x_wconf 87' lang='lat' dir='ltr'>vetustati,</span> <span class='ocrx_word' id='word_1_456' title='bbox 1661 1152 1749 1184; x_wconf 86' lang='lat' dir='ltr'>quae</span> <span class='ocrx_word' id='word_1_457' title='bbox 1776 1148 1895 1175; x_wconf 88' lang='lat' dir='ltr'>narrat</span> <span class='ocrx_word' id='word_1_458' title='bbox 1928 1141 2135 1175; x_wconf 89' lang='lat' dir='ltr'>Zachariam</span> 
     </span>
     <span class='ocr_line' id='line_1_72' title="bbox 1153 1187 2135 1230; baseline 0.009 -13"><span class='ocrx_word' id='word_1_459' title='bbox 1153 1193 1295 1229; x_wconf 86' lang='lat' dir='ltr'>propter</span> <span class='ocrx_word' id='word_1_460' title='bbox 1313 1187 1405 1230; x_wconf 90' lang='lat' dir='ltr'>piam</span> <span class='ocrx_word' id='word_1_461' title='bbox 1425 1189 1679 1222; x_wconf 86' lang='lat' dir='ltr'>consessionem</span> <span class='ocrx_word' id='word_1_462' title='bbox 1699 1191 1918 1225; x_wconf 86' lang='lat' dir='ltr'>interfectum</span> <span class='ocrx_word' id='word_1_463' title='bbox 1939 1204 2022 1226; x_wconf 86' lang='lat' dir='ltr'>esse.</span> <span class='ocrx_word' id='word_1_464' title='bbox 2064 1191 2135 1226; x_wconf 81' lang='lat' dir='ltr'>Ac·</span> 
     </span>
     <span class='ocr_line' id='line_1_73' title="bbox 1152 1237 2137 1287; baseline 0.008 -19"><span class='ocrx_word' id='word_1_465' title='bbox 1152 1237 1323 1270; x_wconf 88' lang='lat' dir='ltr'>cedebant</span> <span class='ocrx_word' id='word_1_466' title='bbox 1341 1244 1455 1270; x_wconf 87' lang='lat' dir='ltr'>autem</span> <span class='ocrx_word' id='word_1_467' title='bbox 1474 1239 1562 1272; x_wconf 89' lang='lat' dir='ltr'>aliae</span> <span class='ocrx_word' id='word_1_468' title='bbox 1583 1251 1729 1282; x_wconf 83' lang='lat' dir='ltr'>magnae</span> <span class='ocrx_word' id='word_1_469' title='bbox 1754 1242 1969 1276; x_wconf 86' lang='lat' dir='ltr'>calamitates</span> <span class='ocrx_word' id='word_1_470' title='bbox 1993 1250 2137 1287; x_wconf 88' lang='lat' dir='ltr'>propter</span> 
     </span>
     <span class='ocr_line' id='line_1_74' title="bbox 1152 1286 2133 1336; baseline 0.008 -18"><span class='ocrx_word' id='word_1_471' title='bbox 1152 1286 1297 1320; x_wconf 88' lang='lat' dir='ltr'>adsidua</span> <span class='ocrx_word' id='word_1_472' title='bbox 1315 1288 1424 1327; x_wconf 89' lang='lat' dir='ltr'>bella,</span> <span class='ocrx_word' id='word_1_473' title='bbox 1460 1290 1571 1322; x_wconf 92' lang='lat' dir='ltr'>donec</span> <span class='ocrx_word' id='word_1_474' title='bbox 1599 1289 1763 1323; x_wconf 84' lang='lat' dir='ltr'>Iudaeam</span> <span class='ocrx_word' id='word_1_475' title='bbox 1781 1291 1960 1335; x_wconf 86' lang='lat' dir='ltr'>Augustus</span> <span class='ocrx_word' id='word_1_476' title='bbox 1988 1293 2022 1325; x_wconf 90' lang='lat' dir='ltr'>in</span> <span class='ocrx_word' id='word_1_477' title='bbox 2050 1305 2133 1336; x_wconf 90' lang='lat' dir='ltr'>pro-</span> 
     </span>
     <span class='ocr_line' id='line_1_75' title="bbox 1152 1336 2135 1386; baseline 0.008 -18"><span class='ocrx_word' id='word_1_478' title='bbox 1152 1336 1287 1369; x_wconf 83' lang='lat' dir='ltr'>vinciae</span> <span class='ocrx_word' id='word_1_479' title='bbox 1313 1338 1463 1370; x_wconf 85' lang='lat' dir='ltr'>formam</span> <span class='ocrx_word' id='word_1_480' title='bbox 1489 1340 1631 1381; x_wconf 88' lang='lat' dir='ltr'>redegit.</span> <span class='ocrx_word' id='word_1_481' title='bbox 1692 1340 1884 1386; x_wconf 88' lang='lat' dir='ltr'>Postquam</span> <span class='ocrx_word' id='word_1_482' title='bbox 1910 1343 2004 1375; x_wconf 89' lang='lat' dir='ltr'>enim</span> <span class='ocrx_word' id='word_1_483' title='bbox 2027 1342 2135 1376; x_wconf 91' lang='lat' dir='ltr'>Pom-</span> 
     </span>
     <span class='ocr_line' id='line_1_76' title="bbox 1152 1386 2134 1436; baseline 0.009 -18"><span class='ocrx_word' id='word_1_484' title='bbox 1152 1386 1249 1429; x_wconf 88' lang='lat' dir='ltr'>peius</span> <span class='ocrx_word' id='word_1_485' title='bbox 1274 1394 1370 1430; x_wconf 88' lang='lat' dir='ltr'>capta</span> <span class='ocrx_word' id='word_1_486' title='bbox 1392 1387 1603 1434; x_wconf 72' lang='lat' dir='ltr'>ierosolyma</span> <span class='ocrx_word' id='word_1_487' title='bbox 1636 1402 1730 1423; x_wconf 90' lang='lat' dir='ltr'>anno</span> <span class='ocrx_word' id='word_1_488' title='bbox 1762 1392 2024 1436; x_wconf 88' lang='lat' dir='ltr'>quintodecimo</span> <span class='ocrx_word' id='word_1_489' title='bbox 2053 1401 2134 1427; x_wconf 86' lang='lat' dir='ltr'>ante</span> 
     </span>
     <span class='ocr_line' id='line_1_77' title="bbox 1151 1437 2134 1483; baseline 0.009 -15"><span class='ocrx_word' id='word_1_490' title='bbox 1151 1437 1283 1470; x_wconf 88' lang='lat' dir='ltr'>bellum</span> <span class='ocrx_word' id='word_1_491' title='bbox 1309 1438 1412 1470; x_wconf 79' lang='lat' dir='ltr'>civile</span> <span class='ocrx_word' id='word_1_492' title='bbox 1440 1446 1636 1482; x_wconf 88' lang='lat' dir='ltr'>susceptum</span> <span class='ocrx_word' id='word_1_493' title='bbox 1670 1442 1836 1475; x_wconf 86' lang='lat' dir='ltr'>adversus</span> <span class='ocrx_word' id='word_1_494' title='bbox 1864 1441 2012 1483; x_wconf 89' lang='lat' dir='ltr'>Iulium,</span> <span class='ocrx_word' id='word_1_495' title='bbox 2047 1443 2134 1477; x_wconf 84' lang='lat' dir='ltr'>Hir-</span> 
     </span>
     <span class='ocr_line' id='line_1_78' title="bbox 1150 1490 2133 1532; baseline 0.009 -14"><span class='ocrx_word' id='word_1_496' title='bbox 1150 1499 1237 1519; x_wconf 90' lang='lat' dir='ltr'>cano</span> <span class='ocrx_word' id='word_1_497' title='bbox 1254 1498 1431 1520; x_wconf 89' lang='lat' dir='ltr'>summum</span> <span class='ocrx_word' id='word_1_498' title='bbox 1446 1490 1678 1523; x_wconf 87' lang='lat' dir='ltr'>sacerdotium</span> <span class='ocrx_word' id='word_1_499' title='bbox 1698 1492 1866 1532; x_wconf 83' lang='lat' dir='ltr'>restituit,</span> <span class='ocrx_word' id='word_1_500' title='bbox 1895 1499 1927 1526; x_wconf 91' lang='lat' dir='ltr'>et</span> <span class='ocrx_word' id='word_1_501' title='bbox 1943 1491 2133 1527; x_wconf 88' lang='lat' dir='ltr'>Aristobu-</span> 
     </span>
     <span class='ocr_line' id='line_1_79' title="bbox 1150 1537 2131 1586; baseline 0.008 -17"><span class='ocrx_word' id='word_1_502' title='bbox 1150 1537 1222 1569; x_wconf 92' lang='lat' dir='ltr'>lum</span> <span class='ocrx_word' id='word_1_503' title='bbox 1242 1550 1319 1570; x_wconf 91' lang='lat' dir='ltr'>cum</span> <span class='ocrx_word' id='word_1_504' title='bbox 1339 1539 1477 1572; x_wconf 86' lang='lat' dir='ltr'>duobus</span> <span class='ocrx_word' id='word_1_505' title='bbox 1495 1540 1575 1572; x_wconf 84' lang='lat' dir='ltr'>filiis</span> <span class='ocrx_word' id='word_1_506' title='bbox 1594 1539 1795 1574; x_wconf 79' lang='lat' dir='ltr'>Alexandro</span> <span class='ocrx_word' id='word_1_507' title='bbox 1812 1549 1845 1575; x_wconf 86' lang='lat' dir='ltr'>et</span> <span class='ocrx_word' id='word_1_508' title='bbox 1863 1540 2042 1586; x_wconf 87' lang='lat' dir='ltr'>Antigono</span> <span class='ocrx_word' id='word_1_509' title='bbox 2056 1543 2131 1578; x_wconf 83' lang='lat' dir='ltr'>Ro-</span> 
     </span>
     <span class='ocr_line' id='line_1_80' title="bbox 1151 1588 2133 1627; baseline 0.009 -9"><span class='ocrx_word' id='word_1_510' title='bbox 1151 1599 1241 1619; x_wconf 90' lang='lat' dir='ltr'>mam</span> <span class='ocrx_word' id='word_1_511' title='bbox 1267 1588 1431 1626; x_wconf 79' lang='lat' dir='ltr'>abduxit,</span> <span class='ocrx_word' id='word_1_512' title='bbox 1466 1601 1586 1622; x_wconf 85' lang='lat' dir='ltr'>rursus</span> <span class='ocrx_word' id='word_1_513' title='bbox 1608 1591 1698 1624; x_wconf 88' lang='lat' dir='ltr'>bella</span> <span class='ocrx_word' id='word_1_514' title='bbox 1725 1592 1761 1624; x_wconf 90' lang='lat' dir='ltr'>in</span> <span class='ocrx_word' id='word_1_515' title='bbox 1786 1593 1913 1625; x_wconf 85' lang='lat' dir='ltr'>Iudaea</span> <span class='ocrx_word' id='word_1_516' title='bbox 1935 1601 2028 1626; x_wconf 86' lang='lat' dir='ltr'>mota</span> <span class='ocrx_word' id='word_1_517' title='bbox 2052 1601 2133 1627; x_wconf 86' lang='lat' dir='ltr'>sunt</span> 
     </span>
     <span class='ocr_line' id='line_1_81' title="bbox 1149 1639 2132 1684; baseline 0.008 -16"><span class='ocrx_word' id='word_1_518' title='bbox 1149 1649 1242 1669; x_wconf 89' lang='lat' dir='ltr'>anno</span> <span class='ocrx_word' id='word_1_519' title='bbox 1266 1645 1341 1680; x_wconf 86' lang='lat' dir='ltr'>post</span> <span class='ocrx_word' id='word_1_520' title='bbox 1368 1639 1432 1672; x_wconf 83' lang='lat' dir='ltr'>iter</span> <span class='ocrx_word' id='word_1_521' title='bbox 1456 1639 1614 1683; x_wconf 87' lang='lat' dir='ltr'>Pompeii</span> <span class='ocrx_word' id='word_1_522' title='bbox 1638 1642 1809 1684; x_wconf 88' lang='lat' dir='ltr'>septimo,</span> <span class='ocrx_word' id='word_1_523' title='bbox 1844 1644 1888 1676; x_wconf 92' lang='lat' dir='ltr'>ab</span> <span class='ocrx_word' id='word_1_524' title='bbox 1912 1642 2132 1683; x_wconf 76' lang='lat' dir='ltr'>Aristobulo,</span> 
     </span>
     <span class='ocr_line' id='line_1_82' title="bbox 1148 1687 2132 1735; baseline 0.009 -17"><span class='ocrx_word' id='word_1_525' title='bbox 1148 1687 1209 1731; x_wconf 92' lang='lat' dir='ltr'>qui</span> <span class='ocrx_word' id='word_1_526' title='bbox 1245 1698 1284 1718; x_wconf 79' lang='lat' dir='ltr'>ex</span> <span class='ocrx_word' id='word_1_527' title='bbox 1320 1688 1407 1720; x_wconf 85' lang='lat' dir='ltr'>urbe</span> <span class='ocrx_word' id='word_1_528' title='bbox 1442 1688 1556 1722; x_wconf 77' lang='lat' dir='ltr'>Roma</span> <span class='ocrx_word' id='word_1_529' title='bbox 1594 1690 1682 1723; x_wconf 86' lang='lat' dir='ltr'>clam</span> <span class='ocrx_word' id='word_1_530' title='bbox 1719 1692 1854 1735; x_wconf 78' lang='lat' dir='ltr'>fugiens</span> <span class='ocrx_word' id='word_1_531' title='bbox 1890 1693 1927 1726; x_wconf 90' lang='lat' dir='ltr'>in</span> <span class='ocrx_word' id='word_1_532' title='bbox 1968 1692 2132 1728; x_wconf 77' lang='lat' dir='ltr'>Iudaeam</span> 
     </span>
     <span class='ocr_line' id='line_1_83' title="bbox 1148 1737 1264 1771; baseline 0.009 -1"><span class='ocrx_word' id='word_1_533' title='bbox 1148 1737 1264 1771; x_wconf 90' lang='lat' dir='ltr'>rediit.</span> 
     </span>
    </p>

    <p class='ocr_par' dir='ltr' id='par_1_12' title="bbox 1144 1786 2132 2484">
     <span class='ocr_line' id='line_1_84' title="bbox 1251 1786 2132 1836; baseline 0.008 -15"><span class='ocrx_word' id='word_1_534' title='bbox 1251 1786 1411 1833; x_wconf 82' lang='lat' dir='ltr'>Cumque</span> <span class='ocrx_word' id='word_1_535' title='bbox 1435 1786 1636 1823; x_wconf 79' lang='lat' dir='ltr'>Alexander</span> <span class='ocrx_word' id='word_1_536' title='bbox 1656 1790 1800 1825; x_wconf 84' lang='lat' dir='ltr'>biennio</span> <span class='ocrx_word' id='word_1_537' title='bbox 1828 1793 1864 1825; x_wconf 90' lang='lat' dir='ltr'>in</span> <span class='ocrx_word' id='word_1_538' title='bbox 1890 1792 2015 1827; x_wconf 87' lang='lat' dir='ltr'>Iudaea</span> <span class='ocrx_word' id='word_1_539' title='bbox 2037 1805 2132 1836; x_wconf 82' lang='lat' dir='ltr'>gras-</span> 
     </span>
     <span class='ocr_line' id='line_1_85' title="bbox 1149 1840 2132 1885; baseline 0.009 -16"><span class='ocrx_word' id='word_1_540' title='bbox 1149 1844 1242 1870; x_wconf 89' lang='lat' dir='ltr'>satus</span> <span class='ocrx_word' id='word_1_541' title='bbox 1261 1845 1363 1878; x_wconf 88' lang='lat' dir='ltr'>esset‚</span> <span class='ocrx_word' id='word_1_542' title='bbox 1392 1840 1551 1882; x_wconf 86' lang='lat' dir='ltr'>pervenit</span> <span class='ocrx_word' id='word_1_543' title='bbox 1568 1840 1603 1872; x_wconf 88' lang='lat' dir='ltr'>in</span> <span class='ocrx_word' id='word_1_544' title='bbox 1621 1841 1810 1875; x_wconf 83' lang='lat' dir='ltr'>amicitiam</span> <span class='ocrx_word' id='word_1_545' title='bbox 1822 1842 1952 1884; x_wconf 88' lang='lat' dir='ltr'>Crassi,</span> <span class='ocrx_word' id='word_1_546' title='bbox 1979 1845 2033 1877; x_wconf 89' lang='lat' dir='ltr'>cui</span> <span class='ocrx_word' id='word_1_547' title='bbox 2054 1845 2132 1885; x_wconf 86' lang='lat' dir='ltr'>suit,</span> 
     </span>
     <span class='ocr_line' id='line_1_86' title="bbox 1151 1887 2131 1934; baseline 0.009 -15"><span class='ocrx_word' id='word_1_548' title='bbox 1151 1887 1313 1920; x_wconf 88' lang='lat' dir='ltr'>incitator</span> <span class='ocrx_word' id='word_1_549' title='bbox 1338 1895 1374 1921; x_wconf 84' lang='lat' dir='ltr'>ut</span> <span class='ocrx_word' id='word_1_550' title='bbox 1402 1887 1650 1934; x_wconf 74' lang='lat' dir='ltr'>lerosolymam</span> <span class='ocrx_word' id='word_1_551' title='bbox 1678 1891 1940 1933; x_wconf 81' lang='lat' dir='ltr'>ingrederetur,</span> <span class='ocrx_word' id='word_1_552' title='bbox 1967 1895 2028 1927; x_wconf 89' lang='lat' dir='ltr'>ubi</span> <span class='ocrx_word' id='word_1_553' title='bbox 2056 1907 2131 1927; x_wconf 84' lang='lat' dir='ltr'>ma-</span> 
     </span>
     <span class='ocr_line' id='line_1_87' title="bbox 1148 1939 2130 1987; baseline 0.008 -18"><span class='ocrx_word' id='word_1_554' title='bbox 1148 1948 1252 1979; x_wconf 86' lang='lat' dir='ltr'>gnam</span> <span class='ocrx_word' id='word_1_555' title='bbox 1271 1939 1454 1981; x_wconf 90' lang='lat' dir='ltr'>pecuniam</span> <span class='ocrx_word' id='word_1_556' title='bbox 1471 1940 1608 1972; x_wconf 80' lang='lat' dir='ltr'>auferre</span> <span class='ocrx_word' id='word_1_557' title='bbox 1626 1948 1752 1984; x_wconf 82' lang='lat' dir='ltr'>posset.</span> <span class='ocrx_word' id='word_1_558' title='bbox 1807 1942 1922 1976; x_wconf 84' lang='lat' dir='ltr'>Facile</span> <span class='ocrx_word' id='word_1_559' title='bbox 1945 1945 2130 1987; x_wconf 87' lang='lat' dir='ltr'>persuadet</span> 
     </span>
     <span class='ocr_line' id='line_1_88' title="bbox 1148 1987 2130 2034; baseline 0.008 -15"><span class='ocrx_word' id='word_1_560' title='bbox 1148 1987 1351 2020; x_wconf 86' lang='lat' dir='ltr'>avarissimo</span> <span class='ocrx_word' id='word_1_561' title='bbox 1378 1990 1480 2030; x_wconf 89' lang='lat' dir='ltr'>duci,</span> <span class='ocrx_word' id='word_1_562' title='bbox 1521 1990 1581 2034; x_wconf 83' lang='lat' dir='ltr'>qui</span> <span class='ocrx_word' id='word_1_563' title='bbox 1614 1992 1782 2034; x_wconf 85' lang='lat' dir='ltr'>templum</span> <span class='ocrx_word' id='word_1_564' title='bbox 1808 1993 1953 2027; x_wconf 79' lang='lat' dir='ltr'>violavit</span> <span class='ocrx_word' id='word_1_565' title='bbox 1977 1995 2130 2027; x_wconf 87' lang='lat' dir='ltr'>atrocius</span> 
     </span>
     <span class='ocr_line' id='line_1_89' title="bbox 1148 2037 2129 2088; baseline 0.01 -20"><span class='ocrx_word' id='word_1_566' title='bbox 1148 2050 1251 2082; x_wconf 90' lang='lat' dir='ltr'>quam</span> <span class='ocrx_word' id='word_1_567' title='bbox 1279 2037 1478 2082; x_wconf 84' lang='lat' dir='ltr'>Pompeius.</span> <span class='ocrx_word' id='word_1_568' title='bbox 1548 2039 1636 2073; x_wconf 89' lang='lat' dir='ltr'>Nam</span> <span class='ocrx_word' id='word_1_569' title='bbox 1663 2048 1696 2074; x_wconf 90' lang='lat' dir='ltr'>et</span> <span class='ocrx_word' id='word_1_570' title='bbox 1723 2041 1759 2074; x_wconf 90' lang='lat' dir='ltr'>in</span> <span class='ocrx_word' id='word_1_571' title='bbox 1784 2043 1927 2088; x_wconf 62' lang='lat' dir='ltr'>adytum</span> <span class='ocrx_word' id='word_1_572' title='bbox 1953 2044 2129 2087; x_wconf 81' lang='lat' dir='ltr'>ingressus</span> 
     </span>
     <span class='ocr_line' id='line_1_90' title="bbox 1148 2090 2128 2136; baseline 0.008 -16"><span class='ocrx_word' id='word_1_573' title='bbox 1148 2096 1218 2128; x_wconf 84' lang='lat' dir='ltr'>est,</span> <span class='ocrx_word' id='word_1_574' title='bbox 1244 2095 1275 2121; x_wconf 88' lang='lat' dir='ltr'>et</span> <span class='ocrx_word' id='word_1_575' title='bbox 1297 2090 1440 2122; x_wconf 90' lang='lat' dir='ltr'>abstulit</span> <span class='ocrx_word' id='word_1_576' title='bbox 1464 2091 1582 2123; x_wconf 83' lang='lat' dir='ltr'>decem</span> <span class='ocrx_word' id='word_1_577' title='bbox 1606 2091 1715 2124; x_wconf 84' lang='lat' dir='ltr'>millia</span> <span class='ocrx_word' id='word_1_578' title='bbox 1740 2094 1972 2134; x_wconf 73' lang='lat' dir='ltr'>talentorum,</span> <span class='ocrx_word' id='word_1_579' title='bbox 2009 2095 2041 2127; x_wconf 91' lang='lat' dir='ltr'>id</span> <span class='ocrx_word' id='word_1_580' title='bbox 2067 2103 2128 2136; x_wconf 84' lang='lat' dir='ltr'>est,</span> 
     </span>
     <span class='ocr_line' id='line_1_91' title="bbox 1147 2139 2127 2179; baseline 0.008 -9"><span class='ocrx_word' id='word_1_581' title='bbox 1147 2139 1323 2179; x_wconf 70' lang='lat' dir='ltr'>sexaginta</span> <span class='ocrx_word' id='word_1_582' title='bbox 1354 2146 1480 2172; x_wconf 87' lang='lat' dir='ltr'>tonnas</span> <span class='ocrx_word' id='word_1_583' title='bbox 1502 2141 1598 2177; x_wconf 81' lang='lat' dir='ltr'>auri,</span> <span class='ocrx_word' id='word_1_584' title='bbox 1633 2149 1666 2175; x_wconf 77' lang='lat' dir='ltr'>et</span> <span class='ocrx_word' id='word_1_585' title='bbox 1683 2142 1748 2174; x_wconf 83' lang='lat' dir='ltr'>alia</span> <span class='ocrx_word' id='word_1_586' title='bbox 1771 2153 1986 2178; x_wconf 72' lang='lat' dir='ltr'>ornamenta.</span> <span class='ocrx_word' id='word_1_587' title='bbox 2040 2144 2127 2178; x_wconf 84' lang='lat' dir='ltr'>Eius</span> 
     </span>
     <span class='ocr_line' id='line_1_92' title="bbox 1146 2190 2127 2234; baseline 0.008 -14"><span class='ocrx_word' id='word_1_588' title='bbox 1146 2190 1317 2231; x_wconf 76' lang='lat' dir='ltr'>sacrilegii</span> <span class='ocrx_word' id='word_1_589' title='bbox 1351 2197 1466 2233; x_wconf 84' lang='lat' dir='ltr'>postea</span> <span class='ocrx_word' id='word_1_590' title='bbox 1506 2203 1634 2234; x_wconf 82' lang='lat' dir='ltr'>poenas</span> <span class='ocrx_word' id='word_1_591' title='bbox 1660 2194 1832 2226; x_wconf 82' lang='lat' dir='ltr'>dederuut</span> <span class='ocrx_word' id='word_1_592' title='bbox 1858 2201 1887 2226; x_wconf 81' lang='lat' dir='ltr'>et</span> <span class='ocrx_word' id='word_1_593' title='bbox 1915 2194 2059 2227; x_wconf 81' lang='lat' dir='ltr'>Crassus</span> <span class='ocrx_word' id='word_1_594' title='bbox 2094 2203 2127 2229; x_wconf 90' lang='lat' dir='ltr'>et</span> 
     </span>
     <span class='ocr_line' id='line_1_93' title="bbox 1148 2237 2126 2281; baseline 0.008 -10"><span class='ocrx_word' id='word_1_595' title='bbox 1148 2237 1202 2272; x_wconf 77' lang='lat' dir='ltr'>liic</span> <span class='ocrx_word' id='word_1_596' title='bbox 1220 2240 1416 2273; x_wconf 66' lang='lat' dir='ltr'>Aristobuli</span> <span class='ocrx_word' id='word_1_597' title='bbox 1435 2242 1524 2273; x_wconf 83' lang='lat' dir='ltr'>tilius</span> <span class='ocrx_word' id='word_1_598' title='bbox 1554 2242 1760 2281; x_wconf 63' lang='lat' dir='ltr'>lexuudvr,</span> <span class='ocrx_word' id='word_1_599' title='bbox 1788 2243 1988 2278; x_wconf 76' lang='lat' dir='ltr'>interfectus</span> <span class='ocrx_word' id='word_1_600' title='bbox 2012 2258 2029 2277; x_wconf 88' lang='lat' dir='ltr'>a</span> <span class='ocrx_word' id='word_1_601' title='bbox 2048 2244 2126 2278; x_wconf 80' lang='lat' dir='ltr'>Sei-</span> 
     </span>
     <span class='ocr_line' id='line_1_94' title="bbox 1146 2290 2127 2338; baseline 0.009 -18"><span class='ocrx_word' id='word_1_602' title='bbox 1146 2290 1266 2333; x_wconf 83' lang='lat' dir='ltr'>pioue,</span> <span class='ocrx_word' id='word_1_603' title='bbox 1294 2291 1353 2334; x_wconf 80' lang='lat' dir='ltr'>qui</span> <span class='ocrx_word' id='word_1_604' title='bbox 1373 2291 1474 2323; x_wconf 89' lang='lat' dir='ltr'>initio</span> <span class='ocrx_word' id='word_1_605' title='bbox 1496 2292 1577 2323; x_wconf 80' lang='lat' dir='ltr'>belli</span> <span class='ocrx_word' id='word_1_606' title='bbox 1600 2292 1803 2336; x_wconf 80' lang='lat' dir='ltr'>Pompeiani</span> <span class='ocrx_word' id='word_1_607' title='bbox 1819 2294 1955 2338; x_wconf 63' lang='lat' dir='ltr'>Syriam</span> <span class='ocrx_word' id='word_1_608' title='bbox 1976 2296 2127 2338; x_wconf 75' lang='lat' dir='ltr'>regebat.</span> 
     </span>
     <span class='ocr_line' id='line_1_95' title="bbox 1146 2339 2125 2380; baseline 0.008 -8"><span class='ocrx_word' id='word_1_609' title='bbox 1146 2339 1248 2373; x_wconf 82' lang='lat' dir='ltr'>Pater</span> <span class='ocrx_word' id='word_1_610' title='bbox 1271 2341 1495 2373; x_wconf 70' lang='lat' dir='ltr'>Aristobulus</span> <span class='ocrx_word' id='word_1_611' title='bbox 1524 2343 1676 2374; x_wconf 88' lang='lat' dir='ltr'>secundo</span> <span class='ocrx_word' id='word_1_612' title='bbox 1707 2354 1865 2377; x_wconf 78' lang='lat' dir='ltr'>reversus</span> <span class='ocrx_word' id='word_1_613' title='bbox 1893 2346 1928 2378; x_wconf 95' lang='lat' dir='ltr'>in</span> <span class='ocrx_word' id='word_1_614' title='bbox 1962 2345 2125 2380; x_wconf 86' lang='lat' dir='ltr'>Iudaeam</span> 
     </span>
     <span class='ocr_line' id='line_1_96' title="bbox 1144 2391 2124 2435; baseline 0.009 -13"><span class='ocrx_word' id='word_1_615' title='bbox 1144 2403 1221 2423; x_wconf 79' lang='lat' dir='ltr'>cuin</span> <span class='ocrx_word' id='word_1_616' title='bbox 1241 2392 1377 2423; x_wconf 85' lang='lat' dir='ltr'>duabus</span> <span class='ocrx_word' id='word_1_617' title='bbox 1397 2392 1592 2433; x_wconf 74' lang='lat' dir='ltr'>legionibus</span> <span class='ocrx_word' id='word_1_618' title='bbox 1617 2405 1633 2424; x_wconf 92' lang='lat' dir='ltr'>a</span> <span class='ocrx_word' id='word_1_619' title='bbox 1654 2391 1744 2426; x_wconf 81' lang='lat' dir='ltr'>lutto</span> <span class='ocrx_word' id='word_1_620' title='bbox 1768 2394 1877 2435; x_wconf 85' lang='lat' dir='ltr'>datis,</span> <span class='ocrx_word' id='word_1_621' title='bbox 1902 2408 2037 2430; x_wconf 76' lang='lat' dir='ltr'>veneno</span> <span class='ocrx_word' id='word_1_622' title='bbox 2065 2410 2124 2431; x_wconf 71' lang='lat' dir='ltr'>ex—</span> 
     </span>
     <span class='ocr_line' id='line_1_97' title="bbox 1144 2441 1626 2484; baseline 0.004 -10"><span class='ocrx_word' id='word_1_623' title='bbox 1144 2441 1272 2475; x_wconf 89' lang='lat' dir='ltr'>tinctus</span> <span class='ocrx_word' id='word_1_624' title='bbox 1289 2448 1339 2474; x_wconf 90' lang='lat' dir='ltr'>est</span> <span class='ocrx_word' id='word_1_625' title='bbox 1357 2455 1373 2474; x_wconf 88' lang='lat' dir='ltr'>a</span> <span class='ocrx_word' id='word_1_626' title='bbox 1392 2441 1626 2484; x_wconf 80' lang='lat' dir='ltr'>Pompeianis.</span> 
     </span>
    </p>

    <p class='ocr_par' dir='ltr' id='par_1_13' title="bbox 1141 2490 2122 2691">
     <span class='ocr_line' id='line_1_98' title="bbox 1246 2490 2122 2534; baseline 0.006 -10"><span class='ocrx_word' id='word_1_627' title='bbox 1246 2490 1395 2533; x_wconf 74' lang='lat' dir='ltr'>Fugerat</span> <span class='ocrx_word' id='word_1_628' title='bbox 1415 2493 1613 2534; x_wconf 65' lang='lat' dir='ltr'>Antigonus</span> <span class='ocrx_word' id='word_1_629' title='bbox 1636 2493 1831 2528; x_wconf 68' lang='lat' dir='ltr'>Aristobuli</span> <span class='ocrx_word' id='word_1_630' title='bbox 1858 2496 1950 2529; x_wconf 78' lang='lat' dir='ltr'>lilius</span> <span class='ocrx_word' id='word_1_631' title='bbox 1973 2509 2012 2529; x_wconf 78' lang='lat' dir='ltr'>ex</span> <span class='ocrx_word' id='word_1_632' title='bbox 2035 2498 2122 2530; x_wconf 76' lang='lat' dir='ltr'>urbe</span> 
     </span>
     <span class='ocr_line' id='line_1_99' title="bbox 1142 2540 2119 2591; baseline 0.007 -17"><span class='ocrx_word' id='word_1_633' title='bbox 1142 2540 1255 2575; x_wconf 75' lang='lat' dir='ltr'>I’toma</span> <span class='ocrx_word' id='word_1_634' title='bbox 1278 2554 1356 2574; x_wconf 91' lang='lat' dir='ltr'>cum</span> <span class='ocrx_word' id='word_1_635' title='bbox 1379 2543 1484 2575; x_wconf 84' lang='lat' dir='ltr'>fratre</span> <span class='ocrx_word' id='word_1_636' title='bbox 1505 2543 1716 2578; x_wconf 67' lang='lat' dir='ltr'>Alexandro.</span> <span class='ocrx_word' id='word_1_637' title='bbox 1770 2545 1929 2591; x_wconf 53' lang='lat' dir='ltr'>(iuiuque</span> <span class='ocrx_word' id='word_1_638' title='bbox 1949 2546 2056 2580; x_wconf 89' lang='lat' dir='ltr'>lulius</span> <span class='ocrx_word' id='word_1_639' title='bbox 2080 2560 2119 2579; x_wconf 76' lang='lat' dir='ltr'>ex</span> 
     </span>
     <span class='ocr_line' id='line_1_100' title="bbox 1146 2592 2119 2639; baseline 0.006 -16"><span class='ocrx_word' id='word_1_640' title='bbox 1146 2592 1299 2636; x_wconf 64' lang='lat' dir='ltr'>Aegypto</span> <span class='ocrx_word' id='word_1_641' title='bbox 1319 2593 1354 2624; x_wconf 94' lang='lat' dir='ltr'>in</span> <span class='ocrx_word' id='word_1_642' title='bbox 1374 2592 1537 2627; x_wconf 87' lang='lat' dir='ltr'>Iudaeam</span> <span class='ocrx_word' id='word_1_643' title='bbox 1556 2595 1726 2634; x_wconf 66' lang='lat' dir='ltr'>venisset,</span> <span class='ocrx_word' id='word_1_644' title='bbox 1754 2597 1876 2639; x_wconf 66' lang='lat' dir='ltr'>petivit</span> <span class='ocrx_word' id='word_1_645' title='bbox 1892 2598 1957 2629; x_wconf 87' lang='lat' dir='ltr'>sibi</span> <span class='ocrx_word' id='word_1_646' title='bbox 1975 2610 2119 2639; x_wconf 74' lang='lat' dir='ltr'>reguum</span> 
     </span>
     <span class='ocr_line' id='line_1_101' title="bbox 1141 2642 2121 2691; baseline 0.004 -15"><span class='ocrx_word' id='word_1_647' title='bbox 1141 2643 1250 2684; x_wconf 80' lang='lat' dir='ltr'>tradi,</span> <span class='ocrx_word' id='word_1_648' title='bbox 1284 2644 1379 2686; x_wconf 82' lang='lat' dir='ltr'>quod</span> <span class='ocrx_word' id='word_1_649' title='bbox 1404 2642 1590 2688; x_wconf 83' lang='lat' dir='ltr'>Pompeius</span> <span class='ocrx_word' id='word_1_650' title='bbox 1607 2643 1761 2680; x_wconf 85' lang='lat' dir='ltr'>llircauo</span> <span class='ocrx_word' id='word_1_651' title='bbox 1789 2654 1914 2691; x_wconf 86' lang='lat' dir='ltr'>patruo</span> <span class='ocrx_word' id='word_1_652' title='bbox 1939 2648 2121 2685; x_wconf 78' lang='lat' dir='ltr'>tribuerat,</span> 
     </span>
    </p>
   </div>
  </div>
 </body>
</html>
