<?xml version="1.0" encoding="UTF-8"?>
<!DOCTYPE html PUBLIC "-//W3C//DTD XHTML 1.0 Transitional//EN"
    "http://www.w3.org/TR/xhtml1/DTD/xhtml1-transitional.dtd">
<html xmlns="http://www.w3.org/1999/xhtml" xml:lang="en" lang="en">
 <head>
  <title>
</title>
<meta http-equiv="Content-Type" content="text/html;charset=utf-8" />
  <meta name='ocr-system' content='tesseract 3.04.00' />
  <meta name='ocr-capabilities' content='ocr_page ocr_carea ocr_par ocr_line ocrx_word'/>
</head>
<body>
  <div class='ocr_page' id='page_1' title='image "./operaquaesupersu12melauoft/operaquaesupersu12melauoft_0187.png"; bbox 0 0 2324 2955; ppageno 0'>
   <div class='ocr_carea' id='block_1_1' title="bbox 113 96 187 134">
    <p class='ocr_par' dir='ltr' id='par_1_1' title="bbox 113 96 187 134">
     <span class='ocr_line' id='line_1_1' title="bbox 113 96 187 134; baseline 0 -1"><span class='ocrx_word' id='word_1_1' title='bbox 113 96 187 134; x_wconf 81' lang='lat'>357</span> 
     </span>
    </p>
   </div>
   <div class='ocr_carea' id='block_1_2' title="bbox 644 95 1594 138">
    <p class='ocr_par' dir='ltr' id='par_1_2' title="bbox 644 95 1594 138">
     <span class='ocr_line' id='line_1_2' title="bbox 644 95 1594 138; baseline 0.003 -4"><span class='ocrx_word' id='word_1_2' title='bbox 644 96 802 136; x_wconf 90' lang='lat' dir='ltr'>DECL.</span> <span class='ocrx_word' id='word_1_3' title='bbox 832 97 905 136; x_wconf 87' lang='lat' dir='ltr'>DE</span> <span class='ocrx_word' id='word_1_4' title='bbox 947 95 1265 136; x_wconf 87' lang='lat' dir='ltr'>GREGORIO</span> <span class='ocrx_word' id='word_1_5' title='bbox 1301 97 1594 138; x_wconf 90' lang='lat' dir='ltr'>PONTANO.</span> 
     </span>
    </p>
   </div>
   <div class='ocr_carea' id='block_1_3' title="bbox 2055 109 2129 146">
    <p class='ocr_par' dir='ltr' id='par_1_3' title="bbox 2055 109 2129 146">
     <span class='ocr_line' id='line_1_3' title="bbox 2055 109 2129 146; baseline 0.027 -2"><span class='ocrx_word' id='word_1_6' title='bbox 2055 109 2129 146; x_wconf 80' lang='lat'>358</span> 
     </span>
    </p>
   </div>
   <div class='ocr_carea' id='block_1_4' title="bbox 110 182 2123 240">
    <p class='ocr_par' dir='ltr' id='par_1_4' title="bbox 110 182 2123 240">
     <span class='ocr_line' id='line_1_4' title="bbox 110 182 2123 240; baseline 0.003 -22"><span class='ocrx_word' id='word_1_7' title='bbox 110 182 206 218; x_wconf 78' lang='lat' dir='ltr'>Ilaec</span> <span class='ocrx_word' id='word_1_8' title='bbox 228 195 307 217; x_wconf 88' lang='lat' dir='ltr'>cum</span> <span class='ocrx_word' id='word_1_9' title='bbox 330 196 419 229; x_wconf 87' lang='lat' dir='ltr'>pene</span> <span class='ocrx_word' id='word_1_10' title='bbox 446 185 487 218; x_wconf 85' lang='lat' dir='ltr'>ad</span> <span class='ocrx_word' id='word_1_11' title='bbox 507 184 653 218; x_wconf 88' lang='lat' dir='ltr'>verbum</span> <span class='ocrx_word' id='word_1_12' title='bbox 671 184 854 220; x_wconf 87' lang='lat' dir='ltr'>Pontanns</span> <span class='ocrx_word' id='word_1_13' title='bbox 869 187 1030 226; x_wconf 83' lang='lat' dir='ltr'>dixisset,</span> <span class='ocrx_word' id='word_1_14' title='bbox 1056 191 1090 219; x_wconf 87' lang='lat' dir='ltr'>et</span> <span class='ocrx_word' id='word_1_15' title='bbox 1143 195 1235 229; x_wconf 88' lang='lat' dir='ltr'>quae</span> <span class='ocrx_word' id='word_1_16' title='bbox 1249 182 1339 229; x_wconf 90' lang='lat' dir='ltr'>proh</span> <span class='ocrx_word' id='word_1_17' title='bbox 1358 185 1482 225; x_wconf 88' lang='lat' dir='ltr'>dolor,</span> <span class='ocrx_word' id='word_1_18' title='bbox 1510 193 1542 221; x_wconf 89' lang='lat' dir='ltr'>et</span> <span class='ocrx_word' id='word_1_19' title='bbox 1559 198 1685 232; x_wconf 86' lang='lat' dir='ltr'>magna</span> <span class='ocrx_word' id='word_1_20' title='bbox 1701 195 1734 223; x_wconf 88' lang='lat' dir='ltr'>et</span> <span class='ocrx_word' id='word_1_21' title='bbox 1752 189 1861 224; x_wconf 86' lang='lat' dir='ltr'>multa</span> <span class='ocrx_word' id='word_1_22' title='bbox 1886 198 1985 234; x_wconf 80' lang='lat' dir='ltr'>sunt,</span> <span class='ocrx_word' id='word_1_23' title='bbox 2013 200 2043 228; x_wconf 91' lang='lat' dir='ltr'>et</span> <span class='ocrx_word' id='word_1_24' title='bbox 2063 207 2123 240; x_wconf 83' lang='lat' dir='ltr'>pe-</span> 
     </span>
    </p>
   </div>
   <div class='ocr_carea' id='block_1_5' title="bbox 89 234 1088 1601">
    <p class='ocr_par' dir='ltr' id='par_1_5' title="bbox 103 234 1088 572">
     <span class='ocr_line' id='line_1_5' title="bbox 108 234 1088 279; baseline 0.002 -13"><span class='ocrx_word' id='word_1_25' title='bbox 108 234 219 279; x_wconf 77' lang='lat' dir='ltr'>aliqui</span> <span class='ocrx_word' id='word_1_26' title='bbox 242 234 429 269; x_wconf 88' lang='lat' dir='ltr'>frementes</span> <span class='ocrx_word' id='word_1_27' title='bbox 453 235 565 268; x_wconf 81' lang='lat' dir='ltr'>maius</span> <span class='ocrx_word' id='word_1_28' title='bbox 594 242 772 270; x_wconf 85' lang='lat' dir='ltr'>certamen</span> <span class='ocrx_word' id='word_1_29' title='bbox 800 237 930 271; x_wconf 91' lang='lat' dir='ltr'>moturi</span> <span class='ocrx_word' id='word_1_30' title='bbox 964 242 1088 276; x_wconf 84' lang='lat' dir='ltr'><strong>essent,</strong></span> 
     </span>
     <span class='ocr_line' id='line_1_6' title="bbox 107 282 1088 327; baseline 0.002 -11"><span class='ocrx_word' id='word_1_31' title='bbox 107 282 343 327; x_wconf 89' lang='lat' dir='ltr'>Mognntinns</span> <span class='ocrx_word' id='word_1_32' title='bbox 370 287 435 318; x_wconf 88' lang='lat' dir='ltr'>ait:</span> <span class='ocrx_word' id='word_1_33' title='bbox 467 297 539 317; x_wconf 89' lang='lat' dir='ltr'>non</span> <span class='ocrx_word' id='word_1_34' title='bbox 573 296 645 318; x_wconf 89' lang='lat' dir='ltr'>esse</span> <span class='ocrx_word' id='word_1_35' title='bbox 676 287 805 320; x_wconf 89' lang='lat' dir='ltr'>mirum</span> <span class='ocrx_word' id='word_1_36' title='bbox 839 287 948 321; x_wconf 89' lang='lat' dir='ltr'>atroci</span> <span class='ocrx_word' id='word_1_37' title='bbox 970 286 1088 319; x_wconf 79' lang='lat' dir='ltr'>fratris</span> 
     </span>
     <span class='ocr_line' id='line_1_7' title="bbox 106 336 1087 381; baseline 0.001 -13"><span class='ocrx_word' id='word_1_38' title='bbox 106 336 259 370; x_wconf 86' lang='lat' dir='ltr'>orationi</span> <span class='ocrx_word' id='word_1_39' title='bbox 275 347 478 380; x_wconf 90' lang='lat' dir='ltr'>responsum</span> <span class='ocrx_word' id='word_1_40' title='bbox 497 346 568 368; x_wconf 91' lang='lat' dir='ltr'>esse</span> <span class='ocrx_word' id='word_1_41' title='bbox 586 337 721 377; x_wconf 89' lang='lat' dir='ltr'>durius,</span> <span class='ocrx_word' id='word_1_42' title='bbox 748 349 811 370; x_wconf 91' lang='lat' dir='ltr'>nec</span> <span class='ocrx_word' id='word_1_43' title='bbox 829 339 990 381; x_wconf 79' lang='lat' dir='ltr'><strong>prodesse</strong></span> <span class='ocrx_word' id='word_1_44' title='bbox 1008 337 1087 369; x_wconf 88' lang='lat' dir='ltr'>lon-</span> 
     </span>
     <span class='ocr_line' id='line_1_8' title="bbox 106 385 1086 430; baseline 0.003 -13"><span class='ocrx_word' id='word_1_45' title='bbox 106 385 238 427; x_wconf 87' lang='lat' dir='ltr'>giorem</span> <span class='ocrx_word' id='word_1_46' title='bbox 257 387 528 419; x_wconf 71' lang='lat' dir='ltr'>contentionem.</span> <span class='ocrx_word' id='word_1_47' title='bbox 585 386 773 421; x_wconf 84' lang='lat' dir='ltr'>lntersatur</span> <span class='ocrx_word' id='word_1_48' title='bbox 789 400 869 430; x_wconf 79' lang='lat' dir='ltr'>crgo</span> <span class='ocrx_word' id='word_1_49' title='bbox 885 388 1024 428; x_wconf 90' lang='lat' dir='ltr'>Caesar,</span> <span class='ocrx_word' id='word_1_50' title='bbox 1053 393 1086 420; x_wconf 86' lang='lat' dir='ltr'>et</span> 
     </span>
     <span class='ocr_line' id='line_1_9' title="bbox 106 435 1082 482; baseline 0.003 -15"><span class='ocrx_word' id='word_1_51' title='bbox 106 436 174 468; x_wconf 91' lang='lat' dir='ltr'>dici</span> <span class='ocrx_word' id='word_1_52' title='bbox 202 435 318 477; x_wconf 89' lang='lat' dir='ltr'>iubet,</span> <span class='ocrx_word' id='word_1_53' title='bbox 346 448 380 470; x_wconf 91' lang='lat' dir='ltr'>se</span> <span class='ocrx_word' id='word_1_54' title='bbox 405 437 576 469; x_wconf 88' lang='lat' dir='ltr'>facturum</span> <span class='ocrx_word' id='word_1_55' title='bbox 602 448 692 478; x_wconf 89' lang='lat' dir='ltr'>esse,</span> <span class='ocrx_word' id='word_1_56' title='bbox 721 439 814 482; x_wconf 90' lang='lat' dir='ltr'>quod</span> <span class='ocrx_word' id='word_1_57' title='bbox 841 436 1082 472; x_wconf 87' lang='lat' dir='ltr'>Christianum</span> 
     </span>
     <span class='ocr_line' id='line_1_10' title="bbox 104 485 1082 532; baseline 0.004 -15"><span class='ocrx_word' id='word_1_58' title='bbox 104 485 354 529; x_wconf 75' lang='lat' dir='ltr'>Imperatorem</span> <span class='ocrx_word' id='word_1_59' title='bbox 374 487 484 521; x_wconf 84' lang='lat' dir='ltr'>facere</span> <span class='ocrx_word' id='word_1_60' title='bbox 501 487 633 521; x_wconf 89' lang='lat' dir='ltr'>iustum</span> <span class='ocrx_word' id='word_1_61' title='bbox 650 488 706 528; x_wconf 88' lang='lat' dir='ltr'>sit,</span> <span class='ocrx_word' id='word_1_62' title='bbox 733 494 836 532; x_wconf 87' lang='lat' dir='ltr'>atque</span> <span class='ocrx_word' id='word_1_63' title='bbox 860 489 907 523; x_wconf 91' lang='lat' dir='ltr'>ita</span> <span class='ocrx_word' id='word_1_64' title='bbox 924 494 1082 522; x_wconf 89' lang='lat' dir='ltr'>senatum</span> 
     </span>
     <span class='ocr_line' id='line_1_11' title="bbox 103 536 260 572; baseline 0.019 -3"><span class='ocrx_word' id='word_1_65' title='bbox 103 536 260 572; x_wconf 75' lang='lat' dir='ltr'>dimittit.</span> 
     </span>
    </p>

    <p class='ocr_par' dir='ltr' id='par_1_6' title="bbox 89 602 1079 1601">
     <span class='ocr_line' id='line_1_12' title="bbox 204 602 1079 649; baseline 0.003 -14"><span class='ocrx_word' id='word_1_66' title='bbox 204 602 271 636; x_wconf 87' lang='lat' dir='ltr'>Hic</span> <span class='ocrx_word' id='word_1_67' title='bbox 290 616 369 637; x_wconf 90' lang='lat' dir='ltr'>cum</span> <span class='ocrx_word' id='word_1_68' title='bbox 388 605 508 638; x_wconf 86' lang='lat' dir='ltr'>suisset</span> <span class='ocrx_word' id='word_1_69' title='bbox 523 604 634 638; x_wconf 86' lang='lat' dir='ltr'>exitus</span> <span class='ocrx_word' id='word_1_70' title='bbox 651 604 724 638; x_wconf 92' lang='lat' dir='ltr'>eius</span> <span class='ocrx_word' id='word_1_71' title='bbox 743 611 947 646; x_wconf 79' lang='lat' dir='ltr'>conventus,</span> <span class='ocrx_word' id='word_1_72' title='bbox 961 611 1079 649; x_wconf 86' lang='lat' dir='ltr'>postea</span> 
     </span>
     <span class='ocr_line' id='line_1_13' title="bbox 101 653 1078 697; baseline -0.001 -9"><span class='ocrx_word' id='word_1_73' title='bbox 101 653 338 697; x_wconf 82' lang='lat' dir='ltr'>Moguntinns</span> <span class='ocrx_word' id='word_1_74' title='bbox 360 661 392 687; x_wconf 91' lang='lat' dir='ltr'>et</span> <span class='ocrx_word' id='word_1_75' title='bbox 414 654 593 688; x_wconf 87' lang='lat' dir='ltr'>Palatinus</span> <span class='ocrx_word' id='word_1_76' title='bbox 618 655 820 689; x_wconf 90' lang='lat' dir='ltr'>Lndovicus</span> <span class='ocrx_word' id='word_1_77' title='bbox 851 668 929 689; x_wconf 89' lang='lat' dir='ltr'>cum</span> <span class='ocrx_word' id='word_1_78' title='bbox 950 655 1078 689; x_wconf 89' lang='lat' dir='ltr'>Carolo</span> 
     </span>
     <span class='ocr_line' id='line_1_14' title="bbox 102 704 1078 751; baseline 0.001 -14"><span class='ocrx_word' id='word_1_79' title='bbox 102 704 315 749; x_wconf 75' lang='lat' dir='ltr'>Imperatore</span> <span class='ocrx_word' id='word_1_80' title='bbox 333 706 375 737; x_wconf 90' lang='lat' dir='ltr'>de</span> <span class='ocrx_word' id='word_1_81' title='bbox 392 717 474 748; x_wconf 88' lang='lat' dir='ltr'>pace</span> <span class='ocrx_word' id='word_1_82' title='bbox 492 704 704 739; x_wconf 76' lang='lat' dir='ltr'>Germaniae</span> <span class='ocrx_word' id='word_1_83' title='bbox 728 708 979 751; x_wconf 84' lang='lat' dir='ltr'>colloquuntur</span> <span class='ocrx_word' id='word_1_84' title='bbox 995 704 1078 738; x_wconf 86' lang='lat' dir='ltr'>Mo-</span> 
     </span>
     <span class='ocr_line' id='line_1_15' title="bbox 99 754 1075 801; baseline 0.001 -14"><span class='ocrx_word' id='word_1_85' title='bbox 99 755 251 797; x_wconf 81' lang='lat' dir='ltr'>gnntiae.</span> <span class='ocrx_word' id='word_1_86' title='bbox 314 754 368 788; x_wconf 89' lang='lat' dir='ltr'>Ibi</span> <span class='ocrx_word' id='word_1_87' title='bbox 393 767 471 788; x_wconf 92' lang='lat' dir='ltr'>cum</span> <span class='ocrx_word' id='word_1_88' title='bbox 497 755 640 800; x_wconf 84' lang='lat' dir='ltr'>quidam</span> <span class='ocrx_word' id='word_1_89' title='bbox 676 758 831 801; x_wconf 87' lang='lat' dir='ltr'>asperius</span> <span class='ocrx_word' id='word_1_90' title='bbox 863 757 1075 801; x_wconf 87' lang='lat' dir='ltr'>loqueretur,</span> 
     </span>
     <span class='ocr_line' id='line_1_16' title="bbox 97 803 1074 849; baseline 0.001 -12"><span class='ocrx_word' id='word_1_91' title='bbox 97 805 280 838; x_wconf 78' lang='lat' dir='ltr'>Caesarem</span> <span class='ocrx_word' id='word_1_92' title='bbox 310 803 438 838; x_wconf 81' lang='lat' dir='ltr'>habere</span> <span class='ocrx_word' id='word_1_93' title='bbox 467 807 534 838; x_wconf 86' lang='lat' dir='ltr'>alia</span> <span class='ocrx_word' id='word_1_94' title='bbox 558 818 682 849; x_wconf 85' lang='lat' dir='ltr'>regna,</span> <span class='ocrx_word' id='word_1_95' title='bbox 725 808 859 841; x_wconf 89' lang='lat' dir='ltr'>etiamsi</span> <span class='ocrx_word' id='word_1_96' title='bbox 884 806 1074 839; x_wconf 78' lang='lat' dir='ltr'>Germania</span> 
     </span>
     <span class='ocr_line' id='line_1_17' title="bbox 99 855 1074 902; baseline 0.003 -15"><span class='ocrx_word' id='word_1_97' title='bbox 99 862 229 889; x_wconf 84' lang='lat' dir='ltr'>vastata</span> <span class='ocrx_word' id='word_1_98' title='bbox 255 862 355 888; x_wconf 81' lang='lat' dir='ltr'>esset:</span> <span class='ocrx_word' id='word_1_99' title='bbox 384 856 583 900; x_wconf 74' lang='lat' dir='ltr'>interpellat</span> <span class='ocrx_word' id='word_1_100' title='bbox 610 855 704 890; x_wconf 89' lang='lat' dir='ltr'>hunc</span> <span class='ocrx_word' id='word_1_101' title='bbox 720 856 866 895; x_wconf 84' lang='lat' dir='ltr'>Caesar,</span> <span class='ocrx_word' id='word_1_102' title='bbox 894 857 1074 902; x_wconf 83' lang='lat' dir='ltr'>inquiens:</span> 
     </span>
     <span class='ocr_line' id='line_1_18' title="bbox 96 905 1075 940; baseline 0.002 -2"><span class='ocrx_word' id='word_1_103' title='bbox 96 905 191 939; x_wconf 89' lang='lat' dir='ltr'>Haec</span> <span class='ocrx_word' id='word_1_104' title='bbox 209 918 280 938; x_wconf 89' lang='lat' dir='ltr'>non</span> <span class='ocrx_word' id='word_1_105' title='bbox 298 906 382 939; x_wconf 89' lang='lat' dir='ltr'>iussi</span> <span class='ocrx_word' id='word_1_106' title='bbox 400 913 431 939; x_wconf 89' lang='lat' dir='ltr'>te</span> <span class='ocrx_word' id='word_1_107' title='bbox 447 908 571 940; x_wconf 86' lang='lat' dir='ltr'>dicere.</span> <span class='ocrx_word' id='word_1_108' title='bbox 620 907 711 940; x_wconf 68' lang='lat' dir='ltr'>Nolo</span> <span class='ocrx_word' id='word_1_109' title='bbox 730 908 822 940; x_wconf 92' lang='lat' dir='ltr'>enim</span> <span class='ocrx_word' id='word_1_110' title='bbox 841 908 914 940; x_wconf 84' lang='lat' dir='ltr'>sieri</span> <span class='ocrx_word' id='word_1_111' title='bbox 933 907 1075 940; x_wconf 84' lang='lat' dir='ltr'>vastita-</span> 
     </span>
     <span class='ocr_line' id='line_1_19' title="bbox 96 955 1073 1001; baseline 0.001 -12"><span class='ocrx_word' id='word_1_112' title='bbox 96 963 166 990; x_wconf 85' lang='lat' dir='ltr'>tem</span> <span class='ocrx_word' id='word_1_113' title='bbox 189 956 226 988; x_wconf 90' lang='lat' dir='ltr'>in</span> <span class='ocrx_word' id='word_1_114' title='bbox 251 955 462 995; x_wconf 85' lang='lat' dir='ltr'>Germania,</span> <span class='ocrx_word' id='word_1_115' title='bbox 503 957 585 1000; x_wconf 86' lang='lat' dir='ltr'>quia</span> <span class='ocrx_word' id='word_1_116' title='bbox 609 963 643 990; x_wconf 87' lang='lat' dir='ltr'>et</span> <span class='ocrx_word' id='word_1_117' title='bbox 672 958 782 1001; x_wconf 87' lang='lat' dir='ltr'>patria</span> <span class='ocrx_word' id='word_1_118' title='bbox 808 965 875 997; x_wconf 88' lang='lat' dir='ltr'>est,</span> <span class='ocrx_word' id='word_1_119' title='bbox 913 964 944 990; x_wconf 90' lang='lat' dir='ltr'>et</span> <span class='ocrx_word' id='word_1_120' title='bbox 967 958 1011 990; x_wconf 85' lang='lat' dir='ltr'>ab</span> <span class='ocrx_word' id='word_1_121' title='bbox 1035 969 1073 990; x_wconf 90' lang='lat' dir='ltr'>ea</span> 
     </span>
     <span class='ocr_line' id='line_1_20' title="bbox 95 1004 1073 1050; baseline 0 -10"><span class='ocrx_word' id='word_1_122' title='bbox 95 1018 270 1040; x_wconf 87' lang='lat' dir='ltr'>summum</span> <span class='ocrx_word' id='word_1_123' title='bbox 287 1007 391 1039; x_wconf 91' lang='lat' dir='ltr'>decus</span> <span class='ocrx_word' id='word_1_124' title='bbox 407 1007 534 1050; x_wconf 87' lang='lat' dir='ltr'>accepi.</span> <span class='ocrx_word' id='word_1_125' title='bbox 572 1004 618 1040; x_wconf 88' lang='lat' dir='ltr'>Et</span> <span class='ocrx_word' id='word_1_126' title='bbox 638 1006 830 1049; x_wconf 82' lang='lat' dir='ltr'>Imperator</span> <span class='ocrx_word' id='word_1_127' title='bbox 846 1008 950 1040; x_wconf 87' lang='lat' dir='ltr'>saluti</span> <span class='ocrx_word' id='word_1_128' title='bbox 977 1008 1073 1041; x_wconf 87' lang='lat' dir='ltr'>orbis</span> 
     </span>
     <span class='ocr_line' id='line_1_21' title="bbox 95 1056 1073 1101; baseline 0 -10"><span class='ocrx_word' id='word_1_129' title='bbox 95 1064 288 1096; x_wconf 77' lang='lat' dir='ltr'>terrarum,</span> <span class='ocrx_word' id='word_1_130' title='bbox 320 1064 489 1101; x_wconf 85' lang='lat' dir='ltr'>quantum</span> <span class='ocrx_word' id='word_1_131' title='bbox 522 1063 652 1100; x_wconf 85' lang='lat' dir='ltr'>potest,</span> <span class='ocrx_word' id='word_1_132' title='bbox 685 1056 760 1090; x_wconf 90' lang='lat' dir='ltr'>Deo</span> <span class='ocrx_word' id='word_1_133' title='bbox 792 1058 951 1098; x_wconf 88' lang='lat' dir='ltr'>iuvante,</span> <span class='ocrx_word' id='word_1_134' title='bbox 989 1070 1073 1091; x_wconf 87' lang='lat' dir='ltr'>con—</span> 
     </span>
     <span class='ocr_line' id='line_1_22' title="bbox 94 1107 1073 1151; baseline 0.001 -11"><span class='ocrx_word' id='word_1_135' title='bbox 94 1108 207 1140; x_wconf 85' lang='lat' dir='ltr'>sulere</span> <span class='ocrx_word' id='word_1_136' title='bbox 225 1107 339 1140; x_wconf 86' lang='lat' dir='ltr'>debet.</span> <span class='ocrx_word' id='word_1_137' title='bbox 393 1107 443 1141; x_wconf 86' lang='lat' dir='ltr'>lta</span> <span class='ocrx_word' id='word_1_138' title='bbox 470 1119 588 1151; x_wconf 89' lang='lat' dir='ltr'>pacem</span> <span class='ocrx_word' id='word_1_139' title='bbox 614 1108 717 1140; x_wconf 91' lang='lat' dir='ltr'>certis</span> <span class='ocrx_word' id='word_1_140' title='bbox 740 1109 1005 1141; x_wconf 89' lang='lat' dir='ltr'>conditionibus</span> <span class='ocrx_word' id='word_1_141' title='bbox 1022 1109 1073 1141; x_wconf 89' lang='lat' dir='ltr'>se-</span> 
     </span>
     <span class='ocr_line' id='line_1_23' title="bbox 94 1157 1070 1203; baseline 0 -12"><span class='ocrx_word' id='word_1_142' title='bbox 94 1157 152 1198; x_wconf 88' lang='lat' dir='ltr'>cit‚</span> <span class='ocrx_word' id='word_1_143' title='bbox 169 1169 256 1202; x_wconf 92' lang='lat' dir='ltr'>qnae</span> <span class='ocrx_word' id='word_1_144' title='bbox 274 1157 415 1191; x_wconf 89' lang='lat' dir='ltr'>duravit</span> <span class='ocrx_word' id='word_1_145' title='bbox 433 1159 476 1190; x_wconf 88' lang='lat' dir='ltr'>ab</span> <span class='ocrx_word' id='word_1_146' title='bbox 492 1170 586 1190; x_wconf 90' lang='lat' dir='ltr'>anno</span> <span class='ocrx_word' id='word_1_147' title='bbox 604 1158 779 1190; x_wconf 85' lang='lat' dir='ltr'>tricesimo</span> <span class='ocrx_word' id='word_1_148' title='bbox 799 1171 908 1203; x_wconf 83' lang='lat' dir='ltr'>usque</span> <span class='ocrx_word' id='word_1_149' title='bbox 925 1160 966 1191; x_wconf 90' lang='lat' dir='ltr'>ad</span> <span class='ocrx_word' id='word_1_150' title='bbox 984 1171 1070 1203; x_wconf 89' lang='lat' dir='ltr'>qua-</span> 
     </span>
     <span class='ocr_line' id='line_1_24' title="bbox 92 1207 1071 1250; baseline 0 -9"><span class='ocrx_word' id='word_1_151' title='bbox 92 1208 327 1250; x_wconf 85' lang='lat' dir='ltr'>dragesimum</span> <span class='ocrx_word' id='word_1_152' title='bbox 346 1216 492 1243; x_wconf 85' lang='lat' dir='ltr'>sextum.</span> <span class='ocrx_word' id='word_1_153' title='bbox 546 1207 625 1240; x_wconf 85' lang='lat' dir='ltr'>Non</span> <span class='ocrx_word' id='word_1_154' title='bbox 644 1209 786 1241; x_wconf 88' lang='lat' dir='ltr'>consero</span> <span class='ocrx_word' id='word_1_155' title='bbox 803 1216 982 1242; x_wconf 87' lang='lat' dir='ltr'>oratorum</span> <span class='ocrx_word' id='word_1_156' title='bbox 999 1209 1071 1241; x_wconf 91' lang='lat' dir='ltr'>elo-</span> 
     </span>
     <span class='ocr_line' id='line_1_25' title="bbox 93 1258 1071 1302; baseline 0 -11"><span class='ocrx_word' id='word_1_157' title='bbox 93 1258 285 1301; x_wconf 88' lang='lat' dir='ltr'>quentiam,</span> <span class='ocrx_word' id='word_1_158' title='bbox 312 1259 474 1291; x_wconf 87' lang='lat' dir='ltr'>materias</span> <span class='ocrx_word' id='word_1_159' title='bbox 489 1259 642 1292; x_wconf 85' lang='lat' dir='ltr'>consero.</span> <span class='ocrx_word' id='word_1_160' title='bbox 695 1258 911 1302; x_wconf 87' lang='lat' dir='ltr'>Consumpta</span> <span class='ocrx_word' id='word_1_161' title='bbox 930 1266 980 1292; x_wconf 90' lang='lat' dir='ltr'>est</span> <span class='ocrx_word' id='word_1_162' title='bbox 996 1260 1071 1291; x_wconf 90' lang='lat' dir='ltr'>elo—</span> 
     </span>
     <span class='ocr_line' id='line_1_26' title="bbox 92 1304 1072 1351; baseline 0 -11"><span class='ocrx_word' id='word_1_163' title='bbox 92 1308 235 1351; x_wconf 85' lang='lat' dir='ltr'>quentia</span> <span class='ocrx_word' id='word_1_164' title='bbox 251 1306 417 1347; x_wconf 88' lang='lat' dir='ltr'>Periclis,</span> <span class='ocrx_word' id='word_1_165' title='bbox 443 1304 709 1344; x_wconf 84' lang='lat' dir='ltr'>Demosthenis,</span> <span class='ocrx_word' id='word_1_166' title='bbox 736 1306 935 1346; x_wconf 82' lang='lat' dir='ltr'>Ciceronis,</span> <span class='ocrx_word' id='word_1_167' title='bbox 960 1309 997 1339; x_wconf 88' lang='lat' dir='ltr'>in</span> <span class='ocrx_word' id='word_1_168' title='bbox 1015 1309 1072 1340; x_wconf 91' lang='lat' dir='ltr'>in-</span> 
     </span>
     <span class='ocr_line' id='line_1_27' title="bbox 92 1355 1071 1397; baseline -0.001 -6"><span class='ocrx_word' id='word_1_169' title='bbox 92 1358 243 1391; x_wconf 80' lang='lat' dir='ltr'>citandis</span> <span class='ocrx_word' id='word_1_170' title='bbox 266 1356 401 1389; x_wconf 88' lang='lat' dir='ltr'>civibus</span> <span class='ocrx_word' id='word_1_171' title='bbox 427 1358 469 1389; x_wconf 87' lang='lat' dir='ltr'>ad</span> <span class='ocrx_word' id='word_1_172' title='bbox 494 1357 595 1391; x_wconf 89' lang='lat' dir='ltr'>bella.</span> <span class='ocrx_word' id='word_1_173' title='bbox 660 1355 803 1397; x_wconf 85' lang='lat' dir='ltr'>Quanto</span> <span class='ocrx_word' id='word_1_174' title='bbox 831 1357 942 1390; x_wconf 88' lang='lat' dir='ltr'>maius</span> <span class='ocrx_word' id='word_1_175' title='bbox 966 1358 1071 1390; x_wconf 89' lang='lat' dir='ltr'>decus</span> 
     </span>
     <span class='ocr_line' id='line_1_28' title="bbox 92 1406 1069 1450; baseline -0.001 -10"><span class='ocrx_word' id='word_1_176' title='bbox 92 1414 153 1444; x_wconf 87' lang='lat' dir='ltr'>est,</span> <span class='ocrx_word' id='word_1_177' title='bbox 171 1406 406 1450; x_wconf 83' lang='lat' dir='ltr'>eloquentiam</span> <span class='ocrx_word' id='word_1_178' title='bbox 425 1408 582 1438; x_wconf 85' lang='lat' dir='ltr'>conferre</span> <span class='ocrx_word' id='word_1_179' title='bbox 600 1407 642 1437; x_wconf 91' lang='lat' dir='ltr'>ad</span> <span class='ocrx_word' id='word_1_180' title='bbox 662 1407 906 1439; x_wconf 84' lang='lat' dir='ltr'>illustrandam</span> <span class='ocrx_word' id='word_1_181' title='bbox 922 1407 1069 1448; x_wconf 84' lang='lat' dir='ltr'>gloriam</span> 
     </span>
     <span class='ocr_line' id='line_1_29' title="bbox 91 1452 1070 1498; baseline -0.002 -9"><span class='ocrx_word' id='word_1_182' title='bbox 91 1456 154 1489; x_wconf 81' lang='lat' dir='ltr'>filii</span> <span class='ocrx_word' id='word_1_183' title='bbox 169 1454 252 1494; x_wconf 91' lang='lat' dir='ltr'>Dei,</span> <span class='ocrx_word' id='word_1_184' title='bbox 280 1455 324 1487; x_wconf 86' lang='lat' dir='ltr'>ad</span> <span class='ocrx_word' id='word_1_185' title='bbox 340 1452 516 1488; x_wconf 82' lang='lat' dir='ltr'>Ecclesiae</span> <span class='ocrx_word' id='word_1_186' title='bbox 542 1460 574 1487; x_wconf 93' lang='lat' dir='ltr'>et</span> <span class='ocrx_word' id='word_1_187' title='bbox 598 1455 731 1497; x_wconf 86' lang='lat' dir='ltr'>patriae</span> <span class='ocrx_word' id='word_1_188' title='bbox 758 1467 893 1497; x_wconf 87' lang='lat' dir='ltr'>pacem:</span> <span class='ocrx_word' id='word_1_189' title='bbox 922 1456 960 1487; x_wconf 90' lang='lat' dir='ltr'>in</span> <span class='ocrx_word' id='word_1_190' title='bbox 990 1456 1070 1498; x_wconf 89' lang='lat' dir='ltr'>qni-</span> 
     </span>
     <span class='ocr_line' id='line_1_30' title="bbox 89 1502 1065 1549; baseline -0.004 -9"><span class='ocrx_word' id='word_1_191' title='bbox 89 1508 155 1540; x_wconf 91' lang='lat' dir='ltr'>bus</span> <span class='ocrx_word' id='word_1_192' title='bbox 178 1506 281 1539; x_wconf 91' lang='lat' dir='ltr'>rebus</span> <span class='ocrx_word' id='word_1_193' title='bbox 302 1505 487 1549; x_wconf 84' lang='lat' dir='ltr'>praecipue</span> <span class='ocrx_word' id='word_1_194' title='bbox 510 1504 616 1538; x_wconf 89' lang='lat' dir='ltr'>totius</span> <span class='ocrx_word' id='word_1_195' title='bbox 642 1502 796 1537; x_wconf 88' lang='lat' dir='ltr'>Pontani</span> <span class='ocrx_word' id='word_1_196' title='bbox 824 1516 947 1538; x_wconf 88' lang='lat' dir='ltr'>cursus</span> <span class='ocrx_word' id='word_1_197' title='bbox 979 1516 1065 1537; x_wconf 88' lang='lat' dir='ltr'>con-</span> 
     </span>
     <span class='ocr_line' id='line_1_31' title="bbox 89 1561 334 1601; baseline -0.012 -11"><span class='ocrx_word' id='word_1_198' title='bbox 89 1563 248 1601; x_wconf 78' lang='lat' dir='ltr'>sumptus</span> <span class='ocrx_word' id='word_1_199' title='bbox 272 1561 334 1591; x_wconf 86' lang='lat' dir='ltr'>est.</span> 
     </span>
    </p>
   </div>
   <div class='ocr_carea' id='block_1_6' title="bbox 88 1620 1069 2224">
    <p class='ocr_par' dir='ltr' id='par_1_7' title="bbox 88 1620 1069 2224">
     <span class='ocr_line' id='line_1_32' title="bbox 191 1620 1068 1658; baseline -0.005 -1"><span class='ocrx_word' id='word_1_200' title='bbox 191 1623 285 1658; x_wconf 85' lang='lat' dir='ltr'>Ante</span> <span class='ocrx_word' id='word_1_201' title='bbox 308 1621 524 1656; x_wconf 88' lang='lat' dir='ltr'>tricesimum</span> <span class='ocrx_word' id='word_1_202' title='bbox 555 1634 688 1655; x_wconf 87' lang='lat' dir='ltr'>annum</span> <span class='ocrx_word' id='word_1_203' title='bbox 719 1620 964 1655; x_wconf 90' lang='lat' dir='ltr'>commenticio</span> <span class='ocrx_word' id='word_1_204' title='bbox 995 1621 1068 1654; x_wconf 84' lang='lat' dir='ltr'>soe-</span> 
     </span>
     <span class='ocr_line' id='line_1_33' title="bbox 91 1669 1069 1717; baseline -0.006 -8"><span class='ocrx_word' id='word_1_205' title='bbox 91 1677 174 1709; x_wconf 91' lang='lat' dir='ltr'>dere</span> <span class='ocrx_word' id='word_1_206' title='bbox 191 1673 373 1717; x_wconf 82' lang='lat' dir='ltr'>Principes</span> <span class='ocrx_word' id='word_1_207' title='bbox 400 1673 509 1712; x_wconf 91' lang='lat' dir='ltr'>moti,</span> <span class='ocrx_word' id='word_1_208' title='bbox 540 1684 636 1706; x_wconf 87' lang='lat' dir='ltr'>arma</span> <span class='ocrx_word' id='word_1_209' title='bbox 666 1679 844 1716; x_wconf 89' lang='lat' dir='ltr'>ceperunt.</span> <span class='ocrx_word' id='word_1_210' title='bbox 895 1669 983 1705; x_wconf 83' lang='lat' dir='ltr'>Erat</span> <span class='ocrx_word' id='word_1_211' title='bbox 1006 1682 1069 1715; x_wconf 85' lang='lat' dir='ltr'>pa-</span> 
     </span>
     <span class='ocr_line' id='line_1_34' title="bbox 90 1722 1068 1759; baseline -0.005 0"><span class='ocrx_word' id='word_1_212' title='bbox 90 1727 190 1759; x_wconf 89' lang='lat' dir='ltr'>nicus</span> <span class='ocrx_word' id='word_1_213' title='bbox 214 1732 328 1758; x_wconf 83' lang='lat' dir='ltr'>terror</span> <span class='ocrx_word' id='word_1_214' title='bbox 352 1724 534 1756; x_wconf 89' lang='lat' dir='ltr'>universae</span> <span class='ocrx_word' id='word_1_215' title='bbox 554 1722 766 1756; x_wconf 80' lang='lat' dir='ltr'>Germaniae</span> <span class='ocrx_word' id='word_1_216' title='bbox 792 1723 967 1755; x_wconf 81' lang='lat' dir='ltr'>incussus:</span> <span class='ocrx_word' id='word_1_217' title='bbox 1007 1722 1068 1755; x_wconf 90' lang='lat' dir='ltr'>sed</span> 
     </span>
     <span class='ocr_line' id='line_1_35' title="bbox 89 1772 1067 1821; baseline -0.006 -11"><span class='ocrx_word' id='word_1_218' title='bbox 89 1788 127 1810; x_wconf 87' lang='lat' dir='ltr'>re</span> <span class='ocrx_word' id='word_1_219' title='bbox 150 1775 316 1821; x_wconf 86' lang='lat' dir='ltr'>inquisita</span> <span class='ocrx_word' id='word_1_220' title='bbox 341 1773 494 1806; x_wconf 87' lang='lat' dir='ltr'>Pontani</span> <span class='ocrx_word' id='word_1_221' title='bbox 518 1773 700 1816; x_wconf 81' lang='lat' dir='ltr'>diligentia</span> <span class='ocrx_word' id='word_1_222' title='bbox 731 1773 901 1806; x_wconf 87' lang='lat' dir='ltr'>exercitus</span> <span class='ocrx_word' id='word_1_223' title='bbox 932 1772 1067 1805; x_wconf 90' lang='lat' dir='ltr'>dimissi</span> 
     </span>
     <span class='ocr_line' id='line_1_36' title="bbox 89 1822 1065 1867; baseline -0.005 -7"><span class='ocrx_word' id='word_1_224' title='bbox 89 1833 188 1867; x_wconf 88' lang='lat' dir='ltr'>sunt,</span> <span class='ocrx_word' id='word_1_225' title='bbox 223 1832 255 1859; x_wconf 88' lang='lat' dir='ltr'>et</span> <span class='ocrx_word' id='word_1_226' title='bbox 287 1825 458 1858; x_wconf 90' lang='lat' dir='ltr'>tumultus</span> <span class='ocrx_word' id='word_1_227' title='bbox 490 1824 591 1856; x_wconf 88' lang='lat' dir='ltr'>initia</span> <span class='ocrx_word' id='word_1_228' title='bbox 624 1824 741 1857; x_wconf 89' lang='lat' dir='ltr'>sedata</span> <span class='ocrx_word' id='word_1_229' title='bbox 771 1830 863 1856; x_wconf 92' lang='lat' dir='ltr'>sunt.</span> <span class='ocrx_word' id='word_1_230' title='bbox 923 1822 1065 1856; x_wconf 86' lang='lat' dir='ltr'>Possem</span> 
     </span>
     <span class='ocr_line' id='line_1_37' title="bbox 90 1874 1066 1922; baseline -0.003 -11"><span class='ocrx_word' id='word_1_231' title='bbox 90 1879 193 1922; x_wconf 89' lang='lat' dir='ltr'>plura</span> <span class='ocrx_word' id='word_1_232' title='bbox 226 1875 383 1919; x_wconf 86' lang='lat' dir='ltr'>exempla</span> <span class='ocrx_word' id='word_1_233' title='bbox 408 1874 615 1908; x_wconf 84' lang='lat' dir='ltr'>salutarium</span> <span class='ocrx_word' id='word_1_234' title='bbox 646 1874 873 1907; x_wconf 91' lang='lat' dir='ltr'>consiliorum</span> <span class='ocrx_word' id='word_1_235' title='bbox 908 1874 1066 1908; x_wconf 84' lang='lat' dir='ltr'>recitare.</span> 
     </span>
     <span class='ocr_line' id='line_1_38' title="bbox 88 1924 1066 1971; baseline -0.006 -9"><span class='ocrx_word' id='word_1_236' title='bbox 88 1928 332 1971; x_wconf 86' lang='lat' dir='ltr'>Agnoscamus</span> <span class='ocrx_word' id='word_1_237' title='bbox 354 1932 470 1958; x_wconf 88' lang='lat' dir='ltr'>antem</span> <span class='ocrx_word' id='word_1_238' title='bbox 493 1925 529 1957; x_wconf 92' lang='lat' dir='ltr'>in</span> <span class='ocrx_word' id='word_1_239' title='bbox 552 1925 656 1958; x_wconf 90' lang='lat' dir='ltr'>rebus</span> <span class='ocrx_word' id='word_1_240' title='bbox 681 1925 788 1958; x_wconf 87' lang='lat' dir='ltr'>tantis</span> <span class='ocrx_word' id='word_1_241' title='bbox 820 1924 979 1957; x_wconf 89' lang='lat' dir='ltr'>soelicem</span> <span class='ocrx_word' id='word_1_242' title='bbox 1011 1935 1066 1956; x_wconf 92' lang='lat' dir='ltr'>sa-</span> 
     </span>
     <span class='ocr_line' id='line_1_39' title="bbox 88 1974 1067 2023; baseline -0.006 -11"><span class='ocrx_word' id='word_1_243' title='bbox 88 1978 258 2023; x_wconf 82' lang='lat' dir='ltr'>pientiam</span> <span class='ocrx_word' id='word_1_244' title='bbox 276 1975 344 2010; x_wconf 84' lang='lat' dir='ltr'>Dei</span> <span class='ocrx_word' id='word_1_245' title='bbox 359 1976 566 2009; x_wconf 82' lang='lat' dir='ltr'>heneficium</span> <span class='ocrx_word' id='word_1_246' title='bbox 583 1986 673 2016; x_wconf 92' lang='lat' dir='ltr'>esse,</span> <span class='ocrx_word' id='word_1_247' title='bbox 697 1982 730 2008; x_wconf 89' lang='lat' dir='ltr'>et</span> <span class='ocrx_word' id='word_1_248' title='bbox 745 1975 819 2008; x_wconf 88' lang='lat' dir='ltr'>Deo</span> <span class='ocrx_word' id='word_1_249' title='bbox 844 1974 970 2017; x_wconf 78' lang='lat' dir='ltr'>gratias</span> <span class='ocrx_word' id='word_1_250' title='bbox 986 1985 1067 2016; x_wconf 82' lang='lat' dir='ltr'>aga-</span> 
     </span>
     <span class='ocr_line' id='line_1_40' title="bbox 89 2023 1067 2068; baseline -0.007 -6"><span class='ocrx_word' id='word_1_251' title='bbox 89 2040 177 2062; x_wconf 88' lang='lat' dir='ltr'>mus.</span> <span class='ocrx_word' id='word_1_252' title='bbox 233 2027 368 2060; x_wconf 87' lang='lat' dir='ltr'>Tamen</span> <span class='ocrx_word' id='word_1_253' title='bbox 386 2033 417 2059; x_wconf 86' lang='lat' dir='ltr'>et</span> <span class='ocrx_word' id='word_1_254' title='bbox 435 2026 576 2068; x_wconf 82' lang='lat' dir='ltr'>organis</span> <span class='ocrx_word' id='word_1_255' title='bbox 593 2024 657 2058; x_wconf 91' lang='lat' dir='ltr'>Dei</span> <span class='ocrx_word' id='word_1_256' title='bbox 674 2037 757 2059; x_wconf 93' lang='lat' dir='ltr'>suus</span> <span class='ocrx_word' id='word_1_257' title='bbox 775 2023 888 2058; x_wconf 88' lang='lat' dir='ltr'>honos</span> <span class='ocrx_word' id='word_1_258' title='bbox 906 2024 1067 2065; x_wconf 85' lang='lat' dir='ltr'>debetur,</span> 
     </span>
     <span class='ocr_line' id='line_1_41' title="bbox 90 2075 1066 2120; baseline -0.005 -8"><span class='ocrx_word' id='word_1_259' title='bbox 90 2087 124 2114; x_wconf 82' lang='lat' dir='ltr'>ct</span> <span class='ocrx_word' id='word_1_260' title='bbox 140 2091 202 2112; x_wconf 92' lang='lat' dir='ltr'>sno</span> <span class='ocrx_word' id='word_1_261' title='bbox 225 2078 299 2111; x_wconf 84' lang='lat' dir='ltr'>loco</span> <span class='ocrx_word' id='word_1_262' title='bbox 320 2078 451 2110; x_wconf 91' lang='lat' dir='ltr'>dictum</span> <span class='ocrx_word' id='word_1_263' title='bbox 468 2075 652 2120; x_wconf 87' lang='lat' dir='ltr'>Euripidis</span> <span class='ocrx_word' id='word_1_264' title='bbox 671 2076 847 2119; x_wconf 84' lang='lat' dir='ltr'>congruit:</span> <span class='ocrx_word' id='word_1_265' title='bbox 874 2075 1066 2118; x_wconf 88' lang='lat' dir='ltr'>Praecipua</span> 
     </span>
     <span class='ocr_line' id='line_1_42' title="bbox 90 2126 1066 2172; baseline -0.006 -8"><span class='ocrx_word' id='word_1_266' title='bbox 90 2130 193 2164; x_wconf 85' lang='lat' dir='ltr'>lande</span> <span class='ocrx_word' id='word_1_267' title='bbox 212 2129 321 2162; x_wconf 86' lang='lat' dir='ltr'>civem</span> <span class='ocrx_word' id='word_1_268' title='bbox 339 2128 485 2169; x_wconf 81' lang='lat' dir='ltr'>dignum</span> <span class='ocrx_word' id='word_1_269' title='bbox 502 2138 586 2167; x_wconf 88' lang='lat' dir='ltr'>esse,</span> <span class='ocrx_word' id='word_1_270' title='bbox 603 2138 676 2159; x_wconf 89' lang='lat' dir='ltr'>non</span> <span class='ocrx_word' id='word_1_271' title='bbox 693 2127 753 2172; x_wconf 90' lang='lat' dir='ltr'>qui</span> <span class='ocrx_word' id='word_1_272' title='bbox 772 2127 807 2159; x_wconf 89' lang='lat' dir='ltr'>in</span> <span class='ocrx_word' id='word_1_273' title='bbox 825 2126 972 2159; x_wconf 86' lang='lat' dir='ltr'>ludicris</span> <span class='ocrx_word' id='word_1_274' title='bbox 988 2137 1066 2170; x_wconf 90' lang='lat' dir='ltr'>spe-</span> 
     </span>
     <span class='ocr_line' id='line_1_43' title="bbox 91 2172 1003 2224; baseline -0.003 -9"><span class='ocrx_word' id='word_1_275' title='bbox 91 2180 235 2215; x_wconf 88' lang='lat' dir='ltr'>ctaculis</span> <span class='ocrx_word' id='word_1_276' title='bbox 252 2178 450 2213; x_wconf 89' lang='lat' dir='ltr'>antecellit:</span> <span class='ocrx_word' id='word_1_277' title='bbox 475 2174 567 2211; x_wconf 80' lang='grc' dir='ltr'><em>ἀλλὰ</em></span> <span class='ocrx_word' id='word_1_278' title='bbox 585 2173 707 2222; x_wconf 80' lang='grc' dir='ltr'><em>μάχας</em></span> <span class='ocrx_word' id='word_1_279' title='bbox 721 2173 877 2212; x_wconf 69' lang='grc' dir='ltr'><em>κωλύων</em></span> <span class='ocrx_word' id='word_1_280' title='bbox 893 2172 1003 2224; x_wconf 62' lang='grc' dir='ltr'><strong><em>λόγῳ.</em></strong></span> 
     </span>
    </p>
   </div>
   <div class='ocr_carea' id='block_1_7' title="bbox 90 2245 1071 2693">
    <p class='ocr_par' dir='ltr' id='par_1_8' title="bbox 90 2245 1071 2693">
     <span class='ocr_line' id='line_1_44' title="bbox 192 2245 1068 2280; baseline -0.006 0"><span class='ocrx_word' id='word_1_281' title='bbox 192 2246 283 2280; x_wconf 89' lang='lat' dir='ltr'>Nolo</span> <span class='ocrx_word' id='word_1_282' title='bbox 300 2251 416 2280; x_wconf 89' lang='lat' dir='ltr'>autem</span> <span class='ocrx_word' id='word_1_283' title='bbox 434 2245 581 2278; x_wconf 88' lang='lat' dir='ltr'>vulnera</span> <span class='ocrx_word' id='word_1_284' title='bbox 598 2250 718 2278; x_wconf 91' lang='lat' dir='ltr'>nostra</span> <span class='ocrx_word' id='word_1_285' title='bbox 741 2249 957 2277; x_wconf 84' lang='lat' dir='ltr'>contrectare</span> <span class='ocrx_word' id='word_1_286' title='bbox 972 2254 1068 2276; x_wconf 91' lang='lat' dir='ltr'>com-</span> 
     </span>
     <span class='ocr_line' id='line_1_45' title="bbox 90 2292 1068 2340; baseline -0.004 -8"><span class='ocrx_word' id='word_1_287' title='bbox 90 2297 346 2332; x_wconf 86' lang='lat' dir='ltr'>memoratione</span> <span class='ocrx_word' id='word_1_288' title='bbox 368 2296 472 2336; x_wconf 89' lang='lat' dir='ltr'>belli,</span> <span class='ocrx_word' id='word_1_289' title='bbox 499 2295 592 2340; x_wconf 90' lang='lat' dir='ltr'>quod</span> <span class='ocrx_word' id='word_1_290' title='bbox 617 2306 711 2327; x_wconf 91' lang='lat' dir='ltr'>anno</span> <span class='ocrx_word' id='word_1_291' title='bbox 737 2292 799 2328; x_wconf 80' lang='lat'>46,</span> <span class='ocrx_word' id='word_1_292' title='bbox 823 2300 982 2327; x_wconf 81' lang='lat' dir='ltr'>secutum</span> <span class='ocrx_word' id='word_1_293' title='bbox 1006 2299 1068 2328; x_wconf 89' lang='lat' dir='ltr'>est.</span> 
     </span>
     <span class='ocr_line' id='line_1_46' title="bbox 91 2344 1069 2390; baseline -0.007 -7"><span class='ocrx_word' id='word_1_294' title='bbox 91 2349 248 2383; x_wconf 86' lang='lat' dir='ltr'>Tantum</span> <span class='ocrx_word' id='word_1_295' title='bbox 269 2345 336 2381; x_wconf 87' lang='lat' dir='ltr'>hoc</span> <span class='ocrx_word' id='word_1_296' title='bbox 359 2347 494 2387; x_wconf 88' lang='lat' dir='ltr'>dicam,</span> <span class='ocrx_word' id='word_1_297' title='bbox 528 2346 622 2390; x_wconf 89' lang='lat' dir='ltr'>quod</span> <span class='ocrx_word' id='word_1_298' title='bbox 645 2345 716 2378; x_wconf 89' lang='lat' dir='ltr'>scio</span> <span class='ocrx_word' id='word_1_299' title='bbox 742 2356 822 2378; x_wconf 86' lang='lat' dir='ltr'>eum</span> <span class='ocrx_word' id='word_1_300' title='bbox 837 2344 875 2377; x_wconf 88' lang='lat' dir='ltr'>in</span> <span class='ocrx_word' id='word_1_301' title='bbox 895 2344 1069 2377; x_wconf 88' lang='lat' dir='ltr'>delibera-</span> 
     </span>
     <span class='ocr_line' id='line_1_47' title="bbox 90 2394 1068 2439; baseline -0.006 -6"><span class='ocrx_word' id='word_1_302' title='bbox 90 2400 186 2433; x_wconf 87' lang='lat' dir='ltr'>tione</span> <span class='ocrx_word' id='word_1_303' title='bbox 202 2398 261 2431; x_wconf 87' lang='lat' dir='ltr'>illa</span> <span class='ocrx_word' id='word_1_304' title='bbox 279 2397 423 2431; x_wconf 83' lang='lat' dir='ltr'>dixisse:</span> <span class='ocrx_word' id='word_1_305' title='bbox 449 2396 623 2431; x_wconf 87' lang='lat' dir='ltr'>Comitem</span> <span class='ocrx_word' id='word_1_306' title='bbox 639 2407 675 2429; x_wconf 91' lang='lat' dir='ltr'>se</span> <span class='ocrx_word' id='word_1_307' title='bbox 689 2395 851 2429; x_wconf 86' lang='lat' dir='ltr'>fortunae</span> <span class='ocrx_word' id='word_1_308' title='bbox 861 2394 1068 2439; x_wconf 87' lang='lat' dir='ltr'>Principum</span> 
     </span>
     <span class='ocr_line' id='line_1_48' title="bbox 92 2444 1068 2494; baseline -0.005 -11"><span class='ocrx_word' id='word_1_309' title='bbox 92 2452 184 2491; x_wconf 86' lang='lat' dir='ltr'>sore,</span> <span class='ocrx_word' id='word_1_310' title='bbox 212 2448 464 2494; x_wconf 88' lang='lat' dir='ltr'>qualiscunque</span> <span class='ocrx_word' id='word_1_311' title='bbox 479 2454 624 2482; x_wconf 89' lang='lat' dir='ltr'>eventus</span> <span class='ocrx_word' id='word_1_312' title='bbox 641 2452 739 2479; x_wconf 86' lang='lat' dir='ltr'>esset.</span> <span class='ocrx_word' id='word_1_313' title='bbox 781 2444 872 2478; x_wconf 89' lang='lat' dir='ltr'>Belli</span> <span class='ocrx_word' id='word_1_314' title='bbox 889 2456 1068 2479; x_wconf 87' lang='lat' dir='ltr'>suasorem</span> 
     </span>
     <span class='ocr_line' id='line_1_49' title="bbox 94 2496 1069 2543; baseline -0.007 -9"><span class='ocrx_word' id='word_1_315' title='bbox 94 2513 166 2534; x_wconf 89' lang='lat' dir='ltr'>non</span> <span class='ocrx_word' id='word_1_316' title='bbox 191 2500 277 2534; x_wconf 87' lang='lat' dir='ltr'>sore.</span> <span class='ocrx_word' id='word_1_317' title='bbox 330 2496 381 2531; x_wconf 86' lang='lat' dir='ltr'>Ac</span> <span class='ocrx_word' id='word_1_318' title='bbox 402 2498 430 2531; x_wconf 87' lang='lat' dir='ltr'>si</span> <span class='ocrx_word' id='word_1_319' title='bbox 452 2499 531 2543; x_wconf 88' lang='lat' dir='ltr'>quis</span> <span class='ocrx_word' id='word_1_320' title='bbox 555 2498 662 2531; x_wconf 89' lang='lat' dir='ltr'>multa</span> <span class='ocrx_word' id='word_1_321' title='bbox 690 2496 846 2540; x_wconf 87' lang='lat' dir='ltr'>disputat</span> <span class='ocrx_word' id='word_1_322' title='bbox 868 2496 912 2528; x_wconf 90' lang='lat' dir='ltr'>de</span> <span class='ocrx_word' id='word_1_323' title='bbox 929 2507 1069 2540; x_wconf 85' lang='lat' dir='ltr'>praece·-</span> 
     </span>
     <span class='ocr_line' id='line_1_50' title="bbox 95 2543 1070 2589; baseline -0.006 -5"><span class='ocrx_word' id='word_1_324' title='bbox 95 2551 262 2585; x_wconf 90' lang='lat' dir='ltr'>dentibns</span> <span class='ocrx_word' id='word_1_325' title='bbox 285 2549 545 2589; x_wconf 86' lang='lat' dir='ltr'>occasionibus,</span> <span class='ocrx_word' id='word_1_326' title='bbox 573 2549 601 2581; x_wconf 90' lang='lat' dir='ltr'>is</span> <span class='ocrx_word' id='word_1_327' title='bbox 626 2548 753 2589; x_wconf 83' lang='lat' dir='ltr'>cogitet</span> <span class='ocrx_word' id='word_1_328' title='bbox 777 2557 841 2579; x_wconf 87' lang='lat' dir='ltr'>nos</span> <span class='ocrx_word' id='word_1_329' title='bbox 860 2546 928 2578; x_wconf 90' lang='lat' dir='ltr'>iam</span> <span class='ocrx_word' id='word_1_330' title='bbox 946 2547 988 2579; x_wconf 90' lang='lat' dir='ltr'>de</span> <span class='ocrx_word' id='word_1_331' title='bbox 1006 2543 1070 2578; x_wconf 89' lang='lat' dir='ltr'>ho-</span> 
     </span>
     <span class='ocr_line' id='line_1_51' title="bbox 95 2596 1070 2644; baseline -0.003 -10"><span class='ocrx_word' id='word_1_332' title='bbox 95 2601 253 2634; x_wconf 87' lang='lat' dir='ltr'>minibus</span> <span class='ocrx_word' id='word_1_333' title='bbox 271 2599 380 2644; x_wconf 88' lang='lat' dir='ltr'>loqui,</span> <span class='ocrx_word' id='word_1_334' title='bbox 408 2599 444 2630; x_wconf 90' lang='lat' dir='ltr'>in</span> <span class='ocrx_word' id='word_1_335' title='bbox 463 2599 590 2643; x_wconf 86' lang='lat' dir='ltr'>quibus</span> <span class='ocrx_word' id='word_1_336' title='bbox 607 2598 788 2640; x_wconf 85' lang='lat' dir='ltr'>multiplex</span> <span class='ocrx_word' id='word_1_337' title='bbox 807 2603 856 2630; x_wconf 88' lang='lat' dir='ltr'>est</span> <span class='ocrx_word' id='word_1_338' title='bbox 875 2596 1070 2631; x_wconf 84' lang='lat' dir='ltr'>infirmitas.</span> 
     </span>
     <span class='ocr_line' id='line_1_52' title="bbox 97 2647 1071 2693; baseline -0.006 -8"><span class='ocrx_word' id='word_1_339' title='bbox 97 2652 171 2685; x_wconf 88' lang='lat' dir='ltr'>lmo</span> <span class='ocrx_word' id='word_1_340' title='bbox 189 2650 317 2693; x_wconf 85' lang='lat' dir='ltr'>singuli</span> <span class='ocrx_word' id='word_1_341' title='bbox 335 2650 527 2692; x_wconf 80' lang='lat' dir='ltr'>cogitemus</span> <span class='ocrx_word' id='word_1_342' title='bbox 542 2656 662 2683; x_wconf 84' lang='lat' dir='ltr'>nostra</span> <span class='ocrx_word' id='word_1_343' title='bbox 680 2649 764 2682; x_wconf 86' lang='lat' dir='ltr'>vitia</span> <span class='ocrx_word' id='word_1_344' title='bbox 789 2658 918 2692; x_wconf 87' lang='lat' dir='ltr'>poenas</span> <span class='ocrx_word' id='word_1_345' title='bbox 934 2647 1071 2688; x_wconf 86' lang='lat' dir='ltr'>mereri,</span> 
     </span>
    </p>
   </div>
   <div class='ocr_carea' id='block_1_8' title="bbox 1130 238 2124 722">
    <p class='ocr_par' dir='ltr' id='par_1_9' title="bbox 1130 238 2124 722">
     <span class='ocr_line' id='line_1_53' title="bbox 1142 238 2124 288; baseline 0.012 -22"><span class='ocrx_word' id='word_1_346' title='bbox 1142 241 1254 268; x_wconf 89' lang='lat' dir='ltr'>tamus</span> <span class='ocrx_word' id='word_1_347' title='bbox 1277 242 1315 268; x_wconf 93' lang='lat' dir='ltr'>ut</span> <span class='ocrx_word' id='word_1_348' title='bbox 1336 243 1480 280; x_wconf 89' lang='lat' dir='ltr'>propter</span> <span class='ocrx_word' id='word_1_349' title='bbox 1502 238 1612 271; x_wconf 87' lang='lat' dir='ltr'>filium</span> <span class='ocrx_word' id='word_1_350' title='bbox 1638 241 1868 274; x_wconf 82' lang='lat' dir='ltr'>mediatorem</span> <span class='ocrx_word' id='word_1_351' title='bbox 1883 250 2045 277; x_wconf 88' lang='lat' dir='ltr'>aeternus</span> <span class='ocrx_word' id='word_1_352' title='bbox 2061 258 2124 288; x_wconf 85' lang='lat' dir='ltr'>pa·</span> 
     </span>
     <span class='ocr_line' id='line_1_54' title="bbox 1140 285 2122 330; baseline 0.013 -14"><span class='ocrx_word' id='word_1_353' title='bbox 1140 291 1194 318; x_wconf 87' lang='lat' dir='ltr'>ter</span> <span class='ocrx_word' id='word_1_354' title='bbox 1217 285 1252 317; x_wconf 90' lang='lat' dir='ltr'>in</span> <span class='ocrx_word' id='word_1_355' title='bbox 1283 286 1333 318; x_wconf 91' lang='lat' dir='ltr'>ira</span> <span class='ocrx_word' id='word_1_356' title='bbox 1357 287 1617 322; x_wconf 85' lang='lat' dir='ltr'>misericordiae</span> <span class='ocrx_word' id='word_1_357' title='bbox 1636 292 1857 330; x_wconf 84' lang='lat' dir='ltr'>recordetur,</span> <span class='ocrx_word' id='word_1_358' title='bbox 1881 300 1912 326; x_wconf 87' lang='lat' dir='ltr'>et</span> <span class='ocrx_word' id='word_1_359' title='bbox 1928 295 2122 329; x_wconf 89' lang='lat' dir='ltr'>moestissi-</span> 
     </span>
     <span class='ocr_line' id='line_1_55' title="bbox 1138 334 2117 381; baseline 0.013 -15"><span class='ocrx_word' id='word_1_360' title='bbox 1138 346 1215 367; x_wconf 89' lang='lat' dir='ltr'>mae</span> <span class='ocrx_word' id='word_1_361' title='bbox 1233 334 1409 369; x_wconf 88' lang='lat' dir='ltr'>Ecclesiae</span> <span class='ocrx_word' id='word_1_362' title='bbox 1426 349 1526 379; x_wconf 87' lang='lat' dir='ltr'>opem</span> <span class='ocrx_word' id='word_1_363' title='bbox 1547 340 1651 381; x_wconf 88' lang='lat' dir='ltr'>ferat,</span> <span class='ocrx_word' id='word_1_364' title='bbox 1678 352 1741 374; x_wconf 88' lang='lat' dir='ltr'>nec</span> <span class='ocrx_word' id='word_1_365' title='bbox 1759 342 1850 376; x_wconf 81' lang='lat' dir='ltr'>sinat</span> <span class='ocrx_word' id='word_1_366' title='bbox 1868 343 1943 376; x_wconf 89' lang='lat' dir='ltr'>fieri</span> <span class='ocrx_word' id='word_1_367' title='bbox 1962 346 2117 379; x_wconf 86' lang='lat' dir='ltr'>infinitas</span> 
     </span>
     <span class='ocr_line' id='line_1_56' title="bbox 1139 385 2117 438; baseline 0.012 -21"><span class='ocrx_word' id='word_1_368' title='bbox 1139 385 1399 429; x_wconf 88' lang='lat' dir='ltr'>dissipationes.</span> <span class='ocrx_word' id='word_1_369' title='bbox 1427 386 1507 421; x_wconf 54' lang='lat' dir='ltr'>Bon</span> <span class='ocrx_word' id='word_1_370' title='bbox 1529 386 1593 423; x_wconf 88' lang='lat' dir='ltr'>hoc</span> <span class='ocrx_word' id='word_1_371' title='bbox 1614 398 1749 424; x_wconf 89' lang='lat' dir='ltr'>tantum</span> <span class='ocrx_word' id='word_1_372' title='bbox 1769 404 1889 425; x_wconf 86' lang='lat' dir='ltr'>verum</span> <span class='ocrx_word' id='word_1_373' title='bbox 1910 401 1977 427; x_wconf 87' lang='lat' dir='ltr'>est:</span> <span class='ocrx_word' id='word_1_374' title='bbox 2006 395 2117 438; x_wconf 86' lang='lat' dir='ltr'>Quic-</span> 
     </span>
     <span class='ocr_line' id='line_1_57' title="bbox 1136 435 2117 490; baseline 0.013 -23"><span class='ocrx_word' id='word_1_375' title='bbox 1136 435 1221 479; x_wconf 72' lang='lat' dir='ltr'>quid</span> <span class='ocrx_word' id='word_1_376' title='bbox 1241 437 1393 470; x_wconf 89' lang='lat' dir='ltr'>delirant</span> <span class='ocrx_word' id='word_1_377' title='bbox 1408 449 1502 480; x_wconf 87' lang='lat' dir='ltr'>reges</span> <span class='ocrx_word' id='word_1_378' title='bbox 1521 441 1725 482; x_wconf 88' lang='lat' dir='ltr'>plectuntur</span> <span class='ocrx_word' id='word_1_379' title='bbox 1737 440 1877 475; x_wconf 77' lang='lat' dir='ltr'>Achivi.</span> <span class='ocrx_word' id='word_1_380' title='bbox 1930 444 1998 477; x_wconf 80' lang='lat' dir='ltr'>Sed</span> <span class='ocrx_word' id='word_1_381' title='bbox 2016 457 2117 490; x_wconf 88' lang='lat' dir='ltr'>saepe</span> 
     </span>
     <span class='ocr_line' id='line_1_58' title="bbox 1134 486 2115 532; baseline 0.013 -15"><span class='ocrx_word' id='word_1_382' title='bbox 1134 486 1238 519; x_wconf 90' lang='lat' dir='ltr'>etiam</span> <span class='ocrx_word' id='word_1_383' title='bbox 1256 495 1400 531; x_wconf 90' lang='lat' dir='ltr'>propter</span> <span class='ocrx_word' id='word_1_384' title='bbox 1416 490 1537 532; x_wconf 89' lang='lat' dir='ltr'>populi</span> <span class='ocrx_word' id='word_1_385' title='bbox 1556 490 1640 523; x_wconf 84' lang='lat' dir='ltr'>vitia</span> <span class='ocrx_word' id='word_1_386' title='bbox 1659 491 1777 524; x_wconf 87' lang='lat' dir='ltr'>minus</span> <span class='ocrx_word' id='word_1_387' title='bbox 1793 493 1933 526; x_wconf 88' lang='lat' dir='ltr'>soelices</span> <span class='ocrx_word' id='word_1_388' title='bbox 1950 503 2031 529; x_wconf 85' lang='lat' dir='ltr'>sunt</span> <span class='ocrx_word' id='word_1_389' title='bbox 2050 497 2115 530; x_wconf 86' lang='lat' dir='ltr'>bo-</span> 
     </span>
     <span class='ocr_line' id='line_1_59' title="bbox 1134 536 2114 579; baseline 0.011 -11"><span class='ocrx_word' id='word_1_390' title='bbox 1134 536 1169 568; x_wconf 91' lang='lat' dir='ltr'>ni</span> <span class='ocrx_word' id='word_1_391' title='bbox 1189 538 1448 579; x_wconf 87' lang='lat' dir='ltr'>gubernatores.</span> <span class='ocrx_word' id='word_1_392' title='bbox 1483 538 1560 572; x_wconf 86' lang='lat' dir='ltr'>Oro</span> <span class='ocrx_word' id='word_1_393' title='bbox 1577 548 1691 574; x_wconf 88' lang='lat' dir='ltr'>autem</span> <span class='ocrx_word' id='word_1_394' title='bbox 1711 541 1821 575; x_wconf 89' lang='lat' dir='ltr'>filium</span> <span class='ocrx_word' id='word_1_395' title='bbox 1838 541 1902 575; x_wconf 93' lang='lat' dir='ltr'>Dei</span> <span class='ocrx_word' id='word_1_396' title='bbox 1920 543 2114 579; x_wconf 85' lang='lat' dir='ltr'>Dominum</span> 
     </span>
     <span class='ocr_line' id='line_1_60' title="bbox 1131 587 2113 637; baseline 0.011 -18"><span class='ocrx_word' id='word_1_397' title='bbox 1131 594 1291 620; x_wconf 88' lang='lat' dir='ltr'>nostrum</span> <span class='ocrx_word' id='word_1_398' title='bbox 1319 587 1433 622; x_wconf 90' lang='lat' dir='ltr'>Iesum</span> <span class='ocrx_word' id='word_1_399' title='bbox 1459 588 1659 631; x_wconf 80' lang='lat' dir='ltr'>Christum,</span> <span class='ocrx_word' id='word_1_400' title='bbox 1693 598 1733 625; x_wconf 85' lang='lat' dir='ltr'>ut</span> <span class='ocrx_word' id='word_1_401' title='bbox 1755 604 1819 624; x_wconf 91' lang='lat' dir='ltr'>nos</span> <span class='ocrx_word' id='word_1_402' title='bbox 1845 601 1988 637; x_wconf 89' lang='lat' dir='ltr'>propter</span> <span class='ocrx_word' id='word_1_403' title='bbox 2013 608 2113 632; x_wconf 85' lang='lat' dir='ltr'>suam</span> 
     </span>
     <span class='ocr_line' id='line_1_61' title="bbox 1130 637 2111 685; baseline 0.009 -15"><span class='ocrx_word' id='word_1_404' title='bbox 1130 637 1279 679; x_wconf 85' lang='lat' dir='ltr'>gloriam</span> <span class='ocrx_word' id='word_1_405' title='bbox 1302 639 1472 682; x_wconf 83' lang='lat' dir='ltr'>gubernet</span> <span class='ocrx_word' id='word_1_406' title='bbox 1499 647 1528 674; x_wconf 89' lang='lat' dir='ltr'>et</span> <span class='ocrx_word' id='word_1_407' title='bbox 1548 647 1720 685; x_wconf 85' lang='lat' dir='ltr'>protegat.</span> <span class='ocrx_word' id='word_1_408' title='bbox 1772 641 1895 676; x_wconf 88' lang='lat' dir='ltr'>Redeo</span> <span class='ocrx_word' id='word_1_409' title='bbox 1920 646 1962 677; x_wconf 85' lang='lat' dir='ltr'>ad</span> <span class='ocrx_word' id='word_1_410' title='bbox 1989 657 2111 680; x_wconf 84' lang='lat' dir='ltr'>narra-</span> 
     </span>
     <span class='ocr_line' id='line_1_62' title="bbox 1130 693 1274 722; baseline 0.021 -3"><span class='ocrx_word' id='word_1_411' title='bbox 1130 693 1274 722; x_wconf 80' lang='lat' dir='ltr'>tionem.</span> 
     </span>
    </p>
   </div>
   <div class='ocr_carea' id='block_1_9' title="bbox 1122 755 2108 1597">
    <p class='ocr_par' dir='ltr' id='par_1_10' title="bbox 1122 755 2108 1597">
     <span class='ocr_line' id='line_1_63' title="bbox 1230 755 2108 802; baseline 0.01 -14"><span class='ocrx_word' id='word_1_412' title='bbox 1230 755 1329 789; x_wconf 90' lang='lat' dir='ltr'>Pacis</span> <span class='ocrx_word' id='word_1_413' title='bbox 1359 763 1516 801; x_wconf 88' lang='lat' dir='ltr'>tempore</span> <span class='ocrx_word' id='word_1_414' title='bbox 1550 758 1736 802; x_wconf 87' lang='lat' dir='ltr'>praecipua</span> <span class='ocrx_word' id='word_1_415' title='bbox 1770 772 1850 794; x_wconf 85' lang='lat' dir='ltr'>cura</span> <span class='ocrx_word' id='word_1_416' title='bbox 1876 762 1963 795; x_wconf 81' lang='lat' dir='ltr'>fovit</span> <span class='ocrx_word' id='word_1_417' title='bbox 1986 761 2108 797; x_wconf 88' lang='lat' dir='ltr'>Eccle-</span> 
     </span>
     <span class='ocr_line' id='line_1_64' title="bbox 1128 804 2106 852; baseline 0.011 -15"><span class='ocrx_word' id='word_1_418' title='bbox 1128 804 1213 838; x_wconf 89' lang='lat' dir='ltr'>sias:</span> <span class='ocrx_word' id='word_1_419' title='bbox 1250 806 1493 850; x_wconf 80' lang='lat' dir='ltr'>inspectionis,</span> <span class='ocrx_word' id='word_1_420' title='bbox 1519 808 1556 840; x_wconf 91' lang='lat' dir='ltr'>in</span> <span class='ocrx_word' id='word_1_421' title='bbox 1583 821 1650 852; x_wconf 89' lang='lat' dir='ltr'>qua</span> <span class='ocrx_word' id='word_1_422' title='bbox 1677 810 1810 843; x_wconf 85' lang='lat' dir='ltr'>reditus</span> <span class='ocrx_word' id='word_1_423' title='bbox 1836 811 2030 846; x_wconf 85' lang='lat' dir='ltr'>liberaliter</span> <span class='ocrx_word' id='word_1_424' title='bbox 2054 822 2106 849; x_wconf 86' lang='lat' dir='ltr'>at-</span> 
     </span>
     <span class='ocr_line' id='line_1_65' title="bbox 1128 856 2105 906; baseline 0.01 -18"><span class='ocrx_word' id='word_1_425' title='bbox 1128 856 1252 889; x_wconf 87' lang='lat' dir='ltr'>tributi</span> <span class='ocrx_word' id='word_1_426' title='bbox 1282 863 1363 890; x_wconf 84' lang='lat' dir='ltr'>sunt</span> <span class='ocrx_word' id='word_1_427' title='bbox 1393 859 1514 891; x_wconf 87' lang='lat' dir='ltr'>multis</span> <span class='ocrx_word' id='word_1_428' title='bbox 1545 857 1730 900; x_wconf 88' lang='lat' dir='ltr'>Ecclesiis,</span> <span class='ocrx_word' id='word_1_429' title='bbox 1766 861 1838 904; x_wconf 86' lang='lat' dir='ltr'>ipse</span> <span class='ocrx_word' id='word_1_430' title='bbox 1869 874 1991 896; x_wconf 84' lang='lat' dir='ltr'>suasor</span> <span class='ocrx_word' id='word_1_431' title='bbox 2019 865 2105 906; x_wconf 85' lang='lat' dir='ltr'>fuit,</span> 
     </span>
     <span class='ocr_line' id='line_1_66' title="bbox 1127 907 2104 950; baseline 0.01 -12"><span class='ocrx_word' id='word_1_432' title='bbox 1127 918 1277 950; x_wconf 88' lang='lat' dir='ltr'>cumque</span> <span class='ocrx_word' id='word_1_433' title='bbox 1293 918 1366 939; x_wconf 88' lang='lat' dir='ltr'>eam</span> <span class='ocrx_word' id='word_1_434' title='bbox 1384 907 1591 942; x_wconf 86' lang='lat' dir='ltr'>labefactare</span> <span class='ocrx_word' id='word_1_435' title='bbox 1606 909 1820 945; x_wconf 88' lang='lat' dir='ltr'>antinomica</span> <span class='ocrx_word' id='word_1_436' title='bbox 1837 912 1942 946; x_wconf 78' lang='lat' dir='ltr'>factio</span> <span class='ocrx_word' id='word_1_437' title='bbox 1958 926 2104 948; x_wconf 89' lang='lat' dir='ltr'>conare-</span> 
     </span>
     <span class='ocr_line' id='line_1_67' title="bbox 1127 957 2105 1006; baseline 0.011 -18"><span class='ocrx_word' id='word_1_438' title='bbox 1127 963 1202 996; x_wconf 87' lang='lat' dir='ltr'>tur,</span> <span class='ocrx_word' id='word_1_439' title='bbox 1230 957 1393 999; x_wconf 88' lang='lat' dir='ltr'>persecit,</span> <span class='ocrx_word' id='word_1_440' title='bbox 1420 965 1457 991; x_wconf 89' lang='lat' dir='ltr'>ut</span> <span class='ocrx_word' id='word_1_441' title='bbox 1482 959 1652 991; x_wconf 87' lang='lat' dir='ltr'>iudicium</span> <span class='ocrx_word' id='word_1_442' title='bbox 1675 963 1874 995; x_wconf 89' lang='lat' dir='ltr'>convocatis</span> <span class='ocrx_word' id='word_1_443' title='bbox 1900 964 1967 1006; x_wconf 90' lang='lat' dir='ltr'>piis</span> <span class='ocrx_word' id='word_1_444' title='bbox 1991 971 2022 998; x_wconf 89' lang='lat' dir='ltr'>et</span> <span class='ocrx_word' id='word_1_445' title='bbox 2040 967 2105 999; x_wconf 90' lang='lat' dir='ltr'>do-</span> 
     </span>
     <span class='ocr_line' id='line_1_68' title="bbox 1125 1006 2103 1054; baseline 0.009 -16"><span class='ocrx_word' id='word_1_446' title='bbox 1125 1006 1187 1039; x_wconf 91' lang='lat' dir='ltr'>ctis</span> <span class='ocrx_word' id='word_1_447' title='bbox 1203 1007 1287 1039; x_wconf 92' lang='lat' dir='ltr'>viris</span> <span class='ocrx_word' id='word_1_448' title='bbox 1306 1008 1585 1049; x_wconf 84' lang='lat' dir='ltr'>constitueretur,</span> <span class='ocrx_word' id='word_1_449' title='bbox 1602 1009 1638 1041; x_wconf 91' lang='lat' dir='ltr'>in</span> <span class='ocrx_word' id='word_1_450' title='bbox 1655 1021 1724 1054; x_wconf 89' lang='lat' dir='ltr'>qno</span> <span class='ocrx_word' id='word_1_451' title='bbox 1741 1011 1952 1054; x_wconf 88' lang='lat' dir='ltr'>inspectores</span> <span class='ocrx_word' id='word_1_452' title='bbox 1970 1015 2103 1048; x_wconf 85' lang='lat' dir='ltr'>defensi</span> 
     </span>
     <span class='ocr_line' id='line_1_69' title="bbox 1126 1056 2104 1098; baseline 0.009 -9"><span class='ocrx_word' id='word_1_453' title='bbox 1126 1063 1218 1090; x_wconf 90' lang='lat' dir='ltr'>sunt.</span> <span class='ocrx_word' id='word_1_454' title='bbox 1269 1056 1322 1090; x_wconf 83' lang='lat' dir='ltr'>Ex</span> <span class='ocrx_word' id='word_1_455' title='bbox 1347 1070 1386 1090; x_wconf 93' lang='lat' dir='ltr'>eo</span> <span class='ocrx_word' id='word_1_456' title='bbox 1413 1060 1603 1092; x_wconf 89' lang='lat' dir='ltr'>certamine</span> <span class='ocrx_word' id='word_1_457' title='bbox 1632 1066 1733 1093; x_wconf 89' lang='lat' dir='ltr'>natae</span> <span class='ocrx_word' id='word_1_458' title='bbox 1751 1069 1831 1095; x_wconf 89' lang='lat' dir='ltr'>sunt</span> <span class='ocrx_word' id='word_1_459' title='bbox 1848 1064 2104 1098; x_wconf 87' lang='lat' dir='ltr'>eruditissimae</span> 
     </span>
     <span class='ocr_line' id='line_1_70' title="bbox 1125 1107 2102 1150; baseline 0.009 -11"><span class='ocrx_word' id='word_1_460' title='bbox 1125 1108 1381 1150; x_wconf 89' lang='lat' dir='ltr'>propositiones</span> <span class='ocrx_word' id='word_1_461' title='bbox 1405 1107 1552 1143; x_wconf 89' lang='lat' dir='ltr'>Lutheri</span> <span class='ocrx_word' id='word_1_462' title='bbox 1577 1117 1697 1144; x_wconf 89' lang='lat' dir='ltr'>contra</span> <span class='ocrx_word' id='word_1_463' title='bbox 1714 1108 1941 1145; x_wconf 82' lang='lat' dir='ltr'>Antinomos.</span> <span class='ocrx_word' id='word_1_464' title='bbox 1992 1113 2102 1148; x_wconf 84' lang='lat' dir='ltr'>Cum-</span> 
     </span>
     <span class='ocr_line' id='line_1_71' title="bbox 1125 1159 2100 1205; baseline 0.009 -16"><span class='ocrx_word' id='word_1_465' title='bbox 1125 1170 1191 1201; x_wconf 91' lang='lat' dir='ltr'>que</span> <span class='ocrx_word' id='word_1_466' title='bbox 1227 1159 1424 1191; x_wconf 86' lang='lat' dir='ltr'>doctrinam</span> <span class='ocrx_word' id='word_1_467' title='bbox 1456 1159 1634 1193; x_wconf 86' lang='lat' dir='ltr'>Ecclesiae</span> <span class='ocrx_word' id='word_1_468' title='bbox 1668 1168 1759 1195; x_wconf 91' lang='lat' dir='ltr'>recte</span> <span class='ocrx_word' id='word_1_469' title='bbox 1796 1163 2024 1205; x_wconf 80' lang='lat' dir='ltr'>intelligeret,</span> <span class='ocrx_word' id='word_1_470' title='bbox 2068 1174 2100 1199; x_wconf 89' lang='lat' dir='ltr'>et</span> 
     </span>
     <span class='ocr_line' id='line_1_72' title="bbox 1122 1206 2102 1255; baseline 0.008 -15"><span class='ocrx_word' id='word_1_471' title='bbox 1122 1206 1236 1241; x_wconf 88' lang='lat' dir='ltr'>Deum</span> <span class='ocrx_word' id='word_1_472' title='bbox 1257 1216 1349 1242; x_wconf 87' lang='lat' dir='ltr'>recte</span> <span class='ocrx_word' id='word_1_473' title='bbox 1378 1209 1575 1250; x_wconf 86' lang='lat' dir='ltr'>invocaret,</span> <span class='ocrx_word' id='word_1_474' title='bbox 1609 1222 1672 1244; x_wconf 85' lang='lat' dir='ltr'>nec</span> <span class='ocrx_word' id='word_1_475' title='bbox 1702 1213 1815 1255; x_wconf 84' lang='lat' dir='ltr'>spargi</span> <span class='ocrx_word' id='word_1_476' title='bbox 1847 1225 1998 1254; x_wconf 80' lang='lat' dir='ltr'>errores,</span> <span class='ocrx_word' id='word_1_477' title='bbox 2040 1227 2102 1248; x_wconf 82' lang='lat' dir='ltr'>nec</span> 
     </span>
     <span class='ocr_line' id='line_1_73' title="bbox 1123 1258 2101 1307; baseline 0.01 -18"><span class='ocrx_word' id='word_1_478' title='bbox 1123 1258 1267 1291; x_wconf 88' lang='lat' dir='ltr'>dissidia</span> <span class='ocrx_word' id='word_1_479' title='bbox 1307 1261 1452 1292; x_wconf 90' lang='lat' dir='ltr'>accendi</span> <span class='ocrx_word' id='word_1_480' title='bbox 1496 1261 1641 1295; x_wconf 87' lang='lat' dir='ltr'>sinebat.</span> <span class='ocrx_word' id='word_1_481' title='bbox 1722 1261 1946 1307; x_wconf 86' lang='lat' dir='ltr'>Maximeque</span> <span class='ocrx_word' id='word_1_482' title='bbox 1980 1266 2101 1299; x_wconf 79' lang='lat' dir='ltr'>oderat</span> 
     </span>
     <span class='ocr_line' id='line_1_74' title="bbox 1124 1306 2102 1353; baseline 0.009 -15"><span class='ocrx_word' id='word_1_483' title='bbox 1124 1306 1345 1347; x_wconf 70' lang='lat' dir='ltr'>Thrasones,</span> <span class='ocrx_word' id='word_1_484' title='bbox 1373 1310 1433 1353; x_wconf 88' lang='lat' dir='ltr'>qui</span> <span class='ocrx_word' id='word_1_485' title='bbox 1453 1317 1492 1344; x_wconf 86' lang='lat' dir='ltr'>ut</span> <span class='ocrx_word' id='word_1_486' title='bbox 1508 1311 1694 1343; x_wconf 80' lang='lat' dir='ltr'>videantur</span> <span class='ocrx_word' id='word_1_487' title='bbox 1709 1312 1795 1344; x_wconf 84' lang='lat' dir='ltr'>alios</span> <span class='ocrx_word' id='word_1_488' title='bbox 1813 1314 2007 1347; x_wconf 81' lang='lat' dir='ltr'>subtilitate</span> <span class='ocrx_word' id='word_1_489' title='bbox 2023 1316 2102 1347; x_wconf 83' lang='lat' dir='ltr'>vin-</span> 
     </span>
     <span class='ocr_line' id='line_1_75' title="bbox 1124 1358 2099 1411; baseline 0.01 -23"><span class='ocrx_word' id='word_1_490' title='bbox 1124 1368 1219 1396; x_wconf 90' lang='lat' dir='ltr'>cere,</span> <span class='ocrx_word' id='word_1_491' title='bbox 1246 1358 1375 1390; x_wconf 88' lang='lat' dir='ltr'>ludnnt</span> <span class='ocrx_word' id='word_1_492' title='bbox 1393 1360 1579 1391; x_wconf 81' lang='lat' dir='ltr'>verborum</span> <span class='ocrx_word' id='word_1_493' title='bbox 1598 1360 1750 1400; x_wconf 87' lang='lat' dir='ltr'>deliciis,</span> <span class='ocrx_word' id='word_1_494' title='bbox 1778 1373 1816 1394; x_wconf 89' lang='lat' dir='ltr'>ac</span> <span class='ocrx_word' id='word_1_495' title='bbox 1840 1363 2099 1411; x_wconf 63' lang='grc' dir='ltr'>τερατολογίας</span> 
     </span>
     <span class='ocr_line' id='line_1_76' title="bbox 1123 1405 2100 1457; baseline 0.011 -20"><span class='ocrx_word' id='word_1_496' title='bbox 1123 1414 1316 1449; x_wconf 88' lang='lat' dir='ltr'>quaerunt,</span> <span class='ocrx_word' id='word_1_497' title='bbox 1342 1405 1403 1440; x_wconf 69' lang='grc' dir='ltr'>καῖ</span> <span class='ocrx_word' id='word_1_498' title='bbox 1430 1405 1610 1451; x_wconf 70' lang='grc' dir='ltr'>θαύματα</span> <span class='ocrx_word' id='word_1_499' title='bbox 1631 1407 1824 1454; x_wconf 46' lang='lat' dir='ltr'>diffitentur,</span> <span class='ocrx_word' id='word_1_500' title='bbox 1853 1424 1941 1457; x_wconf 87' lang='lat' dir='ltr'>qnae</span> <span class='ocrx_word' id='word_1_501' title='bbox 1966 1421 2100 1449; x_wconf 86' lang='lat' dir='ltr'>mentes</span> 
     </span>
     <span class='ocr_line' id='line_1_77' title="bbox 1123 1455 2098 1501; baseline 0.012 -15"><span class='ocrx_word' id='word_1_502' title='bbox 1123 1455 1159 1486; x_wconf 89' lang='lat' dir='ltr'>in</span> <span class='ocrx_word' id='word_1_503' title='bbox 1183 1456 1420 1489; x_wconf 86' lang='lat' dir='ltr'>dubitationes</span> <span class='ocrx_word' id='word_1_504' title='bbox 1445 1465 1478 1490; x_wconf 88' lang='lat' dir='ltr'>et</span> <span class='ocrx_word' id='word_1_505' title='bbox 1503 1470 1637 1490; x_wconf 91' lang='lat' dir='ltr'>errores</span> <span class='ocrx_word' id='word_1_506' title='bbox 1662 1460 1860 1501; x_wconf 89' lang='lat' dir='ltr'>adducunt,</span> <span class='ocrx_word' id='word_1_507' title='bbox 1893 1475 1931 1495; x_wconf 88' lang='lat' dir='ltr'>ac</span> <span class='ocrx_word' id='word_1_508' title='bbox 1954 1476 2098 1498; x_wconf 89' lang='lat' dir='ltr'>narrare</span> 
     </span>
     <span class='ocr_line' id='line_1_78' title="bbox 1122 1506 2098 1556; baseline 0.014 -21"><span class='ocrx_word' id='word_1_509' title='bbox 1122 1515 1257 1546; x_wconf 89' lang='lat' dir='ltr'>possem</span> <span class='ocrx_word' id='word_1_510' title='bbox 1281 1506 1318 1537; x_wconf 89' lang='lat' dir='ltr'>in</span> <span class='ocrx_word' id='word_1_511' title='bbox 1343 1506 1471 1550; x_wconf 89' lang='lat' dir='ltr'>quibus</span> <span class='ocrx_word' id='word_1_512' title='bbox 1492 1508 1648 1540; x_wconf 88' lang='lat' dir='ltr'>materiis</span> <span class='ocrx_word' id='word_1_513' title='bbox 1674 1510 1717 1541; x_wconf 89' lang='lat' dir='ltr'>de</span> <span class='ocrx_word' id='word_1_514' title='bbox 1742 1508 1931 1553; x_wconf 86' lang='lat' dir='ltr'>sophistica</span> <span class='ocrx_word' id='word_1_515' title='bbox 1957 1525 2098 1556; x_wconf 86' lang='lat' dir='ltr'>gemens</span> 
     </span>
     <span class='ocr_line' id='line_1_79' title="bbox 1122 1555 1345 1597; baseline 0.018 -12"><span class='ocrx_word' id='word_1_516' title='bbox 1122 1560 1263 1597; x_wconf 89' lang='lat' dir='ltr'>questus</span> <span class='ocrx_word' id='word_1_517' title='bbox 1289 1555 1345 1590; x_wconf 85' lang='lat' dir='ltr'>sit.</span> 
     </span>
    </p>
   </div>
   <div class='ocr_carea' id='block_1_10' title="bbox 1118 1611 2100 1899">
    <p class='ocr_par' dir='ltr' id='par_1_11' title="bbox 1118 1611 2100 1899">
     <span class='ocr_line' id='line_1_80' title="bbox 1222 1611 2100 1668; baseline 0.015 -24"><span class='ocrx_word' id='word_1_518' title='bbox 1222 1611 1374 1654; x_wconf 85' lang='lat' dir='ltr'>Magnae</span> <span class='ocrx_word' id='word_1_519' title='bbox 1399 1613 1544 1647; x_wconf 86' lang='lat' dir='ltr'>virtutes</span> <span class='ocrx_word' id='word_1_520' title='bbox 1566 1616 1602 1648; x_wconf 91' lang='lat' dir='ltr'>in</span> <span class='ocrx_word' id='word_1_521' title='bbox 1624 1627 1664 1649; x_wconf 84' lang='lat' dir='ltr'>eo</span> <span class='ocrx_word' id='word_1_522' title='bbox 1682 1623 1714 1651; x_wconf 83' lang='lat' dir='ltr'>ct</span> <span class='ocrx_word' id='word_1_523' title='bbox 1732 1614 1797 1650; x_wconf 88' lang='lat' dir='ltr'>hae</span> <span class='ocrx_word' id='word_1_524' title='bbox 1814 1618 1976 1659; x_wconf 89' lang='lat' dir='ltr'>suerunt,</span> <span class='ocrx_word' id='word_1_525' title='bbox 2005 1625 2100 1668; x_wconf 87' lang='lat' dir='ltr'>qnod</span> 
     </span>
     <span class='ocr_line' id='line_1_81' title="bbox 1121 1663 2100 1711; baseline 0.014 -17"><span class='ocrx_word' id='word_1_526' title='bbox 1121 1663 1313 1706; x_wconf 86' lang='lat' dir='ltr'>expugnari</span> <span class='ocrx_word' id='word_1_527' title='bbox 1346 1676 1381 1697; x_wconf 90' lang='lat' dir='ltr'>se</span> <span class='ocrx_word' id='word_1_528' title='bbox 1405 1666 1551 1708; x_wconf 89' lang='lat' dir='ltr'>pecunia</span> <span class='ocrx_word' id='word_1_529' title='bbox 1577 1678 1759 1711; x_wconf 88' lang='lat' dir='ltr'>nunquam</span> <span class='ocrx_word' id='word_1_530' title='bbox 1787 1681 1905 1711; x_wconf 86' lang='lat' dir='ltr'>passus</span> <span class='ocrx_word' id='word_1_531' title='bbox 1929 1679 1998 1710; x_wconf 88' lang='lat' dir='ltr'>est,</span> <span class='ocrx_word' id='word_1_532' title='bbox 2036 1687 2100 1708; x_wconf 85' lang='lat' dir='ltr'>nec</span> 
     </span>
     <span class='ocr_line' id='line_1_82' title="bbox 1119 1713 2098 1767; baseline 0.012 -21"><span class='ocrx_word' id='word_1_533' title='bbox 1119 1713 1302 1747; x_wconf 87' lang='lat' dir='ltr'>ambitiose</span> <span class='ocrx_word' id='word_1_534' title='bbox 1329 1726 1485 1759; x_wconf 86' lang='lat' dir='ltr'>unquam</span> <span class='ocrx_word' id='word_1_535' title='bbox 1512 1716 1548 1748; x_wconf 91' lang='lat' dir='ltr'>in</span> <span class='ocrx_word' id='word_1_536' title='bbox 1572 1717 1650 1749; x_wconf 90' lang='lat' dir='ltr'>aliis</span> <span class='ocrx_word' id='word_1_537' title='bbox 1672 1718 1760 1750; x_wconf 85' lang='lat' dir='ltr'>aulis</span> <span class='ocrx_word' id='word_1_538' title='bbox 1786 1720 1920 1753; x_wconf 71' lang='lat' dir='ltr'>favores</span> <span class='ocrx_word' id='word_1_539' title='bbox 1944 1734 2098 1767; x_wconf 87' lang='lat' dir='ltr'>aucupa·</span> 
     </span>
     <span class='ocr_line' id='line_1_83' title="bbox 1120 1767 2098 1809; baseline 0.011 -14"><span class='ocrx_word' id='word_1_540' title='bbox 1120 1770 1175 1797; x_wconf 90' lang='lat' dir='ltr'>tus</span> <span class='ocrx_word' id='word_1_541' title='bbox 1202 1771 1269 1802; x_wconf 86' lang='lat' dir='ltr'>est,</span> <span class='ocrx_word' id='word_1_542' title='bbox 1304 1777 1342 1798; x_wconf 90' lang='lat' dir='ltr'>ac</span> <span class='ocrx_word' id='word_1_543' title='bbox 1365 1777 1466 1809; x_wconf 84' lang='lat' dir='ltr'>saepe</span> <span class='ocrx_word' id='word_1_544' title='bbox 1489 1767 1690 1800; x_wconf 88' lang='lat' dir='ltr'>audivimus</span> <span class='ocrx_word' id='word_1_545' title='bbox 1716 1769 1918 1803; x_wconf 89' lang='lat' dir='ltr'>recitantem</span> <span class='ocrx_word' id='word_1_546' title='bbox 1947 1780 2098 1807; x_wconf 73' lang='lat' dir='ltr'>veterem</span> 
     </span>
     <span class='ocr_line' id='line_1_84' title="bbox 1119 1814 2097 1864; baseline 0.014 -19"><span class='ocrx_word' id='word_1_547' title='bbox 1119 1826 1274 1846; x_wconf 86' lang='lat' dir='ltr'>versum:</span> <span class='ocrx_word' id='word_1_548' title='bbox 1317 1814 1428 1849; x_wconf 89' lang='lat' dir='ltr'>Nemo</span> <span class='ocrx_word' id='word_1_549' title='bbox 1470 1823 1583 1860; x_wconf 86' lang='lat' dir='ltr'>potest</span> <span class='ocrx_word' id='word_1_550' title='bbox 1617 1818 1770 1852; x_wconf 89' lang='lat' dir='ltr'>dominis</span> <span class='ocrx_word' id='word_1_551' title='bbox 1804 1822 1934 1864; x_wconf 88' lang='lat' dir='ltr'>pariter</span> <span class='ocrx_word' id='word_1_552' title='bbox 1966 1826 2097 1858; x_wconf 73' lang='lat' dir='ltr'>servire</span> 
     </span>
     <span class='ocr_line' id='line_1_85' title="bbox 1118 1865 1268 1899; baseline 0.013 -3"><span class='ocrx_word' id='word_1_553' title='bbox 1118 1865 1268 1899; x_wconf 82' lang='lat' dir='ltr'>duobus.</span> 
     </span>
    </p>
   </div>
   <div class='ocr_carea' id='block_1_11' title="bbox 1118 1920 2097 2373">
    <p class='ocr_par' dir='ltr' id='par_1_12' title="bbox 1118 1920 2097 2373">
     <span class='ocr_line' id='line_1_86' title="bbox 1221 1920 2095 1971; baseline 0.013 -16"><span class='ocrx_word' id='word_1_554' title='bbox 1221 1920 1316 1956; x_wconf 90' lang='lat' dir='ltr'>Odia</span> <span class='ocrx_word' id='word_1_555' title='bbox 1341 1930 1373 1958; x_wconf 86' lang='lat' dir='ltr'>et</span> <span class='ocrx_word' id='word_1_556' title='bbox 1398 1925 1669 1959; x_wconf 88' lang='lat' dir='ltr'>obtrectationes</span> <span class='ocrx_word' id='word_1_557' title='bbox 1695 1928 1869 1971; x_wconf 79' lang='lat' dir='ltr'>sapienter</span> <span class='ocrx_word' id='word_1_558' title='bbox 1888 1938 1920 1964; x_wconf 86' lang='lat' dir='ltr'>ct</span> <span class='ocrx_word' id='word_1_559' title='bbox 1939 1931 2095 1966; x_wconf 86' lang='lat' dir='ltr'>Fabiano</span> 
     </span>
     <span class='ocr_line' id='line_1_87' title="bbox 1118 1974 2097 2026; baseline 0.01 -20"><span class='ocrx_word' id='word_1_560' title='bbox 1118 1985 1215 2007; x_wconf 89' lang='lat' dir='ltr'>more</span> <span class='ocrx_word' id='word_1_561' title='bbox 1235 1974 1335 2014; x_wconf 88' lang='lat' dir='ltr'>tulit,</span> <span class='ocrx_word' id='word_1_562' title='bbox 1362 1987 1562 2019; x_wconf 81' lang='lat' dir='ltr'>quanquam</span> <span class='ocrx_word' id='word_1_563' title='bbox 1582 1989 1654 2008; x_wconf 90' lang='lat' dir='ltr'>non</span> <span class='ocrx_word' id='word_1_564' title='bbox 1672 1985 1745 2010; x_wconf 88' lang='lat' dir='ltr'>erat</span> <span class='ocrx_word' id='word_1_565' title='bbox 1762 1979 1896 2019; x_wconf 89' lang='lat' dir='ltr'>lentus,</span> <span class='ocrx_word' id='word_1_566' title='bbox 1924 1988 1954 2014; x_wconf 89' lang='lat' dir='ltr'>et</span> <span class='ocrx_word' id='word_1_567' title='bbox 1972 1995 2097 2026; x_wconf 84' lang='lat' dir='ltr'>quere-</span> 
     </span>
     <span class='ocr_line' id='line_1_88' title="bbox 1118 2024 2095 2070; baseline 0.009 -13"><span class='ocrx_word' id='word_1_568' title='bbox 1118 2025 1222 2058; x_wconf 89' lang='lat' dir='ltr'>batur</span> <span class='ocrx_word' id='word_1_569' title='bbox 1237 2024 1287 2057; x_wconf 88' lang='lat' dir='ltr'>ira</span> <span class='ocrx_word' id='word_1_570' title='bbox 1302 2025 1502 2067; x_wconf 82' lang='lat' dir='ltr'>languelieri</span> <span class='ocrx_word' id='word_1_571' title='bbox 1519 2026 1572 2058; x_wconf 87' lang='lat' dir='ltr'>sui</span> <span class='ocrx_word' id='word_1_572' title='bbox 1591 2028 1747 2070; x_wconf 91' lang='lat' dir='ltr'>corporis</span> <span class='ocrx_word' id='word_1_573' title='bbox 1771 2029 1872 2063; x_wconf 77' lang='lat' dir='ltr'>vires.</span> <span class='ocrx_word' id='word_1_574' title='bbox 1926 2030 1994 2065; x_wconf 88' lang='lat' dir='ltr'>Sed</span> <span class='ocrx_word' id='word_1_575' title='bbox 2016 2032 2095 2066; x_wconf 86' lang='lat' dir='ltr'>Ma-</span> 
     </span>
     <span class='ocr_line' id='line_1_89' title="bbox 1118 2076 2095 2121; baseline 0.008 -14"><span class='ocrx_word' id='word_1_576' title='bbox 1118 2076 1264 2117; x_wconf 81' lang='lat' dir='ltr'>gistrum</span> <span class='ocrx_word' id='word_1_577' title='bbox 1289 2086 1323 2108; x_wconf 92' lang='lat' dir='ltr'>se</span> <span class='ocrx_word' id='word_1_578' title='bbox 1348 2076 1583 2108; x_wconf 88' lang='lat' dir='ltr'>moderandae</span> <span class='ocrx_word' id='word_1_579' title='bbox 1615 2076 1706 2117; x_wconf 85' lang='lat' dir='ltr'>irae,</span> <span class='ocrx_word' id='word_1_580' title='bbox 1744 2079 1897 2121; x_wconf 89' lang='lat' dir='ltr'>priunun</span> <span class='ocrx_word' id='word_1_581' title='bbox 1932 2078 2095 2116; x_wconf 79' lang='lat' dir='ltr'>habuisse</span> 
     </span>
     <span class='ocr_line' id='line_1_90' title="bbox 1119 2124 2095 2168; baseline 0.007 -9"><span class='ocrx_word' id='word_1_582' title='bbox 1119 2126 1252 2159; x_wconf 88' lang='lat' dir='ltr'>Ducem</span> <span class='ocrx_word' id='word_1_583' title='bbox 1278 2124 1451 2158; x_wconf 83' lang='lat' dir='ltr'>Saxoniae</span> <span class='ocrx_word' id='word_1_584' title='bbox 1476 2125 1696 2160; x_wconf 80' lang='lat' dir='ltr'>Fridericum</span> <span class='ocrx_word' id='word_1_585' title='bbox 1722 2130 1897 2165; x_wconf 85' lang='lat' dir='ltr'>narrabat.</span> <span class='ocrx_word' id='word_1_586' title='bbox 1950 2130 2095 2168; x_wconf 84' lang='lat' dir='ltr'>Dicebat</span> 
     </span>
     <span class='ocr_line' id='line_1_91' title="bbox 1120 2176 2096 2219; baseline 0.007 -10"><span class='ocrx_word' id='word_1_587' title='bbox 1120 2177 1201 2209; x_wconf 91' lang='lat' dir='ltr'>item</span> <span class='ocrx_word' id='word_1_588' title='bbox 1221 2176 1315 2208; x_wconf 89' lang='lat' dir='ltr'>nolle</span> <span class='ocrx_word' id='word_1_589' title='bbox 1333 2187 1368 2208; x_wconf 91' lang='lat' dir='ltr'>se</span> <span class='ocrx_word' id='word_1_590' title='bbox 1385 2176 1619 2219; x_wconf 86' lang='lat' dir='ltr'>precationem</span> <span class='ocrx_word' id='word_1_591' title='bbox 1631 2201 1638 2214; x_wconf 83' lang='lat'>,</span> <span class='ocrx_word' id='word_1_592' title='bbox 1667 2184 1700 2211; x_wconf 89' lang='lat' dir='ltr'>et</span> <span class='ocrx_word' id='word_1_593' title='bbox 1714 2178 1799 2211; x_wconf 85' lang='lat' dir='ltr'>alias</span> <span class='ocrx_word' id='word_1_594' title='bbox 1816 2191 1869 2212; x_wconf 89' lang='lat' dir='ltr'>res</span> <span class='ocrx_word' id='word_1_595' title='bbox 1888 2184 2096 2218; x_wconf 83' lang='lat' dir='ltr'>necessarias</span> 
     </span>
     <span class='ocr_line' id='line_1_92' title="bbox 1118 2226 2097 2276; baseline 0.006 -16"><span class='ocrx_word' id='word_1_596' title='bbox 1118 2227 1292 2260; x_wconf 81' lang='lat' dir='ltr'>laxantem</span> <span class='ocrx_word' id='word_1_597' title='bbox 1322 2226 1437 2259; x_wconf 84' lang='lat' dir='ltr'>frenos</span> <span class='ocrx_word' id='word_1_598' title='bbox 1466 2227 1647 2270; x_wconf 88' lang='lat' dir='ltr'>cupiditati</span> <span class='ocrx_word' id='word_1_599' title='bbox 1677 2228 1872 2268; x_wconf 84' lang='lat' dir='ltr'>vindictae,</span> <span class='ocrx_word' id='word_1_600' title='bbox 1916 2231 2097 2276; x_wconf 79' lang='lat' dir='ltr'>impedire,</span> 
     </span>
     <span class='ocr_line' id='line_1_93' title="bbox 1118 2275 2096 2325; baseline 0.006 -15"><span class='ocrx_word' id='word_1_601' title='bbox 1118 2289 1157 2310; x_wconf 88' lang='lat' dir='ltr'>ac</span> <span class='ocrx_word' id='word_1_602' title='bbox 1183 2289 1283 2321; x_wconf 88' lang='lat' dir='ltr'>saepe</span> <span class='ocrx_word' id='word_1_603' title='bbox 1307 2277 1484 2321; x_wconf 86' lang='lat' dir='ltr'>repetebat</span> <span class='ocrx_word' id='word_1_604' title='bbox 1510 2288 1628 2310; x_wconf 89' lang='lat' dir='ltr'>vocem</span> <span class='ocrx_word' id='word_1_605' title='bbox 1654 2275 1804 2312; x_wconf 84' lang='lat' dir='ltr'>Christi:</span> <span class='ocrx_word' id='word_1_606' title='bbox 1829 2278 1961 2316; x_wconf 85' lang='lat' dir='ltr'>Discite</span> <span class='ocrx_word' id='word_1_607' title='bbox 1985 2295 2004 2316; x_wconf 87' lang='lat' dir='ltr'>a</span> <span class='ocrx_word' id='word_1_608' title='bbox 2028 2296 2096 2325; x_wconf 83' lang='lat' dir='ltr'>me,</span> 
     </span>
     <span class='ocr_line' id='line_1_94' title="bbox 1119 2324 1784 2373; baseline 0 -11"><span class='ocrx_word' id='word_1_609' title='bbox 1119 2327 1200 2373; x_wconf 88' lang='lat' dir='ltr'>quia</span> <span class='ocrx_word' id='word_1_610' title='bbox 1218 2327 1312 2360; x_wconf 89' lang='lat' dir='ltr'>mitis</span> <span class='ocrx_word' id='word_1_611' title='bbox 1330 2339 1426 2368; x_wconf 90' lang='lat' dir='ltr'>snm,</span> <span class='ocrx_word' id='word_1_612' title='bbox 1452 2334 1484 2360; x_wconf 84' lang='lat' dir='ltr'>et</span> <span class='ocrx_word' id='word_1_613' title='bbox 1506 2324 1649 2360; x_wconf 89' lang='lat' dir='ltr'>humilis</span> <span class='ocrx_word' id='word_1_614' title='bbox 1667 2329 1784 2362; x_wconf 84' lang='lat' dir='ltr'>corde.</span> 
     </span>
    </p>
   </div>
   <div class='ocr_carea' id='block_1_12' title="bbox 1120 2391 2097 2688">
    <p class='ocr_par' dir='ltr' id='par_1_13' title="bbox 1120 2391 2097 2688">
     <span class='ocr_line' id='line_1_95' title="bbox 1220 2391 2096 2444; baseline 0.009 -19"><span class='ocrx_word' id='word_1_615' title='bbox 1220 2391 1419 2427; x_wconf 88' lang='lat' dir='ltr'>Domestica</span> <span class='ocrx_word' id='word_1_616' title='bbox 1436 2392 1504 2425; x_wconf 89' lang='lat' dir='ltr'>vita</span> <span class='ocrx_word' id='word_1_617' title='bbox 1519 2399 1608 2426; x_wconf 86' lang='lat' dir='ltr'>casta</span> <span class='ocrx_word' id='word_1_618' title='bbox 1625 2400 1657 2426; x_wconf 89' lang='lat' dir='ltr'>et</span> <span class='ocrx_word' id='word_1_619' title='bbox 1675 2394 1790 2427; x_wconf 88' lang='lat' dir='ltr'>sobria</span> <span class='ocrx_word' id='word_1_620' title='bbox 1809 2395 1884 2430; x_wconf 90' lang='lat' dir='ltr'>suit.</span> <span class='ocrx_word' id='word_1_621' title='bbox 1937 2396 2096 2444; x_wconf 86' lang='lat' dir='ltr'>Cumque</span> 
     </span>
     <span class='ocr_line' id='line_1_96' title="bbox 1120 2440 2096 2494; baseline 0.006 -16"><span class='ocrx_word' id='word_1_622' title='bbox 1120 2450 1220 2489; x_wconf 89' lang='lat' dir='ltr'>pater</span> <span class='ocrx_word' id='word_1_623' title='bbox 1241 2444 1274 2476; x_wconf 90' lang='lat' dir='ltr'>ei</span> <span class='ocrx_word' id='word_1_624' title='bbox 1299 2443 1450 2486; x_wconf 86' lang='lat' dir='ltr'>amplam</span> <span class='ocrx_word' id='word_1_625' title='bbox 1479 2440 1729 2477; x_wconf 81' lang='lat' dir='ltr'>haereditatem</span> <span class='ocrx_word' id='word_1_626' title='bbox 1752 2445 1953 2490; x_wconf 87' lang='lat' dir='ltr'>reliquerit,</span> <span class='ocrx_word' id='word_1_627' title='bbox 1989 2452 2096 2494; x_wconf 74' lang='lat' dir='ltr'>magis</span> 
     </span>
     <span class='ocr_line' id='line_1_97' title="bbox 1120 2492 2095 2539; baseline 0.006 -11"><span class='ocrx_word' id='word_1_628' title='bbox 1120 2506 1194 2528; x_wconf 91' lang='lat' dir='ltr'>eam</span> <span class='ocrx_word' id='word_1_629' title='bbox 1210 2494 1409 2536; x_wconf 82' lang='lat' dir='ltr'>frugalitate</span> <span class='ocrx_word' id='word_1_630' title='bbox 1426 2492 1539 2534; x_wconf 87' lang='lat' dir='ltr'>auxit,</span> <span class='ocrx_word' id='word_1_631' title='bbox 1564 2505 1668 2538; x_wconf 91' lang='lat' dir='ltr'>quam</span> <span class='ocrx_word' id='word_1_632' title='bbox 1684 2495 1888 2539; x_wconf 78' lang='lat' dir='ltr'>stipendiis,</span> <span class='ocrx_word' id='word_1_633' title='bbox 1916 2498 1998 2533; x_wconf 88' lang='lat' dir='ltr'>inde</span> <span class='ocrx_word' id='word_1_634' title='bbox 2025 2502 2095 2534; x_wconf 86' lang='lat' dir='ltr'>scio</span> 
     </span>
     <span class='ocr_line' id='line_1_98' title="bbox 1120 2543 2097 2594; baseline 0.006 -16"><span class='ocrx_word' id='word_1_635' title='bbox 1120 2557 1220 2589; x_wconf 86' lang='lat' dir='ltr'>saepe</span> <span class='ocrx_word' id='word_1_636' title='bbox 1237 2556 1315 2577; x_wconf 88' lang='lat' dir='ltr'>enm</span> <span class='ocrx_word' id='word_1_637' title='bbox 1330 2543 1495 2576; x_wconf 88' lang='lat' dir='ltr'>mediocri</span> <span class='ocrx_word' id='word_1_638' title='bbox 1509 2545 1655 2587; x_wconf 91' lang='lat' dir='ltr'>pecnnia</span> <span class='ocrx_word' id='word_1_639' title='bbox 1669 2545 1744 2579; x_wconf 88' lang='lat' dir='ltr'>sine</span> <span class='ocrx_word' id='word_1_640' title='bbox 1760 2549 1994 2582; x_wconf 86' lang='lat' dir='ltr'>ostentatione</span> <span class='ocrx_word' id='word_1_641' title='bbox 2011 2564 2097 2594; x_wconf 62' lang='lat' dir='ltr'>{ian-</span> 
     </span>
     <span class='ocr_line' id='line_1_99' title="bbox 1122 2593 2096 2644; baseline 0.006 -16"><span class='ocrx_word' id='word_1_642' title='bbox 1122 2596 1263 2641; x_wconf 91' lang='lat' dir='ltr'>peribus</span> <span class='ocrx_word' id='word_1_643' title='bbox 1278 2605 1379 2637; x_wconf 90' lang='lat' dir='ltr'>opem</span> <span class='ocrx_word' id='word_1_644' title='bbox 1395 2593 1526 2628; x_wconf 86' lang='lat' dir='ltr'>tulisse.</span> <span class='ocrx_word' id='word_1_645' title='bbox 1578 2593 1748 2637; x_wconf 83' lang='lat' dir='ltr'>Quotidie</span> <span class='ocrx_word' id='word_1_646' title='bbox 1769 2597 1903 2643; x_wconf 84' lang='lat' dir='ltr'>aliquid</span> <span class='ocrx_word' id='word_1_647' title='bbox 1929 2602 2096 2644; x_wconf 84' lang='lat' dir='ltr'>temporis</span> 
     </span>
     <span class='ocr_line' id='line_1_100' title="bbox 1123 2644 2095 2688; baseline 0.002 -8"><span class='ocrx_word' id='word_1_648' title='bbox 1123 2657 1240 2680; x_wconf 82' lang='lat' dir='ltr'>sacrae</span> <span class='ocrx_word' id='word_1_649' title='bbox 1267 2644 1407 2678; x_wconf 90' lang='lat' dir='ltr'>lectioni</span> <span class='ocrx_word' id='word_1_650' title='bbox 1432 2650 1466 2678; x_wconf 89' lang='lat' dir='ltr'>et</span> <span class='ocrx_word' id='word_1_651' title='bbox 1489 2646 1682 2688; x_wconf 85' lang='lat' dir='ltr'>precationi</span> <span class='ocrx_word' id='word_1_652' title='bbox 1705 2647 1839 2684; x_wconf 88' lang='lat' dir='ltr'>tribuit.</span> <span class='ocrx_word' id='word_1_653' title='bbox 1892 2647 1938 2684; x_wconf 86' lang='lat' dir='ltr'>Et</span> <span class='ocrx_word' id='word_1_654' title='bbox 1968 2651 2002 2682; x_wconf 88' lang='lat' dir='ltr'>in</span> <span class='ocrx_word' id='word_1_655' title='bbox 2034 2649 2095 2684; x_wconf 77' lang='lat' dir='ltr'>liae</span> 
     </span>
    </p>
   </div>
   <div class='ocr_carea' id='block_1_13' title="bbox 1419 2693 1504 2730">
    <p class='ocr_par' dir='ltr' id='par_1_14' title="bbox 1419 2693 1504 2730">
     <span class='ocr_line' id='line_1_101' title="bbox 1419 2693 1504 2730; baseline -0.024 0"><span class='ocrx_word' id='word_1_656' title='bbox 1419 2693 1504 2730; x_wconf 74' lang='lat'>23*</span> 
     </span>
    </p>
   </div>
  </div>
 </body>
</html>
