2324 2955
191 107 265 143 683
968 96 1452 138 DISPUTATIONES
2140 106 2214 142 684

737 388 795 443 Β)
852 386 1672 433 PROPOSITIONES

201 502 242 525 ex
261 488 369 524 Tomo
387 486 454 523 III.
479 497 620 534 operum
636 484 808 521 Melanth.
826 484 933 522 Basil.
959 498 1045 534 quae
1061 487 1096 524 in
1113 490 1276 537 operibus
1294 488 1466 528 Melanth.
1487 486 1842 536 W'itenbergensiBus
1864 498 1933 523 non
1957 493 2035 525 sunt
2056 500 2213 528 recusae.

436 688 500 734 (Ι.)
550 691 608 723 De
630 688 740 723 rebus
771 689 944 732 politicis.
1335 687 1430 732 Ergo
1446 688 1610 734 politicae
1628 688 1870 723 ordinationes
1887 695 1969 724 sunt
1989 690 2103 724 bonae
2121 693 2218 726 crea-⁴

395 741 692 783 (Opp.]lle1.Basil,
710 740 823 772 T.111.
851 753 882 781 p.
898 742 987 780 294.)
1236 748 1333 775 turae
1352 738 1430 775 Dei.

1335 789 1516 823 Praeclare
1540 795 1573 823 et
1600 789 1773 834 sapienter
1796 790 1845 824 ait
1866 787 2088 834 Xenophon,
2123 792 2218 837 quod

1235 841 1323 873 sicut
1339 841 1467 874 bestiae
1483 852 1557 873 non
1575 847 1720 883 possunt
1736 840 1809 883 regi
1831 840 1899 873 nisi
1922 852 1942 874 a
1966 847 2091 875 natura
2114 853 2218 886 supe-

778 930 785 935 ·
1235 891 1346 932 riore,
1382 891 1547 923 videlicet
1572 888 1746 932 humana,
1779 891 1828 924 ita
1859 888 2020 924 homines
2042 903 2115 925 non
2136 903 2219 936 pos-

305 928 412 972 Quod
433 929 595 964 videlicet
616 927 848 972 Evangelium
868 930 989 963 doceat
1013 930 1182 964 iustitiam
1234 948 1317 974 sunt
1333 941 1405 983 regi
1424 941 1492 973 „351
1507 952 1524 973 a
1545 941 1695 985 quadam
1714 941 1834 974 divina
1851 947 1989 975 natm-3,

201 988 378 1014 aeternam
396 980 511 1013 cordis
526 986 558 1014 et
574 979 680 1013 vitam
697 986 886 1012 aeternam.
938 979 1084 1013 Interim
1101 993 1182 1014 vero
1339 991 1397 1024 lus
1415 997 1561 1024 naturae
1584 1002 1665 1023 vere
1690 998 1739 1024 est
1763 991 1816 1024 ius
1841 991 2022 1032 divinum,
2049 991 2219 1036 scrgpmm

203 1043 316 1076 ¹¹Csl¹¹e
331 1030 572 1064 oeconomiam
593 1041 707 1074 neslsse
723 1030 883 1074 ΡΟῙἰῑίἔὶῐῃ
900 1030 1046 1064 ³b01031·
1236 1041 1408 1073 divinitus
1432 1041 1469 1073 in
1495 1047 1609 1074 mente
1637 1038 1810 1081 hominis,
1850 1041 1940 1074 sicut
1963 1042 2084 1074 lumen
2108 1043 2218 1076 oculis

304 1088 375 1121 ‘Nec
392 1089 474 1122 satis
492 1094 542 1121 est
558 1085 625 1120 hoc
641 1099 753 1128 nosse,
779 1088 838 1120 sed
856 1088 957 1121 etiam
976 1088 1062 1120 scire
1078 1101 1183 1132 opor-
1237 1091 1410 1123 divinitus
1438 1091 1590 1122 inditum
1622 1097 1683 1123 est.
1751 1088 1799 1123 Et
1825 1097 1917 1123 recte
1941 1091 1991 1123 ait
2013 1090 2218 1135 Imperator,

203 1147 264 1180 tet,
291 1140 386 1184 quod
403 1138 606 1172 oeconomia
624 1145 655 1171 et
670 1138 804 1181 politia,
823 1137 1055 1180 magistratus,
1081 1139 1184 1181 leges,
1236 1140 1410 1173 naturalia
1428 1139 1504 1172 iura
1520 1139 1639 1171 divina
1656 1139 1880 1182 providentia
1899 1141 2085 1173 constituta
2105 1153 2188 1174 esse.

200 815 363 855 filaxime
380 821 521 864 prodest
537 818 676 853 homini
692 818 895 854 Christiano
916 826 1033 854 tenere
1057 822 1182 855 discri-

201 884 281 904 men
299 870 486 914 Evangelii
506 877 538 904 et
555 871 735 905 doctrinae
750 871 924 915 politicae.

202 1191 343 1230 iudicia,
367 1201 511 1233 poenae,
535 1188 695 1232 capitalia
712 1188 893 1232 supplicia,
920 1188 1058 1228 militia,
1082 1190 1185 1229 bella,
1337 1188 1446 1231 Leges
1463 1190 1510 1222 ita
1525 1189 1786 1233 approbantur,
1813 1189 1841 1222 si
1864 1201 1937 1222 non
1962 1197 2119 1234 pugnent
2140 1202 2220 1225 cum

204 1240 383 1274 distinctio
403 1239 655 1279 dominiorum,
672 1245 870 1272 contractus
888 1245 920 1271 et
936 1238 1067 1271 similes
1087 1240 1184 1272 ordi·
1238 1240 1314 1272 iure
1333 1247 1488 1273 naturae.

203 1292 364 1324 nationes
382 1290 543 1333 politicae
560 1289 630 1322 sint
647 1301 726 1322 vere
742 1288 983 1321 ordinationes
1002 1290 1153 1324 divinae.
1340 1289 1451 1334 Impia
1478 1297 1507 1323 et
1536 1288 1699 1322 seditiosa
1725 1289 1846 1332 opinio
1877 1297 1946 1327 est,
1991 1291 2084 1335 quod
2113 1289 2220 1324 Chri-

304 1340 451 1373 Prodest
470 1337 533 1372 hac
549 1340 719 1372 sententia
736 1337 920 1371 hominum
940 1339 1077 1372 animos
1099 1352 1184 1373 con-
1238 1341 1349 1373 stiano
1374 1352 1445 1373 non
1473 1340 1575 1373 liceat
1596 1346 1713 1373 tenere.
1736 1339 1937 1383 proprium,
1964 1347 2023 1374 aut
2046 1342 2138 1385 quod
2159 1343 2221 1374 de·-

203 1393 359 1431 firmare,
386 1390 467 1435 quia
495 1389 555 1433 qui
582 1390 629 1423 sic
651 1389 827 1427 sentiunt,
855 1389 962 1432 magis
980 1397 1185 1423 reverentur
1210 1379 1212 1426 Ι
1238 1392 1343 1423 sertio
1380 1391 1586 1425 facultatum
1621 1390 1665 1422 sit
1694 1389 1808 1423 cultus
1839 1396 1899 1423 aut
1930 1391 2095 1434 perfectio
2126 1389 2220 1425 chri-

202 1441 422 1483 magistratus
440 1448 471 1473 et
488 1440 590 1482 leges.
1208 1430 1212 1506 Ι
1239 1442 1361 1475 stiana.
1842 1438 1844 1441 ’

306 1490 401 1524 Haec
419 1491 613 1523 reverentia
636 1490 727 1533 parit
745 1490 1037 1534 tranquillitatem
1061 1490 1184 1522 rebus-
1340 1489 1450 1523 Error
1476 1497 1525 1523 est
1549 1490 1694 1529 sentire,
1735 1490 1829 1534 quod
1855 1487 2017 1524 Christus
2038 1488 2165 1525 Matth.
2183 1490 2219 1526 5.

204 1541 365 1587 publiciS.
1239 1543 1280 1574 (le
1299 1541 1472 1580 vindicta,
1499 1541 1702 1578 consilium,
1730 1551 1801 1572 non
1818 1547 2039 1584 praeceptum
2055 1542 2204 1575 dederit,

308 1590 354 1624 Et
371 1589 433 1624 hae
453 1590 694 1623 ordinationes
720 1601 793 1621 non
817 1596 951 1622 tantum
977 1590 1184 1633 permissive
1341 1590 1447 1633 Quod
1479 1590 1625 1630 dicitur,
1665 1587 1754 1621 mihi
1779 1589 1990 1629 vindictam,
2033 1603 2094 1634 ego
2118 1593 2221 1624 retri-

205 1657 223 1677 a
244 1643 314 1675 Deo
332 1642 619 1685 proficiscuntur,
647 1640 734 1672 sicut
750 1640 841 1673 mala
857 1641 984 1673 dicitur
994 1640 1089 1673 Deus
1106 1652 1185 1684 per-
1239 1642 1342 1674 huam
1354 1665 1362 1678 ,
1388 1640 1558 1682 significat
1570 1666 1579 1681 ‚
1605 1640 1798 1673 vindictam
1818 1651 1906 1683 opus
1923 1651 1996 1673 esse
2011 1642 2054 1674 ad
2072 1641 2220 1683 gloriam

204 1694 355 1727 mittere.
1238 1690 1303 1724 Dei
1322 1691 1513 1734 pertinens.

308 1742 520 1786 Quanquam
538 1747 619 1774 sunt
636 1740 878 1773 ordinationes
897 1741 1044 1773 rationis
1061 1737 1185 1772 huma-
1340 1740 1461 1784 Itaque
1490 1751 1570 1771 cum
1600 1739 1823 1781 magistratus
1853 1747 1986 1774 exercet
2017 1740 2220 1783 vindictam,

207 1806 289 1834 nae,
316 1800 432 1826 tamen
447 1793 536 1825 ratio
554 1789 709 1824 humana
724 1803 794 1824 non
814 1798 927 1835 posset
950 1791 1100 1823 retinere
1126 1803 1182 1834 pa·
1238 1791 1460 1825 administrat
1479 1789 1634 1822 alienum
1653 1789 1817 1822 officium.

208 1856 282 1877 cem
309 1845 343 1875 in
366 1842 638 1887 rebuspublicis,
673 1842 709 1873 in
736 1849 830 1875 tanto
856 1843 973 1874 furore
997 1842 1129 1873 diaboli
1148 1848 1186 1881 ¹et
1340 1840 1567 1883 'Magistratus
1608 1846 1790 1882 praecepto
1823 1837 1889 1872 Dei
1931 1847 2104 1883 coguntur
2140 1843 2221 1875 vin-

210 1895 397 1938 impiorum
430 1891 633 1930 hominum,
681 1892 749 1923 nisi
779 1892 949 1935 singulari
985 1903 1089 1935 opere
1119 1891 1185 1923 Dei
1238 1892 1365 1925 dictam
1383 1901 1540 1923 exercere
1556 1888 1800 1923 Romanorum
1821 1890 1876 1922 13.
1903 1889 2042 1923 Vindex
2058 1890 2125 1924 Dei
2141 1899 2200 1927 est.

206 1951 496 1977 conservarentur
514 1942 751 1986 respublicae,
780 1950 812 1976 et
836 1942 1062 1987 quorundum
1085 1954 1184 1974 men-
1341 1941 1432 1974 Aliis
1448 1941 1612 1974 omnibus
1629 1937 1840 1983 prohibetur
1863 1939 2016 1974 vindicta
2035 1950 2218 1986 praecepto

206 2003 256 2029 tes
275 1996 553 2038 gubernarentur
577 1993 620 2026 ad
645 1992 721 2025 illas
748 2005 802 2027 res
826 2005 864 2026 ac
884 1994 976 2035 leges
999 1993 1185 2026 invenien-
1238 1991 1316 2028 Dei.
1370 1992 1490 2036 Itaque
1511 1988 1641 2024 Christi
1668 1991 1773 2023 verba
1798 1990 1847 2023 sic
1867 1991 1976 2035 accipi
1998 2003 2135 2025 necesse
2159 2001 2220 2034 est,

208 2048 286 2086 das,
312 2058 400 2090 quae
416 2045 583 2078 muniunt
600 2055 732 2087 pacem.
1240 2055 1283 2075 ne.
1301 2044 1578 2086 detorqueantur
1594 2042 1635 2073 ad
1652 2042 1827 2074 tollendos
1853 2042 2085 2084 magistratus.
2137 2042 2216 2076 Non

312 2096 394 2128 Ideo
419 2095 587 2129 Salomon
611 2094 745 2138 inquit,
773 2101 811 2127 ut
835 2094 956 2126 oculus
979 2094 1113 2134 videat,
1147 2100 1186 2127 ut
1239 2094 1332 2126 enim
1358 2093 1496 2125 velebat
1520 2092 1569 2123 ibi
1594 2092 1761 2135 abrogare
1784 2091 1943 2135 politicas
1966 2093 2217 2133 ordinationes,

208 2147 300 2179 auris
318 2147 455 2185 audiat,
481 2146 576 2178 Deus
592 2144 690 2183 facit,
718 2145 751 2177 id
770 2152 837 2183 est,
863 2151 901 2177 ut
925 2145 1065 2189 sapiunt
1086 2145 1184 2189 prin·
1239 2145 1297 2177 sed
1314 2143 1470 2185 singulos
1485 2142 1631 2175 docebat
1647 2143 1689 2174 de
1708 2142 1858 2185 puritate
1873 2143 1989 2175 cordis
2004 2154 2081 2186 erga
2091 2141 2217 2176 Deum.

209 2199 321 2240 cipes,
348 2204 386 2230 ut
403 2195 678 2241 pareantpopuli
698 2195 793 2227 Deus
809 2195 901 2227 facit.
1342 2194 1442 2227 Sicut
1475 2192 1645 2236 Gigantes
1678 2194 1859 2235 finguntur
1889 2193 2046 2226 intulisse
2083 2193 2215 2226 bellum

311 2246 354 2280 Et
381 2255 469 2280 recte
495 2247 543 2280 ait
566 2244 798 2288 Augustinus:
841 2245 916 2277 iura
948 2242 1101 2278 humana
1126 2257 1187 2288 per
1239 2245 1355 2283 coelo,
1385 2245 1430 2276 ita
1449 2256 1527 2276 cum
1546 2249 1617 2276 tota
1640 2249 1765 2275 natura
1791 2244 1921 2276 bellum
1944 2249 2070 2285 gerunt
2093 2255 2217 2276 mona—

210 2297 440 2340 Imperatores
459 2304 491 2330 et
509 2303 657 2330 rectores
675 2296 780 2329 seculi
799 2294 893 2328 Deus
915 2295 1097 2329 distribuit
1120 2294 1186 2328 liu-
1209 2209 1214 2432 g
1239 2293 1315 2334 chi,
1343 2295 1402 2339 qui
1421 2294 1576 2327 sentiunt
1594 2293 1842 2337 perfectionem
1865 2304 1936 2325 esse
1960 2293 1995 2324 in
2019 2294 2216 2327 desertione

210 2360 314 2380 mano
335 2349 464 2389 generi.
1238 2346 1461 2385 facultatum,
1489 2352 1521 2378 et
1538 2345 1740 2388 praeferunt
1761 2355 1861 2376 suum
1888 2342 1980 2375 vitae
2003 2355 2111 2386 genus
2136 2345 2216 2378 fun—

314 2397 433 2441 ltaque
463 2398 605 2442 politiae
635 2409 714 2431 vere
746 2403 826 2429 sunt
850 2408 954 2440 opera
980 2394 1065 2435 Dei,
1098 2396 1187 2430 sicut
1238 2396 1415 2429 ctionibus
1445 2395 1626 2434 civilibus,
1677 2405 1765 2439 quae
1795 2390 1925 2426 habent
1953 2395 2155 2428 mandatum
2183 2403 2215 2429 et

209 2449 301 2481 vices
317 2455 531 2490 temporum,
557 2459 677 2481 cursus
695 2448 795 2487 solis,
823 2453 932 2480 terrae
955 2446 1184 2480 foecunditas.
1238 2447 1384 2479 verbum
1411 2444 1489 2482 Dei.
1550 2444 1636 2478 Item
1660 2442 1930 2486 Anabaptistae,
1964 2445 2030 2488 qui·
2047 2446 2216 2486 sentiunt,

209 2500 329 2543 Neque
349 2499 460 2530 solum
481 2499 638 2531 condidit
653 2499 746 2532 Deus
763 2495 825 2530 has
843 2497 1099 2537 ordinationes,
1127 2498 1183 2530 sed
1238 2509 1309 2529 non
1335 2496 1439 2530 licere
1463 2495 1685 2538 magistratus
1708 2504 1844 2536 gerere,
1882 2494 2048 2536 militare,
2086 2495 2214 2529 iudicia

209 2555 377 2593 perpetuo
401 2555 589 2581 conservat.
648 2547 828 2581 Postremo
851 2548 953 2582 etiam
979 2548 1187 2591 approbavit
1237 2559 1413 2586 exercere,
1442 2547 1571 2580 iurare.

210 2601 318 2633 verbo
338 2610 419 2637 suo,
445 2595 519 2640 Ego
537 2597 626 2635 dixi,
652 2596 710 2629 Dii
729 2599 819 2636 estis,
847 2599 881 2631 id
902 2605 951 2631 est
967 2610 1041 2630 mea
1061 2596 1186 2632 autho-
1339 2597 1438 2631 Sicut
1452 2597 1531 2630 licet
1545 2592 1746 2628 Christiano
1764 2594 1816 2628 uti
1835 2592 1899 2628 hac
1915 2595 2010 2636 luce,
2038 2593 2103 2630 hoc
2125 2598 2215 2637 aere,

209 2651 311 2683 ritate
327 2648 478 2692 regnatis
495 2654 527 2681 et
545 2659 660 2681 meum
678 2648 829 2681 officium
849 2649 1114 2683 administratis.
1238 2654 1271 2681 et
1288 2647 1366 2681 aliis
1391 2647 1492 2681 bonis
1517 2645 1682 2678 creaturis
1700 2643 1784 2687 Dei,
1817 2645 1864 2679 ita
1888 2645 1967 2679 licet
1988 2647 2039 2680 uti
2064 2647 2214 2692 politicis
