2324 2955
191 143 258 177 331

195 226 362 260 N0.l72,

203 273 371 287 w

1014 223 1062 243 an.
1082 212 1177 242 1559.

305 333 374 372 De
409 328 643 371 Charilam
674 320 1076 378 appellationibus

266 429 294 452 ln
316 426 439 451 Oratiun.
460 423 493 446 T.
510 422 540 446 Y.
560 430 584 454 p.
598 420 644 444 150
660 427 731 452 sqq„
757 418 826 450 apud
847 416 973 442 Richard.
993 414 1067 440 T.ll.
1087 414 1179 448 ρ.310.

296 468 319 485 et
341 461 365 483 in
388 457 565 483 Orationibus
587 452 730 488 postremis
752 451 849 485 p.158.
886 451 927 476 (Ls.
950 450 998 483 Ep.
1019 448 1085 476 Mel.
1107 449 1132 474 d.
1154 449 1179 474 d.
1205 448 1208 482 Ι

301 496 340 521 13.
358 494 418 519 Oct.
440 493 464 517 b.
486 499 508 516 a.
1205 490 1209 530 ἱ

1206 534 1208 550 ι

202 592 328 624 Oratio
353 587 397 622 de
416 585 606 620 (Vetti-itum
626 578 958 625 σρρυηαίἰοηίὒιιες
985 579 1142 611 recitata
1159 589 1181 611 α
1208 609 1209 618 ,

226 643 378 675 Becano
396 633 644 682 philosophico
674 633 871 673 (Est-omo
899 628 1157 675 Rucliyero),

571 684 627 719 15.
646 683 817 728 Augusti.

201 771 437 810 Iustissimum
455 776 521 809 est,
547 779 631 807 nos,
657 777 735 799 cum
753 763 918 797 omnibus
935 762 1013 795 aliis
1028 759 1185 794 honestis

203 824 417 859 actionibus,
445 827 518 853 tum
543 829 624 850 vero
651 817 688 848 in
711 814 765 848 his
784 814 1024 856 congressibus
1041 812 1101 857 qui
1121 813 1185 844 do-

202 875 395 908 ctrinarum
417 881 516 903 causa
539 869 647 906 fiunt,
674 865 786 899 ordiri
811 864 1005 897 orationem
1022 864 1065 896 ab
1083 862 1184 894 invo-

204 925 339 958 catione
364 921 450 961 Dei,
485 919 545 964 qui
571 918 648 950 sons
673 922 723 949 est
748 915 937 958 sapientiae
959 920 991 947 et
1016 912 1185 952 iusticiae‚

204 983 235 1008 et
259 982 294 1007 ut
324 971 408 1005 haec
429 982 488 1003 sua
514 979 649 1002 summa
675 968 766 999 bona
789 966 825 997 in
849 976 913 997 nos
928 970 1084 1007 spargat,
1110 963 1187 995 vult

205 1028 277 1068 ipse
301 1025 336 1056 in
361 1028 433 1055 tota
455 1018 657 1053 aeternitate
682 1017 718 1049 in
741 1015 843 1048 nobis
867 1015 993 1047 lucere.
1044 1012 1186 1046 Mecum

205 1076 312 1117 igitur
337 1072 437 1106 initio
461 1075 658 1103 reverenter
681 1074 713 1100 et
739 1065 840 1099 castis
865 1064 1041 1098 mentibus
1064 1070 1097 1097 et
1119 1063 1186 1107 piis

206 1124 334 1168 linguis
354 1120 445 1154 hanc
464 1120 658 1153 orationem
678 1116 830 1151 recitate.

307 1173 392 1206 Tibi
423 1171 646 1212 omnipotens
673 1166 786 1207 Deus,
827 1172 965 1198 aeterne
989 1162 1092 1197 Pater
1114 1162 1188 1196 Do-

256 1224 344 1258 mini
376 1221 489 1255 nostri
517 1219 594 1252 lesu
616 1215 766 1256 Christi,
802 1222 936 1248 creator
957 1214 1093 1257 generis
1119 1211 1188 1246 hu-

257 1274 370 1313 mani,
403 1283 472 1305 una
499 1281 576 1303 cum
601 1268 673 1300 filio
698 1274 758 1300 tuo
783 1265 938 1298 Domino
966 1270 1085 1296 nostro
1111 1262 1189 1296 Iesu

256 1323 398 1357 Christo
417 1328 449 1353 et
467 1319 602 1362 Spiritu
619 1325 678 1350 tuo
698 1322 815 1348 sancto
833 1315 959 1356 gratias
974 1313 1108 1354 agimus
1124 1324 1189 1355 pro

259 1373 423 1406 omnibus
446 1367 622 1402 beneficiis
641 1366 728 1405 tuis,
754 1365 791 1396 in
807 1363 933 1407 quibus
949 1369 982 1395 et
999 1360 1084 1394 haec
1100 1367 1191 1401 sunt,

258 1425 316 1457 lux
343 1430 421 1456 tuae
443 1418 643 1456 doctrinae,
670 1423 702 1448 et
724 1427 791 1447 vox
809 1411 1035 1446 honestarum
1052 1412 1191 1451 artium,
1216 1402 1219 1437 Ι

260 1483 293 1508 et
316 1471 421 1506 huius
439 1467 647 1503 Academiae
671 1463 907 1502 conservatio,
934 1468 967 1494 et
985 1461 1192 1494 ardentibus

260 1523 354 1556 voris
385 1529 588 1564 precamur,
621 1522 660 1548 ut
687 1514 851 1556 deinceps
876 1523 1016 1556 quoque
1039 1522 1102 1543 nos
1128 1511 1192 1542 do-

263 1584 355 1612 ceas,
390 1570 561 1613 gubernes
589 1572 621 1598 et
650 1571 826 1607 protegas,
859 1568 891 1594 et
915 1561 1013 1593 omni
1036 1568 1192 1604 tempore

261 1626 353 1657 inter
395 1631 457 1653 nos
493 1617 559 1651 tibi
592 1622 768 1649 aeternam
808 1610 1001 1646 Ecclesiam
1039 1611 1193 1654 colligas,

263 1674 388 1707 Amen.

312 1773 415 1807 Nunc
438 1781 506 1815 qua
524 1769 566 1801 de
585 1778 621 1800 re
639 1765 796 1798 dicturus
813 1765 876 1798 sim
890 1791 898 1805 ‚
925 1770 965 1797 ut
979 1762 1194 1797 consuetudo

215 1825 383 1872 postulat,
412 1830 594 1864 exponam.
646 1815 810 1849 Difficilis
827 1813 914 1848 mihi
931 1815 974 1847 de
989 1819 1195 1856 argumento

216 1873 421 1909 deliberatio
454 1870 530 1904 suit.
584 1866 673 1900 Nam
704 1865 739 1897 in
768 1863 832 1899 hos
857 1875 1061 1907 congressus
1083 1863 1195 1895 oratio

216 1925 404 1960 adserenda
430 1927 478 1953 est
502 1931 565 1952 nec
589 1917 705 1949 inanis
727 1927 790 1948 nec
815 1916 971 1950 molesta.
1023 1912 1098 1956 Ego
1114 1925 1196 1946 vero

216 1989 253 2010 re
270 1977 343 2019 ipsa
356 1971 509 2014 comperi
521 1979 641 2001 verum
653 1978 723 1998 esse
736 1965 822 1999 illud
835 1964 1056 1998 Ennianum:
1084 1961 1198 2006 Aeger

216 2027 354 2060 animus
379 2033 513 2065 semper
535 2024 638 2052 errat.
690 2015 780 2049 Cum
805 2013 893 2049 mihi
913 2017 953 2048 ad
976 2026 1196 2047 communem

215 2074 429 2110 moesticiam
442 2095 452 2114 ,
482 2081 586 2115 quam
603 2067 746 2099 dissidia
763 2073 795 2100 et
811 2066 1023 2099 calamitates
1039 2064 1198 2108 publicae

217 2126 381 2160 omnibus
405 2119 571 2156 modestis
593 2116 798 2150 hominibus
814 2117 994 2155 adferunt,
1020 2113 1199 2148 accesserit

218 2179 340 2219 ingens
365 2173 467 2206 dolor
490 2168 717 2206 domesticus,
744 2167 868 2199 accidit
891 2164 978 2198 mihi
997 2166 1088 2210 quod
1109 2165 1199 2197 dici-

220 2235 293 2260 tut:
323 2223 414 2258 ὅπου
438 2220 542 2267 ἀλγεῖ
563 2218 636 2252 ἐκεῖ
653 2217 759 2262 χεῖρα
785 2215 870 2261 ἔχει,
897 2223 937 2249 ut
952 2216 1053 2248 etiam
1070 2215 1098 2248 si
1114 2221 1200 2248 esset

221 2277 338 2319 aliqua
353 2274 390 2306 in
405 2271 471 2305 hoc
487 2280 611 2313 genere
627 2268 771 2301 facultas
788 2278 875 2307 mea,
901 2273 1018 2299 tamen
1034 2263 1101 2298 hoc
1112 2272 1200 2299 tem-

221 2337 306 2370 pore
334 2335 410 2356 meo
443 2322 486 2355 ad
517 2320 601 2353 tales
624 2317 936 2351 commentationes
956 2316 1104 2348 idoneus
1128 2327 1200 2349 esse

222 2387 295 2409 non
322 2384 466 2417 possem.
533 2369 705 2403 Externos
733 2365 850 2401 hostes
871 2365 1003 2400 habent
1025 2364 1199 2399 Ecclesiae

223 2432 362 2458 nostrae
378 2419 651 2458 crudelissimos,
679 2416 1044 2463 TyrannosTurcicos
1062 2422 1094 2449 et
1106 2415 1200 2449 Pon-

222 2474 357 2510 tificios.
407 2471 472 2503 His
488 2470 615 2503 relictis
631 2469 837 2501 dimicamus
852 2468 943 2501 inter
956 2478 1038 2507 nos,
1062 2465 1201 2499 utCad-

223 2525 290 2558 mei
315 2525 449 2556 fratres,
500 2519 552 2552 De
574 2517 638 2551 hac
661 2518 855 2552 calamitate
881 2530 921 2551 eo
946 2529 1019 2550 non
1043 2516 1129 2549 libet
1145 2517 1201 2549 di-

224 2587 317 2614 cere,
345 2572 425 2618 quia
450 2570 608 2602 dolorem
634 2575 785 2601 vestrum
808 2579 932 2611 augere
947 2568 1051 2608 nolo,
1075 2573 1106 2600 et
1123 2579 1201 2600 ma—

225 2625 372 2668 gnitudo
396 2620 480 2654 mali
499 2624 638 2661 superat
655 2618 814 2651 omnium
832 2616 1016 2652 hominum
1035 2618 1202 2662 eloquen-

223 2677 318 2710 tiam.
377 2672 487 2715 Saepe
514 2669 618 2712 igitur
641 2668 803 2701 mandata
827 2669 965 2709 divina,
997 2674 1029 2701 et
1053 2668 1095 2701 de
1118 2680 1202 2701 con-

584 131 740 168 DECL.
783 125 856 162 DF:
888 122 1207 161 CHARITUM
1243 120 1810 158 APPELLATIO'NIBUS.

2135 123 2209 159 332

1231 208 1371 247 cordia,
1404 214 1437 241 et
1465 207 1509 240 de
1533 209 1637 241 modo
1662 208 1865 241 retinendae
1889 209 2096 242 concordiae
2118 209 2209 242 inter

1231 259 1379 302 gemitus
1409 264 1443 290 et
1473 257 1643 302 lacrymas
1673 259 1798 301 cogito.
1868 257 1965 300 Quid
1995 266 2107 302 potest
2138 259 2209 292 dici

1232 309 1345 342 maius
1370 305 1434 341 hac
1459 308 1661 350 gravissima
1683 321 1766 342 voce
1790 306 1973 342 Iohannis:
2002 307 2097 341 Deus
2120 309 2209 342 dile-

1232 360 1299 393 ctio
1324 365 1392 401 est,
1418 358 1480 403 qui
1504 365 1621 391 manet
1643 358 1681 390 in
1706 359 1911 399 dilectione,
1936 359 1974 391 in
1990 357 2065 392 Deo
2083 366 2210 396 manet,

1232 417 1265 443 et
1281 408 1377 442 Deus
1396 408 1431 441 in
1449 408 1513 441 eo?
1563 407 1650 441 Inde
1666 408 1839 442 iudicetur
1856 409 1940 454 quid
1960 410 2003 442 de
2021 409 2123 443 furiis
2140 408 2212 441 illis

1234 460 1457 492 sentiendum
1477 460 1541 499 sit,
1567 470 1655 503 quae
1672 465 1731 491 aut
1747 460 1940 503 praestigiis
1957 457 2212 504 sophismatum

1234 517 1325 544 recte
1347 510 1473 543 tradita
1496 515 1746 553 corrumpunt,
1776 516 1836 542 aut
1859 511 2019 544 ardentes
2043 509 2134 543 odiis
2158 510 2214 541 in-

1234 562 1333 594 firma
1360 560 1515 593 membra
1536 566 1697 593 truncare
1721 571 1826 604 quam
1852 570 1974 592 sanare
1997 561 2153 598 malunt,
2182 566 2214 592 et

1235 610 1290 645 his
1309 611 1446 644 duobus
1463 610 1577 642 modis
1592 608 1783 643 Ecclesiam
1802 607 2014 644 distrahunt.
2067 609 2216 643 Prorsus

1236 663 1352 695 abesse
1380 662 1423 694 ab
1452 658 1606 693 Ecclesia
1632 658 1857 704 sophisticam
1889 660 2057 704 oportuit.
2123 658 2217 693 Sim-

1237 713 1331 757 plex,
1359 711 1559 756 perspicua,
1587 717 1620 744 et
1634 711 1778 744 immota
1794 710 1920 744 veritas
1935 718 2001 744 est:
2028 709 2109 743 Non
2122 707 2218 742 Deus

1237 763 1358 795 volens
1382 763 1595 806 impietatem
1619 767 1657 793 tu
1677 773 1722 794 es.
1773 759 1944 806 Adeoque
1961 760 2152 794 necessaria
2168 766 2219 792 est

1237 813 1437 846 obedientia
1454 810 1528 845 Deo
1555 811 1671 844 debita
1698 811 1791 844 iuxta
1814 811 1923 855 ipsius
1947 812 2164 846 voluntatem
2181 810 2219 842 in

1238 864 1311 906 lege
1337 874 1550 906 expressam,
1577 869 1616 896 ut
1641 863 1792 894 donatus
1814 862 1859 895 sit
1883 859 2088 895 hominibus
2114 861 2219 898 filius,

1238 915 1298 959 qui
1315 913 1411 947 fieret
1427 913 1579 955 victima,
1608 912 1689 957 quia
1705 919 1825 945 nostra
1841 919 1965 945 natura
1983 912 2219 944 obedientiam

1238 964 1364 997 amisit.
1414 961 1487 996 Cur
1511 963 1603 996 filius
1627 963 1663 995 fit
1685 962 1845 1003 victima,
1872 962 1899 995 si
1923 961 2125 995 obedientia
2147 973 2221 994 non

1239 1021 1289 1047 est
1305 1013 1523 1047 necessaria?
1575 1012 1616 1045 ln
1636 1010 1700 1046 hac
1716 1013 1920 1057 quaestione
1937 1024 2016 1045 cum
2035 1012 2161 1045 veritas
2179 1011 2223 1044 sit

1239 1065 1432 1109 perspicua,
1458 1070 1575 1097 tamen
1592 1063 1815 1107 impudenter
1833 1075 1907 1096 eam
1925 1068 2129 1107 oppugnant
2143 1061 2223 1106 qui-

1241 1116 1320 1148 dam
1344 1114 1437 1147 ludis
1455 1111 1673 1158 sophisticis,
1701 1120 1738 1147 ut
1762 1114 1823 1158 qui
1843 1120 1932 1146 stare
1950 1113 2078 1153 solem,
2102 1119 2134 1145 et
2153 1120 2223 1145 ter-

1240 1177 1314 1199 ram
1351 1164 1488 1197 moveri
1520 1164 1756 1208 disputarunt.
1825 1161 1873 1196 Et
1904 1175 2039 1206 possem
2068 1161 2225 1205 exempla

1240 1216 1342 1260 plura
1364 1226 1646 1247 commemorare.
1699 1212 1773 1247 Alii
1794 1225 1878 1246 vero
1901 1214 1936 1246 in
1953 1213 2064 1246 causis
2081 1212 2226 1245 leviori-

1242 1267 1306 1298 bus
1324 1266 1406 1297 odio
1424 1265 1602 1305 serviunt,
1629 1276 1706 1297 cum
1723 1275 1863 1307 parcere
1880 1264 2028 1296 infirmis
2047 1263 2226 1297 deberent.

1215 1331 1217 1334 ·
1242 1315 1333 1347 Sunt
1357 1314 1452 1346 enim
1477 1319 1509 1345 et
1532 1314 1570 1344 in
1594 1324 1674 1344 vera
1692 1312 1847 1345 Ecclesia
1871 1314 1999 1345 tenella
2016 1313 2173 1344 membra
2194 1318 2227 1344 et

1242 1364 1402 1402 infirma,
1428 1362 1632 1406 praesertim
1656 1362 1693 1394 in
1718 1359 1782 1394 hac
1804 1361 2032 1405 opinionum,
2059 1362 2145 1395 etin
2163 1359 2228 1394 hae

1244 1413 1450 1456 disciplinae
1484 1412 1701 1445 confusione.
1769 1410 1882 1444 Valde
1913 1412 2022 1445 multa
2051 1412 2226 1449 accidunt,

1245 1474 1333 1506 quae
1355 1462 1481 1494 leniter
1505 1462 1660 1494 sananda
1685 1468 1793 1494 erant.
1845 1460 1884 1494 Si
1903 1461 1980 1504 quis
2000 1473 2071 1494 non
2089 1472 2227 1504 pugnax

1245 1511 1362 1545 induit
1384 1518 1513 1544 vestem
1538 1511 1690 1551 lineam,
1717 1522 1779 1544 cur
1804 1516 1971 1554 tanquam
1997 1511 2226 1554 parricidium

1246 1568 1279 1595 et
1295 1561 1450 1594 veritatis
1467 1561 1704 1604 proditionem
1724 1561 1898 1603 exagitas?

1348 1611 1449 1644 Talia
1463 1611 1572 1644 multa
1589 1623 1667 1644 cum
1683 1609 1749 1643 hoc
1764 1617 1920 1654 tempore
1934 1611 2120 1654 cogitarem
2132 1636 2140 1650 ‚
2169 1623 2228 1643 ve-

1248 1668 1378 1695 nerunt
1402 1659 1489 1694 mihi
1516 1662 1552 1694 in
1569 1668 1719 1694 mentem
1739 1667 1852 1694 vetera
1871 1661 1963 1694 dicta
1981 1668 2013 1694 et
2031 1662 2118 1694 facta
2136 1662 2229 1695 mul-

1248 1720 1300 1753 ta,
1327 1724 1415 1757 quae
1437 1718 1519 1745 sunt
1539 1711 1893 1745 commonefactiones
1911 1712 1952 1744 de
1969 1712 2173 1749 concordia,
2197 1719 2229 1745 et

1248 1764 1291 1796 de
1314 1762 1562 1796 coniunctione
1586 1762 1716 1795 civium
1741 1762 1882 1795 tuenda.
1937 1761 2069 1796 Scribit
2091 1761 2230 1796 Aristo-

1248 1814 1350 1853 teles,
1381 1813 1418 1845 in
1437 1813 1561 1845 mediis
1578 1813 1726 1846 urbibus
1744 1812 1850 1845 fuisse
1869 1810 2073 1846 Gratiarum
2090 1813 2231 1856 templa,

1249 1871 1288 1897 ut
1318 1864 1409 1896 cives
1432 1863 1741 1896 commonefierent
1765 1863 1808 1895 de
1828 1869 1949 1896 mutua
1974 1863 2231 1903 benevolentia,

1250 1915 1292 1947 de
1316 1913 1563 1951 beneficentia,
1590 1914 1632 1946 de
1657 1912 1888 1956 gratitudine,
1914 1914 1956 1946 de
1973 1913 2231 1946 condonatione

1251 1964 1498 1998 offensionum.
1552 1963 1666 1997 Pauca
1690 1964 1796 2006 igitur
1820 1964 1862 1996 de
1881 1963 2056 1997 veteribus
2076 1964 2230 2007 appella-

1251 2015 1406 2049 tionibus
1427 2012 1610 2048 Charitum
1633 2014 1764 2055 dicam,
1790 2014 1871 2059 quia
1894 2012 1961 2047 hoc
1987 2021 2230 2057 argumentum

1251 2065 1382 2109 gratius
1398 2065 1472 2098 sore
1488 2064 1644 2098 existimo
1661 2065 1812 2110 querelis
1830 2072 1862 2099 et
1879 2065 2170 2098 accusationibus.

1352 2113 1428 2149 Etsi
1445 2122 1559 2149 autem
1578 2115 1821 2148 commenticia
1836 2116 1982 2148 numina
1998 2112 2229 2148 Ethnicorum

1252 2166 1452 2200 detestanda
1477 2172 1577 2205 sunt,
1602 2178 1752 2210 quorum
1776 2166 1886 2200 multa
1904 2177 1944 2198 ex
1960 2165 2134 2208 allegoriis
2152 2172 2231 2198 nata

1253 2224 1350 2250 sunt:
1378 2223 1494 2250 tamen
1510 2217 1594 2261 quid
1611 2217 1713 2249 initio
1730 2216 1960 2259 significatum
1977 2216 2033 2257 sit,
2057 2215 2232 2248 studiosos

1252 2266 1478 2301 historiarum
1497 2267 1718 2300 considerare
1733 2268 1839 2300 decet.
1884 2265 1992 2308 Leges
2006 2272 2151 2298 naturae
2166 2278 2232 2298 no-

1253 2319 1387 2351 biscum
1412 2324 1623 2356 nascuntur,
1654 2315 1719 2350 hae
1742 2317 1930 2350 ostendunt
1955 2313 2115 2348 homines
2142 2317 2232 2349 inter

1253 2380 1288 2401 se
1314 2368 1494 2401 devinctos
1517 2379 1589 2400 esse
1613 2379 1731 2401 rerum
1755 2373 1788 2400 et
1810 2366 2004 2399 officiorum
2029 2378 2232 2410 compensa-

1253 2419 1366 2458 tione,
1403 2426 1435 2452 et
1468 2419 1587 2451 deberi
1618 2430 1681 2462 pro
1712 2417 1887 2450 mercibus
1917 2417 2075 2461 aequalia
2106 2417 2231 2460 precia.

1253 2468 1348 2502 Haec
1370 2469 1604 2513 compensatio
1627 2467 1761 2501 iusticia
1780 2467 1994 2501 nominatur.
2049 2466 2230 2509 Quaedam

1254 2532 1336 2553 vero
1351 2520 1518 2553 beneficia
1533 2526 1566 2552 et
1582 2518 1693 2551 officia
1710 2517 1816 2560 gratis
1831 2518 2018 2550 tribuenda
2034 2528 2117 2554 esse,
2144 2529 2232 2561 quae

1254 2570 1387 2603 etiamsi
1405 2569 1568 2614 privatim
1584 2568 1653 2600 illis
1670 2568 1797 2612 quihus
1813 2568 2030 2607 tribuuntur,
2060 2578 2134 2600 non
2151 2575 2231 2600 sunt

1254 2620 1390 2660 debita,
1425 2627 1541 2654 tamen
1563 2618 1699 2661 generis
1722 2615 1869 2651 humani
1890 2617 2146 2651 conservationi
2170 2617 2232 2649 de-

1255 2670 1392 2706 bentur.
1460 2668 1553 2702 Haec
1586 2668 1859 2703 communicatio
1886 2668 1971 2702 alias
1995 2667 2232 2705 beneficentia,
