2324 2955
90 119 162 155 665
719 114 978 150 PHILIPPI
1013 108 1462 148 MELANTHONIS.
2038 106 2108 141 6136

93 204 277 250 oportebat
291 203 444 248 aliquem
464 203 500 235 in
517 213 641 246 genere
657 199 814 235 hnmano
835 212 982 246 poenam
1007 199 1077 232 sol-
1127 196 1287 230 oneravit
1315 203 1428 230 totum
1452 205 1561 238 genus
1585 192 1800 234 humanum,
1824 200 1863 228 ut
1891 193 1941 226 ira
1969 193 2109 234 conspi-

43 282 46 283 γ
94 267 193 293 vere,
237 254 274 287 fit
303 255 502 293 decretum,
543 258 582 286 ut
605 252 680 296 ipse
704 254 865 286 adsumat
886 250 1075 285 humanam
1127 248 1256 287 ciatur,
1295 253 1328 279 et
1360 247 1434 289 ipsa
1468 258 1550 278 voce
1577 245 1765 278 ministerii
1789 244 1944 289 Spiritus
1969 250 2109 275 sanctus

93 313 275 343 naturam,
303 311 333 338 et
351 304 408 337 fiat
423 303 576 336 victima.
631 302 681 336 lta
700 304 776 347 ipso
795 304 1020 346 deprecante,
1044 306 1077 333 et
1127 297 1241 339 arguit
1274 303 1424 340 peccata.
1491 295 1734 329 Certissimum
1775 295 1819 328 sit
1858 295 1965 338 igitur
1993 292 2110 326 Deum

93 357 130 389 in
166 366 239 389 sese
272 354 450 388 derivante
487 365 655 397 poenam,
703 353 859 386 mirabili
896 351 1077 396 sapientia,
1127 348 1228 381 valde
1246 347 1409 380 detestari
1429 347 1603 380 carnalem
1626 346 1867 385 securitatem,
1895 352 1928 378 et
1952 344 2041 376 velle
2069 351 2108 376 ut

93 407 201 440 mixta
228 404 468 438 misericordia
501 410 533 437 et
568 404 704 438 iusticia
738 411 837 448 pater
870 401 1075 436 reconcilia·
1127 409 1394 441 expavescamus
1411 397 1591 440 agnitione
1617 396 1825 430 iustissimae
1849 396 1921 428 irae
1943 396 2110 428 adversus

93 464 150 491 tus
178 461 241 489 est.
1126 456 1275 493 peccata.

193 502 294 538 Vltl.
323 502 412 537 Cum
431 504 539 547 igitur
555 504 719 537 audirent
734 515 853 537 vocem
871 502 1076 548 promissio-
1228 497 1364 531 XVIII.
1399 496 1603 531 Ad.-ersar1i
1621 497 1726 529 verba
1745 496 1888 540 quidem
1906 493 2011 528 huius
2028 506 2110 538 pro-

92 556 149 589 nis
166 556 210 589 de
228 555 378 596 semine,
402 555 647 597 intelligebant
665 566 699 587 se
718 555 844 598 recipi,
871 562 905 588 et
930 554 997 587 sibi
1022 564 1077 586 re-
1126 549 1312 594 positionis
1331 549 1501 587 retinent,
1527 549 1608 592 qnia
1628 547 1729 581 toties
1747 559 1764 579 a
1783 546 1894 579 Paulo
1914 547 2058 589 repetita
2078 552 2111 578 et

92 607 187 640 mitti
204 613 355 649 peccata,
382 612 525 649 propter
543 605 634 638 illud
651 613 839 639 venturum
856 616 986 644 semen,
1003 615 1076 636 nou
1100 623 1102 628 ι
1128 601 1301 633 inculcata
1327 606 1425 632 sunt:
1471 596 1642 632 Gratis
1672 596 2003 643 iustificantur
2028 608 2112 639 pro-

92 663 238 701 propter
268 656 422 701 aliquam
449 655 629 700 propriam
658 656 982 700 compensationem
1017 660 1075 687 aut
1100 652 1102 692 ξ
1128 659 1179 685 ter
1196 649 1375 684 Christum
1395 662 1456 693 per
1474 650 1595 681 fidem:
1630 648 1686 680 sed
1707 648 1812 680 aliam
1832 647 2040 679 sententiam
2060 650 2112 677 at-

94 707 314 751 dignitatem.
1128 703 1264 745 fingunt
1282 700 1493 733 contrariam
1503 697 1711 741 Evangelio.
1756 697 1891 739 Negant
1910 696 2004 729 enim
2021 693 2111 727 hanc

195 756 257 791 IX.
289 754 338 789 Et
353 755 523 799 particula
540 756 733 796 exclusiva,
758 752 944 793 Gratis,
971 766 1076 799 quam
1127 752 1424 797 propositionem,
1466 750 1509 782 de
1541 760 1610 793 qua
1635 747 1767 781 Paulus
1792 747 1934 791 proprie
1958 746 2112 783 dimicat,

94 819 196 851 saepe
217 806 345 850 repetit
359 805 508 847 Paulus,
533 807 582 839 sic
607 806 834 849 intelligenda
860 812 929 846 est,
955 812 994 838 ut
1019 816 1078 837 ex-
1128 803 1299 846 Agentem
1318 800 1571 844 poenitentiam
1589 805 1751 842 oportere
1768 799 1919 833 credere,
1946 809 1981 830 se
1997 797 2112 840 ipsum

94 859 214 891 cludat
248 864 368 890 nostra
401 857 524 891 merita
556 869 573 890 a
607 857 813 890 remissione
837 862 1076 900 peccatorum:
1129 853 1238 897 recipi
1261 864 1278 885 a
1297 850 1390 891 Deo,
1419 858 1562 894 propter
1586 850 1814 882 mediatorem
1837 848 1961 891 gratis,
1996 854 2029 880 et
2055 858 2113 879 ex-

92 920 167 941 non
184 914 301 941 autem
319 907 485 941 meritum
501 904 653 948 Christi,
687 908 768 952 quia
791 906 950 950 oportuit
976 905 1078 939 iusti-
1128 914 1244 949 presse
1275 903 1398 934 iubent
1429 901 1606 933 dubitare:
1643 897 1843 933 Anathema
1866 899 2034 943 inquiunt
2057 897 2114 935 sit,

93 959 167 992 ciae
183 957 250 992 Dei
266 957 446 998 satisfieri,
474 969 585 1001 poena
605 957 642 989 in
660 957 890 990 mediatorem
909 957 1077 989 derivata.
1102 971 1104 980 ν
1129 955 1191 1000 qui
1215 954 1315 986 docet
1339 958 1497 994 agentem
1525 951 1776 994 poenitentiam
1801 950 1929 982 debere
1955 956 2115 986 statuere,

194 1008 238 1043 X.
281 1007 334 1041 Ac
356 1019 494 1040 necesse
519 1013 569 1040 est
591 1007 802 1040 exclusit-am
828 1007 973 1040 retineri
995 1018 1078 1050 pro·
1129 1005 1222 1050 quod
1251 1015 1328 1036 vere
1353 1001 1499 1044 accipiat
1523 1000 1767 1033 remissionem
1793 1006 2014 1043 peccatorum
2030 1026 2037 1037 ,
2081 1004 2113 1029 et

93 1066 170 1102 pter
185 1056 249 1091 has
267 1057 478 1091 necessarias
495 1069 625 1092 causas.
1128 1056 1261 1100 placeat
1278 1052 1366 1087 Deo.

194 1107 258 1141 XI.
309 1106 471 1141 Primum
504 1114 544 1141 ut
580 1107 757 1141 trIbuatur
789 1107 930 1140 debitus
961 1105 1078 1140 honor
1230 1103 1330 1138 XIX.
1363 1101 1457 1135 IIuic
1476 1101 1656 1134 doctrinae
1674 1101 1715 1133 de
1734 1100 1955 1134 dubitatione
1978 1109 2115 1131 necesse

92 1159 166 1192 filio
193 1156 275 1191 Dei·
1131 1162 1179 1190 est
1199 1160 1400 1189 constanter
1415 1152 1604 1192 adversari,
1624 1151 1705 1196 quia
1723 1151 1907 1185 manifeste
1923 1150 2015 1183 delet
2034 1160 2115 1192 pro—

194 1207 278 1244 XII.
311 1206 494 1248 Secundo,
516 1213 555 1240 ut
573 1207 806 1241 conscientiae
831 1208 869 1240 in
894 1218 975 1240 vera
995 1217 1079 1250 poe-
1129 1206 1333 1239 missionem
1350 1202 1554 1246 Evangelii,
1582 1209 1614 1235 ct
1634 1209 1752 1246 postea
1776 1202 1908 1236 multae
1934 1206 2117 1243 corrupte·

93 1259 245 1293 nitentia
263 1265 390 1292 certam
409 1258 599 1301 etnfirmam
625 1258 903 1291 consolationem
928 1264 1078 1291 teneant.
1130 1258 1183 1290 lae
1203 1261 1409 1300 sequuntur.

95 1309 191 1352 Quia
217 1309 246 1341 si
272 1309 430 1341 remissio
447 1309 615 1351 penderet
642 1320 682 1341 ex
708 1309 912 1342 conditione
940 1315 1079 1340 nostrae
1231 1305 1311 1339 XX.
1346 1304 1403 1338 Sic
1421 1303 1644 1345 intelligunt,
1671 1303 1776 1345 gratis
1789 1302 1858 1334 fide
1873 1301 2116 1337 iustificamur,

95 1358 299 1403 dignitatis,
325 1357 423 1391 fieret
441 1358 583 1392 incerta.
1133 1358 1166 1390 id
1195 1364 1261 1397 est,
1293 1354 1473 1398 aliquibus
1497 1353 1604 1396 gratis
1627 1354 1867 1386 infunduntur
1892 1362 2004 1385 novae
2028 1360 2117 1394 qua·

197 1407 299 1442 XIII.
340 1408 483 1449 Tertio,
522 1415 561 1442 ut
592 1408 769 1442 invocatio
795 1410 839 1442 ad
864 1406 981 1441 Deum
1003 1406 1078 1439 fieri
1131 1409 1258 1446 litates,
1283 1406 1342 1439 sed
1360 1405 1424 1444 ita,
1451 1404 1479 1436 si
1495 1402 1647 1436 habeant
1665 1404 1918 1447 professionem
1935 1401 2118 1435 doctrinae

94 1459 215 1504 possit,
242 1458 324 1503 quia
341 1459 553 1492 conscientia
570 1459 736 1492 dubitans
752 1471 796 1491 an
815 1459 923 1491 simus
939 1457 1079 1500 recepti,
1131 1459 1174 1491 de
1198 1455 1360 1496 Christo,
1393 1454 1532 1499 qualem
1557 1451 1688 1487 habent
1712 1460 1745 1486 et
1758 1452 1978 1491 Daemones,
2013 1461 2116 1483 nemo

94 1509 184 1553 fugit
199 1506 316 1542 Deum
342 1515 375 1541 et
399 1520 472 1541 non
497 1509 651 1543 invocat.
706 1508 789 1542 Ideo
814 1509 983 1551 scriptum
1012 1514 1078 1540 est:
1105 1540 1106 1546 ,
1131 1515 1248 1541 tamen
1266 1512 1394 1539 statuat
1412 1517 1446 1537 se
1465 1504 1594 1538 iustum
1610 1515 1702 1544 esse,
1729 1510 1789 1536 aut
1807 1503 1944 1546 placere
1960 1503 2051 1535 Deo.

96 1559 312 1593 Accedamus
328 1570 407 1591 cum
426 1558 552 1591 fiducia
568 1559 611 1591 ad
632 1556 798 1592 thronum
817 1558 958 1602 gratiae.
1232 1555 1331 1590 XXI.
1364 1554 1460 1587 Haec
1479 1561 1549 1588 tota
1566 1554 1771 1596 imaginatio
1789 1561 1839 1587 est
1856 1554 1993 1586 ociosae
2017 1563 2118 1583 men-

195 1607 294 1644 XIV.
330 1607 422 1642 Sunt
437 1609 499 1653 qui
518 1609 710 1652 improprie
729 1609 942 1643 exclusivam
967 1608 1080 1641 inter-
1105 1647 1106 1650 Ἴ
1132 1609 1176 1642 tis
1196 1603 1441 1652 philosophica
1465 1605 1667 1648 speculatio.
1721 1603 1820 1637 Sicut
1844 1603 1938 1637 enim
1955 1600 2119 1636 Philoso-

93 1665 296 1703 pretantur,
322 1659 420 1703 quasi
437 1656 530 1691 nihil
547 1665 626 1702 agat
643 1659 816 1695 voluntas.
880 1658 1020 1696 Gratis,
1043 1658 1078 1690 id
1104 1673 1107 1700 ς
1133 1656 1195 1702 phi
1223 1658 1429 1691 discernunt
1459 1653 1618 1688 heroicas
1643 1655 1790 1688 virtutes
1813 1666 1832 1687 a
1856 1653 2119 1687 communibus:

95 1716 164 1749 est,
203 1707 298 1741 Deus
327 1708 402 1741 sine
427 1709 548 1753 aliquo
572 1716 694 1743 nostro
715 1716 813 1743 motu
838 1715 1080 1749 concurrente,
1105 1709 1107 1712 ’
1132 1710 1181 1742 sic
1206 1708 1262 1741 isti
1283 1707 1407 1740 dicunt
1433 1705 1469 1737 in
1493 1705 1670 1738 conversis
1699 1706 1839 1738 accendi
1861 1716 1971 1738 novas
2000 1710 2030 1736 et
2063 1713 2120 1735 ar-

96 1760 171 1791 sine
196 1758 429 1799 contritione,
457 1759 535 1792 sine
561 1759 648 1798 fide,
677 1759 835 1794 infundit
859 1771 969 1794 novas
993 1771 1081 1804 qua-
1104 1750 1107 1783 l
1132 1760 1310 1793 dentiores
1330 1757 1496 1797 virtutes,
1525 1768 1629 1800 quam
1647 1762 1729 1790 sunt
1749 1756 1786 1788 in
1803 1755 1891 1789 aliis.

96 1810 221 1844 litateS.
1104 1784 1108 1839 l
1233 1806 1350 1842 XXII.
1386 1806 1463 1839 Hoc
1481 1807 1624 1851 quidem
1640 1818 1759 1839 verum
1778 1813 1847 1846 est,
1874 1806 1932 1839 sed
1950 1816 2022 1837 non
2037 1802 2120 1836 satis

197 1858 277 1894 XV.
308 1857 404 1892 Haec
429 1859 672 1904 interpretatio
699 1859 894 1904 impropria
912 1866 981 1900 est,
1007 1871 1080 1892 non
1105 1841 1107 1900 l
1132 1866 1181 1893 est
1203 1857 1270 1892 hoc
1294 1859 1436 1897 docere3
1472 1870 1552 1889 nam
1577 1857 1789 1890 conscientia
1815 1869 1889 1890 nou
1914 1857 2059 1889 docetur
2083 1855 2121 1885 in

58 1939 62 1944 ,
96 1911 190 1943 enim
216 1910 295 1943 ideo
318 1910 458 1944 tollitur
480 1911 667 1949 meritum,
704 1911 788 1955 quia
816 1908 907 1943 nihil
927 1921 1080 1953 agamus,
1105 1910 1107 1941 ἰ
1132 1911 1341 1955 pavoribus,
1369 1908 1453 1952 quid
1472 1914 1622 1940 statuere
1640 1908 1683 1940 de
1698 1907 1877 1940 voluntate
1895 1906 1964 1940 Dei
1981 1905 2121 1938 debeat.

96 1961 156 1994 sed
178 1967 217 1995 ut
241 1960 429 1994 mediatori
453 1961 592 1996 debitus
618 1961 797 1996 tribuatur
820 1959 954 2002 honos,
982 1967 1015 1994 et
1037 1961 1081 1994 sit
1105 1972 1107 1979 ‘
1233 1957 1369 1993 XXIII.
1404 1957 1595 1990 Promissio
1613 1965 1726 1991 antem
1744 1957 1822 1990 ideo
1842 1956 1968 1990 tradita
1990 1962 2058 1991 est,
2087 1961 2121 1987 et

97 2017 187 2045 certa
207 2011 404 2055 promissio.
1105 1986 1108 2038 l
1132 2010 1367 2044 ministerium
1387 2006 1570 2050 Evangelii
1588 2008 1665 2041 ideo
1684 2008 1883 2041 institutum
1900 2014 1968 2045 est,
1995 2013 2027 2039 et
2046 2016 2121 2037 ser·

197 2059 296 2096 XVI.
338 2060 458 2104 Quare
484 2074 557 2096 non
580 2062 818 2096 excluduntur
847 2061 1014 2096 contritio
1049 2068 1082 2095 et
1132 2069 1235 2095 vatur
1258 2059 1449 2096 divinitus,
1479 2066 1516 2091 ut
1540 2069 1604 2091 nos
1628 2059 1845 2092 voluntatem
1866 2057 1930 2091 Dei
1955 2056 2119 2094 sciamus,

96 2117 250 2145 caeterae
282 2111 448 2153 virtutes,
482 2124 572 2158 quae
597 2113 750 2147 existunt
775 2113 813 2146 in
837 2112 1082 2154 conversione,
1133 2119 1164 2145 et
1186 2111 1366 2155 agnitione
1392 2109 1652 2143 misericordiae
1672 2107 1735 2141 Dei
1755 2108 1987 2152 recipiamur,
2021 2113 2053 2139 et
2077 2117 2118 2137 e<

97 2163 155 2196 sed
174 2160 240 2196 hoc
256 2163 426 2196 adimitur
443 2163 503 2205 eis,
530 2176 575 2198 ne
591 2164 661 2197 sint
677 2163 856 2203 meritum,
883 2176 944 2198 seu
958 2175 1080 2196 causae
1104 2162 1107 2186 l
1133 2163 1322 2207 pavoribus
1339 2161 1444 2193 crecti
1461 2161 1636 2192 donemur
1653 2171 1744 2192 nova
1761 2160 1837 2192 luce
1850 2165 1883 2192 et
1902 2158 1983 2192 vita.

97 2213 304 2257 impulsivae
320 2213 536 2248 remissionis
557 2220 796 2259 peccatorum,
821 2221 854 2249 et
875 2214 1081 2249 reconcilia-
1104 2190 1108 2235 l
1234 2210 1368 2247 XXIV.
1414 2210 1642 2245 Aslirmamns
1669 2210 1776 2253 igitur
1805 2216 1962 2251 agentem
1993 2208 2119 2252 poeni-

98 2263 205 2297 tionis
225 2270 258 2297 et
274 2263 542 2300 iustificationis.
1131 2264 1276 2299 tentiam
1308 2268 1471 2305 oportere
1501 2273 1575 2294 non
1608 2261 1721 2293 solum
1753 2260 1913 2292 mutilam
1937 2260 2116 2303 quandam

203 2312 316 2348 XVII.
354 2313 500 2349 Necesse
515 2323 565 2350 est
582 2316 675 2349 enim
702 2315 740 2348 in
762 2317 992 2350 conversione
1015 2315 1080 2348 ali·
1131 2316 1235 2348 fidem
1251 2313 1399 2353 habere,
1424 2310 1489 2345 hoc
1511 2318 1557 2343 cst
1573 2338 1581 2351 ,
1606 2322 1706 2343 nosse
1731 2318 1763 2344 et
1787 2311 1927 2342 credere
1952 2309 2119 2342 articulos

99 2375 205 2409 quam
222 2374 293 2397 esse
311 2365 580 2406 contritionem,
610 2367 645 2400 id
663 2373 733 2406 est,
761 2367 898 2412 aliquos
922 2377 1080 2412 pavores,
1131 2366 1210 2399 fidei
1241 2376 1341 2398 veros
1376 2374 1465 2403 esse,
1508 2362 1596 2394 sient
1629 2362 1777 2394 credunt
1803 2361 2022 2397 Daemones„
2057 2361 2118 2391 scil

99 2421 133 2448 et
155 2413 369 2457 agnitionem
396 2416 468 2450 irae
494 2415 560 2450 Dei
585 2418 752 2451 adversus
776 2425 927 2461 peccata.
995 2415 1078 2450 Ideo
1130 2423 1291 2460 oportere
1315 2413 1382 2449 sibi
1410 2413 1585 2457 applicare
1609 2412 1797 2445 articulum
1825 2412 1867 2444 de
1895 2411 2115 2444 remissione:

100 2465 249 2498 dicitur:
283 2462 387 2507 Agite
408 2467 674 2509 poenitentiam.
727 2466 774 2501 Et
797 2469 891 2513 apud
916 2467 1078 2502 lesaiam:
1130 2466 1244 2501 Credo
1262 2463 1504 2500 remissionem
1526 2470 1765 2506 peccatorum,
1794 2474 1865 2494 non
1884 2468 2020 2495 tantum
2039 2460 2118 2493 aliis

102 2513 171 2549 Ubi
187 2511 361 2548 habitabit
378 2513 576 2552 Dominus?
617 2518 658 2552 In
675 2518 798 2563 spiritu
818 2520 988 2560 contrito,
1016 2525 1079 2553 etc.
1130 2518 1206 2551 dari
1224 2517 1328 2551 Petro
1352 2521 1384 2549 et
1403 2513 1536 2553 Paulo,
1570 2514 1628 2546 scd
1653 2514 1756 2546 credo
1781 2513 1904 2552 etiam,
1933 2510 2021 2544 mihi
2048 2511 2115 2554 ipsi

103 2564 192 2599 Vere
216 2565 310 2599 enim
335 2571 369 2599 et
395 2563 613 2604 horribiliter
627 2570 789 2603 irascitur
804 2569 900 2604 Deus
917 2569 1078 2603 omnium
1130 2580 1212 2602 vere
1230 2566 1360 2601 remitti
1377 2565 1498 2598 omnia
1519 2570 1656 2608 peccata
1673 2570 1817 2608 propter
1835 2563 2075 2596 mediatorem.

100 2616 258 2659 peccatis.
325 2613 372 2650 Et
405 2614 496 2651 hanc
527 2631 623 2654 suam
659 2620 831 2654 iusticiam
859 2622 935 2656 vult
958 2621 1077 2666 aliquo
1233 2616 1346 2653 XXV.
1382 2614 1423 2649 ln
1440 2613 1504 2649 liae
1522 2614 1762 2648 consolatione
1784 2614 1887 2646 simul
1913 2614 2016 2645 datur
2034 2610 2115 2653 Spi-

99 2667 207 2701 modo
231 2666 388 2710 agnosci:
430 2667 510 2704 ideo
533 2678 566 2706 et
593 2671 795 2716 ingentibus
820 2672 1078 2706 calamitatibus
1130 2669 1218 2704 ritus
1234 2675 1392 2709 sauctus,
1419 2673 1451 2701 ct
1471 2665 1672 2701 accenditur
1697 2677 1787 2698 noxa
1817 2665 1891 2698 lux,
1924 2663 2055 2696 instit-i..
2083 2670 2112 2692 ct
