2324 2955
206 136 277 173 255

313 222 432 254 Ouare
455 219 496 250 de
515 212 708 260 Pythagora
734 211 907 251 referunt,
934 210 1026 255 quod
1049 216 1089 243 ut
1106 222 1189 243 con-

211 254 413 319 sequeiietur
430 269 543 300 locum
562 265 597 297 in
614 262 759 304 collegio
777 262 995 295 sacerdotum
1010 258 1190 304 Memphi-

212 326 299 362 tic0‚
333 328 365 353 et
394 319 540 350 disceret
562 315 621 347 illa
645 312 825 346 occasione
850 312 1051 355 disciplinas
1076 310 1190 356 Aegy-

212 375 320 419 ptias,
347 369 451 402 etiam
475 364 679 399 circumcidi
703 375 798 396 more
818 360 989 407 Aegyptio
1009 368 1040 394 et
1057 362 1191 394 usitatis

212 422 306 470 genti
336 419 441 452 sacris
474 416 606 449 initiari
639 415 706 447 ritu
741 413 878 445 solenni
910 425 981 445 non
1012 412 1189 445 recusarit.

212 473 292 507 Fuit
316 468 374 503 hic
391 465 605 513 Pythagoras
623 466 659 498 in
677 464 780 498 Samo
800 470 900 496 natus
918 471 1014 507 patre
1032 462 1191 494 Mnesar-

210 522 292 562 cho,
321 533 384 553 avo
407 516 620 561 Euphrone,
647 517 757 548 abavo
780 513 935 556 llippaso
956 511 1190 546 Phliasiorum

209 572 392 615 Principe,
421 569 481 613 qui
506 567 653 601 reversis
678 566 714 598 in
731 564 1014 606 Peloponnesum
1035 563 1191 596 Heracli-

211 625 283 662 dis,
316 621 479 664 expulsus
510 631 527 651 a
553 617 712 660 Regnida
743 622 867 658 nepote
896 614 1043 647 Temeui
1076 614 1192 646 fratris.

210 670 439 716 Cresphoutis
466 677 568 713 atque
586 663 821 701 Aristomachi
847 665 999 697 filiorum
1018 664 1193 703 Cleodaei,

213 723 366 769 profugit
390 722 423 753 iu
443 720 597 753 Samum.
650 716 760 751 Debet
785 713 866 747 huic
891 722 985 757 grata
1011 714 1194 758 posteritas

212 786 335 817 magna
354 785 391 805 ex
410 777 518 814 parte,
546 781 633 813 quae
650 769 691 800 de
709 766 946 799 differentium
965 776 1192 797 numerorum

212 834 243 860 et
273 822 426 859 naturis,
460 828 492 853 et
523 819 691 860 analogiis
716 818 806 849 miro
832 816 971 858 ingenio
995 815 1194 858 excogitata,

212 884 314 920 atque
338 874 380 905 ad
404 882 486 903 usus
506 869 716 912 multiplices
735 867 900 900 varietate
917 866 1119 898 admiranda
1139 877 1193 897 ac-

213 924 448 961 commodata,
472 928 504 953 et
521 920 666 952 firmiter
682 931 720 951 ae
737 918 848 950 solide
866 918 1100 949 demonstrata
1114 943 1122 955 ‚
1149 916 1195 947 si-

214 987 325 1021 neque
343 973 452 1006 dubio
469 973 510 1004 de
530 969 700 1004 thesauris
717 968 905 1012 sapientiae
927 965 1116 1012 Aegyptiae
1135 967 1194 998 de-

215 1031 393 1071 prompta,
420 1029 452 1055 et
470 1033 573 1065 opera
596 1020 848 1063 discipulorum
868 1025 970 1062 atque
987 1018 1195 1050 asseclarum

216 1079 287 1110 cius
305 1076 483 1108 adservata
500 1073 541 1103 ad
558 1082 680 1103 manus
694 1077 829 1102 nostras
841 1075 1088 1112 pervenerunt.
1121 1065 1196 1099 Eu-

215 1130 343 1161 doxum
362 1124 464 1156 etiam
481 1123 540 1167 qui
559 1121 766 1154 octo'eterida
781 1119 925 1152 Graecis
944 1119 1108 1157 instituit,
1136 1118 1194 1150 ad-

215 1177 338 1222 aptatis
370 1176 473 1207 lunae
499 1172 686 1205 menstruis
712 1170 863 1214 periodis
889 1170 931 1201 ad
956 1169 1038 1201 solis
1061 1179 1196 1200 annuos

216 1227 381 1262 circuitus
403 1236 442 1256 ex
465 1224 549 1257 anni
575 1220 738 1266 Aegyptii
764 1221 915 1257 ratione,
949 1231 1026 1252 cum
1051 1218 1196 1251 Platone

217 1289 327 1313 annos
339 1275 504 1309 tredecim
521 1268 971 1316 apudAegyptiasThebas,
999 1280 1083 1313 quas
1094 1267 1196 1300 Dios-

217 1329 314 1373 polin
357 1332 473 1369 postea
507 1328 692 1359 vocarunt,
743 1320 980 1352 sacerdotibus
1014 1318 1198 1349 audiendis

217 1377 380 1413 tribuisse
398 1374 523 1408 Strabo
550 1379 652 1405 autor
675 1377 733 1404 est.
788 1368 976 1413 Postquam
997 1380 1078 1399 vero
1096 1379 1197 1399 occu-

218 1436 294 1475 pata
312 1428 354 1460 ab
373 1425 575 1459 Alexandro
595 1420 790 1466 Aegyptus,
820 1420 880 1452 illo
898 1419 1068 1455 extincto,
1096 1425 1127 1450 et
1143 1430 1197 1450 so-

217 1481 279 1514 ciis
309 1488 415 1519 regna
448 1474 601 1518 partitis,
636 1472 735 1505 cessit
764 1470 962 1503 Ptolemaeo
988 1468 1074 1508 Lagi
1108 1468 1199 1499 filius

218 1524 490 1569 Philadelphus,
532 1523 685 1565 neglecta
725 1520 972 1564 superstitione
1008 1518 1199 1562 Aegyptio-

220 1591 297 1613 rum
324 1585 356 1610 et
379 1575 606 1617 collegiorum
630 1571 836 1615 pervetustis
852 1570 980 1602 ritibus
997 1580 1034 1601 ac
1052 1568 1198 1610 legibus,

220 1628 373 1664 scholam
398 1624 629 1659 Alexandriae
661 1622 797 1666 aperuit
826 1620 1018 1664 publicam,
1055 1630 1200 1663 eamque

221 1688 253 1714 et
277 1676 483 1722 conquisitis
502 1675 659 1719 undique
678 1672 898 1715 collectisque
918 1681 1042 1712 magno
1060 1675 1198 1711 sumptu

221 1727 598 1776 praestantissimorum
623 1731 785 1757 autorum
810 1721 946 1765 scriptis
971 1721 1007 1752 in
1027 1719 1123 1752 omni
1144 1730 1200 1762 ge-

221 1792 302 1815 nere
326 1786 356 1812 et
382 1777 553 1811 accersitis
572 1774 821 1817 conductisque
839 1771 1093 1815 professoribus
1109 1769 1200 1814 opti-

223 1843 357 1865 marum
382 1829 530 1868 artium,
558 1827 606 1860 ita
631 1824 794 1858 instruxit
819 1830 851 1857 et
869 1821 1067 1860 exornavit,
1094 1828 1132 1853 ut
1150 1820 1201 1852 fa·-

223 1883 287 1916 cile
312 1891 432 1914 omnes
456 1878 551 1912 orbis
573 1884 745 1910 terrarum
762 1873 977 1918 frequentia,
1003 1871 1201 1904 celebritate

223 1931 376 1966 nominis
399 1942 437 1962 ac
461 1930 590 1966 famae,
618 1933 649 1959 et
665 1925 862 1959 studiorum
883 1924 1044 1956 varietate
1061 1934 1202 1965 supera—

223 1985 279 2017 rit.
334 1980 386 2014 lbi
410 1981 551 2013 demum
570 1977 685 2010 accedi
702 1975 987 2019 frequentarique
1006 1973 1201 2005 studiorum

222 2033 328 2077 gratia
353 2031 442 2074 cepit
464 2031 507 2063 ab
529 2028 693 2062 omnibus
709 2026 882 2069 gentibus,
935 2023 1018 2057 Fuit
1036 2021 1101 2056 hoc
1118 2020 1201 2055 Phi-

223 2081 375 2126 ladelphi
405 2082 559 2115 studium
584 2090 710 2121 magno
738 2076 900 2119 Principe
923 2075 1087 2117 (lignum,
1120 2073 1202 2106 toti-

223 2147 288 2180 que
323 2132 453 2177 profuit
484 2128 692 2175 posteritati.
754 2126 872 2168 Quare
902 2126 931 2158 ci
957 2138 1034 2158 cum
1062 2131 1204 2168 propter

223 2186 289 2218 alia
314 2191 387 2217 tum
407 2182 461 2215 vel
478 2180 544 2214 hoc
563 2179 705 2213 nomine
723 2177 905 2221 praecipue
922 2175 1030 2218 gratia
1047 2175 1203 2214 debetur,

224 2235 316 2280 quod
328 2234 499 2266 Graecam
515 2231 618 2264 nobis
631 2240 807 2262 sacrorum
818 2226 1017 2259 Bibliorum
1032 2226 1202 2281 interpre-

224 2286 389 2319 tationem
416 2281 667 2327 suppeditavit,
699 2290 804 2324 quam
829 2277 925 2310 missi
950 2283 1071 2319 rogatu
1096 2275 1202 2318 ipsms

225 2337 268 2369 ab
287 2333 452 2368 Eleazaro
470 2332 636 2365 pontifice
655 2328 977 2374 Hierosolymitano
995 2327 1203 2369 interpretes

226 2385 442 2429 septuaginta
469 2383 702 2416 confecerunt.
756 2378 813 2413 Ab
836 2375 1112 2412 Atheniensibus
1137 2374 1204 2410 αὐ-

226 2434 396 2484 τόγραφα
419 2436 615 2477 poematum
635 2431 783 2464 Homeri
800 2437 834 2464 et
851 2426 1036 2472 Sophoclis
1055 2427 1203 2472 quinde-

225 2488 292 2521 cim
324 2485 462 2518 talentis
493 2483 595 2520 emit,
630 2493 761 2526 suoque
790 2480 946 2524 exemplo
972 2478 1203 2521 Pergamenos

224 2548 319 2581 reges
341 2534 534 2569 Eumenem
560 2540 592 2566 et
617 2532 773 2565 Attalum
797 2532 840 2565 ad
863 2530 1039 2564 aemulum
1063 2540 1203 2571 compa-

225 2588 354 2622 randae
379 2581 609 2618 bibliothecae
628 2582 781 2615 studium
801 2581 1024 2626 provocavit,
1051 2590 1118 2624 qua
1136 2578 1202 2610 nisi

226 2637 403 2673 Antonius
429 2633 612 2668 Triumvir
634 2631 883 2666 Alexandriam
916 2631 1081 2665 translata
1107 2641 1202 2662 com-

226 2693 419 2733 pensasset,
461 2685 556 2730 quod
590 2684 631 2717 de
662 2682 901 2716 Alexandrina
933 2693 952 2715 a
986 2680 1202 2716 Caesarianis

678 125 834 161 DECL.
868 123 940 159 DE
976 123 1212 160 STUDllS
1249 123 1368 159 vET.
1403 123 1751 161 PHILOSOPH.

2151 127 2224 164 256

1243 210 1414 243 militibus
1431 208 1467 241 in
1484 211 1744 253 oppugnatione
1761 211 1858 244 urbis
1875 211 2015 245 incensa
2031 213 2224 257 conflagra-

1244 268 1312 299 rat,
1339 259 1495 304 periisset
1513 260 1684 305 quidquid
1704 262 1816 295 extitit
1832 268 1915 295 tunc
1931 262 2119 296 celebrium
2136 265 2223 297 scri-

1245 318 1395 355 ptorum.
1448 309 1536 342 Nam
1556 310 1692 344 circiter
1708 314 1855 345 ducenta
1874 312 1983 345 millia
2002 313 2222 348 voluminum

1244 359 1406 394 habuisse
1424 358 1634 393 bibliotheca
1654 361 1895 404 Pergamensis
1912 362 2089 398 scribitur.

1346 409 1420 443 Etsi
1446 417 1559 443 autem
1584 423 1684 455 saepe
1704 419 1776 445 tum
1795 425 1813 445 a
1830 414 2087 446 successoribus
2104 411 2224 446 Phila-

1245 459 1364 505 delphi
1386 461 1664 503 flagitiosissimis
1682 460 1903 503 hominibus,
1929 476 1967 497 ac
1983 464 2167 508 praecipue
2182 465 2225 496 ab

1246 511 1413 554 Evergete
1429 511 1609 553 Secundo,
1632 524 1733 557 quem
1759 520 1792 545 et
1809 511 2016 547 Phisconem
2042 521 2075 547 et
2096 527 2226 559 κακερ-

1245 561 1353 610 γέτην
1378 569 1564 602 vocarunt,
1592 570 1666 596 tum
1693 563 1736 595 ab
1755 563 1880 596 exteris
1896 565 2057 606 gentibus
2077 565 2226 607 graviter

1246 613 1381 646 adflicta
1403 612 1470 646 suit
1486 610 1719 653 Alexandria,
1744 621 1846 657 atque
1872 614 2043 657 imprimis
2059 627 2075 646 a
2095 614 2227 648 Roma-

1248 664 1300 696 nis
1313 691 1320 703 ,
1348 674 1434 707 quos
1458 663 1619 696 seditiose
1638 665 1928 697 tumultuantium
1948 665 2040 698 inter
2057 676 2090 697 se
2108 676 2226 707 regum

1248 715 1357 746 libido
1382 725 1419 746 ac
1444 713 1601 753 lascivia,
1628 722 1661 747 et
1684 715 1900 748 contumacia
1924 716 2092 758 superbae
2117 716 2228 758 gentis

1249 771 1420 808 pertaesae
1452 764 1640 808 petulantis
1669 765 1920 798 dominationis
1949 765 2228 799 Ptolemaeorum

1248 813 1461 853 attrahebat,
1497 826 1569 847 non
1600 821 1715 847 tamen
1748 817 1851 848 decus
1882 814 1948 849 hoc
1975 816 2171 849 studiorum
2197 823 2229 849 et

1249 872 1494 898 ornamentum
1525 865 1651 898 amisit.
1719 865 1839 910 Neque
1866 873 1943 910 post¹
1968 864 2165 900 Antonium
2198 873 2229 900 et

1249 915 1468 960 Cleopatram
1494 916 1536 947 ad
1556 914 1697 949 Actium
1723 917 1877 949 devictos
1895 914 2090 959 Augustus,
2117 929 2230 962 neque

1250 974 1326 1010 post
1350 966 1518 999 domitam
1543 972 1576 999 et
1595 978 1824 1009 compressam
1846 967 1984 1011 penitus
2000 967 2167 1000 effrenem
2187 968 2230 1000 li-

1249 1017 1396 1049 centiam
1420 1016 1532 1059 gentis
1552 1014 1762 1062 Aegyptiae,
1792 1024 1823 1050 et
1850 1018 2031 1060 abrogatas
2055 1018 2146 1060 leges
2171 1030 2228 1061 pa-

1250 1067 1333 1100 trias
1364 1073 1467 1111 atque
1499 1067 1669 1100 abolitum
1704 1068 1788 1100 anni
1820 1068 2081 1100 celebratissimi
2116 1080 2231 1111 usum,

1250 1117 1491 1150 Diocletianus
1516 1119 1712 1150 studiorum
1739 1130 1878 1151 cursum
1903 1118 2097 1161 impedivit.
2159 1118 2231 1151 lmo

1251 1168 1376 1200 enituit
1398 1175 1514 1211 postea
1531 1169 1640 1210 magis
1656 1169 1833 1212 magisque
1849 1175 1952 1213 atque
1968 1168 2132 1202 inclaruit
2149 1167 2233 1202 Ale-

1250 1218 1415 1257 xandria,
1441 1224 1560 1260 aucta,
1588 1219 1659 1251 imo
1683 1218 1839 1251 absoluta
1867 1219 2018 1258 ultimis,
2046 1231 2133 1263 quae
2153 1220 2233 1252 addi

1252 1276 1334 1300 tunc
1352 1274 1513 1310 poterant
1528 1269 1784 1301 accessionibus
1800 1269 1887 1301 lucis
1905 1281 1942 1301 ac
1960 1270 2139 1302 doctrinae
2155 1281 2233 1302 coe-

1252 1317 1362 1355 lestis,
1398 1316 1495 1348 cuius
1527 1316 1563 1347 in
1598 1329 1635 1348 ea
1666 1319 1752 1349 urbe
1784 1318 1915 1350 semina
1946 1319 2078 1361 primus
2110 1320 2235 1361 sparsit

1253 1365 1393 1399 Marcus
1416 1364 1657 1408 Evangelia&
1688 1367 1767 1400 Divi
1793 1366 1887 1400 Petri
1911 1379 1950 1400 ex
1974 1379 2092 1401 sorore
2116 1381 2235 1412 nepos,

1253 1429 1344 1450 unus
1369 1417 1584 1459 septuaginta
1608 1418 1861 1459 discipulorum
1877 1416 2027 1458 Christi.
2079 1417 2125 1452 Et
2149 1420 2235 1452 fovit

1253 1467 1541 1510 couservavitque
1555 1468 1766 1513 disciplinas
1784 1479 1871 1510 pene
1889 1468 1925 1499 in
1944 1469 2065 1500 eodem
2082 1476 2234 1502 retentas

1253 1517 1419 1559 vestigio,
1447 1528 1556 1561 usque
1579 1519 1620 1550 ad
1647 1517 1891 1550 Sarracenicos
1916 1524 2040 1552 motus.
2094 1517 2146 1551 Ex
2172 1517 2235 1552 hac

1254 1568 1405 1611 profecta
1441 1573 1520 1599 sunt
1556 1568 1675 1600 omnia
1709 1567 1908 1600 liberalium
1940 1568 2067 1601 artium
2097 1580 2234 1611 genera,

1254 1619 1381 1662 quibus
1411 1629 1505 1649 nunc
1530 1617 1700 1656 fruimur,
1736 1616 1819 1650 haec
1842 1617 1947 1658 fovit,
1982 1620 2150 1659 excoluit,
2184 1628 2233 1654 at-

1254 1681 1321 1712 que
1360 1668 1509 1700 absolvit
1542 1681 1619 1701 vere
1652 1668 1771 1700 divina
1805 1667 2017 1708 Ptolemaei,
2068 1668 2235 1712 Theonis,

1254 1718 1388 1757 Procli,
1422 1717 1550 1750 Galeui
1583 1727 1614 1752 et
1646 1719 1794 1751 aliorum
1823 1719 2058 1762 plurimorum
2085 1720 2234 1763 ingenia,

1255 1781 1405 1813 quorum
1428 1768 1481 1800 illi
1496 1767 1691 1809 Mathesin,
1717 1769 1773 1802 hic
1796 1775 1904 1801 artem
1927 1770 2096 1803 medicam
2117 1779 2235 1805 exacto

1255 1820 1371 1853 studio
1396 1819 1602 1861 descriptam
1629 1826 1661 1852 et
1685 1819 1922 1853 elaboratione
1946 1832 2080 1854 summa
2103 1823 2235 1866 expoli-

1256 1877 1325 1903 tam
1350 1869 1452 1902 nobis
1468 1869 1696 1915 reliquerunt.
1749 1869 1908 1903 Tandem
1927 1872 2003 1904 c'um
2021 1869 2234 1906 Mahometi-

1257 1933 1315 1953 cus
1340 1921 1439 1953 furor
1462 1928 1626 1965 occupata
1646 1932 1769 1963 magua
1790 1928 1884 1964 parte
1902 1919 2082 1965 Orientis,
2110 1923 2147 1955 iu
2166 1922 2234 1956 Ae·-

1256 1978 1399 2016 gyptum
1418 1971 1519 2003 etiam
1539 1972 1762 2015 pervasisset,
1790 1978 1822 2004 et
1840 1971 2061 2005 Sarracenica
2080 1974 2235 2016 potentia

1258 2034 1367 2055 novae
1397 2022 1653 2065 superstitionis
1686 2033 1868 2066 progressu
1901 2022 2107 2067 amplificata
2137 2023 2235 2056 inva-

1259 2073 1394 2112 luisset,
1423 2072 1529 2105 armis
1546 2073 1778 2106 Sarracenicis
1802 2079 1900 2117 capta
1925 2085 1963 2105 ac
1982 2074 2093 2107 deleta
2113 2072 2234 2107 Eccle-

1257 2124 1328 2156 siae
1362 2130 1394 2157 et
1425 2123 1621 2155 studiorum
1654 2121 1884 2157 honestorum
1914 2123 2133 2157 domicilium
2163 2136 2234 2158 esse

1257 2174 1370 2209 desiit.
1423 2173 1663 2207 Veruntamen
1689 2186 1732 2207 ne
1756 2181 1838 2207 tunc
1863 2174 2004 2219 quidem
2023 2174 2148 2208 excidit
2166 2174 2235 2208 Ae-

1257 2231 1381 2270 gyptus
1404 2225 1499 2256 omni
1517 2237 1576 2268 spe
1595 2225 1822 2269 recuperandi
1839 2224 1972 2257 decoris
1989 2224 2235 2268 antiquissimi,

1257 2287 1457 2320 quanquam
1483 2282 1514 2308 et
1536 2276 1701 2310 servitute
1725 2275 1814 2308 tristi
1841 2287 1878 2307 ac
1900 2275 2068 2313 deformi,
2098 2282 2129 2308 et
2154 2276 2235 2308 bar—

1258 2326 1351 2358 barie
1381 2333 1470 2359 terra
1501 2338 1681 2369 oppressa,
1716 2326 1774 2358 sed
1806 2337 1883 2357 cum
1917 2325 2144 2358 deferbuisset
2170 2327 2235 2359 ali-

1257 2377 1465 2421 quantulum
1490 2377 1662 2410 bellorum
1680 2377 1785 2408 ardor
1799 2382 1832 2408 et
1848 2375 2091 2409 consiluissent
2110 2377 2234 2421 strepi-

1257 2434 1312 2460 tus
1333 2439 1529 2467 armorum,
1556 2439 1644 2473 quae
1669 2426 1804 2459 exclusa
1826 2426 1980 2459 motibus
2003 2426 2072 2459 illis
2097 2427 2235 2461 fuerant

1257 2478 1391 2518 studia,
1416 2485 1574 2511 revocata
1600 2477 1668 2510 coli
1688 2477 1805 2509 denuo
1830 2476 1951 2509 multis
1974 2477 2010 2509 in
2033 2477 2235 2522 locishcepe-

1257 2535 1349 2561 runt.
1403 2527 1492 2562 Nam
1517 2536 1549 2562 et
1567 2526 1777 2561 Alexandria
1803 2526 1994 2560 instaurata
2011 2534 2060 2560 est
2075 2525 2235 2561 authori-

1257 2586 1325 2612 tate
1358 2585 1391 2611 et
1421 2591 1525 2623 opera
1553 2577 1731 2611 Pontificis
1763 2577 1941 2610 cuiusdam
1967 2576 2053 2623 (suit
2078 2578 2172 2611 enim
2197 2579 2234 2611 in

1257 2630 1430 2673 principio
1448 2627 1661 2663 Sarracenici
1682 2627 1777 2669 regni
1798 2627 1833 2660 in
1849 2626 2008 2673 Aegypto
2025 2640 2129 2672 penes
2140 2628 2235 2663 Pon-

1257 2679 1379 2720 tifices,
1408 2691 1494 2724 quos
1515 2675 1680 2722 Caliphas
1706 2685 1892 2719 vocarunt,
1918 2690 2051 2712 summa
2074 2686 2235 2723 potestas,
