2324 2955
182 113 254 148 307

185 196 339 231 scholam
366 195 570 229 ardentibus
594 193 684 225 votis
708 194 976 226 commendabat
998 192 1071 225 filio
1088 192 1164 233 Dei,

183 247 340 282 Domino
370 253 491 278 nostro
512 243 588 275 lesu
605 240 758 275 Christo.

283 296 501 329 Confidimus
518 300 632 326 autem
649 291 713 325 hos
729 293 870 335 triginta
889 301 968 327 octo
992 296 1114 328 doctos
1132 302 1164 327 et
1188 292 1190 315 l
1215 295 1296 334 bus,
1324 295 1382 326 sed
1403 306 1420 325 a
1438 292 1513 326 Deo
1532 298 1743 330 conservari.

187 346 350 381 honestos
374 345 468 376 viros
492 344 538 376 ita
557 354 628 375 esse
645 344 786 376 affectos
799 370 807 383 ,
831 351 867 376 ut
887 345 1003 387 potius
1021 345 1162 388 vestigia

187 396 305 430 sectari
332 401 614 438 praeceptorum,
653 401 685 426 ct
708 391 935 427 honestorum
960 407 998 428 ac
1025 396 1162 439 piorum

666 108 820 143 DECL.
849 107 919 141 DE
947 106 1298 143 CONGRESSU
1334 108 1711 145 BoNOMENSt.

2120 112 2192 145 308

1188 218 1189 243 ζ
1215 193 1366 232 ordinis,
1394 193 1526 236 legum,
1553 197 1761 239 sapientiae,
1790 196 1956 236 iusficiae,
1980 203 2013 230 et
2029 194 2193 229 honestae

1188 251 1190 280 i

1214 244 1404 282 societatis,
1432 255 1502 275 non
1529 246 1611 278 solis
1636 245 1819 279 hominum
1846 246 2001 279 consiliis
2024 254 2083 279 aut
2107 247 2193 278 viri-

1797 296 1893 329 Haec
1917 297 1986 329 scio
2015 296 2191 328 verissima

1189 355 1191 380 ¹,
1215 356 1305 383 esse,
1331 351 1457 377 etcum
1475 345 1670 378 firmissima
1687 348 1894 380 adsensione
1920 344 1981 380 has
2005 348 2193 379 sententias

1189 388 1191 402 t

188 445 316 479 imitari
352 445 508 488 exempla
544 444 675 484 velint,
711 444 745 475 in
783 444 930 477 colendo
965 447 1192 490 tuendoque,

187 495 364 530 communi
389 496 432 528 de
456 494 616 527 doctrina
642 505 833 533 consensu,
858 507 935 528 cum
962 494 1026 529 hac
1048 494 1164 528 schola

188 553 220 580 et
235 545 432 578 innumeris
447 545 537 582 aliis,
566 545 624 589 qui
644 545 850 578 coniunctos
867 558 945 578 cum
964 543 1028 579 hac
1048 544 1165 579 schola

189 609 223 630 se
242 596 461 641 profitentur,
483 607 587 640 quam
605 607 683 628 cum
700 595 850 628 infausta
868 596 926 628 illa
947 603 978 629 et
997 597 1167 640 degenere

189 647 358 680 Titanum
385 646 505 678 sobole
534 657 628 678 arma
656 646 785 678 inferre
800 644 967 679 Ecclesiis
990 653 1022 680 et
1038 644 1167 679 scholis

189 696 478 741 amplectentibus
511 708 550 728 ac
582 696 762 729 tuentibus
801 696 991 731 veritatem.
1058 696 1168 741 quue

189 754 226 781 ut
245 747 393 788 faciant,
419 757 477 779 eos
494 744 617 779 hortor
634 753 667 780 et
686 747 844 780 obtestor
862 755 1004 791 propter
1018 748 1166 790 gloriam

189 797 266 832 Dei.

289 846 448 891 Cumque
467 846 629 891 privatim
650 853 682 878 et
700 847 818 890 public
833 848 971 881 auditos
991 849 1165 880 censueri-

189 908 264 930 mus
279 897 415 940 dignos,
447 909 535 942 quos
551 903 692 930 ornatos
708 898 900 930 testimonii
919 899 1048 942 publici
1067 906 1167 931 auto-
1191 905 1194 939 ζ

188 948 289 981 ritate
306 945 480 981 Ecclesiae
498 960 536 980 ac
554 946 706 991 Reipub.
725 948 912 981 offeramus
936 961 974 981 ac
996 949 1167 988 sistamus,

189 999 218 1030 si
240 996 368 1031 horum
393 1010 496 1041 opera
521 998 572 1031 uti
596 998 724 1036 velint,
753 999 817 1031 tibi
837 1010 893 1031 eos
909 999 1107 1032 doctissime
1123 999 1165 1033 D.

187 1047 328 1081 Decane
352 1049 578 1087 commendo,
606 1060 644 1080 ac
663 1054 742 1090 peto
766 1049 872 1082 totius
897 1050 1033 1092 collegii
1056 1050 1165 1082 nostri

190 1104 223 1131 et
247 1099 403 1142 ipsorum
429 1098 588 1137 nomine,
622 1105 659 1131 ut
684 1099 870 1133 autoritate
893 1100 1033 1143 publica
1051 1100 1165 1143 Magi-

189 1155 278 1182 sti-os
305 1160 363 1181 eos
387 1146 636 1192 Philosophiae
662 1161 754 1181 crees
780 1157 811 1182 et
835 1151 1029 1184 renuncies,

1190 407 1191 446 ξ
1216 395 1423 438 amplectar,
1458 402 1527 428 tota
1552 402 1668 428 mente
1690 405 1721 429 et
1746 405 1817 431 toto
1842 404 1981 441 pectore
2005 397 2048 429 ab
2073 396 2193 440 epicu—

1217 445 1303 485 reis,
1342 445 1458 478 stoicis
1489 454 1521 479 et
1549 447 1755 480 academicis
1788 448 1968 481 furoribus
2005 444 2194 486 abhorreo,

1191 523 1192 534 ]
1217 507 1367 539 quorum
1393 503 1475 529 sunt
1496 497 1576 529 illae
1601 498 1797 542 cyclopicae
1818 509 1938 538 voces,
1964 497 2093 542 quibus
2109 510 2193 530 con-

1191 583 1193 588 *
1218 552 1368 588 temptus
1394 544 1459 578 Dei
1484 547 1716 590 significatur,
1744 548 1877 581 etiamsi
1901 548 1961 580 alii
1983 548 2195 587 effrenatius,

1217 596 1276 629 alii
1302 596 1460 629 timidius
1486 598 1692 642 loquuntur.
1747 598 1817 631 Nec
1851 609 1932 631 vero
1965 605 2102 631 tantum
2132 596 2195 630 hac

1218 644 1358 691 physica
1377 647 1586 689 cogitatione
1604 648 1716 682 Deum
1733 660 1882 691 agnosco
1895 675 1904 689 ‚
1927 650 1985 681 sed
2005 648 2107 681 etiam
2127 646 2196 680 Ec-

1192 729 1193 732 ,
1218 698 1340 729 clesiae
1358 698 1553 731 doctrinam
1572 700 1810 733 confirmatam
1829 698 2082 732 resurrectione
2101 710 2196 731 mor—

1085 1150 1166 1193 Quo
1192 1141 1193 1192 ζ

189 1199 303 1232 officio
325 1206 358 1232 et
382 1199 528 1241 collegio
551 1206 671 1232 nostro
697 1206 832 1241 gratum
859 1201 981 1241 facies,
1017 1208 1050 1234 et
1076 1202 1167 1245 ipsos
1192 1220 1193 1230 κ

189 1249 254 1282 tibi
271 1249 308 1281 in
327 1256 533 1293 perpetuum
560 1250 744 1282 devincies.

291 1297 369 1332 Oro
385 1300 487 1332 etiarn
505 1306 576 1332 toto
593 1307 733 1342 pectore
749 1307 928 1333 aeternnm
948 1308 1080 1344 patrem
1092 1301 1167 1334 Do-

189 1348 277 1381 mini
293 1348 405 1382 nostri
423 1348 501 1381 Iesu
515 1347 664 1388 Christi,
689 1349 784 1380 sonte
809 1350 999 1392 sapientiae
1012 1376 1020 1389 ‚
1042 1357 1080 1382 ut
1098 1348 1166 1382 Ec—

190 1398 312 1432 clesias
329 1399 403 1443 pias
429 1398 559 1443 ubique
581 1405 752 1431 terrarum
776 1399 964 1432 clementer
988 1400 1103 1433 foveat
1129 1413 1167 1432 ac
1193 1413 1194 1427 1

189 1455 364 1492 protegat,
392 1455 425 1482 et
441 1446 636 1491 prohibeat,
663 1459 707 1479 ne
721 1448 878 1480 restituta
896 1449 1076 1480 doctrinae
1091 1461 1168 1481 coe-

190 1499 284 1532 lestis
301 1500 378 1539 lux,
402 1510 441 1531 ac
465 1505 677 1531 caeterarum
702 1497 828 1529 artium
853 1499 955 1530 novis
973 1496 1169 1540 sophisma—

191 1557 264 1582 tum
281 1547 496 1593 praestigiis,
525 1559 612 1592 quae
630 1545 875 1591 sycophantica
894 1555 926 1580 et
947 1549 1094 1581 subdola
1114 1549 1169 1581 in-

191 1599 291 1642 genia
314 1598 524 1642 petulantia,
558 1598 771 1637 ambitione,
804 1598 886 1630 odio
911 1605 944 1631 et
967 1599 1090 1631 fraude
1110 1612 1169 1631 cu—

193 1651 281 1682 dunt
309 1656 343 1682 et
362 1655 547 1692 spargunt,
574 1649 745 1681 obruatur
771 1654 831 1680 aut
858 1649 1104 1691 extinguatur,
1138 1657 1169 1682 et

193 1711 256 1732 nos
273 1711 394 1732 omnes
411 1705 505 1741 regat
522 1711 560 1732 ac
582 1705 703 1733 servet..
758 1696 849 1730 Dixi.

191 1865 255 1900 No.
278 1865 361 1901 169.
994 1881 1038 1899 an.
1066 1870 1157 1900 1559.

994 1915 1163 1926 Μ

347 1982 420 2022 De
457 1995 696 2035 congressu
725 1982 1017 2025 Bononiensi.

261 2078 290 2103 ln
311 2078 438 2103 Oration.
457 2077 489 2102 T.
508 2077 541 2103 V.
563 2087 587 2111 p.
602 2078 634 2103 87
656 2087 731 2112 sqq.‚
754 2079 879 2104 Richard.
901 2079 932 2105 T.
950 2080 980 2103 ll.
1005 2089 1029 2112 p.
1047 2081 1123 2113 679„
1145 2086 1169 2105 et
1193 2089 1195 2093 ’
1585 2107 1591 2113 ,
1697 2107 1704 2113 ,
2098 2105 2105 2112 .

674 2112 677 2116 “
1194 2114 1195 2117 ’
1219 2114 1288 2139 tam
1315 2118 1386 2140 esse
1410 2104 1498 2139 hanc
1524 2108 1830 2144 deliberationem,
1863 2103 1976 2139 adhuc
2007 2106 2106 2138 multi
2131 2116 2200 2136 no-

294 2112 319 2136 in
347 2111 525 2137 Orationibus
549 2116 692 2145 postrenus
713 2121 738 2145 p.
755 2113 796 2140 91.
820 2126 852 2130 —-
889 2114 930 2138 Dc
952 2114 1041 2138 eadem
1065 2125 1092 2139 re
1112 2115 1167 2140 vid.

294 2146 411 2172 Annales
431 2146 495 2171 Mel.
516 2145 542 2171 iu
563 2146 629 2179 Epp.
650 2146 715 2172 Vol.
733 2147 778 2173 lx.
799 2157 823 2180 p.
842 2147 901 2172 706.

192 2226 318 2259 Oratio
350 2225 395 2259 de
422 2235 620 2270 congressu
646 2227 872 2260 Bononiensi
899 2228 1020 2261 Caroli
1047 2231 1167 2272 Impe-

191 2278 324 2309 ratoris
359 2280 393 2309 et
429 2276 627 2310 Clementis
667 2275 893 2322 Pontificisg
942 2281 1101 2312 recitata
1144 2291 1166 2313 a

240 2328 385 2359 Paulo
410 2326 711 2361 Dumericlzio
736 2329 921 2370 llallensi‚
945 2326 1114 2371 Decano,

579 2377 635 2412 12.
664 2378 770 2412 Febr.

187 2451 308 2491 Mutia
336 2460 477 2501 vestigia
505 2459 601 2493 Deus
632 2462 807 2505 impressit
845 2463 1009 2495 omnibus
1040 2464 1162 2495 mundi

188 2509 364 2551 partibus,
401 2522 437 2541 ac
463 2512 648 2553 praecipue
675 2510 829 2551 homini,
873 2525 960 2558 quae
992 2520 1164 2546 testantur

187 2571 257 2592 esse
274 2558 401 2599 Deum,
428 2567 461 2593 et
474 2563 664 2595 ostendunt
681 2564 793 2606 qualis
810 2565 869 2601 sit,
898 2570 931 2597 et
949 2564 1162 2597 convincunt

184 2608 354 2643 humanas
368 2618 512 2654 ineuteS,
528 2618 567 2644 ut
583 2613 682 2645 sateri
702 2626 866 2655 cogamur
882 2626 952 2647 esse
971 2615 1159 2658 providen—

182 2661 283 2700 tiam,
311 2668 342 2694 et
368 2673 431 2694 nos
447 2661 521 2695 Deo
539 2674 641 2696 curae
659 2675 749 2702 esse,
787 2672 816 2697 et
846 2672 1016 2709 quantum
1043 2673 1157 2699 manet

1218 753 1379 787 tuorum,
1415 749 1600 781 eductione
1627 749 1866 784 lsra'e‘litarum
1892 761 1932 782 ex
1958 749 2135 793 Aegypto,
2164 756 2196 781 et

1219 798 1340 830 multis
1365 799 1535 831 mirandis
1562 800 1831 833 liberationibus
1856 812 1972 833 veram
1990 811 2062 832 esse
2078 800 2196 839 credo,

1218 854 1250 881 et
1273 847 1385 881 Deum
1424 857 1602 883 aeternum
1640 857 1771 893 patrem
1798 851 1942 884 Domini
1975 849 2085 883 nostri
2119 848 2196 882 lesu

1217 896 1360 939 Christi,
1388 907 1577 933 creatorem
1597 901 1755 934 omnium
1772 913 1887 934 rerum
1904 901 2028 933 invoco
2045 901 2081 932 in
2099 900 2199 942 agni-

1218 949 1315 982 tione
1338 956 1370 982 et
1392 951 1516 983 fiducia
1536 951 1753 984 Blediatoris.
1806 951 1894 985 Cum
1926 951 2034 994 igitur
2064 957 2196 983 certum

1217 999 1278 1039 sit,
1305 1006 1478 1033 aeternam
1498 999 1690 1034 Ecclesiam
1709 1014 1792 1035 voce
1808 1000 1990 1044 Evangelii
2008 1012 2069 1044 per
2086 1000 2196 1033 filium

1219 1050 1357 1092 colligi,
1385 1052 1512 1092 gratias
1530 1064 1592 1095 ago
1613 1051 1686 1085 Deo
1707 1060 1848 1086 aeterno
1866 1052 1954 1096 patri
1972 1051 2114 1084 Domini
2132 1062 2197 1083 no-

1219 1100 1279 1133 stri
1299 1100 1375 1133 lesu
1391 1100 1541 1142 Christi,
1569 1103 1630 1147 qui
1656 1116 1734 1136 cum
1760 1103 1832 1136 filio
1856 1110 1887 1136 et
1912 1102 2048 1146 Spiritu
2066 1100 2102 1135 S.
2118 1112 2195 1133 coe-

1218 1150 1291 1183 lum
1316 1158 1347 1184 et
1373 1158 1498 1185 terram
1515 1159 1547 1185 et
1565 1165 1672 1196 genus
1687 1150 1880 1186 humanum
1900 1151 2077 1192 condidit,
2103 1152 2196 1195 quod

1220 1199 1386 1234 hactenus
1410 1204 1598 1236 clementer
1622 1217 1685 1237 nos
1713 1211 1743 1237 et
1769 1204 1888 1237 docuit
1914 1210 1946 1236 et
1971 1201 2139 1246 protexit,
2165 1208 2199 1233 et

1219 1264 1297 1283 eum
1323 1265 1384 1284 oro
1409 1260 1480 1285 toto
1509 1262 1663 1296 pectore,
1690 1263 1728 1288 ut
1752 1267 1824 1287 non
1841 1254 1931 1286 sinat
1947 1253 2040 1297 apud
2058 1262 2122 1284 nos
2140 1262 2198 1283 ex-

1220 1302 1331 1341 tingui
1372 1315 1492 1333 voccm
1516 1304 1720 1343 Evangelii,
1755 1305 1812 1333 sed
1850 1316 1987 1344 semper
2013 1302 2104 1333 inter
2135 1311 2199 1332 nos

1218 1355 1393 1382 aeternam
1412 1349 1602 1384 Ecclesiam
1624 1352 1784 1394 colligat,
1808 1352 1978 1394 gubernet
1993 1356 2027 1383 et
2044 1356 2201 1394 protegat

1220 1412 1293 1431 nos.
1337 1399 1485 1443 Propter
1502 1409 1533 1434 te
1550 1401 1662 1438 Deus,
1691 1409 1834 1444 propter
1856 1409 1886 1433 te
1904 1402 2027 1439 facias,
2053 1407 2091 1433 ut
2109 1408 2199 1433 recte

1220 1459 1417 1490 agnoscarls
1434 1457 1465 1482 et
1482 1458 1570 1482 recte
1589 1451 1772 1485 iuvoceris.

1322 1497 1420 1531 Sicut
1444 1507 1559 1532 autem
1582 1500 1746 1533 usitatum
1772 1506 1838 1538 est,
1867 1507 1900 1533 et
1924 1500 2074 1533 maxime
2100 1501 2197 1534 decet

1222 1548 1256 1580 in
1283 1546 1337 1580 his
1360 1550 1601 1591 congressibus
1626 1551 1694 1583 dici
1713 1551 1847 1595 aliquid
1865 1552 1907 1583 de
1924 1550 2112 1589 doctrinis,
2138 1558 2199 1584 aut

1222 1600 1264 1631 de
1285 1599 1492 1641 virtutibus,
1524 1608 1584 1633 aut
1606 1602 1648 1633 de
1672 1599 1831 1634 honestis
1862 1601 2048 1645 exemplis,
2083 1601 2196 1633 dicam

1221 1649 1373 1693 aliquid,
1400 1662 1472 1685 non
1492 1651 1645 1684 alienum
1663 1663 1680 1684 a
1697 1652 1822 1684 studiis
1844 1651 1992 1692 nostris,
2019 1652 2061 1683 de
2078 1649 2197 1684 Bono-

1222 1700 1334 1733 niensi
1359 1712 1544 1744 congressu
1567 1701 1683 1735 Caroli
1711 1701 1935 1745 Imperatoris
1961 1709 1993 1735 et
2018 1701 2197 1734 Pontificis

1197 1790 1198 1794 Ἰ
1222 1750 1431 1791 Clementis,
1460 1754 1518 1796 qui
1537 1750 1620 1785 haec
1640 1753 1818 1785 contentio
1835 1754 1878 1785 de
1893 1765 1930 1785 re
1946 1752 2116 1792 maxima,
2143 1752 2196 1784 vi-

1196 1827 1198 1834 ,
1222 1803 1348 1835 delicet
1374 1803 1417 1834 de
1440 1802 1601 1848 Synodo,
1635 1815 1722 1847 quae
1748 1803 1796 1835 ibi
1820 1803 1884 1836 suit
1908 1803 1999 1836 inter
2021 1802 2115 1835 viros
2137 1814 2196 1835 ex-

1222 1853 1385 1885 cellentes
1402 1854 1590 1899 sapientia,
1620 1853 1654 1885 iu
1672 1851 1829 1886 historiis
1845 1852 1963 1886 Caroli
1986 1853 2110 1885 omissa
2137 1859 2197 1893 est,

1222 1916 1326 1949 quam
1344 1916 1405 1946 ego
1419 1905 1559 1949 quidem
1576 1904 1693 1937 iudico
1709 1903 1859 1936 maxime
1877 1903 2018 1946 dignam
2037 1914 2107 1936 esse
2124 1914 2197 1935 me-

1222 1955 1332 1987 moria
1366 1962 1397 1987 et
1428 1955 1705 1987 consideratione
1739 1954 1962 1997 posteritatis.
2017 1953 2085 1986 Nec
2112 1964 2196 1985 vero

1221 2006 1421 2038 existimetis
1444 2003 1534 2038 hanc
1559 2005 1794 2038 narrationem
1819 2004 1923 2047 fingi,
1947 2011 1986 2038 ut
2003 2003 2150 2037 lunonis
2165 2009 2197 2036 et

1222 2056 1369 2089 Veneris
1386 2056 1626 2089 altercationes
1642 2056 1678 2087 in
1697 2059 1866 2098 po'e'mate,
1882 2056 1940 2087 sed
1957 2067 2037 2087 vere
2054 2054 2196 2087 institu—

1218 2165 1314 2198 runt,
1341 2158 1400 2202 qui
1422 2158 1666 2196 interfuerunt,
1683 2157 1742 2201 qui
1758 2164 1790 2190 et
1807 2157 1996 2190 sententiae
2014 2166 2196 2195 summam,

1217 2216 1250 2241 et
1261 2209 1362 2241 verba
1375 2210 1506 2252 quaeda
1515 2221 1543 2240 vu
1556 2209 1683 2241 nostris
1693 2208 1812 2240 amicis
1825 2213 2024 2240 narrarunt.
2056 2205 2135 2247 Qua
2151 2207 2194 2238 de

1217 2272 1253 2291 re
1279 2259 1470 2293 sententiae
1496 2271 1666 2291 summam
1693 2259 1842 2291 fideliter
1859 2257 2029 2296 recitabo,
2058 2256 2194 2289 etiamsi

1217 2311 1320 2342 verba
1339 2310 1457 2343 onmia
1475 2311 1603 2342 referre
1622 2321 1693 2342 non
1712 2320 1862 2352 possum.
1916 2306 1986 2339 Nec
2005 2307 2130 2340 dubito
2149 2307 2193 2339 il-

1217 2362 1267 2393 los
1282 2362 1455 2404 sapientes
1472 2367 1503 2392 et
1522 2362 1722 2405 eloquentes
1739 2360 1831 2391 viros
1844 2364 1939 2391 tanta
1959 2359 2001 2390 de
2019 2370 2066 2395 re,
2082 2357 2192 2391 multa

1215 2412 1424 2455 prudentius
1453 2419 1485 2445 et
1502 2411 1722 2456 splendidius
1737 2409 1881 2446 dixisse,
1923 2421 2027 2453 quam
2051 2408 2095 2441 ab
2117 2409 2191 2441 ullo

1189 2486 1190 2489 ,
1214 2462 1283 2495 dici
1302 2469 1447 2507 possunt
1466 2463 1643 2501 omnium,
1670 2460 1730 2505 qui
1746 2471 1841 2492 nunc
1856 2459 2046 2502 sapientiae
2071 2465 2104 2492 et
2118 2459 2191 2491 elo-

1214 2514 1377 2557 quentiae
1394 2514 1496 2546 laude
1513 2512 1697 2546 excellunt.

1300 2563 1347 2597 Ut
1364 2571 1478 2597 autem
1496 2562 1562 2596 hoc
1579 2570 1732 2604 tempore
1747 2560 1968 2604 potissimum
1988 2558 2078 2593 lianc
2094 2571 2189 2593 com—

1212 2615 1501 2648 memorationem
1518 2613 1702 2652 adserrem,
1730 2622 1770 2643 eo
1787 2611 1834 2651 fit,
1861 2611 1942 2656 quia
1962 2623 2081 2644 recens
2096 2623 2190 2643 mor-

1212 2672 1272 2698 tuo
1297 2664 1446 2705 Carolo,
1480 2676 1579 2708 saepe
1604 2662 1718 2705 cogito
1744 2669 1775 2695 et
1797 2663 1839 2695 de
1866 2662 1975 2706 ipsius
2005 2669 2128 2696 natura
2151 2673 2189 2694 ac
