2324 2955
101 109 169 143 181

102 194 148 227 ita
165 203 286 225 rursus
303 191 457 225 defectus
473 191 597 225 caloris
614 193 793 227 influentis
813 194 1003 239 privativa,
1030 208 1088 227 ex-

100 250 219 277 ternus
237 243 332 275 calor
349 243 497 285 positiva
512 249 562 275 est
587 255 689 276 causa
717 245 955 290 corruptionis
977 246 1087 279 nativi

100 293 238 328 caloris.
292 291 425 338 Estque
442 293 667 327 Aristotelica
685 296 842 330 definitio
861 296 1026 337 causalis,
1054 304 1087 330 et

99 346 253 379 ostendit
278 341 486 389 ἀχώριστον
513 344 632 378 αἴτιον
654 347 860 380 mutationis
883 348 1086 380 deducentis

97 396 245 429 mixtum
263 397 304 427 ad
323 395 516 430 interitum.
554 395 722 429 Galenica
738 398 894 430 formalis
914 405 974 432 est.
1015 399 1083 432 Sed

96 459 142 479 an
159 447 232 479 sola
250 445 360 479 nativi
376 446 501 479 caloris
518 448 697 490 corruptio
715 448 840 481 efficiat
859 450 1084 492 putrefactio-

95 509 193 538 nem,
221 509 292 530 uon
311 497 411 540 pauci
430 498 606 532 dubitant.
647 497 834 531 Cernimus
849 499 940 531 enim
961 497 1084 544 hyeme

93 560 196 593 poma
215 555 247 582 et
264 547 331 580 alia
350 548 384 580 id
406 549 542 591 generis
560 554 776 590 putrescere,
804 561 917 594 neque
941 557 1083 583 externo

94 599 208 633 obsita
227 599 360 639 calore,
388 611 500 644 neque
526 598 740 632 inflammata
767 600 906 633 interno
931 613 969 633 ex
993 599 1083 633 hali-

94 657 194 683 tuum
211 649 416 683 retentione.
472 648 562 682 Tota
586 648 679 682 enim
708 653 855 694 putredo
878 652 936 684 illa
955 652 1080 694 frigida

95 708 157 735 est.
189 699 311 746 Neque
331 699 479 732 omnino
497 700 591 733 ullus
608 707 719 743 potest
738 702 971 748 demonstrari
987 703 1083 735 calor

92 759 256 785 externus
279 750 436 784 nativum
456 763 695 794 corrumpens.
751 752 852 786 Talia
877 753 1007 796 frigore
1029 754 1081 785 vi-

91 803 221 835 dentur
237 808 435 846 putrescere
461 814 533 835 non
558 802 668 842 sicco,
695 804 753 835 sed
781 801 928 837 humido
950 804 1079 836 sensim

91 859 314 895 attenuante,
343 864 381 886 ac
397 865 459 885 ceu
485 853 743 895 strangulante,
771 856 912 887 tandem
937 867 1080 898 prorsus

90 904 285 938 suffocante
304 911 338 937 et
354 904 506 937 elidente
525 904 684 937 nativum
701 905 865 948 calorem,
884 906 945 950 qui
960 906 1081 938 abiens

91 962 124 988 et
141 952 307 988 exhalans
331 967 401 988 una
426 966 542 988 secum
571 955 714 988 a‘e'reum
738 957 856 989 educit
883 954 1080 997 humidum,

89 1006 212 1039 relicto
228 1012 362 1045 terreo,
389 1006 479 1038 sicco
497 1018 575 1039 cum
593 1017 705 1050 aqueo
732 1004 880 1039 humido
904 1007 979 1041 sine
1006 1008 1079 1050 lege

87 1064 218 1090 temere
236 1057 392 1091 confuso.
443 1055 516 1089 Nec
532 1068 549 1089 a
570 1057 682 1089 causis
700 1058 965 1101 putrefactionis
980 1058 1079 1101 frigi-

87 1108 177 1141 ditas
194 1105 339 1140 humida
358 1107 487 1140 sensim
509 1108 669 1141 nativum
693 1109 845 1141 calorem
870 1109 1077 1152 extinguens

88 1159 229 1192 videtur
253 1159 487 1196 excludenda,
528 1158 589 1191 etsi
614 1159 659 1191 ab
684 1159 800 1192 alieno
827 1160 942 1196 calore
968 1160 1079 1193 cietur

86 1209 380 1254 frequentissime.
447 1208 512 1241 His
546 1209 591 1242 ita
624 1210 824 1243 constitutis
850 1211 1076 1243 manifestum

88 1268 138 1294 est
167 1256 342 1304 ἑκπύησιν
365 1260 656 1303 putrefactionem
683 1272 755 1292 non
783 1273 865 1295 esse.
923 1261 960 1293 ln
979 1262 1076 1294 omni

88 1311 181 1352 enim
200 1310 453 1354 putrefactione
472 1316 519 1341 est
537 1310 632 1341 calor
656 1311 792 1341 alienus
817 1317 887 1342 tota
914 1312 1077 1343 substau-

86 1362 136 1394 tia
165 1372 225 1393 seu
256 1360 389 1401 igneus.
452 1357 491 1390 ln
523 1359 620 1402 puris
651 1359 869 1391 confectione
902 1367 952 1393 est
982 1361 1077 1393 calor

86 1412 222 1444 alienus
250 1410 324 1442 sola
355 1408 543 1453 qualitate,
584 1421 656 1440 non
688 1416 739 1442 cst
771 1418 937 1452 corrupta
964 1411 1073 1442 nativi

84 1461 212 1495 caloris
227 1459 435 1498 substantia,
459 1459 518 1490 sed
538 1465 636 1490 aucta
655 1459 823 1500 gradibus
839 1459 973 1503 aliquot
991 1460 1075 1491 cali-

84 1513 148 1545 dae
166 1510 363 1556 qualitatis,
389 1520 449 1541 seu
465 1515 575 1549 aucta,
604 1515 643 1541 ut
658 1509 761 1551 vulgo
782 1509 990 1553 loquuntur,
1020 1510 1075 1542 in-

84 1562 218 1596 tensive
245 1573 317 1594 non
345 1559 532 1594 extensive.
593 1558 748 1592 sienim
782 1560 909 1593 excidit
939 1572 956 1592 e
985 1561 1074 1593 vasis

83 1613 242 1656 sanguis,
271 1618 331 1645 aut
355 1611 444 1644 alius
469 1607 598 1643 humor
619 1617 755 1654 praeter
777 1617 958 1651 naturam,
993 1623 1072 1644 cum

83 1667 120 1698 in
136 1676 238 1698 usum
256 1674 357 1696 sunm
381 1673 398 1694 a
417 1661 575 1693 membro
594 1661 630 1693 in
649 1663 743 1706 quod
763 1662 959 1702 decumbit,
988 1674 1071 1694 con-

85 1717 173 1749 verti
194 1721 361 1759 nequeat,
386 1725 458 1746 non
484 1712 687 1745 destituitur
708 1719 824 1746 tamen
849 1724 992 1756 prorsus
1017 1725 1072 1746 re—

82 1767 214 1811 gimine
229 1772 384 1798 naturae.
427 1764 509 1796 ldeo
531 1774 602 1794 non
618 1763 735 1796 statim
753 1764 931 1807 putrescit.
969 1763 1072 1797 Tunc

81 1825 197 1852 autem
214 1816 391 1861 putrescit,
410 1826 488 1847 cum
506 1820 538 1847 et
558 1814 718 1854 membri,
737 1821 770 1848 et
788 1812 945 1847 humoris
962 1814 1072 1859 ipsius

83 1869 179 1903 calor
211 1867 353 1901 nativus
387 1865 575 1902 influente,
609 1866 766 1898 desertus
800 1866 936 1906 deficit,
968 1873 1007 1899 ut
1036 1866 1071 1898 in

82 1918 308 1964 gangraenis,
350 1914 602 1961 phagedaenis,
642 1913 864 1960 berpetibus,
899 1916 1015 1949 nornis
1040 1924 1072 1950 ct

82 1971 216 2004 cancris
235 1975 389 2013 apparet.
444 1966 525 2000 Non
544 1968 709 2010 putrescit
726 1968 754 2000 si
773 1968 991 2001 substantiae
1013 1980 1071 2000 ca—

83 2023 168 2055 loris
187 2021 298 2053 nativi
316 2017 407 2052 nihil
426 2019 589 2057 decedat,
615 2018 677 2051 etsi
694 2019 844 2063 qualitas
862 2019 1070 2057 intenditur,

82 2080 120 2106 ut
137 2073 173 2104 in
191 2070 288 2116 puris
303 2070 547 2113 generatione,
576 2069 611 2101 iu
629 2081 696 2113 qua
710 2070 805 2102 calor
821 2069 948 2114 partim
968 2077 1071 2102 natu-

81 2124 165 2157 ralis
184 2129 232 2155 est
251 2134 320 2167 quo
340 2122 381 2154 ad
406 2120 658 2158 substantiam,
684 2120 811 2163 partim
838 2121 974 2153 alienus
1000 2133 1070 2165 quo

82 2176 124 2208 ad
143 2180 262 2207 auctos
288 2173 416 2215 gradus
439 2170 630 2216 qualitatis,
684 2170 817 2205 {dcirco
845 2172 941 2216 puris
965 2183 1069 2214 gene-

82 2223 171 2259 ratio
187 2224 348 2258 alteratio
365 2230 414 2255 est
433 2219 592 2254 humoris
605 2221 705 2254 ess'usi
720 2234 759 2255 ex
777 2223 864 2255 vasis
882 2223 1069 2256 coniuncta

82 2289 160 2309 cum
180 2277 330 2320 quadam
357 2273 526 2307 coctione.
580 2271 712 2317 Estque
730 2285 769 2306 ex
785 2281 935 2319 utroque
953 2274 1068 2306 calore

82 2326 231 2360 naturali
266 2332 298 2358 et
328 2325 444 2358 alieno
479 2324 606 2356 mixtus
639 2324 735 2356 calor
765 2325 1067 2359 inflammationis.

80 2378 358 2420 Coniunguntur
397 2382 512 2408 autem
549 2375 760 2407 confectioni
795 2376 894 2419 puris
928 2376 1068 2409 dolores

81 2430 224 2475 quidem
248 2433 383 2460 extenta
411 2426 515 2460 simul
537 2433 567 2458 et
591 2426 775 2465 calefacta,
811 2438 900 2471 quae
926 2427 1067 2460 inflam-

81 2487 198 2514 matur
222 2485 330 2522 parte.
390 2476 520 2511 Febres
541 2477 646 2510 corde
670 2477 846 2511 calefacto.
905 2476 1001 2511 llaec
1024 2478 1067 2510 de

82 2530 253 2565 sententia
277 2527 383 2562 huius
401 2526 627 2572 Aptiorismi,
653 2535 692 2561 ut
712 2525 850 2561 scholae
876 2528 1008 2571 legibus
1034 2536 1066 2562 et

81 2581 262 2616 autoritati
285 2587 546 2624 praeceptorum
571 2590 746 2622 parerem,
774 2580 943 2612 disserere
961 2580 1068 2618 volui,

82 2643 171 2678 quae
192 2638 230 2665 ut
259 2631 407 2664 candide
433 2630 708 2674 interpretentur
732 2631 929 2670 auditores,
970 2642 1069 2664 reve-

349 2680 443 2716 Dixi.

83 2691 201 2718 telttk‘l'
223 2695 296 2715 01'0·

568 104 730 143 DECL.
764 106 839 143 DE
875 108 1016 143 VITA
1051 109 1124 144 ET
1166 111 1426 150 SCRIPTIS
1469 116 1656 153 PLlNIL

2064 131 2134 165 182

1139 195 1315 257 &Q
1956 228 2001 245 an.
2025 219 2115 247 1556.

1289 299 1363 340 De
1397 303 1492 341 vita
1523 310 1567 344 et
1597 308 1781 361 scriptis
1812 309 1972 354 Plinii.

1207 376 1324 402 Prodnt:
1350 379 1417 417 ”De
1439 380 1488 405 vila
1511 386 1535 407 et
1559 384 1664 417 scriptis
1682 386 1762 412 Plinii
1779 390 1929 423 quaedam,
1951 394 2126 426 praefationis

1241 411 1303 437 loco
1318 418 1399 451 recu.
1418 424 1431 439 a
1452 415 1480 440 P.
1501 416 1622 443 Eber0.''
1656 421 1743 446 Viteb.
1766 424 1838 448 1556.
1860 425 1882 451 8.
1908 426 1924 450 3
1946 428 1980 460 pl.
2000 445 2032 449 -
2071 430 2127 455 Re-

1241 455 1302 472 cusa
1317 456 1343 471 in
1359 449 1448 474 select.
1462 449 1540 479 Dect.
1568 452 1599 478 T.
1615 453 1658 480 lV.
1687 464 1710 485 p.
1725 456 1776 482 392
1789 467 1848 492 sqq.
1894 460 2002 488 Servest
2033 463 2054 488 T
2081 464 2117 488 lV

1239 490 1262 514 p.
1276 480 1333 507 356.
1353 488 1377 507 ei
1391 482 1506 509 Richard
1528 485 1558 511 T.
1575 486 1608 511 u.
1628 497 1655 521 p.
1670 488 1712 514 23.
1857 479 1863 492 ’
2006 484 2011 491 ’
2059 484 2064 490 ”
2120 486 2125 491 “

1136 567 1195 600 De
1226 571 1303 602 vila
1328 574 1363 603 et
1385 573 1536 615 scriptis
1559 574 1595 607 C.
1627 576 1744 610 Plinii
1772 580 1979 626 quaedam,
2013 597 2125 628 prae-

1133 616 1297 662 fationis
1321 621 1398 654 loco
1417 625 1580 657 recitata
1598 636 1621 658 α
1641 628 1703 659 Ρα
1716 628 1785 661 ulo
1804 629 1966 674 Ebero,
1995 641 2125 680 auspi-

1168 676 1277 705 cante
1300 673 1586 716 explicationem
1608 679 1763 712 secundi
1786 679 1871 715 libri
1895 683 2096 721 Naturalis

1358 726 1568 768 Historiae,
1597 725 1632 761 6.
1658 728 1758 762 Febr.
1786 730 1892 767 1556.

1134 797 1202 835 Pie
1221 812 1339 838 monet
1357 804 1514 839 Graecus
1533 810 1707 842 senarius:
1738 810 1856 858 ἀρχὴν
1871 812 2121 852 ἁπάντωνκαὶ

1132 852 1232 892 τέλος
1262 853 1353 889 ποίει
1386 855 1490 892 θεὸν.
1553 859 1607 892 Sit
1641 862 1820 896 actionum
1846 866 2061 911 principium
2090 878 2123 903 et

1134 905 1212 938 finis
1234 905 1340 941 Deus.

1238 956 1283 990 Ut
1300 958 1464 992 videficet
1480 966 1513 993 et
1531 961 1751 1004 auspicantes
1772 965 1905 1010 aliquid
1929 970 2029 1009 novi,
2056 984 2121 1004 au-

1132 1006 1255 1039 xilium
1272 1009 1340 1041 Dei
1360 1011 1601 1052 imploremus,
1630 1020 1661 1046 et
1677 1015 1830 1049 actiones
1847 1025 1982 1052 nostras
2000 1034 2120 1055 omnes

1132 1057 1325 1099 dirigamus
1347 1061 1389 1092 ad
1413 1061 1702 1103 glorificationem
1721 1064 1804 1105 Dei,
1831 1075 1861 1101 et
1885 1071 1928 1102 ad
1951 1071 2120 1105 obedien-

1132 1108 1233 1149 tiam,
1262 1122 1366 1154 quam
1386 1111 1459 1154 ipse
1478 1113 1636 1156 requirit.

1231 1159 1320 1193 Cum
1349 1162 1456 1204 igitur
1479 1163 1540 1196 diu
1557 1161 1783 1199 Scholasticis
1804 1170 1920 1212 operis
1950 1185 2019 1205 non
2045 1175 2118 1208 siue

1131 1210 1254 1243 dolore
1280 1213 1473 1253 abfuerim,
1518 1221 1550 1247 et
1580 1228 1675 1249 nunc
1706 1217 1871 1253 nonnihil
1900 1234 1917 1254 a
1945 1225 2118 1258 mandatis

1132 1261 1313 1294 laboribus
1341 1263 1491 1304 levatus,
1520 1265 1671 1299 libenter
1687 1269 1729 1300 ad
1749 1271 1972 1314 praelegendi
1990 1287 2118 1310 munus

1131 1313 1288 1349 redeam,
1324 1314 1575 1356 aequissimum
1602 1324 1670 1356 est,
1703 1331 1766 1351 nos
1790 1332 1889 1354 orare
1908 1322 2042 1365 Deum,
2078 1335 2116 1360 ut

1131 1358 1196 1392 boc
1222 1361 1422 1394 institutum
1448 1371 1608 1396 nostrum
1634 1367 1705 1409 ipse
1721 1369 1895 1410 fortunet,
1925 1383 1955 1406 et
1974 1377 2115 1411 adiuvet

1131 1422 1212 1449 nos,
1240 1418 1277 1444 ut
1296 1408 1352 1444 hic
1371 1413 1521 1446 docendi
1545 1422 1578 1448 et
1597 1417 1754 1451 discendi
1778 1420 1879 1455 labor
1897 1424 1940 1457 sit
1958 1426 2062 1460 foelix
2083 1435 2115 1462 et

1130 1460 1227 1492 utilis
1256 1462 1381 1501 nobis,
1415 1470 1447 1495 et
1473 1462 1666 1506 Ecclesiae,
1698 1470 1752 1501 cui
1777 1474 1961 1517 praecipue
1984 1479 2115 1511 servire

1128 1510 1244 1542 studia
1264 1518 1383 1544 nostra
1408 1513 1552 1546 debent:
1587 1519 1754 1551 concedat
1771 1521 1873 1554 etiam
1898 1526 2001 1558 nobis
2018 1535 2115 1561 trau—

1129 1560 1339 1604 quillitatem
1352 1586 1360 1599 ‚
1389 1569 1427 1596 ut
1444 1564 1558 1596 colere
1577 1567 1633 1608 pia
1651 1569 1784 1610 studia,
1812 1578 1843 1604 et
1861 1585 2020 1610 exercere
2037 1591 2115 1613 cum

1128 1612 1243 1644 fructu
1270 1613 1331 1645 diu
1355 1614 1539 1656 possimus.
1604 1615 1648 1650 Ut
1668 1619 1761 1652 enim
1788 1622 1947 1666 apiculae
1975 1630 2114 1664 evolare

1129 1668 1264 1705 pastum
1281 1670 1313 1695 et
1332 1665 1496 1706 colligere
1513 1666 1603 1699 roris
1625 1680 1786 1711 succum,
1813 1685 1851 1706 ac
1876 1676 1959 1709 iude
1983 1680 2115 1713 dulcis-

1126 1713 1254 1746 simum
1273 1715 1386 1747 mellis
1403 1716 1575 1760 liquorem
1593 1719 1722 1763 stipare
1738 1734 1927 1768 nequeunt,
1954 1733 2113 1773 quandiu

1126 1767 1185 1797 aer
1202 1771 1387 1798 ventorum
1413 1768 1576 1810 procellis
1594 1776 1626 1803 et
1654 1771 1826 1807 imbribus
1845 1779 2024 1819 turbatur,
2052 1786 2111 1816 sed

1128 1815 1162 1847 iu
1186 1815 1331 1848 alveolis
1355 1817 1426 1850 suis
1453 1819 1637 1853 conclusae
1658 1831 1829 1857 moestum
1851 1829 1966 1862 ocium
1989 1842 2110 1874 agunt:

1126 1866 1172 1899 ita
1197 1867 1224 1899 si
1260 1868 1433 1901 tumultus
1458 1876 1491 1902 et
1513 1870 1605 1903 bella
1628 1873 1791 1915 existant,
1835 1880 1947 1913 studia
1974 1883 2113 1917 discen—

1125 1917 1212 1950 tium
1230 1917 1394 1961 impediri
1419 1931 1556 1954 necesse
1579 1929 1639 1957 est.
1693 1923 1835 1960 Auditis
1855 1937 1969 1964 autem
1993 1937 2111 1978 quoti-

1125 1968 1182 2000 die
1217 1968 1291 2011 pias
1322 1972 1678 2005 commonefactioues
1712 1975 1998 2022 l‘raeceptorum,
2049 1988 2109 2030 qui

1125 2019 1237 2052 multo
1260 2019 1326 2052 iam
1345 2032 1460 2052 rerum
1478 2033 1543 2054 usu
1560 2024 1695 2062 edocti,
1724 2026 1862 2069 longius
1879 2035 2110 2077 prospiciunt,

1125 2077 1157 2103 et
1174 2082 1212 2102 ex
1232 2070 1353 2107 multis
1369 2072 1579 2105 coniecturis
1599 2086 1670 2106 non
1694 2075 1898 2113 fallentibus
1918 2087 2109 2121 ostendunt

1124 2134 1159 2154 se
1184 2128 1337 2154 metuere
1363 2134 1507 2165 magnos
1534 2123 1569 2155 in
1588 2123 1779 2160 Germania
1803 2138 1935 2171 motus,
1964 2148 2051 2180 quos
2070 2147 2106 2172 ut

1123 2178 1257 2205 avertat
1274 2170 1388 2212 Deus,
1411 2180 1469 2208 aut
1496 2174 1617 2207 saltem
1642 2176 1678 2208 in
1703 2178 1772 2211 illis
1792 2178 1980 2217 Ecclesiam
2003 2195 2033 2220 et
2052 2190 2106 2221 di-

1123 2223 1294 2256 scentium
1313 2230 1431 2257 coetus
1448 2231 1602 2265 tueatur,
1629 2228 1766 2261 assidue
1784 2233 1935 2268 orabunt
1956 2236 1996 2274 ii,
2026 2241 2106 2284 qui-

1122 2275 1188 2307 bus
1212 2280 1243 2306 et
1269 2285 1329 2307 sua
1356 2282 1390 2308 et
1413 2273 1590 2308 Ecclesiae
1615 2278 1707 2311 salus
1731 2292 1769 2313 ac
1793 2282 2016 2321 incolumitas
2046 2303 2105 2323 cu-

1122 2337 1180 2358 rae
1198 2332 1258 2359 est.

1224 2375 1318 2408 llaec
1349 2376 1450 2410 initio
1474 2377 1625 2411 breviter
1645 2383 1794 2423 praefari
1820 2386 1934 2428 volui,

1120 2438 1242 2460 omnes
1261 2427 1371 2460 nostri
1390 2427 1494 2460 officii
1513 2432 1858 2471 commonefacerem.

1223 2477 1341 2511 Iussus
1367 2489 1443 2511 sum
1469 2485 1585 2512 autem
1612 2493 1651 2514 ex
1675 2484 1817 2527 triginta
1844 2495 1974 2532 septem
2005 2493 2104 2527 libris

1121 2528 1230 2562 Plinii
1270 2530 1463 2561 secuudum
1496 2531 1688 2575 explicare,
1730 2548 1853 2580 quem,
1898 2542 1958 2574 etsi
1990 2545 2099 2577 sciunt

1122 2579 1368 2623 praeceptores
1409 2581 1519 2613 nostri
1554 2584 1693 2617 erudito
1730 2593 1982 2624 conuuentario
2018 2596 2101 2627 adeo

1122 2631 1334 2663 illustratum
1359 2642 1448 2671 esse,
1487 2639 1526 2665 ut
1559 2633 1759 2680 interpretis
1787 2651 1928 2683 operam
1953 2656 2022 2676 non
2049 2657 2101 2677 re—

1122 2682 1258 2726 quirat,
1287 2688 1402 2714 tamen
1429 2683 1509 2726 quia
1530 2686 1653 2720 volunt
1678 2694 1708 2720 et
1731 2688 1838 2722 Plinii
1862 2692 2038 2733 libellum,
2071 2705 2099 2730 et

1512 2737 1580 2770 12*

1973 2399 2009 2425 ut
2038 2405 2104 2427 nos
