2324 2955
190 129 263 163 247
666 121 820 156 DECL.

201 213 296 245 nefas
319 213 380 250 sit,
407 217 496 243 recte
514 208 610 240 Plato
629 207 763 239 censuit
788 203 1007 253 σοφώτατον
1032 205 1176 255 ἀνάγκη

198 261 262 297 τὸν
286 261 434 305 ἀληθῶς
459 253 693 302 ἀσῖρονόλιιον
717 255 818 290 εἶναι.
879 258 1056 302 Quicquid
1081 260 1174 291 enim

197 320 246 346 est
272 313 307 344 in
336 310 485 343 bumana
510 308 677 351 sapientia
708 309 894 351 explicatae
922 308 1116 342 evidentiae
1144 317 1175 342 et

199 364 282 395 citra
313 359 576 400 ambiguitatem
601 365 713 390 certae
737 370 774 390 ac
800 360 935 398 firmae,

197 463 309 494 sontes
336 460 533 501 coniungit,
562 465 593 491 et
617 460 658 490 ad
676 457 739 491 Dci
765 458 943 493 architecti
973 461 1174 503 sapientiam

197 511 440 555 proferendam
461 518 564 554 atque
580 509 823 541 illustrandam
843 511 964 551 refert,
993 517 1025 543 et
1042 523 1122 544 vere
1139 513 1174 544 in
1200 548 1201 557 ἵ

992 560 1066 594 Hae
1084 563 1175 606 ipsae
1200 560 1202 580 ⁴*

200 561 258 594 has
275 568 363 593 artes
381 567 474 602 grata
494 561 535 592 de
546 558 619 592 Deo
636 560 726 591 sama
746 572 861 603 sparsa
880 568 940 594 est.

198 624 337 657 quoque
359 618 537 644 terrenum
555 610 738 642 artificiosa
758 610 979 644 dimensione
1002 624 1040 644 ac
1057 613 1175 645 distri-

196 662 342 695 butione
365 662 621 704 descripserunt
645 661 785 700 orbem,
815 668 849 694 et
875 663 1112 704 perfecerunt,
1139 670 1176 696 ut

199 712 339 756 depingi
356 712 438 745 scita
455 711 649 743 imitatione
666 718 768 756 atque
784 712 929 755 exprimi
950 713 1095 754 tabulis,
1121 721 1178 747 ut-

199 775 266 808 que
294 775 364 795 uno
389 763 548 795 contuitu
573 773 659 804 pene
684 763 851 795 momenti
882 763 996 806 spacio
1022 765 1176 807 percurri

199 821 270 847 tota
297 813 350 845 vel
369 812 685 844 minutissimorum
711 813 866 845 locorum
891 814 1038 846 varietas
1066 827 1103 847 ac
1124 816 1178 847 di-

197 863 357 901 versitas,
386 863 456 894 imo
479 868 517 894 ut
542 869 613 895 tota
631 862 874 896 immensitatis
890 865 1013 896 mundi
1027 865 1108 898 videa
1129 867 1178 898 ef-

198 913 280 955 fingi
298 914 435 951 animo,
461 919 493 945 et
512 909 683 945 machinis
701 911 922 957 αὐτομάτοις
939 916 1028 947 miro
1047 917 1177 948 rotula-

196 976 273 996 rum
291 975 381 996 nexu
400 964 568 1005 coaptatis
580 965 830 1005 repraesentari
848 971 961 997 motus
978 967 1176 999 coelestium

197 1026 383 1058 corporum
407 1013 553 1056 possint.
601 1011 672 1045 llas
696 1014 722 1046 si
750 1015 821 1046 alas
838 1015 963 1047 animis
982 1029 1176 1049 accommo-

197 1065 360 1097 daveritis
385 1063 508 1096 vestris
533 1075 604 1095 non
628 1062 799 1096 Dedalaea
825 1077 899 1097 cera
934 1074 1084 1106 assutas,
1118 1068 1174 1099 sed

197 1115 308 1147 solida
326 1114 524 1155 cognitione
543 1113 773 1155 agglutinatas
798 1122 828 1147 et
850 1116 1020 1156 firmatas,
1049 1129 1119 1149 non
1139 1125 1175 1150 ut

198 1162 450 1207 Aristophanes
469 1164 558 1196 ludit
575 1164 682 1196 saltus
699 1165 891 1198 metiemini
914 1167 1066 1209 pulicum
1080 1195 1089 1207 ,
1116 1169 1174 1200 sed

196 1215 342 1258 remigio
360 1227 478 1246 earum
496 1215 771 1259 quotiescunque
797 1216 939 1249 libuerit
964 1225 996 1250 et
1015 1220 1175 1262 quando-

195 1277 332 1309 cunque
349 1265 453 1297 fuerit
469 1275 574 1306 opuS‚
602 1272 675 1297 tum
698 1266 734 1296 in
754 1266 888 1298 coelum
913 1267 1105 1299 esseremini
1128 1261 1173 1300 Ε

195 1313 382 1359 αὐτοψιάν
406 1312 723 1356 pulcherrimorum
747 1327 952 1358 corporum,
988 1329 1075 1360 quae
1101 1318 1174 1349 sine

193 1365 261 1397 illis
285 1377 357 1397 non
380 1363 510 1396 maiore
528 1375 605 1395 cum
631 1364 863 1397 admiratione
887 1372 918 1398 et
944 1366 1174 1409 intelligentia

193 1415 365 1459 aspicitis,
387 1426 490 1458 quam
510 1413 714 1447 intuebatur
727 1415 822 1447 canis
839 1414 1031 1459 Aesopicus
1054 1417 1174 1461 exqui-

194 1467 255 1499 site
272 1466 399 1509 pictam
418 1464 581 1497 tabellam
594 1491 603 1503 ,
631 1472 703 1497 tum
724 1464 760 1496 in
779 1463 1004 1498 historiarum
1028 1467 1176 1499 lectione

194 1523 252 1549 aut
273 1514 622 1554 commemoratione,
650 1526 726 1546 cum
744 1516 840 1546 sedes
858 1516 1058 1549 iudicantur
1076 1529 1176 1549 verae

192 1565 366 1599 Ecclesiae
382 1571 412 1597 et
431 1564 502 1596 loca
520 1576 634 1596 rerum
653 1570 838 1606 gestarum,
866 1566 1097 1608 rapidissimis
1117 1580 1174 1599 co-

194 1616 403 1659 gitationum
423 1615 592 1654 motibus,
620 1622 653 1648 et
677 1615 784 1647 maria
808 1617 993 1649 tranabitis
1020 1624 1053 1650 et
1078 1618 1174 1650 orbis

193 1667 320 1699 terreni
338 1664 614 1709 pervagabimini
633 1665 914 1709 amplitudinem.

296 1714 433 1748 Omitto
453 1715 699 1748 Astronomiae
717 1718 894 1757 encomia,
922 1724 954 1750 et
973 1730 1173 1762 percensere

192 1767 313 1799 desino
328 1766 480 1810 reliquas
498 1773 604 1805 arteS,
632 1778 779 1810 quarum
805 1768 942 1812 aliquae
966 1781 1004 1801 ex
1033 1767 1086 1802 his
1111 1782 1171 1802 ceu

191 1830 230 1850 ex
246 1817 403 1850 fontibus
421 1816 525 1849 rivuli
544 1817 737 1857 derivatae,
764 1815 818 1850 his
835 1819 980 1852 sublatis
999 1832 1171 1853 exaresce-

190 1875 267 1901 rent
287 1867 447 1911 protinus
472 1879 510 1898 ac
530 1867 735 1906 deficerent,
767 1875 804 1901 ut
828 1867 1048 1903 mechanicae
1072 1878 1172 1911 artes,

190 1915 353 1957 ὀπτικαὶ,
389 1915 647 1961 κατοπτρικαὶ,
689 1916 923 1964 γεωὸετικαὶ,
964 1919 1170 1961 κανονικαί,

190 1965 391 2015 λογιστικαὶ
415 1975 446 2000 et
470 1968 573 1999 aliae:
609 1968 760 2012 Aliquae
783 1970 851 2001 alio
875 1968 928 2003 his
953 1972 1171 2014 cognationis

190 2019 332 2051 vinculo
353 2017 551 2058 devinctae,
578 2018 605 2049 si
630 2019 842 2052 adiumentis
859 2033 947 2065 quae
970 2022 1052 2055 inde
1074 2034 1170 2056 assu-

188 2076 288 2102 munt
304 2068 556 2111 spoliarentur,
583 2069 780 2103 amitterent
799 2077 832 2104 et
846 2072 1102 2114 perspicuitatis
1117 2081 1170 2107 at-

190 2131 256 2164 que
282 2119 478 2151 evidentiae
499 2130 581 2151 suae
603 2119 741 2159 lumen,
767 2127 799 2154 et
822 2123 1020 2156 stabilitatis
1039 2125 1169 2167 praesi-

190 2171 299 2208 dium,
326 2177 357 2203 et
373 2181 531 2201 normam
550 2169 782 2204 certitudinis.
817 2169 980 2217 Denique
996 2172 1086 2219 πρὸς
1101 2177 1164 2208 πᾶ-

190 2230 255 2257 σας
284 2216 464 2263 μαθήσεις
493 2217 585 2252 ὥστε
609 2216 759 2254 κάλλιον
783 2219 1031 2267 ἀποδέχεσθαι
1063 2225 1169 2269 ἴσμεν

190 2272 261 2303 ποῦ
280 2268 330 2302 ὅτι
350 2271 401 2313 7‘13
426 2268 499 2315 ὅλῳ
523 2268 585 2303 καὶ
609 2267 719 2305 mimi
741 2269 869 2306 διοίσει
892 2271 1054 2318 ἡλιιλιιὲνος
1076 2288 1167 2323 γεω-

189 2318 337 2364 μετρίας
372 2318 432 2353 καὶ
465 2318 515 2365 μὴ
531 2346 540 2360 ,
595 2328 632 2353 ut
667 2323 869 2364 gravissime
905 2323 1004 2358 Plato
1041 2326 1168 2371 inquit.

189 2369 293 2412 Quod
313 2370 374 2402 etsi
390 2367 687 2417 παραδοξότερον
705 2373 898 2415 videbitur,
927 2381 1040 2408 tamen
1059 2378 1168 2410 veris-

188 2421 314 2453 simum
331 2427 390 2454 est.

289 2469 357 2503 Sed
376 2482 487 2514 neque
504 2471 640 2516 inquies
658 2486 763 2517 opera
781 2476 900 2509 eadem
920 2488 959 2509 ac
978 2477 1167 2511 foelicitate

188 2520 434 2564 perdiscuutur
449 2527 537 2553 artes
554 2521 817 2558 mathematicae
833 2539 900 2571 qua
919 2534 1082 2568 caeterae,
1107 2530 1166 2561 sed

186 2578 219 2604 et
236 2571 391 2604 studium
410 2571 593 2615 requirunt
611 2573 772 2616 longum,
798 2577 975 2611 assiduum
993 2585 1095 2624 atque
1112 2579 1166 2612 in-

187 2629 320 2655 tentum
335 2648 344 2660 ‚
371 2628 403 2654 et
421 2621 522 2654 multi
543 2625 708 2666 temporis
731 2635 925 2661 accuratam
950 2630 1166 2664 exercitatio-

857 121 926 156 DE
961 120 1190 157 STUDllS
1225 121 1349 156 VET.
1386 121 1730 159 PlllLOSOPH.

979 357 1044 391 hoc
1073 372 1176 393 omne
1202 378 1203 399 1

197 410 420 445 Astronomia
442 402 677 441 arithmeticos
702 415 732 440 et
757 410 982 450 geometricos
1000 411 1175 454 complexa
1201 413 1202 447 i

1201 459 1202 463 ’
1227 461 1319 505 quod
1345 466 1455 493 totum
1482 460 1548 492 sibi
1575 458 1755 494 hominem
1782 462 1824 493 ab
1845 462 2011 495 omnibus
2041 462 2118 495 aliis
2144 462 2206 493 ab·

2131 124 2204 160 248

1229 220 1333 252 capax
1347 209 1535 240 earundem
1547 235 1555 248 ‚
1582 222 1669 253 quae
1685 210 1712 243 si
1731 210 1838 249 desit,
1866 216 1903 242 ut
1920 210 2015 244 deest
2032 210 2203 253 plurimis,

1228 270 1393 303 quorsum
1418 257 1541 290 attinet
1565 259 1746 293 intendere
1771 272 1897 292 nervos
1929 267 1960 292 et
1989 261 2079 292 vires
2111 259 2202 293 nihil

1227 310 1411 341 effecturos
1427 315 1460 341 et
1484 309 1675 342 annixuros
1700 312 1845 343 frustra:
1880 322 1992 354 neque
2016 311 2105 344 soret
2126 323 2143 343 e
2168 323 2204 343 re

1227 367 1328 404 atque
1349 371 1413 391 usu
1440 359 1493 391 vel
1516 367 1635 392 nostro
1659 361 1840 403 privatim,
1883 362 1936 393 vol
1960 359 2136 394 Ecclesiae
2167 373 2204 394 ac

1226 409 1473 453 Reipublicae,
1516 409 1550 441 iu
1578 422 1650 442 uno
1682 407 1747 443 hoc
1775 411 2041 454 disciplinarum
2071 422 2206 452 genere,

1226 513 1369 543 ductum
1387 510 1490 543 rebus
1506 512 1661 554 deposcit
1686 524 1724 544 ac
1756 512 1935 551 vendicat,
1968 512 2104 545 omissis
2127 512 2206 544 aliis

1226 572 1479 594 consenescere.

1329 611 1508 644 Praestare
1526 612 1641 655 itaque
1659 619 1697 645 ut
1720 613 1747 644 si
1773 624 1849 644 cum
1873 613 2003 645 iactura
2021 612 2207 645 defluentis

1228 663 1413 706 temporis,
1437 663 1614 705 pereuntis
1630 675 1766 706 operae,
1793 670 1823 695 et
1842 664 2075 705 neglectarum
2098 663 2207 694 inter-

1229 725 1265 745 ea
1292 720 1503 745 caeterarum
1527 713 1654 745 artium
1676 714 1801 747 frustra
1821 715 1863 746 sit
1883 715 1917 746 in
1937 726 2007 747 uno
2033 714 2207 746 desuflan-

1229 764 1312 796 dum
1336 771 1438 808 atque
1465 764 1738 804 elaborandum,
1773 771 1831 797 aut
1861 777 1933 797 non
1964 765 2132 806 attingere
2163 763 2209 803 id,

1229 820 1287 846 aut
1316 815 1409 847 velut
1437 815 1472 846 iu
1501 821 1701 846 transcursu
1729 815 1842 847 obiter
1875 816 2061 848 salutatum
2099 813 2207 846 relin-

1229 876 1353 909 quere,
1381 871 1413 897 et
1437 866 1477 897 ad
1504 865 1570 896 alia
1596 866 1806 897 contendere
1828 865 1988 905 utiliora,
2023 864 2207 908 captuique

1230 915 1543 948 accommodatiora
1566 922 1696 948 nostro.
1749 915 1814 948 llis
1837 915 1897 960 qui
1922 916 2002 948 talia
2024 915 2208 953 obiiciunt,

1229 964 1448 998 Platonicum
1469 967 1555 997 illud
1574 978 1730 1009 oppono:
1766 968 1884 999 ταῦτα
1909 962 2103 1008 ξύὶιιπαντα
2130 962 2204 1008 οὐχ’

1229 1014 1277 1054 ὡς
1303 1014 1490 1061 ἀκριβείας
1515 1013 1691 1060 ἐχόμενα,
1720 1014 1777 1049 δεῖ
1799 1014 1989 1050 διαπονεῖν
2014 1013 2100 1053 τοὺς
2122 1011 2207 1048 πόλ-

1228 1068 1333 1108 tots-5,
1361 1065 1452 1099 ἀλλὰ
1476 1065 1578 1104 τίνας
1601 1065 1756 1113 ὀλίγους.
1816 1068 1875 1111 Τῷ
1899 1064 2027 1110 πλήθει
2051 1063 2108 1106 δὲ,
2139 1063 2207 1099 ὅσα

1229 1116 1355 1150 αὐτῶν
1382 1116 1681 1163 ἀιάγκ(ν.ἲ(ι,.καὶ
1707 1119 1783 1154 πῶς
1804 1114 1994 1160 ὀρθότατα
2016 1115 2133 1163 λίγεῑε
2156 1114 2205 1158 μὴ

1228 1165 1446 1201 ἐπίστασθαι
1481 1165 1549 1210 μὲν
1582 1168 1657 1205 τοῖς
1692 1169 1836 1205 πολλοῖς
1872 1169 2036 1211 αἴσχρον.
2111 1165 2207 1198 Haec

1226 1218 1356 1257 omnia,
1406 1218 1519 1261 iuquit
1560 1219 1601 1248 de
1635 1216 1887 1257 Aritlunetica,
1929 1217 2130 1250 Geometria
2176 1222 2208 1248 et

1226 1267 1452 1300 Astronomia
1489 1269 1680 1306 disserens,
1717 1280 1788 1299 non
1822 1275 1936 1300 exacte
1964 1268 2064 1300 multi
2090 1266 2207 1310 perdi-

1226 1323 1337 1356 scent,
1364 1318 1422 1348 sed
1446 1316 1558 1359 pauci.

1328 1365 1514 1410 Reliquam
1533 1366 1793 1399 multitudinem
1805 1379 1893 1411 quae
1910 1366 2099 1400 necessaria
2117 1373 2209 1406 sunt,

1226 1416 1487 1461 rectissimeque
1511 1417 1678 1449 dicuntur
1703 1424 1803 1458 turpe
1828 1425 1879 1450 est
1904 1418 2047 1450 nescire.
2103 1416 2207 1450 Initia

1226 1464 1351 1499 harum
1375 1468 1502 1500 artium
1530 1478 1627 1506 vera,
1654 1473 1746 1499 recte
1770 1467 1956 1510 explicata,
1988 1466 2208 1510 respicientia

1226 1518 1559 1555 demonstrationes,
1587 1523 1645 1549 aut
1672 1529 1710 1549 ex
1737 1517 2076 1551 demonstrationum
2096 1517 2206 1549 sonti-

1226 1567 1290 1600 bus
1310 1565 1506 1600 methodica
1525 1567 1613 1599 serie
1630 1568 1794 1608 deducta,
1822 1568 1938 1612 qualia
1958 1567 1993 1599 in
2013 1567 2112 1599 libris
2124 1565 2206 1600 Ele-

1225 1624 1422 1651 mentorum
1438 1616 1596 1650 Euclidis
1613 1618 1820 1658 traduntur,
1847 1625 1879 1650 et
1902 1618 2206 1661 praeceptionibus

1224 1666 1454 1702 arithmeticis
1484 1669 1527 1700 de
1558 1669 1742 1710 praecipua
1774 1680 2002 1701 numerorum
2036 1668 2206 1708 doctrina,

1224 1726 1256 1753 et
1274 1720 1389 1763 qualia
1408 1720 1444 1751 in
1464 1718 1687 1751 Ptolemaicis
1709 1719 1847 1762 scriptis
1865 1719 1918 1751 vel
1941 1719 2076 1752 usitatis
2101 1719 2205 1752 libel-

1224 1770 1266 1802 lis
1283 1767 1523 1814 hypotheseon
1541 1768 1653 1802 Procli
1674 1777 1733 1802 aut
1750 1767 1966 1802 theoriarum
1981 1797 1990 1809 ,
2017 1781 2056 1802 ac
2071 1770 2204 1802 doctri-

1225 1832 1288 1853 nae
1312 1818 1492 1864 sphericae
1513 1820 1556 1852 de
1575 1820 1687 1862 primo
1702 1827 1801 1853 motu
1824 1833 1863 1853 ex
1880 1820 2102 1853 Ptolemaicis
2122 1821 2203 1853 son-

1223 1872 1316 1904 tibus
1333 1872 1375 1904 ad
1395 1883 1472 1904 eum
1490 1877 1570 1903 sunt
1589 1870 1742 1914 exposita
1762 1872 1917 1911 modum,
1944 1878 1981 1904 ut
1997 1872 2038 1904 ad
2056 1872 2203 1904 demon-

1222 1921 1409 1955 strationes
1426 1922 1605 1961 alludant,
1635 1922 1765 1965 percipi
1792 1923 1866 1954 sine
1891 1922 1964 1954 ullo
1990 1932 2115 1964 magno
2140 1933 2203 1953 ne-

1221 1972 1319 2015 gocio
1337 1980 1499 2016 possunt,
1526 1978 1557 2004 et
1582 1972 1617 2004 in
1643 1972 1821 2004 communi
1839 1973 1908 2005 vita
1926 1984 1964 2005 ac
1988 1971 2130 2005 caeteris
2147 1983 2202 2004 ar-

1222 2024 1315 2057 tibus
1333 2035 1434 2056 usum
1455 2021 1603 2062 habent,
1630 2030 1662 2056 et
1678 2023 1837 2065 cognosci
1856 2024 1899 2056 ab
1916 2023 2081 2056 omnibus
2098 2028 2200 2060 recte,

1222 2075 1355 2118 integre
1379 2086 1417 2107 ac
1440 2074 1551 2107 solide
1575 2074 1704 2106 debent
1735 2086 1773 2106 ex
1802 2074 1872 2107 illis
1900 2074 2020 2115 libris,
2058 2085 2130 2106 non
2161 2085 2200 2105 ex

1220 2126 1355 2169 inepta,
1381 2137 1467 2169 quae
1485 2125 1590 2167 vulgo
1610 2122 1907 2158 Scholasticorum
1930 2124 2094 2158 manibus
2117 2123 2200 2156 teri-

1220 2184 1276 2210 tur
1293 2175 1538 2221 quaestionum
1555 2175 1741 2217 farragine,
1758 2175 1886 2220 quibus
1901 2176 2073 2213 evacuatis
2088 2174 2200 2206 scien-

1219 2227 1264 2260 tia
1290 2226 1418 2259 desinit
1442 2226 1557 2259 omnis
1575 2238 1613 2258 ac
1632 2226 1757 2261 deficit.
1812 2225 1932 2269 Turpe
1951 2233 2001 2259 est
2019 2223 2198 2258 hominem

1219 2276 1463 2311 scholasticum
1498 2283 1556 2309 aut
1584 2289 1766 2321 nunquam
1799 2276 1955 2309 attollere
1989 2276 2025 2308 in
2061 2275 2197 2310 coelum

1219 2328 1357 2367 oculos,
1380 2334 1439 2360 aut
1455 2328 1507 2361 vel
1533 2328 1714 2360 oscitantia
1737 2327 1799 2360 tali
1821 2338 1858 2359 ac
1886 2327 2116 2369 negligentia,
2143 2326 2196 2359 vel

1219 2375 1446 2423 ἀναισθησίᾳ
1463 2385 1577 2419 tanta,
1601 2378 1828 2411 circumvecta
1846 2378 2023 2420 perpetuis
2042 2377 2197 2411 motibus

1219 2430 1305 2463 coeli
1338 2441 1484 2472 corpora
1518 2436 1549 2462 et
1579 2428 1815 2462 illucescentia
1844 2428 2050 2471 quotidiano
2075 2435 2196 2462 exortu

1218 2481 1337 2519 terris,
1372 2480 1591 2525 extinctaque
1616 2489 1736 2512 rursus
1757 2478 1922 2512 decubitu
1945 2479 2124 2519 contueri,
2157 2486 2195 2512 ut

1218 2544 1261 2564 ne
1279 2531 1384 2564 semel
1402 2531 1544 2575 quidem
1563 2531 1604 2562 de
1627 2529 1774 2562 eruditis
1800 2541 1838 2561 ac
1863 2529 1954 2562 veris
1977 2530 2088 2563 causis
2113 2541 2194 2573 per-

1217 2589 1342 2625 petuae
1361 2581 1612 2614 vicissitudinis
1628 2579 1764 2612 dierum
1783 2586 1815 2613 et
1832 2580 1987 2612 noctium
2007 2591 2194 2623 augescen-

1216 2632 1302 2666 tium
1320 2645 1358 2666 ac
1373 2631 1609 2665 deficientium
1626 2637 1711 2664 stata
1731 2631 1821 2673 lege,
1857 2631 2061 2674 permutatis
2087 2631 2193 2665 alter-

186 2684 282 2705 nem:
326 2683 439 2718 neque
470 2672 643 2716 contingit
669 2675 834 2710 omnibus
856 2679 1001 2714 facultas
1033 2680 1164 2724 ingenii
1215 2683 1326 2717 natim
1350 2683 1503 2723 vicibus,
1542 2682 1654 2726 deque
1677 2681 1762 2715 anni
1786 2682 1922 2716 ratione
1942 2681 2192 2727 quadrifariam
