2324 2955
192 124 284 160 1019

191 217 223 243 et
240 208 318 242 aliis
329 203 528 248 Prophetis,
555 212 617 233 nec
634 198 738 232 fuisse
754 197 839 230 duas
856 203 996 229 naturas
1013 195 1051 228 in
1061 194 1167 230 Chri-

190 267 242 293 sto
273 257 403 290 unione
428 251 646 298 hypostatica
669 247 796 282 unitas,
859 245 942 278 ldeo
968 246 1091 279 solitus
1116 255 1166 282 est

191 309 319 342 dicere:
355 304 438 337 Noli
469 301 612 344 gloriari
646 297 791 336 Iudaee,
824 308 897 329 non
928 296 1022 329 enim
1052 295 1166 330 Deum

191 353 408 393 crucifixisti,
434 353 493 386 sed
516 350 710 384 hominem.
762 346 840 379 Hoc
863 358 942 379 cum
967 346 1167 390 plausibili-

191 417 241 439 ter
261 405 449 443 diceretur,
478 400 601 434 habuit
619 399 811 432 multorum
829 396 956 430 studia.
1009 395 1168 442 Cumque

190 456 362 495 saniores,
394 453 454 498 qui
478 451 622 484 insidias
646 447 908 491 intelligebant,
939 447 1168 480 adversaren-

191 514 247 539 tur
269 505 318 545 ei,
346 503 557 537 excusabant
577 512 655 534 eum
673 499 745 538 sui,
773 498 866 542 quod
885 503 1060 530 certamen
1077 497 1168 532 inter

192 557 304 599 ipsum
328 561 360 587 ct
383 552 598 587 adversarios
622 545 828 595 λογομαχία
850 547 1037 582 videretur.
1097 547 1167 581 Sed

191 606 302 648 reipsa
318 615 537 649 nequaquam
555 601 619 635 fuit
634 596 851 646 λογο,ιιαχία,
903 595 1021 630 Etiam
1038 603 1169 631 veteres

191 656 334 700 quidam
359 654 601 687 iudicaverunt
622 662 700 683 cum
719 659 888 681 renovare
904 646 1086 680 Iudaicum
1105 647 1169 681 Sa-

192 704 361 738 mosateni
384 705 527 746 dogma,
559 700 695 735 etiamsi
717 699 897 743 aliquanto
923 698 1024 730 aliter
1047 697 1168 741 pinge-

192 763 263 795 ret,
295 755 381 787 sicut
403 765 503 796 saepe
524 757 728 785 renovatum
755 755 822 787 est,
850 754 884 781 et
907 747 1064 781 existimo
1089 760 1167 782 eum

190 816 268 838 suas
287 804 488 848 praestigias
506 803 547 836 ad
568 801 664 834 illam
681 805 807 832 metam
826 797 1001 832 direxisse.

291 902 496 937 Ostendunt
519 908 550 934 et
564 901 697 933 decreta
714 905 833 931 contra
850 897 1050 931 Nestorium
1071 899 1170 937 facta,

191 954 461 988 controversiam
483 951 589 985 fuisse
612 951 654 983 de
673 961 709 982 re
726 948 875 981 maxima
888 975 896 988 ,
920 960 992 980 non
1008 950 1170 994 λογομα-

186 1002 286 1048 χίαν.
353 1004 412 1037 Sic
436 1003 528 1036 enim
553 1000 711 1044 loquitur
735 1000 927 1031 decretum:
963 997 1002 1030 Si
1026 997 1103 1041 quis
1131 997 1168 1028 in

190 1052 329 1087 Christo
347 1054 507 1085 ‹lividens
524 1045 740 1085 ὑποστάσεις
758 1054 833 1090 post
848 1047 1035 1084 unionem,
1064 1052 1096 1079 et
1114 1046 1170 1078 di-

191 1115 269 1136 cens
285 1100 395 1150 λόγον
411 1101 636 1135 coniunctum
655 1098 760 1130 fuisse
778 1095 912 1129 homini
930 1095 1092 1128 societate
1109 1106 1170 1128 seu

192 1160 375 1196 potestate,
417 1164 488 1184 non
524 1147 675 1182 naturali
707 1146 856 1186 unione,
896 1143 1081 1178 anathema
1113 1145 1170 1178 sit.

190 1203 283 1235 Hinc
313 1210 346 1236 et
370 1202 530 1235 doctrina
556 1200 598 1232 de
622 1196 938 1230 communicatione
962 1195 1169 1229 idiomatum

192 1253 316 1286 tradita
341 1259 400 1285 est.
452 1249 649 1292 Pugnatum
669 1254 717 1280 est
735 1247 778 1279 de
798 1243 853 1278 his
869 1245 1170 1288 propositionibus

194 1302 416 1347 loquentibus
448 1302 491 1334 de
512 1297 669 1334 Christo:
704 1295 798 1330 Deus
830 1303 878 1329 est
902 1307 1041 1338 passus,
1076 1293 1170 1327 Deus

192 1360 240 1386 est
271 1352 470 1391 crucifixus,
503 1356 542 1383 ut
570 1348 716 1381 sciretur
740 1344 830 1379 lianc
856 1357 1040 1388 personam
1066 1343 1171 1378 Chri-

192 1410 282 1436 stum
298 1413 369 1435 esse
386 1401 519 1440 Deum,
546 1410 608 1432 nec
625 1394 735 1444 λόγον
750 1402 885 1429 tantum
903 1395 1041 1428 affuisse
1058 1395 1104 1427 ei:
1131 1400 1171 1427 ut

192 1451 290 1486 Eliae
314 1459 372 1485 aut
394 1451 471 1484 aliis
486 1447 690 1493 Prophetis:
718 1445 932 1479 Nominatur
952 1446 1044 1478 enim
1062 1445 1170 1487 figura

194 1503 360 1547 loquendi
376 1499 645 1534 communicatio
663 1497 886 1535 idiomatum,
914 1507 991 1528 cum
1009 1495 1171 1538 proprie-

192 1560 243 1585 tas
266 1553 327 1585 uni
352 1559 495 1584 naturae
519 1548 732 1583 conveniens
754 1546 923 1579 tribuitur
945 1556 1112 1588 personae
1133 1545 1170 1576 in

193 1609 370 1641 concreto,
403 1608 441 1634 ut
465 1601 678 1643 significetur
700 1598 736 1630 in
759 1608 797 1629 ea
822 1607 969 1639 persona
996 1596 1081 1628 duas
1107 1606 1171 1627 na-

195 1662 288 1685 turas
319 1664 390 1684 esse
415 1651 531 1684 unitas
556 1649 689 1683 unione
714 1645 941 1692 hypostatica.
1010 1644 1170 1677 Vetustas

194 1714 253 1734 usa
281 1709 332 1734 est
356 1699 420 1733 hac
443 1699 690 1732 similitudine:
723 1697 821 1728 Sicut
847 1695 962 1726 anima
988 1700 1021 1725 et
1045 1703 1170 1734 corpus

195 1759 274 1785 sunt
293 1763 402 1783 unum
420 1750 630 1792 completum
649 1740 921 1790 ὑφιστάμενον,
951 1742 1015 1781 ita,
1040 1748 1077 1774 ut
1094 1742 1171 1774 ani—

198 1814 250 1834 ma
276 1807 381 1843 gestet
406 1810 548 1839 corpus,
576 1797 670 1841 quod
694 1793 898 1827 dissolvitur
917 1792 961 1825 ab
976 1792 1092 1824 anima
1111 1792 1171 1823 de-

199 1858 342 1884 sertum:
370 1850 427 1883 Sic
451 1845 556 1894 λόγος
577 1851 682 1889 gestat
708 1851 867 1877 naturam
885 1839 1075 1874 humanam
1093 1841 1170 1872 ani-

199 1913 286 1933 mam
314 1907 344 1933 et
367 1909 508 1941 corpus,
536 1898 593 1929 sed
619 1893 909 1938 inseparabiliter.
961 1889 1066 1924 Extat
1087 1888 1171 1923 haec

198 1950 389 1983 similitudo
413 1949 503 1992 apud
530 1945 782 1982 Athanasium,
814 1941 986 1987 Cyrillum
1011 1947 1045 1974 et
1067 1939 1171 1974 Iusti-

200 2013 298 2038 num,
332 2000 393 2044 qui
423 2005 538 2031 tamen
564 1997 662 2029 addit
686 1993 951 2027 correctionem:
984 2003 1078 2029 τινες
1103 1988 1173 2034 μὲν

204 2050 262 2093 τὴν
278 2049 408 2084 ἕνωσιν
424 2046 544 2092 ὥσπερ
560 2042 777 2092 ψυχῆςπρὸς
787 2038 1173 2086 σῶ,ιιανοήσαι’τεςοῦ-

205 2113 266 2139 τως
283 2095 538 2138 ἕκδεδώκασιν,
566 2095 627 2130 καὶ
640 2092 820 2139 ἁρμόδιον
830 2104 871 2139 γε
883 2089 924 2125 τὸ
938 2088 1173 2138 παράὸ“ει7,ιια

202 2153 226 2183 «⁴1⁸
250 2149 307 2184 καὶ
332 2148 381 2194 μὴ
406 2146 498 2182 κατὰ
523 2144 644 2181 πάντα
669 2142 762 2179 κατὰ
784 2155 818 2177 τι
835 2144 941 2189 γοῦν.
993 2141 1039 2175 Et
1057 2149 1173 2174 tamen

204 2209 237 2232 ut
263 2201 450 2232 retineatur
472 2198 658 2231 discrimen
682 2202 905 2230 naturarum,
933 2204 1005 2225 non
1028 2192 1172 2225 dicitur:

205 2250 373 2282 Dixiuitas
398 2257 446 2282 est
473 2260 588 2292 passa,
616 2246 695 2291 quia
721 2243 930 2277 vocabulum
950 2243 985 2275 in
1003 2243 1173 2275 abstracto

206 2301 366 2339 siguificat
386 2306 545 2332 naturam
565 2297 754 2330 secundum
771 2306 805 2327 se
822 2293 1087 2331 consideratam,
1114 2293 1173 2324 sed

204 2358 358 2382 concreta
383 2349 575 2391 significant
599 2357 801 2390 personam,
834 2344 869 2376 in
893 2355 960 2388 qua
982 2349 1063 2375 sunt
1087 2343 1174 2374 duae

208 2407 359 2433 naturae.
429 2398 473 2431 Et
502 2396 564 2430 liae
595 2396 752 2429 doctriua
785 2396 825 2427 de
859 2393 1175 2426 communicatione

208 2451 408 2481 idiomatum
433 2460 518 2491 opus
540 2459 610 2480 csse
634 2445 778 2486 intelligi
800 2449 911 2487 potest
931 2456 969 2475 ex
987 2442 1104 2475 multis
1122 2443 1176 2474 di-

207 2502 267 2533 ctis
295 2496 442 2531 Christi:
472 2498 667 2541 Antequam
695 2493 873 2528 Abraham
898 2500 1000 2526 natus
1023 2499 1087 2533 est,
1114 2504 1175 2535 ego

348 2548 554 2590 [bicumque
582 2555 658 2579 sunt
692 2547 761 2578 duo
794 2551 851 2577 aut
883 2551 951 2577 tres
977 2542 1174 2585 congregati

569 2597 602 2628 in
628 2597 742 2628 medio
769 2607 887 2627 eorum
914 2605 1001 2628 sum.
1070 2592 1176 2636 Aspi-

795 2644 895 2677 Talia
916 2644 1005 2677 dicta
1025 2643 1174 2687 plurima

211 2562 291 2584 sulti.

209 2603 240 2631 in
269 2599 409 2631 nomine
436 2609 532 2635 mco,

208 2652 295 2682 cient
318 2661 370 2681 me
395 2660 495 2691 quein
518 2648 742 2679 confixerunt.

423 116 627 156 sciurm
656 113 729 148 pn.
757 110 870 145 MEL.
897 109 963 145 AD
991 109 1116 148 fflsT.
1143 108 1284 148 paor.
1311 109 1375 145 ET
1402 108 1592 149 ramos.
1618 110 1934 150 SPECTANTIA.

2101 117 2116 148 1
2123 116 2197 150 020

1219 196 1320 230 obvia
1339 201 1438 236 sunt,
1464 207 1551 240 quae
1572 196 1794 232 illustrantur
1811 210 1849 232 ex
1868 199 2026 233 doctrina
2043 201 2085 232 de
2103 210 2197 232 com-

1219 246 1457 280 municatione
1475 246 1695 283 idiomatum.

1320 295 1414 329 Haec
1438 307 1691 335 commemoro,
1727 303 1765 330 ut
1790 296 1939 341 intelligi
1966 299 2090 342 possit,
2129 297 2197 331 Ne-

1219 346 1319 379 storii
1348 346 1620 379 controversiam
1650 358 1723 379 non
1752 347 1857 380 fuisse
1883 347 2131 395 λογολιιαχίαν,
2165 355 2198 380 et

1219 396 1248 429 si
1270 403 1353 429 tunc
1374 408 1514 441 quoque
1529 396 1589 429 alii
1606 396 1709 430 aliter
1726 396 1980 432 iudicaverunt.
2032 398 2198 443 Synodus

1219 443 1351 490 Ephesi
1381 446 1546 480 convenit
1576 458 1670 480 anno
1694 444 1826 480 Christi
1854 448 2197 492 quadringentesimo

1219 496 1393 530 tricesimo
1424 496 1569 540 quinto,
1603 508 1696 530 anno
1721 493 1914 530 Theodosii
1939 498 2082 531 secundi
2106 499 2198 530 vice-

1219 547 1307 579 simo
1340 553 1477 591 quart0.
1542 545 1625 580 Fuit
1654 546 1865 580 turbulenta.
1923 547 2011 580 Nam
2044 546 2197 591 Cyrillus

1220 596 1482 630 Alexandrinus
1497 594 1693 641 Episcopus
1716 609 1794 630 cum
1818 597 1889 630 suis
1910 597 2197 640 suffragatoribus

1220 646 1399 679 damnavit
1425 645 1638 681 Nestorium.
1700 644 1876 680 Iohannes
1898 646 2141 680 Antiochenus
2167 653 2199 678 et

1221 697 1294 729 eius
1321 697 1564 739 suffragatores
1589 703 1797 730 excusarunt
1815 708 1911 737 eum,
1938 703 1970 730 et
1987 696 2120 742 Cyrillo
2137 697 2199 728 ad-

1221 747 1347 779 versati
1366 753 1456 780 sunt.
1493 745 1562 779 Sed
1572 745 1725 792 Cyrillus
1744 747 1934 780 rectissime
1948 747 2077 787 docuit,
2099 746 2200 779 aliter

1221 792 1331 843 λόγον
1356 797 1392 828 in
1413 794 1554 830 Christo
1580 808 1668 837 esse,
1695 797 1795 830 aliter
1818 797 1855 829 in
1873 796 1976 830 Helia
2000 804 2033 831 et
2057 797 2093 829 in
2121 796 2199 828 aliis

1221 845 1415 890 Prophetis.
1477 845 1560 880 Post
1584 847 1790 888 discessum,
1824 859 1902 880 cum
1926 845 2080 880 Ecclesia
2105 845 2200 880 Con-

1221 896 1531 939 stantinopolitana
1551 898 1716 940 probaret
1733 896 1856 942 Cyrilli
1876 897 2101 936 sententiam,
2128 896 2200 929 Ne-

1221 947 1349 979 storius
1373 947 1410 978 in
1434 947 1508 979 loca
1533 947 1712 980 barbarica
1736 947 1826 980 infra
1851 945 1993 980 Thebas
2009 946 2199 991 Aegyptias

1221 996 1393 1037 relegatus
1410 1002 1478 1035 est,
1505 996 1565 1028 ubi
1584 997 1620 1028 in
1639 997 1742 1029 exilio
1761 997 1925 1030 scribitur
1943 1003 2102 1030 mortuus
2121 1007 2203 1033 esse,

1221 1045 1341 1086 lingua
1365 1051 1569 1086 consumpta
1597 1057 1616 1078 a
1642 1046 1831 1081 vermibus.
1884 1045 2057 1079 Existimo
2085 1047 2200 1089 ipsum

1221 1092 1414 1127 Phthiriasi
1434 1093 1622 1126 extinctum
1640 1106 1722 1129 esse.

1323 1143 1416 1176 Ante
1438 1142 1589 1176 Nestorii
1613 1151 1786 1177 certamen
1807 1145 1931 1177 accidit
1949 1144 2199 1178 Constantino--

1222 1193 1295 1236 poli
1324 1194 1361 1225 in
1394 1193 1524 1235 templo
1555 1194 1724 1235 tragicum
1752 1195 1966 1238 exemplum,
2001 1195 2094 1239 quod
2118 1201 2201 1227 tunc

1222 1255 1362 1287 quoque
1385 1242 1485 1276 multi
1501 1242 1663 1276 dixerunt
1680 1244 1817 1287 signum
1835 1255 1907 1277 esse
1926 1245 2035 1277 futuri
2054 1244 2202 1276 dissidii.

1221 1293 1461 1335 Confugerant
1491 1292 1528 1324 in
1558 1293 1727 1336 templum
1757 1294 1891 1337 aliquot
1922 1294 2032 1334 servi,
2074 1293 2202 1338 quibus

1222 1343 1387 1375 dominus
1419 1354 1540 1375 eorum
1571 1343 1701 1376 atrocia
1730 1344 1884 1377 minatus
1907 1350 1991 1377 erat.
2043 1342 2204 1387 Cumque

1222 1393 1429 1425 iuberentur
1459 1392 1592 1434 egredi,
1626 1393 1751 1434 gladiis
1781 1394 1998 1437 repellebant
2030 1391 2204 1432 homines,

1222 1443 1362 1476 tandem
1392 1448 1425 1475 et
1455 1442 1638 1476 interfecto
1665 1444 1844 1476 sacerdote
1871 1450 1904 1476 et
1928 1444 1997 1476 alio
2022 1443 2203 1476 vulnerato

1223 1493 1353 1535 seipsos
1382 1491 1433 1525 ibi
1464 1492 1724 1528 interfecerunt.
1776 1491 1829 1527 Ea
1858 1494 1901 1526 de
1932 1505 1969 1526 re
2000 1493 2095 1526 citati
2124 1498 2204 1525 sunt

1223 1554 1341 1576 versus
1363 1542 1462 1585 digni
1489 1542 1676 1575 memoria:

1392 1601 1506 1638 σημεῖα
1528 1597 1587 1637 γὰρ
1611 1599 1740 1628 τοιαῦτα
1762 1600 1926 1637 γίγνεσθαι
1952 1602 2039 1637 (sd-52

1391 1639 1466 1670 ὅταν
1490 1651 1518 1669 τι
1543 1644 1632 1675 ναοῖς
1655 1639 1869 1679 ἕγκατασκῆψε
1891 1643 1996 1679 μίσος.

1321 1690 1406 1722 Fuit
1420 1689 1643 1724 Theodosius
1659 1692 1831 1724 secundus
1848 1691 2009 1734 princeps
2026 1691 2128 1723 laude
2149 1692 2203 1723 di-

1222 1750 1311 1782 gnus
1341 1745 1486 1782 propter
1515 1739 1697 1781 pietatem,
1729 1740 1921 1780 iusticiam,
1954 1740 2145 1774 castitatem
2171 1747 2203 1773 et

1223 1789 1442 1822 modestiam.
1490 1787 1629 1820 Profuit
1648 1788 1722 1821 eius
1739 1789 1947 1831 gubernatio
1958 1788 2139 1830 Ecclesiis‚
2166 1791 2202 1823 in

1223 1851 1290 1884 qua
1321 1839 1431 1871 multa
1455 1844 1548 1871 recte
1570 1838 1639 1881 egit
1663 1837 1871 1871 Pulcheriae
1893 1840 2023 1872 sororis
2046 1840 2204 1879 consilio,

1224 1896 1257 1922 et
1273 1888 1370 1922 Deus
1392 1900 1470 1921 eum
1496 1894 1615 1921 contra
1637 1888 1798 1921 inimicos
1811 1887 2015 1927 Ruffinum,
2043 1888 2203 1928 Cannam,

1223 1939 1345 1972 Persas
1361 1945 1393 1972 et
1407 1939 1670 1971 aliosbarbaros
1684 1939 1893 1972 mirabiliter
1906 1940 2071 1974 defendit.
2116 1939 2201 1973 Pro-

1224 1990 1307 2023 texit
1329 1989 1432 2023 etiam
1457 2001 1535 2021 eum
1560 1989 1726 2022 adversus
1751 1986 1917 2031 Attilam,
1950 2001 1968 2023 a
1993 2002 2063 2035 quo
2087 1995 2203 2023 tamen

1225 2052 1342 2084 pacem
1365 2039 1447 2072 emit
1466 2039 1544 2071 data
1561 2050 1685 2081 magna
1703 2039 1860 2083 pecunia.

1326 2088 1403 2122 Hoc
1434 2089 1509 2132 ipso
1536 2095 1695 2133 tempore
1719 2101 1792 2121 non
1817 2090 1928 2123 multo
1953 2096 2033 2123 ante
2056 2097 2203 2124 mortem

1225 2137 1417 2172 Theodosii
1434 2145 1525 2171 mota
1543 2145 1591 2171 est
1604 2139 1756 2182 primum
1770 2137 1941 2185 Eutychis
1956 2140 2203 2175 controversia.

1225 2190 1265 2223 In
1292 2188 1359 2222 hoc
1385 2196 1561 2233 postremo
1583 2196 1662 2222 actu
1685 2189 1752 2222 fuit
1774 2189 1949 2222 incautior
1972 2187 2203 2230 Theodosius,

1225 2241 1282 2273 sed
1301 2240 1437 2282 culpam
1454 2239 1526 2282 ipse
1542 2251 1681 2284 quoque
1698 2239 1733 2271 in
1749 2251 1890 2272 uxorem
1909 2237 2102 2272 Eudoxiam
2119 2251 2201 2272 con-

1227 2291 1323 2329 tulit,
1350 2301 1438 2334 quae
1456 2290 1569 2322 suerat
1583 2289 1725 2334 aequior
1741 2290 1883 2323 factioni
1898 2286 2087 2332 Eutychis,
2113 2289 2202 2323 sicut

1227 2347 1399 2373 extremus
1424 2346 1519 2372 actus
1533 2338 1756 2373 Constantini
1777 2352 1853 2372 cum
1875 2339 2047 2372 revocavit
2065 2337 2203 2379 Arium,

1226 2391 1291 2423 suit
1314 2390 1477 2428 infoelix,
1505 2402 1607 2433 quem
1633 2390 1733 2422 etiam
1760 2389 1886 2421 mulier
1909 2399 2007 2420 soror
2027 2387 2201 2422 Constan-

1227 2440 1292 2473 tini
1315 2447 1459 2473 rexerat.
1512 2438 1600 2472 Cum
1621 2446 1733 2472 autem
1751 2438 1921 2470 discordia
1943 2438 2033 2473 inter
2050 2436 2200 2471 Pulche-

1227 2491 1314 2523 riam
1337 2497 1369 2523 et
1385 2488 1581 2523 Eudoxiam
1602 2489 1796 2524 incidisset,
1824 2488 1921 2520 cessit
1940 2486 2141 2528 pulcheria,
2168 2497 2200 2522 et

1227 2540 1422 2573 Eudoxiam
1451 2540 1649 2578 incidisset,
1681 2538 1780 2570 cessit
1804 2536 2005 2575 Puldxeria,
2040 2545 2072 2571 et
2093 2539 2200 2572 absti-

1227 2591 1301 2622 nuit
1333 2603 1350 2622 a
1381 2589 1536 2622 consiliis
1559 2588 1841 2631 gubernationis,
1877 2588 1954 2620 ideo
1978 2587 2112 2621 facilius
2134 2589 2199 2621 suit

1227 2640 1406 2674 Eudoxiae
1423 2639 1511 2674 tueri
1530 2645 1560 2671 ct
1577 2635 1720 2670 evehere
1739 2649 1825 2682 quos
1843 2639 1992 2672 volebat.
