2324 2955
579 194 1151 240 DISPL'TATIONES

1205 197 1712 249 THEOLOGICAE

307 288 349 327 in
379 284 526 326 schola
557 284 799 336 propositae
827 289 868 325 et
898 282 1074 325 fideliter
1105 285 1360 341 explicatae,
1405 301 1431 329 a
1462 290 1657 347 Philippo
1687 295 1978 342 Melanthone.

286 440 355 487 (Ι.)
398 443 464 476 De
496 446 696 487 peccato
731 446 955 490 originis.

124 518 315 557 Peccatum
336 524 484 567 originis
501 532 551 559 est
569 532 702 566 reatus,
730 538 800 571 quo
819 533 962 571 propter
978 526 1114 569 lapsum

125 575 224 608 Adae
249 581 281 607 et
307 582 451 620 propter
475 576 625 617 vicium,
652 577 747 621 quod
778 575 895 611 haeret
920 577 957 610 in
977 584 1114 617 natura,

121 632 200 669 post
227 625 361 669 lapsum
388 623 550 659 homines
572 627 623 659 rei
645 634 726 661 sunt
750 640 866 661 coram
889 627 983 668 Deo,
1016 627 1112 660 iuxta

121 675 230 709 illud:
264 675 451 710 Nascimur
480 676 544 710 filii
574 677 668 719 irae,
703 678 739 711 id
771 685 838 720 est,
869 679 921 712 rei
950 684 1111 712 aeternae

120 737 265 771 poenae.

221 779 258 812 2.
290 774 381 811 Cum
405 777 537 811 vicium
560 779 728 820 nomino,
762 779 975 824 complector
997 785 1107 813 totam

118 827 346 871 pravitatem,
389 840 449 862 seu
482 827 638 869 ἀταξίαν
667 831 814 869 mentis,
849 830 1041 864 voluntatis
1075 837 1108 864 et

117 878 292 922 appetitus
310 879 487 921 sensitivi‚
514 887 553 914 ut
568 880 672 923 vulgo
689 881 897 925 loquuntur.

217 928 253 963 3.
294 928 348 963 Ea
373 930 527 974 pravitas
550 931 708 964 continet
729 928 1106 970 horribilesjdefectus,

116 986 150 1013 et
165 990 291 1024 pravas
308 980 568 1014 inclinationes.

216 1029 252 1064 4.
283 1030 448 1065 Defectus
462 1038 564 1073 sunt,
590 1031 765 1075 ignoratio
778 1030 864 1073 Dei,
891 1044 966 1065 non
982 1033 1105 1066 ardere

113 1091 233 1114 amore
247 1079 336 1122 Dei,
363 1093 484 1116 vacare
502 1089 595 1116 metu
607 1109 616 1123 ,
642 1083 770 1116 fiducia
786 1081 864 1117 Dei.

213 1130 251 1168 5.
278 1130 356 1166 Hos
367 1133 581 1166 comitantur
591 1145 718 1177 pravae
730 1133 988 1174 inclinationes,
1005 1145 1104 1166 amor

112 1182 244 1219 nostri,
275 1183 458 1227 superbia,
491 1195 552 1217 seu
582 1184 751 1216 admirari
781 1190 938 1217 nostram
963 1185 1104 1227 sapien-

111 1233 214 1273 tiam,
251 1234 416 1274 consilia,
450 1235 572 1267 ludere
602 1234 831 1277 opinionibus
861 1234 1034 1276 fingendis
1059 1235 1102 1267 de

111 1281 200 1323 Deo,
224 1289 259 1316 et
274 1284 439 1323 cultibus,
463 1284 640 1325 Quaerere
656 1282 811 1317 humana
827 1284 1000 1328 praesidia
1017 1296 1102 1317 con-

110 1339 166 1367 tra
188 1332 427 1374 voluntatem,
459 1332 527 1367 Dei
553 1334 725 1367 anteferre
746 1334 874 1373 vitam,
902 1333 1101 1377 voluptates

111 1390 265 1422 nostras,
293 1385 459 1418 mandato
477 1391 510 1417 et
526 1384 743 1417 ordinationi
760 1384 837 1418 Dei.

211 1432 246 1466 6.
283 1432 332 1466 Hi
349 1434 504 1467 desectus
521 1440 552 1466 et
568 1434 817 1466 inclinationes
833 1446 906 1467 non
921 1441 1002 1467 sunt
1017 1446 1100 1477 pro-

107 1483 184 1528 prie
200 1483 384 1517 sentientis
402 1483 596 1528 potentiae,
624 1484 684 1514 sed
702 1483 944 1526 superiorum,
971 1484 1099 1516 mentis

108 1541 142 1567 et
156 1533 348 1567 voluntatis
359 1560 368 1574 ‚
395 1539 513 1566 tamen
531 1533 688 1577 sequitur
704 1533 809 1566 etiam
825 1533 950 1576 ingens
967 1530 1098 1572 ἀταξία

104 1584 144 1617 in
160 1584 391 1618 inferioribus
407 1583 558 1617 viribus.

209 1635 245 1669 7.
271 1632 468 1668 Anselmus
483 1641 673 1680 utrumque
690 1635 874 1678 complecti
887 1634 1012 1675 voluit,
1034 1635 1098 1667 de—

106 1686 218 1720 fectus
242 1692 273 1719 et
298 1685 565 1726 inclinationes,
592 1697 671 1719 cum
697 1686 752 1719 ait:
782 1684 967 1719 Peccatum
988 1685 1097 1728 origi-

108 1736 164 1770 nis
181 1743 231 1770 est
249 1736 404 1769 carentia
421 1736 579 1769 ius-ticiae
595 1736 787 1778 originalis.

209 1787 244 1822 8.
272 1786 410 1820 Caetcri
427 1786 570 1819 nomine
588 1786 889 1830 concupiscentiae
905 1793 1095 1832 utrumque

106 1838 279 1883 complexi
289 1844 382 1878 sunt,
404 1837 509 1882 idque
521 1848 678 1881 expresse
687 1844 808 1870 monet
817 1834 1094 1874 Bonacenlura.

207 1888 241 1922 9.
282 1888 467 1932 Significat
504 1888 611 1930 igitur
648 1888 928 1932 concupiscentia
959 1889 997 1921 in
1029 1886 1094 1922 hac

104 1939 328 1986 quaestione,
355 1951 427 1972 non
452 1938 681 1972 substantiam
704 1946 852 1973 creatam
876 1951 894 1972 a
911 1937 1004 1980 Deo,
1032 1940 1092 1972 sed

103 1991 288 2031 morbum,
313 1990 374 2035 qui
399 1989 540 2023 accessit
564 1996 641 2033 post
665 1989 819 2034 lapsum,
844 1989 878 2023 id
904 1997 971 2030 est,
998 1988 1090 2024 ἀτα-

104 2039 205 2082 ξίαν,
247 2052 307 2074 scu
343 2041 518 2080 desectus,
552 2047 594 2085 „et
622 2052 745 2084 pravas
777 2040 1024 2074 inclinationes
1052 2041 1090 2073 in

102 2098 236 2132 mente,
264 2092 462 2129 voluntate,
486 2097 518 2124 et
536 2091 678 2124 caeteris
695 2091 840 2127 viribus.

208 2142 266 2176 10.
303 2142 343 2176 In
360 2141 542 2186 Baptismo
566 2148 681 2174 reatus
700 2143 854 2183 tollitur,
880 2143 998 2177 morbi
1015 2155 1090 2178 ma-

102 2200 208 2235 nent,
236 2193 298 2226 etsi
318 2194 500 2225 frenantur
517 2204 534 2225 a
553 2192 686 2237 Spiritu
704 2201 833 2227 sancto.

207 2243 265 2278 11.
300 2243 372 2277 Nec
396 2243 612 2277 existimetur
635 2243 709 2276 leve
733 2245 864 2278 malurn
889 2256 978 2286 esse,
1005 2246 1088 2279 reli-

102 2306 211 2340 quum
227 2294 370 2329 vicium.

207 2345 264 2380 12.
307 2345 391 2378 Tria
416 2352 498 2378 sunt
522 2345 726 2386 gravissima
753 2346 972 2385 testimonia,
1000 2360 1088 2392 quae

103 2396 295 2431 ostendunt
323 2397 600 2439 magnitudinem
635 2394 738 2429 liuius
769 2398 865 2432 mali.
924 2398 1088 2439 Dignitas

103 2447 265 2481 victimae
303 2447 527 2491 magnitudo,
572 2448 808 2480 calamitatum
843 2446 1088 2490 humanarum,

104 2498 234 2544 quibus
262 2497 407 2531 subiecti
432 2505 513 2531 sunt
537 2505 569 2532 et
593 2499 721 2537 sancii,
757 2506 898 2542 propter
924 2497 989 2532 boc
1013 2512 1086 2532 ma-

103 2549 198 2590 lum,
225 2549 307 2582 item
334 2548 449 2592 lapsus
470 2556 688 2587 sanctorum,
715 2556 752 2582 nt
773 2549 889 2582 Moses
913 2550 1087 2584 dubitavit

102 2600 147 2633 ad
178 2611 319 2643 rupem,
355 2599 447 2632 unde
480 2611 604 2645 aquam
638 2600 760 2633 elicere
793 2601 904 2633 iussus
928 2608 1018 2639 erat,
1055 2608 1087 2634 et

102 2650 239 2684 duriter
264 2649 470 2693 obiurgatur
492 2658 635 2695 propter
663 2651 694 2684 id
723 2658 911 2695 peccatum.
972 2652 1086 2686 David

1172 436 1277 469 quam
1310 439 1430 469 graves
1462 431 1578 475 lapsus
1602 432 1729 469 habet?
1781 436 1902 471 Aaron
1926 441 2079 476 adsensit
2105 445 2157 477 sa·

1132 505 1136 509 ,
1170 475 1345 511 cientibus
1371 480 1510 517 vitulos.
1562 482 1724 530 Denique
1748 499 1868 522 ornnes
1885 492 1992 525 sancti
2014 502 2156 536 peccant

1168 527 1371 569 securitate,
1405 531 1621 575 diffidentia,
1655 538 1839 579 superbia,
1876 540 2095 584 impatientia
2123 552 2155 579 et

1167 576 1245 610 aliis
1264 579 1385 614 multis
1402 581 1552 617 flammis
1570 585 1814 629 cupiditatum.

1271 637 1328 671 13.
1361 637 1442 673 Non
1462 641 1569 683 igitur
1585 640 1643 676 hic
1658 646 1804 680 morbus
1822 645 2032 695 ἀδιάφορον
2051 653 2153 697 quid-

1164 687 1245 720 dam
1269 695 1341 732 est,
1369 692 1428 724 sed
1454 692 1583 726 vicium
1610 705 1771 737 pugnans
1796 709 1874 730 cum
1900 699 1973 742 lege
1991 699 2074 742 Dei,
2100 704 2154 736 di-

1163 749 1271 780 gnum
1289 746 1401 773 morte
1417 748 1568 784 aeterna,
1593 745 1655 777 ubi
1672 757 1744 779 non
1762 749 1996 790 condonatur,
2024 759 2056 786 et
2073 765 2153 786 cum

1162 790 1291 823 sanctis
1313 792 1555 832 condonatur,
1583 794 1709 829 luctari
1734 809 1813 831 cum
1839 797 1904 833 hoc
1931 802 2023 835 malo
2048 803 2151 837 fidem

1162 847 1310 883 oportet.

1267 889 1325 926 14.
1363 891 1592 928 Sententiarii
1611 908 1684 930 non
1703 899 1825 932 eodem
1844 902 1949 935 modo
1966 913 2150 940 senserunt

1160 951 1302 997 omnes,
1330 939 1616 986 Bonas-entant,
1644 954 1677 981 et
1700 949 1842 992 quidam
1870 951 1929 985 alii
1955 964 2150 996 agnoscunt

1159 991 1291 1025 vicium
1316 993 1354 1025 in
1379 1000 1496 1027 mente
1520 1002 1552 1028 et
1574 997 1755 1032 voluntate
1774 1011 1864 1040 esse,
1892 1014 2052 1045 pugnans
2069 1018 2148 1039 cum

1158 1041 1233 1084 lege
1249 1042 1326 1078 Dei.
1379 1042 1518 1078 Laudat
1535 1046 1629 1079 enim
1644 1048 1776 1082 dictum
1791 1048 1980 1096 Hugonis‚
2008 1056 2067 1099 qui
2085 1057 2148 1090 ait:

1158 1090 1344 1127 Peccatum
1362 1094 1510 1137 originis
1527 1103 1578 1130 est
1594 1097 1790 1140 ignorantia
1809 1101 1845 1134 in
1862 1110 1988 1142 mente,
2017 1112 2049 1139 et
2064 1118 2148 1140 con—

1158 1143 1372 1186 cupiscentia
1387 1145 1425 1177 in
1441 1157 1555 1182 carne.

1261 1193 1318 1229 15.
1354 1194 1427 1228 Nec
1449 1195 1742 1240 reprehendimus
1767 1213 1845 1243 eos,
1874 1205 1934 1248 qui
1957 1213 2049 1240 recte
2065 1219 2146 1241 sen-

1155 1243 1267 1282 tiunt,
1297 1257 1342 1278 ne
1364 1246 1418 1278 illi
1443 1247 1585 1291 quidem
1612 1257 1750 1284 nostros
1778 1252 2011 1297 improbaturi
2037 1267 2147 1300 erant,

1155 1305 1233 1326 cum
1252 1306 1420 1338 negamus
1437 1297 1538 1329 illum
1557 1301 1722 1333 morbum
1739 1300 1950 1349 ἀδιάφορον
1966 1319 2048 1343 esse.

1258 1351 1315 1385 16.
1352 1348 1489 1385 Occam
1511 1357 1646 1390 mavult
1666 1358 1782 1391 dicere
1799 1369 1978 1403 peccatum
1997 1366 2145 1409 originis

1152 1405 1290 1434 tantum
1310 1406 1382 1435 esse
1399 1409 1532 1437 reatum
1546 1431 1554 1445 ‚
1582 1407 1656 1439 sine
1673 1408 1746 1441 ullo
1765 1410 1868 1446 vicio.

1177 1508 1185 1515 ι
1211 1509 1219 1516 ι
1258 1460 1315 1494 17.
1350 1459 1504 1506 Reliqua
1528 1465 1631 1497 turba
1651 1474 1768 1509 aperte
1785 1477 1887 1511 negat
1908 1471 1942 1504 in
1960 1474 2143 1510 voluntate

1152 1520 1283 1565 vicium
1307 1521 1378 1542 esse
1402 1519 1481 1554 post
1503 1521 1677 1556 acceptam
1704 1518 1868 1560 gratiam,
1902 1529 2021 1564 postea
2044 1528 2142 1562 addit

1150 1558 1308 1618 fomitem
1335 1567 1474 1594 tantum
1499 1562 1536 1594 in
1562 1575 1708 1608 corpore
1731 1578 1821 1607 esse,
1857 1582 1920 1604 nec
1943 1577 2142 1613 concedunt

1150 1620 1223 1643 esse
1240 1623 1381 1646 ricmm.

1256 1663 1313 1696 18.
1342 1659 1624 1698 Franciscanns
1634 1661 1866 1703 Coloniensis
1879 1672 1980 1706 etiam
1992 1687 2064 1709 rem
2077 1678 2140 1712 bo-

1150 1722 1231 1744 nam
1251 1723 1323 1745 esse
1341 1720 1459 1757 putat,
1486 1715 1666 1760 inquiens:
1696 1717 1733 1751 Si
1754 1721 1849 1753 carni
1870 1725 2138 1769 praeciperetur„

1148 1773 1222 1795 non
1247 1764 1490 1808 concupisces,
1517 1767 1665 1810 perinde
1689 1776 1793 1808 esset,
1819 1784 1858 1805 ac
1879 1774 1905 1805 si
1927 1774 2020 1809 Deus
2038 1790 2138 1821 prae-

1148 1812 1278 1856 ciperet
1290 1813 1366 1848 Soli
1383 1814 1566 1858 etLunae‚
1594 1830 1638 1851 ne
1657 1819 1832 1862 lucerent,
1861 1821 1948 1866 Igni‚
1976 1838 2019 1860 ne
2037 1830 2138 1864 arde-

1147 1870 1211 1897 ret.
1265 1863 1362 1898 Haec
1378 1866 1495 1900 omnia
1513 1875 1620 1910 agunt
1639 1870 1673 1901 vi
1693 1877 1838 1905 naturae
1854 1873 2068 1918 impellente.

1251 1922 1308 1959 19.
1351 1923 1448 1967 Quid
1481 1927 1590 1969 magis
1622 1928 1799 1963 asininum
1836 1933 1979 1976 cogitari
2011 1940 2124 1981 potuit

1147 1984 1251 2018 quam
1290 1976 1385 2019 quod
1422 1976 1521 2017 fingit
1552 1979 1869 2022 concupiscentiam
1898 1996 1972 2018 rem
2002 1967 2136 2024 bonam,

1143 2035 1233 2065 esse,
1259 2031 1298 2058 ut
1315 2025 1433 2059 lumen
1451 2027 1568 2060 Solis?

1246 2076 1305 2110 20.
1342 2075 1503 2110 Discerni
1522 2079 1614 2111 enim
1634 2080 1784 2122 debent,
1811 2083 2004 2121 substantia
2019 2099 2038 2122 a
2055 2089 2130 2125 Deo

1144 2132 1268 2164 creata,
1292 2133 1325 2160 et
1342 2128 1485 2166 vicium,
1507 2141 1567 2163 scu
1585 2128 1727 2172 ἀταξία,
1744 2144 1832 2177 quae
1848 2142 1964 2177 postea
1980 2142 2131 2176 accessit.

1244 2185 1303 2220 ⁶21.
1340 2184 1502 2219 Formale
1523 2188 1654 2230 peccati
1674 2191 1814 2234 proprie
1829 2199 1878 2225 est
1895 2202 2028 2236 reatus,
2054 2211 2130 2233 ma-

1142 2236 1262 2270 teriale
1289 2242 1337 2269 est
1360 2237 1473 2281 ipsum
1499 2239 1648 2280 vicium,
1675 2237 1740 2273 hoc
1757 2248 1826 2283 est,
1853 2243 2006 2281 desectus
2023 2255 2055 2283 et
2072 2250 2128 2284 in-

1142 2288 1349 2321 clinationes
1366 2300 1501 2330 pravae.

1243 2341 1303 2373 22.
1346 2338 1422 2371 lloc
1452 2351 1523 2371 non
1555 2339 1635 2372 satis
1665 2343 1890 2378 attenderunt
1915 2348 2126 2384 recentiores

1141 2388 1387 2428 Sententiarii‚
1413 2390 1472 2433 qui
1489 2397 1613 2423 vocant
1631 2391 1802 2426 desectum
1821 2394 1966 2430 formale
1985 2402 2125 2442 peccati,

1140 2453 1218 2473 cum
1246 2440 1289 2473 sit
1313 2440 1458 2472 formale
1481 2440 1578 2472 vicii:
1609 2443 1788 2477 materiale
1812 2454 1936 2482 vocant
1956 2452 2125 2496 concupi-

1140 2491 1328 2533 scentiam,
1359 2491 1392 2522 id
1410 2497 1456 2523 cst
1470 2518 1477 2529 ‚
1505 2492 1736 2534 appetitiones
1753 2495 1788 2527 in
1806 2507 1920 2533 sensu.

1241 2550 1301 2583 23.
1339 2548 1418 2581 ldoo
1444 2557 1576 2582 remoto
1595 2551 1730 2586 defectu
1756 2553 1791 2586 in
1808 2553 2008 2600 BaptismO,
2034 2558 2121 2593 sicut

1141 2601 1204 2644 ipsi
1238 2600 1536 2643 imaginabantur,
1573 2608 1703 2636 caetera
1727 2606 1898 2649 putabant
1921 2619 1993 2641 esse
2017 2606 2119 2643 ἀδιά-

1141 2664 1251 2698 (sepsi.

1437 2701 1485 2735 28
1505 2700 1521 2720 ⁴*
