2324 2955
137 92 206 127 941
700 93 725 126 Ι.

135 177 263 211 vulnus
283 177 318 209 in
339 189 443 210 manu
462 178 604 220 accepit.

134 227 239 270 vigno
258 226 427 260 Bassiano
455 228 591 270 nupsit,
625 235 657 260 et
685 229 825 272 quidem
851 230 1003 262 invitans
1021 241 1110 263 enm.

131 275 221 310 Cum
247 278 340 310 enim
371 278 468 322 quasi
494 290 554 320 per
578 278 823 320 negligentiam
849 292 964 312 coram
987 292 1025 312 eo
1044 292 1110 311 nu-

132 328 245 360 dasset
270 329 404 367 sinum,
431 334 462 359 et
489 328 546 359 ille
570 329 716 361 diceret:
755 327 896 362 Vellem
921 329 957 362 si
977 328 1108 372 liceret,

131 377 190 410 illa
210 385 329 410 contra
345 378 407 410 ait:
427 376 473 410 Si
485 376 570 410 libet
588 377 679 413 licet.
702 377 759 410 An
775 379 889 412 nescis
907 384 937 412 te
953 380 1109 424 impera-

130 430 240 460 torem
260 438 350 466 esse,
380 431 410 459 el
428 426 522 472 leges
540 425 638 469 dare,
665 440 737 461 non
755 429 939 475 accipere?
963 430 1108 463 Publice
1134 430 1135 436 ¹

990 480 1107 523 Quare
1132 477 1134 515 s

129 534 162 560 et
187 534 302 571 postea
325 526 557 561 Alexandrlnl
580 541 653 561 eam
680 526 887 571 locustam,
928 539 960 565 ⁰2
991 543 1105 574 ¹P⁵U¹¹¹
1161 542 1306 578 tiochiae
1331 547 1424 580 ludis
1447 550 1604 590 deditus,
1641 552 1734 584 venit
1759 554 1794 585 in
1828 555 1949 587 odium
1980 559 2132 591 militnm

129 477 237 520 igitur
261 490 335 510 eam
361 479 476 518 duxit,
505 486 537 511 et
561 479 679 511 uxoris
708 480 783 511 loco
802 477 936 516 habuit.

127 578 359 611 nominarunt
369 574 564 624 Oedipum,
583 581 640 612 sed
659 577 762 612 huius
779 581 845 613 ioci
863 592 1004 624 magnas
1024 593 1104 624 poe-

126 638 189 660 nas
206 628 390 662 dederunt.

125 677 202 710 dria
219 677 409 711 Bassianus
427 679 535 712 multa
558 680 668 712 millia
693 681 832 713 civium.

224 727 359 762 Romae
375 729 501 762 iniuste
519 730 688 773 plurimos
698 730 885 764 Senatores
899 736 931 763 et
944 730 1030 762 alios
1046 730 1103 762 in-

123 778 278 819 terfecit,
304 786 337 812 et
354 780 446 813 inter
461 777 523 813 lios
539 776 791 825 Papinianum
809 779 1100 814 Iurisconsultum
1126 793 1128 825 ς
1528 816 1535 822 ‚
1602 818 1609 823 ,

1126 827 1127 835 ι
1156 819 1312 853 possent,
1340 814 1452 847 donec
1468 822 1609 849 extincti
1629 825 1722 853 sunt.

122 827 341 862 Praefectum
358 830 475 868 urbis,
503 832 685 864 docentem
711 831 785 871 ius,
819 832 914 875 quod
940 842 1100 863 excusare

120 889 241 911 necem
259 878 370 913 Getae
390 880 515 914 noluit.

121 940 300 968 excusare,
338 942 501 963 recusans
527 932 725 973 respondit:
759 928 849 963 Νοη
882 935 957 962 tam
977 928 1098 977 facile

119 982 170 1011 est
195 990 368 1013 excusare
387 978 649 1026 parricidium,
684 992 795 1026 quam
811 979 950 1026 facere.
1003 979 1097 1013 Haec

115 1029 287 1062 fortitudo
304 1031 494 1063 necessaria
511 1037 579 1069 est,
605 1030 709 1063 malle
726 1031 829 1071 mori,
856 1042 961 1075 quam
976 1031 1097 1063 desen-

116 1079 198 1111 dere
215 1078 381 1113 iniustam
398 1091 549 1115 causam.

223 1128 313 1163 Cum
332 1130 435 1162 vellet
451 1129 638 1163 Bassianus
655 1130 691 1162 in
717 1131 883 1163 omnibus
895 1131 1000 1163 rebus
1016 1131 1096 1163 imi-

116 1185 208 1212 tator
235 1191 308 1213 esse
331 1180 544 1221 Alexandri,
585 1178 721 1213 scholas
743 1179 984 1213 Aristotelicas
1010 1179 1095 1213 Ale-

113 1230 281 1263 xandriae
296 1230 460 1270 abolevit,
487 1237 521 1264 et
542 1230 652 1263 libros
674 1229 874 1264 Aristotelis
889 1232 1094 1264 comburere

113 1286 260 1313 conatus
277 1287 344 1321 est,
372 1280 494 1313 dicens
509 1279 734 1314 Aristotelem
755 1281 884 1314 iuvisse
907 1282 1092 1314 consilium

114 1329 279 1363 mittendi
296 1342 471 1363 venenum
491 1332 533 1363 ad
552 1332 747 1363 necandum
769 1329 1022 1365 Alexandrum.

216 1380 322 1414 Venit
346 1381 383 1413 in
404 1380 577 1421 Galliam,
603 1381 665 1414 ubi
685 1380 936 1414 Proconsulem
954 1381 1091 1415 Narbo-

111 1441 255 1464 nensem
272 1438 303 1464 et
323 1432 453 1464 multos
470 1431 557 1464 alios
576 1430 803 1474 Magistratus
822 1432 960 1466 occidit.
1006 1431 1091 1465 lnde

109 1481 251 1514 accessit
275 1480 460 1524 Rhetiam,
503 1488 536 1514 et
560 1482 741 1514 trucidatis
767 1482 902 1526 aliquot
933 1483 1091 1515 millibus

110 1530 371 1565 Germanorum
389 1531 586 1564 nominavit
600 1543 635 1563 se
652 1529 925 1567 Germanicum.
977 1533 1089 1566 Satel—

108 1581 186 1614 lites
201 1582 304 1615 etiam
319 1582 448 1615 multos
471 1594 511 1614 ex
530 1581 718 1614 Germanis
739 1583 807 1615 sibi
830 1582 968 1624 delegit.
1020 1583 1090 1615 Ρο-

108 1638 180 1665 stea
207 1632 369 1666 transivit
388 1632 425 1664 in
440 1631 579 1671 Asiam,
604 1639 637 1665 et
660 1633 771 1666 movit
794 1633 927 1665 bellum
947 1630 1089 1666 Parthi-

107 1693 207 1723 eum,
234 1682 296 1715 ubi
318 1693 396 1714 curn
420 1682 530 1714 multa
560 1681 708 1724 turpiter
731 1689 764 1716 et
782 1682 970 1716 crudeliter
987 1682 1087 1715 secis-

107 1739 177 1772 δεῖ,
206 1731 352 1766 consilio
372 1730 526 1764 Macrini
542 1729 710 1765 Praefecti
731 1732 921 1776 practorio,
948 1744 966 1765 a
983 1733 1086 1765 satel-

106 1782 167 1816 lite
194 1782 374 1822 Marciali,
409 1781 509 1814 cuius
540 1780 683 1813 fratrem
714 1782 952 1819 interfecerat,
994 1783 1087 1815 occi-

106 1844 164 1866 sus
185 1841 245 1868 est.

207 1882 365 1917 Cadaver
383 1881 527 1914 missum
543 1887 591 1914 est
608 1879 784 1913 Novercae
802 1886 834 1912 ct
850 1880 949 1913 uxori
965 1881 1084 1925 Iuliae,

104 1946 192 1979 quae
211 1931 421 1968 Antiochiae
441 1938 523 1964 erat.
562 1930 625 1963 Illa
652 1942 757 1974 supra
783 1942 909 1973 corpus
925 1929 1083 1964 Bassiani

104 1986 218 2018 iacens
235 1984 300 2018 sibi
320 1990 468 2016 mortem
487 1981 666 2014 conscivit.
722 1979 790 2013 Hic
812 1981 877 2013 fuit
902 1981 1012 2015 exitus
1029 1983 1082 2014 in-

102 2042 212 2068 cestae
233 2033 509 2068 consuetudinis.
565 2030 663 2064 Vixit
678 2030 868 2064 Bassianus
885 2043 978 2065 anno
996 2045 1083 2078 qua·

102 2086 263 2130 draginta
279 2092 358 2119 tres.

155 2183 262 2218 Anno
293 2181 416 2215 mundi
456 2186 579 2225 quater
616 2178 823 2219 millesimo,
872 2179 1081 2222 centesimo,

305 2231 537 2275 octuagesimo
562 2230 724 2264 secundo.

152 2298 258 2333 Anno
274 2298 409 2333 Romae
428 2297 712 2340 nongentesimo,
740 2295 1000 2339 septuagesimo.

152 2364 258 2398 Anno
274 2362 406 2399 Christi
423 2363 661 2398 ducentesimo
687 2361 864 2395 vicesimo.

342 2475 551 2518 Popilius
586 2474 836 2507 Macrinus,

176 2555 345 2605 Popilius
355 2554 562 2596 BIacrinus,
583 2556 781 2589 Praefectus
797 2553 986 2599 praetorio,
1001 2559 1079 2596 post

100 2608 258 2642 Bassiani
284 2620 403 2641 necem
430 2608 540 2641 sactus
566 2615 616 2641 est
642 2607 830 2650 imperator
856 2605 899 2638 ab
914 2603 1078 2644 exercitu,

778 92 1069 129 CIIRONICON
1097 94 1338 131 CARIONIS.
1391 97 1514 133 PARS
1543 98 1587 135 ΙΙ.

658 176 752 210 Haec
771 185 886 211 tamen
905 186 1018 222 postea
1039 181 1112 222 pri·
1137 192 1139 230 ᾗ

445 628 652 662 Trucidavit
672 630 765 662 enim
794 631 830 662 in
849 632 935 663 urbe
950 631 1103 664 Alexan-
1129 647 1131 677 g

567 880 656 914 Cum
673 881 765 913 enim
786 881 898 913 iussus
919 887 1005 912 esset
1023 892 1098 912 eam
1124 894 1126 904 ⁴

2077 107 2148 142 942

1166 179 1227 221 qui
1246 179 1281 211 in
1300 179 1444 226 Assyria
1462 190 1552 223 crat,
1583 196 1625 216 ne
1642 186 1769 219 milites
1787 194 1855 220 tam
1874 191 1995 231 procul
2011 192 2055 224 ab
2076 192 2140 225 lta-

1165 228 1210 259 lia
1235 230 1308 261 sinc
1335 232 1494 275 principe
1518 242 1642 268 essent.
1696 235 1870 279 Regnavit
1895 252 2028 273 menses
2054 255 2141 286 qua·

1165 282 1368 316 tuordecim.
1420 282 1502 316 Fuit
1526 284 1731 325 libertinus,
1769 295 1802 320 et
1826 290 1935 322 sactus
1960 300 2009 324 est
2028 294 2138 324 tabel-

1163 328 1210 360 lio
1227 331 1505 367 subCommodo.
1562 333 1656 367 fecit
1675 336 1856 370 Caesarem
1872 340 1981 373 filium
1998 342 2135 375 Diadu-

1164 392 1315 415 menum.

1266 445 1370 479 lnitio
1397 448 1535 490 imperii
1561 450 1625 482 sibi
1652 459 1683 484 ct
1701 451 1933 496 Reipublicae
1948 459 2134 491 consulens

1162 506 1277 536 pacem
1298 498 1380 530 emit
1395 510 1412 530 a
1431 498 1571 533 Parthis
1595 503 1673 534 data
1693 505 1849 544 pecunia.
1905 504 2040 539 Deinde
2058 509 2134 542 An-

1159 604 1300 639 propter
1316 598 1535 641 asperitatem
1554 608 1586 633 et
1604 603 1837 637 tenacitatem.

1259 660 1355 694 luter
1380 671 1512 697 caetera
1535 665 1608 698 eius
1630 667 1717 700 sacta
1741 666 1806 701 hoc
1833 679 2012 705 narratur:
2042 673 2129 707 Cum

1157 711 1225 742 duo
1249 712 1378 745 milites
1403 711 1579 758 hospitam
1608 717 1641 748 vi
1659 721 1960 762 compressissent,
1989 723 2130 759 inclusit

1156 771 1212 792 eos
1238 762 1275 793 in
1300 764 1387 796 duos
1410 765 1537 805 boves,
1571 768 1697 800 exertis
1719 770 1891 813 capitibus
1917 779 1951 805 ut
1976 774 2129 820 colloqui

1255 877 1348 919 Quia
1366 888 1481 913 autem
1500 880 1657 915 Bassiani
1677 886 1846 918 memoria
1865 895 1960 929 grata
1977 889 2043 923 fuit
2061 893 2128 923 mi-

1153 925 1293 967 litibus,
1320 936 1353 962 et
1375 931 1467 962 filius
1485 930 1644 965 Bassiani
1671 935 1851 969 dicebatur
1873 938 1909 969 in
1928 939 2028 972 Svria
2046 953 2128 981 esse,

1151 976 1210 1020 qui
1235 985 1353 1019 postea
1377 992 1507 1013 nomen
1533 980 1654 1015 habuit
1682 983 1920 1028 Heliogabali,
1953 977 2128 1025 'exercitus

1152 1028 1297 1068 pecunia
1315 1038 1500 1074 corruptus
1517 1033 1560 1064 ab
1578 1033 1655 1065 avia
1672 1032 1894 1077 Heliogabali
1911 1040 1952 1069 ad
1972 1051 2048 1071 eum
2066 1042 2127 1072 de-

1151 1077 1249 1114 fecit,
1277 1086 1308 1112 et
1333 1092 1413 1113 mox
1439 1081 1645 1115 seditionem
1672 1085 1783 1116 movit
1807 1088 1974 1120 adversus
1994 1089 2123 1123 Macri-

1150 1139 1235 1159 num
1248 1154 1257 1168 ‚
1282 1129 1342 1173 qni
1361 1138 1439 1174 post
1456 1131 1652 1165 inl'oelicem
1671 1146 1822 1176 pugnam
1840 1137 1926 1179 sugit
1943 1138 1978 1170 in
1997 1138 2123 1176 Bithr-

1150 1177 1254 1211 niam.
1290 1178 1344 1212 lbi
1360 1193 1438 1213 cum
1456 1182 1646 1215 audivisset
1664 1185 1775 1218 filium
1789 1185 2049 1222 Diadumenum
2069 1181 2123 1224 iii-

1149 1228 1328 1262 tei-sectum
1361 1242 1451 1269 esse,
1493 1233 1634 1266 latitans
1667 1234 1703 1266 in
1735 1236 1939 1270 suburbano
1971 1243 2123 1284 quodam

1149 1277 1330 1312 Macrinus
1344 1288 1376 1314 et
1393 1282 1465 1325 ipse
1483 1282 1688 1317 interfectus
1707 1292 1768 1320 est.

1247 1343 1316 1378 Hic
1338 1347 1405 1382 fuit
1432 1349 1544 1382 exitus
1568 1350 1660 1390 eius,
1703 1363 1781 1384 cum
1805 1364 1876 1386 non
1902 1356 2012 1389 multo
2042 1367 2122 1392 ante

1146 1395 1336 1439 scripsisset
1355 1400 1397 1431 ad
1414 1398 1581 1433 Senatum
1598 1399 1800 1434 Romanum
1813 1429 1821 1443 ‚
1849 1415 1883 1437 se
1898 1406 1993 1438 nolle
2011 1407 2122 1451 impe-

1146 1446 1238 1478 rium
1261 1447 1433 1492 accipere,
1465 1450 1533 1483 nisi
1560 1451 1699 1485 volente
1726 1451 1877 1495 Senatu,
1911 1457 1992 1500 qnia
2016 1461 2119 1493 multi

1147 1496 1289 1528 mallent
1324 1498 1473 1532 interfici
1495 1500 1738 1544 imperatores,
1772 1515 1876 1547 quam
1907 1506 2023 1541 vivere
2046 1521 2118 1542 non

1145 1546 1246 1590 potiti
1266 1544 1332 1581 hoc
1349 1561 1486 1584 summo
1503 1551 1639 1595 fastigio
1658 1550 1853 1595 honorum3
1881 1558 1974 1601 quod
2002 1566 2034 1592 et
2054 1560 2117 1603 ipsi

1143 1597 1280 1630 accidit.

1242 1662 1318 1697 Etsi
1350 1672 1465 1698 autem
1498 1673 1605 1700 totam
1627 1667 1873 1714 Heliogabali
1906 1675 2118 1709 mentionem

1143 1713 1320 1755 prodesset
1342 1715 1491 1748 deletam
1517 1728 1589 1750 esse
1613 1730 1652 1751 ex
1673 1720 1839 1754 omnibus
1867 1727 2116 1764 monumentis,

1141 1771 1284 1807 propter
1301 1761 1514 1798 horrendam
1531 1769 1750 1810 spurciciem,
1778 1777 1894 1805 tamen
1909 1774 2012 1818 stirps
2030 1778 2117 1808 reci-

1140 1820 1234 1847 tatur
1255 1821 1398 1858 propter
1423 1814 1665 1852 Alexandrum
1683 1819 1870 1863 Severum,
1898 1824 1978 1868 qnia
2003 1838 2042 1858 ex
2061 1839 2116 1859 ea-

1140 1865 1217 1896 dem
1249 1864 1356 1907 stirpe
1388 1866 1631 1909 turpissimum
1658 1878 1854 1904 monstrum
1887 1881 1920 1907 et
1950 1872 2116 1911 honestus

1140 1914 1301 1958 princeps
1319 1914 1393 1949 nati
1408 1923 1501 1952 sunt.

1239 1977 1364 2022 Iulia,
1411 1990 1520 2025 nupta
1547 1983 1677 2018 Severo
1713 1993 1746 2020 et
1777 1987 1905 2021 deinde
1934 1988 2115 2035 Bassiano,

1137 2031 1180 2062 de
1198 2043 1265 2074 qua
1283 2042 1387 2074 supra
1405 2033 1577 2074 diximus,
1604 2047 1760 2068 sororem
1783 2035 1906 2073 habuit
1922 2038 2114 2086 Maesam,

1137 2093 1225 2126 quae
1241 2080 1378 2115 Romae
1395 2084 1486 2127 apud
1509 2083 1636 2117 Iuliam
1660 2086 1722 2119 diu
1737 2087 1834 2124 vixit.

1235 2148 1329 2183 llaec
1340 2150 1459 2184 Maesa
1479 2152 1566 2184 filias
1583 2154 1670 2186 duas
1688 2152 1822 2189 habuit.
1875 2156 2032 2194 Alterius
2050 2176 2115 2196 no-

1137 2212 1215 2232 men
1232 2206 1281 2233 est
1299 2200 1475 2240 Soaemis,
1503 2203 1646 2237 alterius
1662 2204 1872 2242 Mammaea.
2121 2212 2139 2231 0

1237 2258 1394 2292 Soaemis
1418 2263 1708 2294 consuetudinem
1735 2262 1898 2298 habuisse
1922 2280 2000 2302 cum
2027 2270 2113 2305 Bas-

1134 2309 1231 2341 siano
1248 2309 1387 2347 dicitur,
1415 2322 1492 2342 cum
1511 2310 1646 2345 Romae
1663 2314 1864 2349 adolescens
1878 2326 1974 2353 esset.

1136 2366 1236 2392 natus
1252 2359 1383 2392 dicitur
1401 2358 1457 2393 hic
1475 2360 1740 2404 Heliogabalus.

2028 2320 2113 2355 lude

1234 2416 1324 2451 Avia
1348 2424 1380 2451 et
1405 2425 1515 2451 mater
1539 2428 1704 2466 sequutae
1726 2421 1932 2458 Bassianum
1957 2440 2034 2461 cum
2052 2431 2111 2465 lu-

1134 2469 1178 2501 lia
1190 2495 1199 2509 ,
1226 2469 1405 2502 redierunt
1427 2469 1469 2501 ad
1489 2470 1612 2503 urbem
1629 2469 1790 2506 Emesam
1808 2475 1843 2507 in
1860 2476 2010 2521 Syriam.

1238 2534 1287 2567 lbi
1307 2541 1337 2567 et
1357 2534 1552 2568 Mammaea
1572 2538 1667 2576 vixit,
1686 2547 1793 2583 nupta
1812 2542 1887 2575 viro
1903 2545 2014 2576 nobili
2027 2543 2109 2580 Ιίι-

1134 2585 1188 2618 rio
1205 2583 1400 2620 Marcello.
1453 2583 1503 2618 Ex
1533 2584 1598 2621 hoc
1618 2587 1725 2622 Vario
1749 2598 1781 2624 vt
1798 2590 1993 2627 Mammam
2011 2604 2108 2629 natus

1132 2643 1181 2669 est
1203 2634 1403 2669 Alexander
1424 2634 1582 2671 Severus.
1636 2638 1793 2674 Fuerunt
1819 2642 1924 2686 igitur
1947 2656 2106 2678 sororum

1424 2684 1501 2718 60*
