2324 2955
123 114 215 149 1041
681 114 706 149 Ι.

119 205 151 232 et
167 199 238 241 ipse
255 196 291 229 in
308 191 472 230 conv'ivio
487 198 715 231 obtruncatus
735 204 794 233 est.
848 197 933 231 Mox
957 203 990 230 et
1014 207 1092 229 suc—

118 259 231 282 cessor
259 248 332 281 cius
358 247 559 280 interfectus
591 254 649 281 est.
711 247 761 281 Ita
786 248 878 281 intra
908 246 1093 281 biennium

118 298 207 332 duos
225 308 320 340 reges
338 296 436 330 Gotti
453 297 713 332 interfecerunt.

219 346 309 381 Cum
333 347 439 389 igitur
465 354 497 381 ct
513 346 685 381 Romanis
711 347 814 381 bellis
837 354 871 382 et
894 345 1093 380 domesticis

119 397 305 431 discordiis
320 397 477 440 potentia
497 396 635 431 Gottica
661 399 875 440 languefacta
901 403 1006 437 esset,
1033 408 1092 429 rex

119 446 311 481 Gottorum
335 445 455 480 Totila
478 447 588 481 factus
609 455 677 489 est,
714 448 774 492 qui
797 447 894 481 brevi
929 458 1090 490 magnam

117 503 251 541 partem
268 495 388 530 ltaliae
413 498 559 540 recepit,
583 510 660 530 cum
685 498 789 531 initio
814 498 952 540 exiguas
976 496 1092 540 copias

116 545 281 587 haberet,
313 547 395 592 quia
415 545 542 580 Graeci
564 549 668 581 duces
702 555 734 581 et
757 548 919 592 praefecti
944 552 1091 591 propter

116 597 338 640 rapacitatem
357 597 395 629 in
412 598 493 630 odio
512 606 623 637 erant,
646 605 679 632 et
695 598 731 630 in
748 597 1003 641 gubernatione
1019 607 1091 629 non

116 653 214 681 erant
231 648 434 681 concordeS.

217 741 362 782 Tama,
386 744 607 788 penultimus
623 756 682 778 rex
709 744 911 786 Gottorum,
934 743 1093 787 regnavit

115 805 228 828 annos
254 795 387 828 decem.
439 793 511 828 Res
528 793 685 829 Gotticas
708 796 879 839 singulari
905 795 1034 829 virtute
1060 800 1092 826 et

114 844 300 878 foelicitate
316 855 436 877 rursus
454 844 579 883 erexit,
606 852 639 878 et
655 846 684 878 si
702 848 843 879 tandem
860 845 968 889 ipsius
984 844 1088 877 etiam

114 895 256 930 fortuna
283 906 452 928 conversa
476 902 544 935 est,
575 895 663 928 sicut
688 896 718 928 ei
744 895 955 928 Benedictus
972 892 1092 927 Abbas

115 944 304 990 praedixit,
331 945 392 988 qui
410 945 525 989 inquit
544 946 587 977 ad
605 957 700 978 eum:
735 945 850 978 Multa
867 945 956 977 mala
974 945 1090 980 facies,

114 994 267 1030 Romam
288 994 514 1037 ingredieris,
537 1006 663 1026 novem
687 995 789 1027 annis
813 993 992 1036 regnabis,
1026 993 1090 1025 de-

116 1045 207 1077 cimo
226 1044 397 1076 morieris.
448 1042 500 1075 Ac
518 1043 653 1075 flexisse
669 1055 746 1076 eum
758 1043 941 1076 Benedicti
957 1040 1089 1075 adhor-

116 1095 201 1128 tatio
217 1093 364 1133 dicitur‚
386 1098 425 1125 ut
441 1093 557 1125 minus
574 1093 725 1126 crudelis
742 1093 778 1125 in
800 1093 956 1127 victoriis
973 1093 1089 1128 suerit.

218 1143 327 1176 Initio
344 1143 386 1174 ad
404 1141 619 1175 Placentiam
636 1143 719 1176 vicit
733 1142 935 1177 Romanum
959 1143 1089 1175 exerci-

115 1201 191 1227 tum
219 1192 329 1236 duplo
353 1192 520 1224 maiorem
550 1203 632 1232 suo,
675 1193 804 1235 insigni
836 1199 1087 1235 strategemate.

117 1242 204 1276 Nam
225 1241 387 1276 Gotticus
406 1242 575 1275 exercitus
594 1248 665 1275 erat
680 1249 818 1276 tantum
836 1243 992 1288 quinque
1008 1242 1089 1274 mil-

114 1292 203 1326 lium
221 1293 390 1326 virorum.
441 1291 580 1325 Deinde
602 1294 792 1336 procedens
816 1292 998 1336 occupavit
1015 1304 1090 1325 ma-

115 1354 219 1386 gnam
237 1341 359 1376 Italiae
385 1349 536 1384 partem,
563 1349 597 1376 et
622 1344 825 1388 ubicunque
848 1343 938 1386 cepit
954 1343 1090 1375 nobiles

115 1400 312 1433 matronas,
356 1392 509 1434 virgines
535 1399 567 1426 et
597 1405 743 1436 pueros,
775 1393 870 1427 misit
902 1393 1090 1426 inviolatos

114 1443 244 1478 additis
269 1442 453 1486 praesidiis
478 1444 520 1475 ad
539 1454 630 1475 snos.
686 1442 806 1488 ltaque
827 1450 969 1487 propter
988 1443 1090 1477 iusti-

116 1494 204 1527 ciam
230 1492 348 1537 plures
374 1494 416 1524 ad
442 1504 521 1525 cum
539 1493 755 1525 deficiebant.
809 1493 981 1537 Neapolin
1002 1494 1092 1525 same

114 1543 229 1586 coegit
243 1543 285 1575 ad
305 1542 533 1582 deditionem,
558 1555 662 1586 qnam
678 1555 756 1575 cnm
774 1550 988 1587 occupasset,
1013 1555 1092 1575 mox

113 1594 329 1626 frumentum
349 1590 469 1624 invehi
487 1592 634 1636 curavit,
663 1599 695 1625 et
711 1594 925 1637 praesidium
943 1593 1093 1633 addidit,

114 1655 160 1676 ne
183 1643 219 1675 in
241 1648 336 1674 tanta
361 1642 451 1674 fame
477 1642 692 1675 frumentum
725 1644 842 1676 subito
867 1643 1093 1686 diriperetur,

114 1693 172 1726 sed
192 1698 230 1725 nt
246 1691 371 1724 ordine
394 1692 517 1730 vendi,
538 1699 571 1724 et
588 1693 770 1733 egentibus
786 1694 950 1726 distribui
970 1700 1094 1733 posset,

115 1740 300 1787 prohibuit
339 1740 439 1773 urbis
479 1740 730 1782 Neapolitanae
767 1739 1021 1783 direptionem,
1060 1746 1092 1773 et

114 1792 328 1837 praesidium
352 1789 556 1823 Romanum
581 1789 715 1822 dimisit
744 1790 872 1823 additis
899 1790 1004 1822 etiam
1030 1801 1093 1821 na-

113 1842 216 1886 vigiis
231 1848 265 1874 et
282 1840 420 1873 viatico.

214 1890 304 1925 Cum
330 1896 445 1922 autem
477 1887 694 1921 Iustinianus
719 1888 943 1923 intellexisset
967 1887 1094 1922 Gottos

113 1953 235 1976 rursus
258 1940 457 1984 superiores
481 1950 552 1971 esse
577 1939 613 1971 in
642 1938 762 1979 ltalia,
789 1946 822 1972 ct
847 1939 914 1971 iam
939 1951 957 1972 a
976 1939 1094 1972 'rotila

112 1991 265 2027 Romam
292 1989 466 2028 obsideri,
493 1987 702 2021 Belisariuin
729 1990 882 2021 secundo
902 1990 937 2022 in
959 1988 1092 2022 ltaliam

113 2041 232 2082 mittit,
255 2042 312 2074 sed
332 2052 444 2084 neque
461 2040 623 2072 accedere
640 2040 680 2071 ad
701 2040 875 2072 obsessam
894 2038 1093 2072 urbemssc-

115 2092 256 2125 lisarius
274 2091 401 2135 potuit,
419 2102 482 2122 nec
502 2090 688 2121 exercitum
709 2088 831 2122 babuit
848 2101 965 2132 parem
985 2086 1090 2122 hosti-

114 2143 192 2176 bus.
223 2141 356 2175 interea
375 2141 458 2173 dum
475 2139 572 2173 urbis
590 2138 724 2172 Romae
742 2140 880 2171 obsidio
900 2140 971 2172 sere
990 2139 1092 2172 bien-

115 2192 176 2226 nio
193 2192 309 2232 durat,
335 2190 441 2224 simul
459 2189 542 2222 alibi
561 2190 690 2222 multae
713 2191 818 2222 urbes
846 2190 916 2222 iam
936 2188 1094 2230 aTotila‚

112 2243 180 2276 iam
207 2254 226 2275 a
252 2240 423 2274 Belisario
450 2247 483 2274 et
507 2240 551 2272 ab
577 2239 654 2272 aliis
684 2240 833 2273 ducibus
864 2246 1092 2283 occupantur,

111 2292 213 2326 multi
236 2292 327 2325 fame
355 2297 388 2325 et
411 2290 627 2334 pestilentia,
662 2290 764 2323 multi
791 2291 826 2322 in
845 2290 986 2334 praeliis
1014 2301 1092 2333 per-

113 2349 214 2382 eunt,
242 2348 274 2375 et
292 2342 330 2375 fit
349 2341 532 2374 universae
558 2339 678 2374 ltaliae
695 2342 851 2373 vastatio.
914 2339 1089 2372 Placentia

111 2393 253 2426 tandem
285 2390 403 2426 Gottis
434 2391 549 2424 dedita
582 2397 651 2431 est,
693 2403 771 2423 cum
799 2390 1010 2434 praesidium
1043 2390 1090 2422 ibi

111 2443 202 2476 vesci
220 2440 384 2475 humanis
409 2441 572 2474 carnibus
597 2440 775 2484 coepisset.
828 2439 963 2473 Romae
985 2440 1088 2473 etiam

111 2499 208 2527 tanta
231 2493 340 2526 fames
363 2492 448 2531 suit,
476 2498 514 2525 ut
540 2498 659 2534 pater,
685 2491 744 2534 qni
774 2491 902 2523 multos
920 2490 1009 2522 lilios
1027 2488 1090 2522 ha-

111 2543 253 2583 buerat,
280 2542 518 2586 spectantibus
541 2542 659 2574 multis
684 2552 755 2573 sese
779 2541 821 2572 ‹le
840 2547 943 2583 ponte
961 2541 996 2572 in
1015 2539 1088 2584 't'y-

110 2593 200 2630 brim
219 2591 516 2637 praecipitaverit,
545 2592 668 2624 iubens
684 2591 944 2633 filios-petentes
970 2591 1085 2622 cibum

110 2658 145 2680 se
161 2644 270 2689 sequi.
299 2642 432 2676 Milites
448 2642 554 2684 igitur
572 2641 713 2675 isaurici
732 2649 867 2685 portam
886 2640 1086 2674 Asinariam

758 109 1048 148 CHRONICON
1074 110 1320 150 CARlONIS.
1369 113 1493 150 PARS
1520 113 1566 151 11.

2027 117 2120 153 1042

1146 196 1285 230 Totilae
1310 198 1558 241 patefecerunt.
1611 198 1711 234 Gotti
1739 199 1882 243 ingressi
1900 201 2023 233 urbem
2040 212 2117 244 pas-

1144 247 1208 280 sim
1240 248 1363 281 obvios
1392 248 1624 291 interficiunt,
1657 251 1694 284 fit
1726 250 1895 294 direptio,
1930 257 1962 283 et
1993 261 2116 292 magna

1144 308 1223 340 pars
1254 298 1491 331 aedificiorum
1523 300 1686 334 incendio
1717 301 1815 344 perit.
1876 299 1975 333 Iubet
1999 299 2116 333 Totila

1143 353 1177 380 et
1199 359 1317 381 muros
1339 348 1445 382 dirui.
1500 348 1657 394 Cumque
1679 356 1786 383 totam
1819 350 1940 382 urbem
1965 348 2114 383 Romam

1144 395 1242 430 Gotti
1268 398 1383 430 delere
1409 399 1537 432 vellent
1551 399 1692 443 Pelagio
1709 399 1876 433 Pontifice
1899 401 2115 442 deprecante,

1142 444 1323 490 prohibuit
1359 447 1475 481 Totila
1506 451 1625 483 caedes
1655 457 1687 483 et
1721 450 1893 482 incendia.
1945 447 2020 483 Etsi
2050 449 2116 482 fuit

1142 503 1221 530 ante
1237 496 1352 532 Roma
1367 498 1411 531 ab
1428 497 1568 532 Alarico
1586 506 1618 533 et
1635 498 1826 532 Genserico
1851 506 1948 542 capta
1975 507 2007 532 et
2024 499 2116 531 dire-

1142 553 1217 589 pta,
1243 553 1360 580 tamen
1388 548 1560 582 destructa
1586 561 1657 582 non
1685 549 1770 588 suit,
1797 550 1855 582 sed
1882 549 1918 580 in
1934 546 1998 581 hac
2014 549 2114 581 tertia

1144 597 1372 640 occupatione
1388 598 1560 631 destructa
1580 606 1648 636 est,
1675 600 1764 631 sicut
1786 599 2000 642 praedictum
2016 599 2081 631 fuit
2097 610 2114 630 a

1144 646 1295 691 Sibylla:
1322 643 1424 691 ῥώμη
1439 644 1508 690 μὲν
1523 644 1619 693 ῥύμη
1635 646 1751 681 ἔσεται
1769 646 1829 682 καὶ
1852 646 1959 692 δῆλος
1975 646 2116 691 ἄδηλος.

1244 695 1472 730 Admoneant
1503 704 1618 731 autem
1651 709 1715 731 nos
1750 698 1904 740 exempla
1940 698 2117 729 ruentium

1144 746 1372 790 imperiorum
1391 753 1424 780 et
1445 759 1650 791 magnarum
1677 748 1818 781 urbium
1837 748 1879 780 de
1896 747 2024 780 iudicio
2041 745 2119 780 Dei.

1142 795 1334 841 Pleraeque
1364 804 1508 842 propter
1539 798 1652 838 idola,
1686 798 1909 844 tyrannidem
1944 803 1976 829 et
1997 796 2117 829 libidi-

1143 858 1203 879 nes
1225 847 1398 881 delentur.
1452 846 1587 881 Romae
1610 849 1653 881 ad
1679 846 1762 881 haec
1786 848 1913 880 scelera
1931 853 2116 879 accesserat

1142 897 1288 929 saevicia
1305 899 1471 930 adversus
1482 896 1701 931 Christianos
1721 899 1802 931 inde
1816 909 1926 942 usqne
1940 896 2116 930 aNerone.

1142 945 1301 979 Tandem
1319 947 1423 988 igitur
1440 948 1538 980 Italia
1556 949 1717 981 universa
1744 947 1962 981 horribiliter
1986 952 2115 979 vastata

1142 1001 1214 1036 est,
1249 1001 1282 1028 et
1306 995 1342 1027 in
1376 1002 1568 1029 exterarum
1600 999 1754 1039 gentium
1788 1004 1989 1040 potestatem
2014 996 2119 1028 venit.

1140 1044 1275 1089 Repeto
1291 1052 1405 1078 autem
1424 1052 1456 1078 et
1468 1052 1637 1089 tempora,
1654 1047 1782 1091 quibus
1793 1053 1824 1079 et
1836 1054 1936 1079 antea
1953 1052 2050 1088 capta
2061 1052 2120 1077 est.

1369 1128 1488 1159 Roma
1515 1132 1675 1170 quoties
1703 1136 1814 1169 capta
1841 1131 1902 1158 sit.

1242 1192 1269 1229 l.
1313 1192 1488 1237 Tempore
1504 1192 1658 1226 IIonorii
1675 1191 1837 1226 Alaricus
1855 1191 2043 1226 Gottorum
2061 1203 2119 1224 rex

1140 1243 1291 1278 Romam
1317 1243 1462 1277 biennio
1495 1244 1754 1277 circumsessam
1785 1243 1893 1287 cepit,
1928 1254 2020 1275 anno
2044 1241 2119 1275 Ro-

1142 1306 1217 1327 mae
1243 1294 1430 1326 millesimo
1455 1294 1666 1336 sexagesimo
1692 1300 1835 1337 quarto,
1876 1304 1970 1325 anno
1991 1289 2119 1325 christi

1142 1344 1486 1390 quadringentesimo
1513 1344 1787 1388 decimoquartO.

1242 1393 1286 1427 ll.
1331 1393 1507 1437 Tempore
1524 1393 1692 1426 Martiani
1712 1392 1922 1426 Gensericus
1939 1390 2119 1424 Vandalus

1142 1443 1292 1478 Romam
1308 1444 1472 1487 spoliavit
1489 1444 1636 1476 abducta
1656 1444 1737 1476 inde
1751 1441 1925 1482 Eudoxia,
1940 1453 2027 1485 quae
2045 1441 2120 1473 sue-

1142 1502 1193 1528 rat
1215 1494 1370 1527 coniunx
1386 1492 1640 1533 Valentiniani,
1667 1506 1759 1526 anno
1776 1492 1910 1527 Romae
1934 1491 2120 1523 millesimo

1142 1544 1383 1578 ducentesimo
1415 1556 1530 1584 nono,
1570 1556 1663 1576 anno
1690 1542 1819 1578 Christi
1850 1542 2120 1587 quadringente-

1143 1596 1231 1628 simo
1255 1594 1545 1638 quinquagesimo
1570 1606 1676 1626 nono.

1246 1643 1309 1676 lli.
1342 1643 1518 1688 Tempore
1536 1642 1722 1677 Iustiniani
1748 1641 1865 1675 Totila
1889 1641 1979 1684 cepit
2002 1646 2034 1673 et
2060 1640 2120 1671 de-

1144 1694 1268 1724 struxit
1300 1694 1424 1722 urbem
1457 1695 1716 1724 circumsessam
1754 1692 1892 1722 circiter
1925 1689 2121 1725 biennium,

1143 1753 1237 1773 anno
1256 1739 1392 1773 Romae
1416 1740 1603 1773 millesimo
1627 1740 1866 1773 ducentesimo
1892 1739 2119 1781 nonagesimo

1144 1797 1250 1828 sexto,
1285 1802 1378 1822 anno
1396 1788 1527 1823 Christi
1553 1790 1833 1835 quingentesimo
1858 1789 2122 1832 quadragesimo

1144 1847 1258 1881 sexto,
1301 1842 1345 1873 ab
1367 1839 1529 1882 Augusto
1553 1852 1646 1873 anno
1682 1838 1963 1884 quingentesimo
1988 1844 2123 1882 quarto,

1143 1902 1237 1923 anno
1263 1897 1340 1933 post
1371 1890 1642 1923 destructionem
1671 1887 1893 1931 Carthaginis
1921 1888 2122 1931 septingen-

1144 1940 1280 1975 tesimo.
1334 1939 1438 1981 Quod
1459 1952 1498 1972 eo
1515 1940 1662 1979 adiicio,
1687 1940 1766 1983 quia
1785 1938 1903 1981 Scipio
1921 1937 2121 1970 incendium

1142 1988 1365 2031 Carthaginis
1382 1990 1552 2033 aspiciens
1571 2002 1608 2022 ac
1625 1990 1819 2034 lacrymans
1836 1988 1938 2020 dixit:
1967 1986 2011 2020 Se
2028 1987 2122 2028 cogi-

1144 2047 1217 2073 tare
1233 2040 1346 2072 sin‘iile
1366 2040 1439 2072 sore
1453 2040 1644 2084 aliquando
1660 2039 1830 2072 excidium
1842 2037 1984 2071 Romae.
2013 2036 2122 2069 Dein-

1144 2091 1186 2123 de
1209 2102 1287 2122 cum
1315 2089 1522 2128 Belisarins‚
1550 2090 1610 2134 qui
1635 2088 1785 2123 Romam
1814 2088 1997 2121 destructis
2013 2087 2122 2118 muris

1144 2148 1341 2183 receperat,
1370 2140 1600 2180 discessisset,
1630 2139 1783 2172 triennio
1809 2145 1885 2182 post
1912 2137 2120 2169 destructio—

1143 2203 1221 2222 nem
1241 2190 1359 2223 Totila
1387 2201 1506 2223 rursus
1533 2202 1609 2223 eam
1639 2189 1746 2233 cepit,
1774 2195 1806 2221 et
1833 2188 1949 2232 aliqua
1969 2199 2005 2219 ex
2027 2193 2122 2230 parte

1142 2241 1361 2275 instauravit.

1339 2324 1511 2357 Narsis
1539 2321 1663 2356 bella
1693 2324 1737 2355 ιἰι
1765 2322 1923 2354 Italia.

1244 2387 1433 2421 Interfecto
1457 2394 1572 2421 autem
1600 2384 1729 2419 Totila
1754 2393 1829 2430 post
1857 2385 2048 2419 trienninm
2069 2397 2122 2417 re-

1141 2439 1230 2484 cepit
1253 2440 1375 2471 urbem
1404 2437 1554 2471 Romam
1572 2434 1714 2471 Nam-as
1739 2449 1831 2469 anno
1858 2434 1990 2468 Christi
2018 2436 2121 2480 qnin-

1142 2490 1333 2531 gentesimo
1352 2487 1644 2532 quinquagesimo
1663 2488 1827 2520 secundo.
1882 2485 1962 2518 Post
1981 2486 2014 2518 id
2036 2492 2121 2516 trin-

1142 2552 1204 2582 pus
1229 2550 1338 2583 usque
1364 2539 1405 2570 ad
1430 2535 1640 2583 :lgilolsum
1667 2549 1781 2577 regem
1804 2536 2120 2578 Longobardorum

1141 2602 1248 2621 nomo
1276 2589 1478 2631 peregrinus
1514 2589 1636 2620 urbem
1661 2587 1812 2621 Romam
1848 2586 1998 2618 obsedit.
2052 2583 2121 2614 llas

1107 2641 1217 2673 .vi‹·es
1245 2640 1349 2672 simul
1373 2638 1559 2681 complecti
1586 2635 1641 2670 hic
1671 2637 1791 2673 volni,
1820 2643 1855 2669 nt
1875 2634 2018 2676 cogitari
2043 2643 2121 2676 pos-
