2324 2955
200 123 269 157 379

198 207 320 240 orandi
340 205 470 243 Deum,
497 209 535 236 ut
558 202 628 244 ipse
653 201 812 233 extrudat
835 200 1011 243 operarios
1027 200 1065 232 in
1079 212 1171 234 mes-

199 270 268 290 sem
297 267 408 292 suam,
438 253 502 286 hoe
527 258 595 283 est:
625 252 682 283 det
709 251 802 293 piOS‚
829 251 983 291 sedulos,
1009 251 1169 284 modera-

712 115 871 150 DECL.
911 112 984 150 DE
1025 114 1207 150 DICTO
1255 119 1272 152 1
1315 113 1578 153 PARALIP.
1617 117 1681 152 17.

198 316 268 346 tos,
295 305 410 337 fideles
436 309 469 335 et
494 301 660 333 salutares
683 299 870 340 Doctores,
897 301 958 344 qui
983 307 1016 333 et
1041 300 1174 334 instru-
1197 306 1200 308 ’

198 363 313 389 menta
331 354 371 385 ad
390 352 678 394 gubernationem
690 349 863 383 Ecclesiae
883 351 1074 383 necessaria
1089 352 1174 384 asse·-
1222 353 1397 384 licentiam
1434 352 1628 395 accipiendi
1660 354 1807 394 gradum
1836 360 1870 387 et
1900 353 2050 397 insignia
2071 353 2201 388 Docto-

200 411 298 443 rant,

2123 119 2196 154 380

1221 198 1315 235 hunc
1350 200 1416 234 tibi
1446 202 1678 235 reverendum
1703 200 1819 235 virum
1843 200 1895 235 M.
1918 200 2091 238 Davidem
2115 202 2200 238 Voit

1223 252 1330 284 oll‘ero
1344 275 1353 288 ‚
1379 258 1413 285 et
1427 257 1507 294 peto
1527 252 1638 286 nostri
1655 253 1791 296 collegii
1811 258 1843 286 et
1863 252 1973 296 ipsius
1987 253 2039 286 M.
2053 253 2201 288 Davidjs

1223 302 1387 341 nomine,
1422 307 1461 334 ut
1487 302 1517 334 ei
1544 302 1677 336 tribuas
1703 309 1925 346 potestatem,
1960 310 1993 337 et
2013 310 2053 337 ut
2075 311 2200 338 vocant

326 403 517 445 ingenium,
546 402 753 440 doctrinam,
775 400 897 433 iudicii
916 401 1174 440 rectitudinem,
1223 414 1301 435 rum
1318 399 1553 443 [theologiam
1579 408 1611 435 et
1626 403 1811 437 nobiscum
1829 402 1945 438 Deum
1966 415 2054 445 ores,
2079 409 2119 436 ut
2135 400 2203 436 hu-

198 462 230 487 et
255 454 381 485 similia
406 453 516 491 dona,
543 458 577 484 et
602 451 644 483 iis
670 451 779 483 velint
807 457 897 484 recte
918 452 968 484 uti
997 452 1041 483 ad
1067 452 1175 484 colle·
1223 453 1276 485 ius
1303 452 1479 485 candidati
1507 452 1744 486 ministerium
1766 459 1799 486 et
1822 453 1929 487 totius
1953 453 2043 488 vitae
2061 464 2203 487 cursum

197 505 345 537 ctionem
364 510 394 534 et
412 501 686 534 aedificationem
703 499 893 541 Ecclesiae,
922 513 992 534 non
1009 502 1051 533 ad
1073 502 1175 534 dissi-
1223 503 1411 535 clementer
1438 510 1553 548 regat,
1593 504 1750 536 fortunet
1777 509 1811 537 et
1831 503 1990 544 adiuvet,
2015 511 2056 538 ut
2077 503 2121 537 sit
2143 514 2203 535 vas

198 555 374 598 pationem
399 559 431 585 et
456 552 727 586 destructionem
751 562 890 589 eorum,
927 563 1014 596 quae
1039 551 1082 584 ab
1098 552 1174 584 aliis
1222 552 1486 585 misericordiae
1518 552 1652 585 utiliter
1685 552 1839 586 serviens
1864 551 1938 585 Deo
1962 559 1995 587 et
2015 552 2202 588 Ecclesiae.

197 615 321 646 magno
337 603 465 643 labore,
490 603 557 635 fide
575 614 612 635 ac
628 601 790 634 felicitate
809 608 962 635 extructa
980 608 1072 635 sunt.

299 676 465 710 Extrndit
488 683 603 710 autem
627 682 659 708 et
682 681 780 708 vocat
804 673 899 708 Deus
933 676 1110 719 operarios
1136 675 1175 709 in

197 739 342 762 messem
360 739 458 760 suam
474 728 558 760 alias
578 726 796 765 immediate,
826 725 911 758 alias
926 732 966 758 ut
983 726 1176 769 plurimum

197 791 258 823 per
278 777 438 811 homines
458 778 534 821 pios
552 783 584 809 et
608 777 813 819 prudentes,
842 775 902 820 qui
924 783 1090 819 praesunt
1106 774 1176 810 Ec-

197 829 338 868 clesiae,
363 839 514 872 quorum
539 827 742 860 electionem
769 826 841 869 ipse
865 832 981 859 tamen
998 827 1175 869 ‘gubernat

197 886 229 913 et
245 879 412 911 fortunat.

299 952 377 985 Hoc
414 952 519 985 modo
548 958 599 985 est
627 958 769 984 vocatus
795 952 839 984 ad
870 963 999 985 munus
1027 951 1175 985 docendi

200 1002 433 1046 Evangelium
459 1014 478 1034 a
494 1002 625 1035 Senatu
651 1001 802 1046 inclytae
820 1000 1028 1034 Academiae
1044 1001 1176 1045 Regio-

199 1060 404 1093 montanae,
439 1050 649 1085 authoritate
677 1058 709 1084 et
740 1052 918 1084 voluntate
948 1052 1175 1085 illustrissimi

200 1103 376 1146 Principis
396 1114 434 1135 ac
450 1101 597 1135 Domini
613 1100 657 1135 D.
677 1101 819 1136 Alberli
835 1099 1177 1134 MarchionisBran-

197 1153 442 1195 deburgensis,
469 1151 576 1185 Ducis
591 1150 775 1184 Borussiae
797 1158 858 1184 etc.

196 1202 476 1240 clementissimi,
504 1200 561 1234 hic
585 1202 662 1244 pius
687 1209 719 1234 et
743 1203 900 1235 eruditus
924 1202 978 1234 vir
995 1201 1044 1234 M.
1060 1201 1176 1234 David

198 1253 302 1293 Voit,
330 1265 408 1286 cum
435 1253 530 1295 prius
561 1252 633 1283 illic
658 1251 693 1283 in
713 1249 839 1284 Schola
858 1252 1092 1294 disputatione
1110 1263 1177 1295 pu-

194 1304 286 1336 blica
312 1310 346 1336 et
368 1302 622 1335 consessionem
646 1312 743 1333 suam
769 1302 811 1333 de
837 1308 910 1334 toto
944 1313 1087 1343 corpore
1113 1303 1176 1333 do-

195 1353 326 1386 ctrinae
350 1352 442 1395 piam
471 1351 655 1390 edidisset,
697 1358 730 1383 et
755 1361 852 1382 suam
877 1350 1111 1382 eruditionem
1137 1362 1176 1382 ac

196 1403 405 1436 industriam
441 1400 678 1433 illustrissimo
708 1399 866 1443 Principi
899 1406 932 1432 et
966 1399 1176 1433 doctissimis

195 1452 457 1487 Prosessoribus
476 1450 685 1483 Academiae
703 1450 799 1482 illius
821 1450 1013 1492 probasset.

298 1526 458 1570 Cumque
475 1524 701 1557 adducendae
719 1535 800 1556 suae
816 1523 968 1555 familiae
995 1534 1095 1555 causa
1120 1534 1176 1554 re-

196 1578 286 1611 verti
312 1577 348 1609 in
374 1574 435 1608 has
460 1574 612 1616 regionis
642 1573 899 1613 constituisset,
925 1574 1071 1616 petitum
1092 1579 1177 1605 esta

196 1629 317 1668 nobis,
344 1633 383 1660 ut
409 1626 520 1658 nostri
540 1624 677 1666 collegii
697 1624 896 1656 testimonio
914 1623 1053 1666 publice
1071 1633 1175 1655 orna-

198 1687 253 1712 tus
270 1679 312 1710 ad
335 1676 502 1721 inclytam
518 1674 741 1708 Academiam
762 1672 996 1715 Regiimontis
1019 1673 1175 1706 remitta-

197 1737 267 1762 tur.
319 1726 398 1769 Qua
418 1727 490 1770 ipsa
508 1725 676 1768 petitione
692 1725 843 1757 ostendit
863 1730 895 1756 et
919 1723 1175 1756 illustrissimus

196 1778 378 1821 Princeps,
418 1783 450 1808 et
474 1775 625 1819 inclytus
642 1774 789 1807 Senatus
809 1773 1018 1807 Academiae
1042 1771 1175 1815 Regio-

195 1834 382 1861 montanae
395 1853 404 1866 ,
431 1838 465 1858 se
482 1825 577 1869 pium
596 1836 803 1857 consensum
827 1824 864 1856 in
888 1824 1046 1856 doctrina
1063 1823 1174 1855 coele-

197 1879 242 1912 sti
259 1889 374 1910 amare
392 1883 425 1909 et
440 1876 531 1909 tueri
548 1875 731 1907 nobiscum
749 1875 847 1909 velle.
902 1873 1020 1916 Quare
1037 1873 1174 1917 aequis-

196 1929 323 1961 simum
341 1934 402 1966 est,
430 1937 491 1958 vos
507 1923 590 1958 huic
607 1925 893 1957 clementissimae
911 1930 943 1956 et
960 1924 1036 1967 piae
1053 1929 1174 1966 postu-

196 1978 323 2011 lationi
340 1983 538 2009 reverenter
554 1975 711 2019 obsequi.
739 1974 814 2007 Scis
826 1981 940 2006 autem
956 1973 1174 2006 ornatissime

196 2028 338 2061 domine
365 2025 673 2064 Vicecancellarie,
702 2022 795 2057 hunc
819 2024 869 2057 M.
884 2023 1057 2057 Davidem
1079 2023 1173 2056 mul-

195 2086 248 2112 tos
276 2088 386 2111 annos
417 2077 600 2109 nobiscum
631 2075 758 2107 vixisse
789 2087 868 2107 cum
896 2075 999 2108 laude
1023 2073 1173 2117 pietatis,

195 2129 383 2162 modestiae
415 2134 448 2160 et
474 2125 676 2168 diligentiae
708 2125 745 2157 in
773 2125 870 2157 omni
900 2136 1023 2167 genere
1054 2124 1174 2159 officii.

196 2178 408 2211 Audivimus
434 2177 537 2210 etiarn
561 2175 699 2219 publice
727 2181 760 2207 et
784 2175 947 2218 privatim
963 2175 1072 2218 ipsius
1088 2186 1174 2206 con-

196 2228 380 2260 sessionem
405 2228 446 2260 de
469 2226 665 2270 praecipuis
689 2225 844 2258 articulis
866 2225 1046 2258 doctrinae
1063 2224 1174 2257 coele-

198 2278 270 2317 stis,
298 2284 330 2311 et
347 2275 640 2321 deprehendimus
658 2276 853 2320 profectum
873 2275 910 2307 in
928 2275 1043 2308 studio
1055 2273 1174 2308 Theo-

198 2328 309 2371 logiae
327 2328 472 2370 dignum
489 2325 681 2360 honorifico
698 2326 910 2360 testimonio.

298 2400 387 2434 Cum
413 2408 525 2434 autem
553 2401 632 2433 utili
647 2401 796 2434 consilio
813 2401 1008 2446 antiquitus
1025 2401 1062 2433 in
1083 2399 1174 2434 Aca-

196 2452 321 2487 demiis
345 2451 516 2494 eligantur
539 2451 607 2483 viri
630 2451 820 2495 sapientia,
847 2452 974 2486 virtute
1000 2459 1032 2485 et
1056 2451 1174 2494 digni-

195 2511 266 2537 tate
287 2507 518 2546 praestantes,
543 2501 603 2545 qui
626 2501 695 2535 sint
729 2502 939 2546 inspectores
965 2503 1173 2539 studiorum,

197 2561 230 2587 et
248 2553 444 2596 gubernent
462 2551 684 2594 publicorum
709 2553 989 2586 testimoniorum
1014 2553 1173 2586 collatio-

901 1151 1048 1185 Domini
1064 1151 1176 1184 nostri
1198 1155 1201 1164 ¹

1198 1019 1201 1040 t

1198 1041 1200 1057 ›

1223 601 1315 635 Dixi.

1530 719 1922 755 Vicecancellarzz·
1977 720 2201 756 Ductori-3

1498 780 1682 826 Georgii
1708 780 1923 816 Maioris.

1223 722 1476 764 Responsio

1325 867 1500 902 ”videntur
1526 868 1681 902 fortassis
1720 866 1758 900 hi
1791 878 1995 911 congressus
2025 868 2139 902 nostri
2170 873 2204 901 et

1222 916 1288 952 hae
1308 920 1523 952 ceremoniae
1539 919 1751 963 quibusdam
1768 918 1937 962 pueriles,
1961 924 1995 951 et
2012 917 2110 962 quasi
2126 917 2205 951 ludi

1223 969 1351 1002 scenici
1377 981 1415 1002 ac
1438 968 1616 1013 theatrici,
1643 970 1704 1003 sed
1730 969 1912 1002 sciendum
1935 974 1987 1001 est
2003 979 2154 1013 ⁸magnas
2169 972 2204 1000 et

1223 1031 1343 1064 graves
1367 1030 1439 1052 esse
1462 1031 1601 1059 causaS,
1628 1031 1689 1052 cur
1710 1016 1775 1051 hae
1803 1017 2021 1051 ceremoniae
2038 1024 2071 1051 et
2086 1018 2125 1050 in
2143 1028 2205 1049 ve»-

1223 1070 1289 1102 teri
1306 1069 1532 1102 'testamento
1551 1069 1721 1102 divinitus
1735 1068 1913 1102 institutae
1930 1068 2012 1109 sint,
2038 1074 2071 1100 et
2086 1073 2206 1111 postea

1223 1120 1266 1152 ab
1285 1119 1464 1162 Apostolis
1482 1119 1639 1163 aliquae,
1667 1130 1744 1150 cum
1762 1118 1996 1151 ministerium
2011 1118 2109 1151 verbi
2124 1117 2205 1162 qui·-

1223 1169 1372 1202 busdam
1392 1169 1711 1201 commendandum
1737 1174 1840 1209 esset,
1867 1174 2022 1201 servatae
2049 1168 2129 1200 sint.

1325 1234 1498 1276 'Praecipit
1513 1234 1606 1268 Deus
1623 1233 1761 1278 Moysi,
1787 1240 1828 1268 ut
1850 1235 1889 1267 in
1913 1235 2055 1278 publiea
2080 1245 2204 1267 conse-

1224 1284 1378 1317 cratione
1395 1284 1624 1317 Sacerdotum
1642 1284 1766 1317 induat
1788 1285 1931 1318 fratrem
1949 1283 2128 1317 Aaronem
2144 1296 2204 1317 ve-

1223 1333 1394 1366 stimentis
1427 1333 1514 1373 suis,
1556 1334 1715 1376 imponat
1744 1332 1868 1367 tiaram
1892 1334 2015 1377 capiti,
2056 1340 2090 1368 et
2113 1334 2204 1367 filios

1224 1383 1297 1416 eius
1313 1383 1437 1416 induat
1460 1383 1589 1416 tunicis
1604 1383 1727 1423 lineis,
1755 1390 1788 1416 et
1802 1383 1961 1427 imponat
1987 1383 2035 1416 eis
2052 1383 2204 1424 mitram,

1223 1433 1336 1477 qualis
1360 1434 1432 1464 fere
1458 1433 1547 1465 ritus
1561 1444 1581 1465 a
1599 1433 1702 1464 nobis
1718 1440 1876 1466 servatur
1891 1433 1930 1464 in
1947 1433 1988 1465 iis
2005 1433 2201 1473 initiandis,

1223 1482 1349 1526 quibus
1367 1481 1548 1524 publicum
1565 1482 1805 1514 testimonium
1825 1482 2012 1522 tribuitur,
2039 1494 2118 1515 cum
2135 1483 2203 1514 im-

1222 1532 1386 1574 ponimus
1404 1531 1552 1573 pileum,
1580 1531 1786 1574 praebemus
1804 1532 1982 1572 osculum,
2009 1532 2131 1566 damus
2147 1532 2201 1566 ius

1221 1582 1392 1614 tenendae
1419 1578 1619 1621 cathedrae,
1653 1580 1826 1613 annulum
1852 1588 1885 1614 et
1906 1582 1974 1614 alia
1992 1589 2201 1615 ornamenta

1221 1642 1260 1663 ac
1288 1631 1475 1674 privilegia
1497 1631 1541 1663 ab
1566 1629 1841 1674 Imperatoribus
1864 1629 1947 1664 huic
1970 1632 2089 1664 ordini
2116 1644 2201 1665 con-

1222 1692 1313 1714 cessa
1336 1687 1369 1714 et
1390 1680 1570 1715 attributa.

1322 1746 1373 1780 Ita
1389 1759 1468 1780 cum
1485 1747 1529 1779 ab
1544 1744 1700 1779 Ecclesia
1719 1744 1942 1781 Antiochena
1965 1748 2009 1781 ad
2032 1759 2202 1792 propaga-

1221 1798 1353 1830 tionem
1388 1795 1572 1839 Evangelii
1596 1796 1728 1830 Paulus
1760 1803 1793 1830 et
1821 1796 2002 1831 Barnabas
2034 1799 2200 1832 mandato

1222 1847 1377 1890 Spiritus
1403 1848 1512 1879 sancti
1537 1847 1573 1878 in
1599 1845 1774 1891 Cyprum,
1799 1846 2056 1891 pamphiliam,
2083 1847 2199 1893 Phry-

1222 1898 1313 1939 giam
1336 1904 1369 1930 et
1390 1898 1457 1929 alia
1475 1896 1578 1930 Asiae
1601 1897 1675 1929 loca
1692 1897 1855 1929 mittendi
1871 1904 2001 1938 essent,
2027 1898 2130 1931 sicuti
2145 1910 2201 1931 re-

1223 1948 1289 1980 fert
1315 1947 1442 1980 Lucas:
1470 1946 1722 1980 Convenerunt
1743 1945 1938 1991 Prophetae
1962 1960 2000 1981 ac
2023 1947 2203 1989 Doctores,

1224 2004 1257 2030 et
1280 2010 1357 2030 cum
1381 1997 1592 2030 ieiunassent
1615 2003 1649 2030 et
1678 2004 1854 2039 orassent,
1886 1998 2211 2045 imposuissentque

1223 2048 1271 2081 eis
1287 2059 1431 2088 manus,
1459 2047 1668 2080 dimiserunt
1691 2058 1760 2082 eos,

1324 2114 1430 2148 Hunc
1453 2114 1563 2147 ritum
1594 2114 1822 2157 apostolicum
1848 2116 1889 2148 vet
1909 2126 1974 2148 nos
2009 2115 2047 2147 in
2072 2115 2200 2149 talibus

1227 2166 1470 2209 congressibus
1496 2175 1693 2205 servamus,
1726 2176 1804 2198 cum
1836 2164 1938 2198 initio
1970 2165 2199 2198 convenimus

1224 2217 1268 2249 ad
1294 2216 1547 2260 precationem,
1589 2221 1623 2248 et
1644 2215 1772 2247 deinde
1795 2215 2028 2249 ministerium
2050 2215 2200 2248 docendi

1226 2265 1414 2310 Evangelii
1442 2266 1504 2306 iis,
1532 2277 1682 2310 quorum
1712 2265 1816 2298 nobis
1841 2265 2015 2309 explorata
2037 2265 2200 2299 doctrina

1224 2324 1293 2358 est,
1321 2324 1353 2350 et
1368 2317 1540 2360 perspecti
1558 2328 1671 2349 mores
1688 2315 1828 2360 publica
1846 2326 1930 2348 voce
1948 2326 2064 2348 coram
2078 2314 2200 2349 Eccle-

1224 2368 1273 2401 sia
1290 2368 1587 2401 commendamus.

1325 2433 1457 2468 Causae
1490 2440 1623 2474 autem,
1657 2444 1718 2466 cur
1744 2429 1781 2465 hi
1813 2430 1901 2465 ritus
1934 2431 2084 2467 instituti
2117 2433 2198 2477 sint,

1222 2486 1428 2530 praecipuae
1448 2482 1512 2517 hae
1528 2490 1626 2517 sunt:

1326 2552 1484 2586 Primum
1497 2575 1506 2590 ,
1534 2562 1577 2583 ne
1595 2548 1759 2583 omnihus
1774 2555 1889 2593 pateat
1906 2550 2021 2583 aditus
2035 2550 2078 2583 ad
2091 2549 2198 2583 mini-

197 2615 277 2636 nem
287 2622 299 2642 ,>
322 2613 410 2647 quos
427 2600 660 2634 Cancellarios
676 2613 858 2644 vocamus,
887 2604 919 2636 ei
940 2610 978 2637 tu
996 2615 1108 2643 nunc,
1135 2609 1174 2636 ut
1221 2603 1367 2636 sterium
1385 2609 1419 2635 et
1435 2601 1615 2646 publicum
1630 2600 1780 2633 docendi
1795 2611 1942 2641 munus,
1966 2601 2026 2634 sed
2048 2601 2092 2633 iis
2117 2606 2197 2634 tan—

196 2652 359 2687 Decanus
383 2651 521 2695 collegii
543 2651 671 2695 nostri,
698 2652 809 2686 vicem
831 2654 1040 2688 Cancellarii
1066 2664 1172 2697 geras,

1223 2660 1315 2695 tum,
1342 2663 1492 2699 quorum
1509 2650 1686 2694 explorata
1703 2650 1864 2685 doctrina
1881 2657 1913 2685 et
1927 2650 1998 2685 vita
2020 2656 2194 2696 perspecta
