2324 2955
127 114 200 151 885
814 115 841 150 Ι.

227 199 380 233 Romani
407 206 483 242 post
508 198 637 232 Iulium
663 197 844 232 Caesarem
868 210 998 233 nomen
1016 194 1108 231 Ger-

126 249 273 283 maniae
305 250 505 283 tribuerunt
529 249 648 283 multis
673 250 834 292 gentibus
858 250 950 283 intra
971 247 1107 293 Harey-

124 301 223 333 nium
246 300 371 333 saltum
388 307 419 332 et
437 299 608 333 Yistulam
620 326 630 340 ,
656 306 688 333 et
706 312 799 333 marc
815 300 1106 344 Septentrionale.

123 349 201 384 Etsi
231 357 346 384 autem
377 349 414 382 in
447 357 564 383 nostra
593 350 711 393 lingua
736 362 830 383 nunc
859 363 929 383 non
952 357 1001 383 est
1023 361 1105 382 usus

124 398 229 434 huius
251 400 423 439 nominis,
451 406 565 433 tamen
593 413 664 433 non
689 401 848 434 existimo
870 400 1014 433 latinam
1032 400 1104 433 ori-

123 451 240 493 ginem
272 461 362 490 esse,
402 450 459 482 sed
491 459 529 484 ut
559 450 717 491 Cimbri,
759 451 828 483 Dai
862 458 895 484 et
924 450 1030 485 Suevi
1064 462 1104 482 cx

123 500 272 534 Oriente
296 501 337 532 ad
365 497 430 533 boc
453 501 549 534 littus
572 501 854 544 Septentriouale
877 507 1103 540 accesserunt,

120 551 168 583 ita
184 562 382 594 progressos
398 562 468 582 esse
485 563 523 583 ex
540 550 622 584 Asia
640 550 836 584 Germanos
858 558 889 584 et
906 551 1007 584 Sacas
1031 551 1104 583 exi-

121 600 234 634 stimo.
288 600 452 634 Nominat
471 600 668 635 Germanos
686 601 886 635 Herodotus
904 602 940 633 in
959 601 984 633 l.
1000 601 1102 639 libro,

120 658 153 684 ct
176 651 337 692 congruit.
364 663 492 683 nomen
519 664 599 684 cum
623 651 826 692 Carmanis,
853 663 1004 696 quorum
1030 651 1102 683 sor-

119 701 233 734 titudo
253 701 417 733 laudatur
434 714 451 734 a
470 701 655 736 Strabone.

219 749 441 796 Etymologia
467 752 622 785 nominis
646 754 817 786 concinna
837 758 883 784 est
903 752 1101 797 {vccrnmnn'

119 801 173 834 vir
199 801 387 840 exercitus,
413 802 446 833 id
472 809 539 841 est,
565 803 745 842 militaris,
773 809 811 836 ut
830 809 928 836 vetus
946 802 1100 846 appella-

119 853 166 885 tio
183 852 275 895 apud
293 850 449 884 Plinium
469 860 517 885 est
535 852 756 886 Hermiones.

219 900 259 934 ln
285 898 429 934 historia
447 901 583 935 Persica
608 903 870 936 celebratissimi
887 909 967 934 sunt
984 899 1100 940 Sacae,

116 957 149 983 et
167 953 258 994 apud
271 950 401 996 Cyrum
420 964 473 984 res
490 964 631 994 magnas
646 959 823 995 gesserunt
836 979 844 991 ‚
871 952 952 984 inde
969 963 1097 983 nomen

117 1012 188 1034 esse
207 1000 399 1034 Sasifonum
426 1003 553 1034 iudico.
606 1000 653 1036 Et
675 1009 725 1036 est
742 1000 859 1035 Sacae
881 1009 940 1035 aut
961 999 1098 1034 babita-

116 1058 207 1084 tores
224 1058 282 1084 aut
301 1062 409 1095 pares.

218 1100 416 1134 Germanos
431 1108 583 1135 vetustas
597 1103 756 1136 distinxit
772 1114 789 1135 a
801 1101 940 1134 Noricis
956 1109 987 1135 et
999 1099 1098 1135 Rhe-

115 1151 171 1184 tiS.
225 1150 297 1184 Nee
319 1152 468 1184 dubium
495 1159 545 1185 est
562 1152 708 1186 Noricos
733 1153 883 1186 tenuisse
908 1164 963 1184 eas
982 1152 1095 1194 regio-

115 1212 195 1241 nes,
224 1213 312 1245 quae
334 1213 429 1234 nunc
452 1209 534 1235 sunt
557 1202 705 1235 Bavaria
728 1202 877 1235 inferior
901 1208 933 1234 et
954 1201 1096 1234 Austria

113 1258 146 1284 et
169 1251 284 1284 vicina
310 1263 389 1295 pars
412 1249 570 1296 Alpium.
622 1251 760 1285 Nomen
784 1253 960 1296 reliquum
985 1258 1035 1284 est
1058 1252 1095 1284 in

113 1308 265 1334 extrema
295 1313 355 1333 ora
383 1301 467 1334 citra
490 1302 733 1345 Uoribergam.
795 1300 861 1336 Est
881 1309 997 1335 autem
1021 1308 1096 1347 ety-

111 1351 264 1393 mologia
289 1348 439 1391 Norici,
478 1364 496 1384 a
520 1352 626 1394 {nortl
668 1353 703 1385 id
733 1359 802 1392 est,
836 1352 1096 1395 Septentrione‚

112 1411 163 1436 cim
181 1401 266 1443 Qu,
294 1401 350 1434 vel
375 1400 449 1445 naci)
468 1400 587 1436 Arcto.
641 1400 800 1446 Eamque
822 1402 1094 1446 appellationem

111 1452 288 1486 veteribus
307 1450 451 1484 Graecis
476 1458 595 1485 notam
620 1453 725 1485 fuisse
751 1453 930 1493 existimo,
957 1458 990 1485 et
1015 1452 1094 1497 qui—

111 1504 191 1535 dam
216 1502 265 1535 sic
290 1502 567 1546 interpretantur
589 1504 680 1546 apud
707 1502 903 1536 Homerum
929 1498 1094 1548 [νώροπα

107 1550 248 1597 χαλκὸν
265 1553 308 1584 de
325 1551 463 1585 Noricis
480 1553 712 1586 ferramentis

210 1598 329 1635 Rheti
349 1609 537 1635 tenuerunt
560 1601 668 1646 Alpes
695 1602 834 1637 Galliae
856 1603 1038 1646 propiores
1062 1609 1094 1636 et

109 1653 268 1696 regiones
292 1653 424 1685 vicinas
441 1665 551 1696 usque
568 1654 610 1685 ad
631 1653 845 1695 Augustam,
872 1665 975 1697 quam
994 1659 1093 1684 vetu-

111 1710 179 1736 stas
205 1702 403 1735 nominavit
425 1701 619 1744 Augustam
638 1701 836 1737 Rbeticam.
890 1701 1092 1746 Appellatio

109 1751 224 1787 adhuc
242 1753 278 1785 in
297 1759 448 1785 extrema
466 1763 526 1784 ora
545 1749 665 1785 haeret
681 1766 789 1796 prope
806 1753 1011 1794 Norlingam
1024 1779 1032 1791 ,
1060 1759 1093 1785 et

109 1805 237 1836 claram
270 1803 376 1835 fuisse
406 1809 542 1845 gentem
577 1802 660 1834 inde
694 1810 854 1846 apparet,
889 1802 971 1846 quia
1002 1802 1093 1835 inter

109 1852 280 1897 Gigantes
304 1859 338 1886 et
355 1851 548 1886 Centauros
568 1850 694 1886 Graeci
719 1853 907 1886 nominant
923 1849 1092 1890 libetnm,

109 1905 144 1937 id
163 1910 234 1944 est,
259 1904 507 1948 impetuosum.

208 1954 334 1988 Postea
355 1960 470 1987 autem
498 1963 622 1995 magna
647 1953 720 1985 eius
738 1953 891 1995 regionis
909 1963 988 1996 pars
1002 1950 1092 1984 Sue-

110 2004 169 2037 οἱα
198 2005 289 2038 dicta
321 2011 389 2044 est,
424 2004 505 2048 quia
530 2001 709 2045 Augustus
743 2003 921 2036 transtulit
951 2002 987 2034 in
1010 2014 1089 2034 eum

109 2056 224 2089 locum
248 2054 397 2092 Suevos,
426 2054 486 2099 qni
511 2066 550 2086 ex
568 2053 774 2086 Pomerania
797 2053 968 2097 progressi
992 2059 1091 2085 erant

108 2106 145 2139 in
162 2104 421 2145 Westvaliam,
452 2111 483 2138 et
500 2103 684 2140 Romanae
707 2104 910 2148 provinciae
932 2104 974 2136 ad
992 2101 1089 2137 Rhe-

107 2168 192 2191 num
208 2156 300 2189 bella
320 2155 524 2188 inserebant.

206 2205 380 2240 Existimo
401 2212 516 2238 autem
535 2216 612 2238 cum
625 2203 723 2237 Getis
735 2210 766 2238 et
776 2202 930 2237 Henetos
944 2204 1088 2237 veterib.

106 2247 294 2300 temporib.
323 2268 342 2290 a
369 2255 506 2290 Vistula
535 2255 702 2299 paulatim
725 2265 925 2298 progressos
951 2266 1021 2287 esse
1044 2255 1085 2288 ad

107 2307 287 2350 regionem
312 2305 397 2341 Albi
422 2307 596 2346 vicinam,
622 2312 655 2338 et
678 2307 720 2338 ad
747 2306 845 2338 littus
868 2304 1088 2349 Septentrio-

106 2358 207 2399 nate,
240 2357 302 2390 ubi
333 2363 485 2391 vetustas
515 2356 677 2389 nominat
700 2356 880 2395 Venedos,
914 2362 947 2389 et
970 2356 1085 2388 sinum

109 2407 338 2442 Venedicum.
388 2406 435 2441 Et
454 2408 573 2451 lingua
589 2406 723 2440 Ileneta
742 2406 894 2440 ostendit
911 2418 984 2440 eam
1003 2418 1086 2449 gen-

107 2465 196 2498 tem,
228 2459 292 2492 etsi
315 2458 406 2491 clara
428 2464 461 2492 et
475 2465 598 2502 potens
612 2470 706 2491 nunc
722 2468 861 2503 quoque
879 2464 946 2497 est,
969 2463 1085 2490 tamen

107 2521 179 2543 esse
201 2509 305 2544 aliam
318 2535 326 2550 ‚
353 2520 457 2553 quam
480 2510 525 2542 sit
541 2509 619 2549 illa,
646 2520 734 2554 quae
751 2514 869 2541 nostra
888 2508 1006 2550 lingua
1023 2519 1084 2541 usa

106 2567 174 2602 est,
201 2571 306 2606 quam
322 2559 546 2593 nominamus
563 2558 806 2593 Teutonicam.

207 2610 345 2645 Nomen
370 2607 514 2644 Jlenedi
539 2610 708 2653 significat
731 2610 976 2652 vagabundos,
1010 2608 1048 2642 N
1069 2629 1084 2633 -

104 2657 237 2708 μάὸες,
271 2662 306 2694 id
336 2668 406 2702 est,
440 2661 499 2706 qui
524 2661 590 2694 late
613 2662 723 2705 sparsi
748 2662 901 2694 diversas
925 2659 1083 2702 regiones

893 109 1186 148 CHRONICON
1213 109 1458 148 CARIO'NIS.

2072 115 2143 149 886

1132 205 1137 211 ’
1159 197 1374 239 occuparint.
1433 196 1615 231 Celebrata
1644 204 1695 231 est
1721 209 1804 240 gens
1829 198 1921 242 apud
1945 197 2139 232 Homerum

1130 220 1136 281 l
1159 253 1191 279 et
1218 245 1449 281 Herodotum.
1502 247 1626 281 Postea
1653 247 1872 281 Ptolemaeus
1898 249 2032 293 inquit,
2066 248 2139 281 He-

1158 303 1256 329 netos
1270 298 1453 330 maximam
1472 296 1712 330 Sarmatarum
1738 305 1874 340 gentem
1899 311 1986 339 esse,
2013 306 2050 332 ut
2074 297 2138 332 llo-

1156 346 1212 378 die
1229 345 1394 380 Russiam
1414 354 1445 380 et
1456 346 1640 380 I‘oloniam
1659 354 1768 386 tenet,
1796 356 1829 382 et
1845 361 2005 392 magnam
2023 350 2137 392 regio-

1154 407 1233 428 nem
1257 409 1275 429 a
1294 396 1428 430 Vistula
1445 398 1488 429 ad
1509 397 1678 430 Yiadrum
1696 405 1728 431 et
1747 399 1790 431 ad
1808 398 1939 431 Albim.
1993 399 2138 433 Retinet

1154 453 1267 479 autem
1299 459 1393 480 nunc
1418 459 1558 491 quoque
1581 459 1663 489 gens
1686 447 1821 481 Heneta
1848 460 1921 481 cam
1947 450 2137 491 regionem,

1154 508 1241 540 quae
1267 504 1367 530 antea
1389 509 1406 530 a
1423 497 1520 530 Boiis
1538 496 1694 530 Boiemia
1717 498 1808 531 dicta
1828 499 1905 532 fuit.
1961 499 2052 533 Sunt
2072 501 2137 542 igi·

1154 553 1210 579 tur
1233 547 1368 580 vicinae
1392 554 1509 590 gentes
1529 546 1751 580 Teutonibus
1776 555 1809 581 et
1826 547 1980 581 Cimbris
2000 550 2137 589 mixtae,

1153 603 1185 629 et
1208 597 1338 630 alicubi
1362 598 1505 630 nomina
1529 604 1660 631 mutata
1682 604 1764 631 sunt
1780 598 1936 641 imperiis
1953 611 1990 631 ac
2009 600 2135 638 migra-

1152 646 1321 682 tionibus.
1375 647 1474 689 Quae
1498 648 1688 689 cogitantes
1710 659 1936 690 agnoscamus
1961 649 2135 682 instabili-

1152 703 1256 729 tatem
1276 709 1392 729 rerum
1414 696 1669 738 humanarum,
1699 705 1732 731 et
1748 698 1839 731 bella
1856 709 1894 731 ac
1911 698 2136 741 migrationes

1152 747 1323 779 maiorum
1348 747 1454 780 fuisse
1481 748 1595 781 tristes
1619 760 1767 791 poenas,
1795 760 1874 781 cum
1896 755 1948 781 tot
1966 749 2135 782 exercitus

1151 795 1325 837 Romani,
1361 796 1529 830 Cimbrici
1561 805 1594 831 et
1620 797 1810 831 Teutonici
1841 799 2008 831 trucidati
2039 806 2135 832 sunt.

1118 870 1119 874 ,
1150 845 1351 888 Cogitemus
1368 855 1483 881 autem
1501 855 1532 881 et
1549 846 1627 888 hoc,
1655 861 1728 881 non
1745 855 1880 882 tantum
1897 850 1940 882 ad
1954 846 2015 881 lias
2029 850 2135 881 mise-

1150 897 1218 929 rias
1248 898 1428 930 conditum
1461 910 1532 930 esse
1563 910 1671 941 genus
1702 897 1916 939 humanum,
1951 900 2010 932 sed
2044 900 2135 932 inter

1150 953 1261 980 tantas
1280 948 1502 980 confusiones
1520 954 1636 981 tamen
1654 950 1815 982 miranda
1831 950 1988 983 bonitate
2004 950 2134 982 servari

1149 997 1333 1041 reliquias,
1367 1004 1407 1030 ut
1431 996 1586 1030 Ecclesia
1613 999 1815 1040 colligatur,
1852 1007 1884 1032 et
1905 999 1981 1032 Deo
2008 1000 2134 1041 gratias

1149 1058 1306 1089 agamus,
1334 1048 1428 1091 quod
1450 1059 1513 1079 nos
1533 1060 1674 1092 quoque
1693 1050 1736 1081 ad
1754 1049 1972 1091 agnitionem
1990 1050 2054 1081 filii
2071 1062 2134 1081 vo-

1149 1097 1256 1137 cavit,
1292 1103 1324 1130 et
1348 1098 1408 1130 diu
1432 1097 1499 1129 iam
1526 1095 1687 1131 honestas
1712 1099 1852 1142 politias
1875 1099 1957 1131 inde
1982 1110 2092 1143 usque
2115 1112 2134 1132 a

1147 1146 1274 1181 Carolo
1300 1148 1415 1190 primo
1443 1148 1585 1188 tribuit,
1612 1149 1675 1182 etsi
1696 1155 1811 1191 postea
1830 1161 1971 1194 quoque
1990 1161 2133 1191 maguae

1147 1198 1359 1230 vastationes
1381 1198 1490 1231 factae
1513 1205 1606 1232 sunt.
1673 1197 1721 1232 Et
1743 1199 1908 1233 virtutem
1932 1200 2131 1242 principum

1147 1248 1380 1287 celebremus,
1407 1260 1494 1292 quos
1510 1247 1606 1281 Deus
1628 1251 1778 1283 armavit
1803 1256 1836 1282 et
1859 1249 1994 1282 adiuvit
2016 1250 2051 1281 in
2072 1262 2133 1292 pa-

1147 1298 1233 1331 triae
1250 1299 1468 1338 defensione,
1495 1306 1527 1332 et
1543 1306 1760 1343 expectemus
1777 1306 1952 1333 aeternam
1972 1300 2132 1342 patriam,

1147 1348 1182 1379 in
1206 1360 1272 1392 qua
1299 1349 1363 1381 erit
1388 1349 1590 1381 dulcissima
1614 1350 1830 1382 consuetudo
1851 1361 1930 1383 cum
1948 1348 2042 1387 Deo,
2070 1350 2132 1393 qui

1146 1398 1211 1431 erit
1227 1398 1343 1431 omnia
1362 1398 1398 1430 in
1420 1399 1586 1431 omnibus
1603 1400 1724 1434 beatis.

1247 1447 1342 1481 Haec
1372 1449 1554 1490 cogitanda
1587 1456 1668 1482 sunt
1698 1462 1776 1482 cum
1801 1450 1949 1492 legimus
1974 1457 2130 1483 veterum

1145 1498 1236 1531 bella
1259 1505 1291 1532 et
1308 1499 1544 1541 migrationes,
1597 1500 1654 1532 De
1671 1500 1816 1544 reliquis
1832 1500 2131 1543 appellationibus

1145 1549 1297 1592 partium
1316 1548 1527 1582 Germaniae
1545 1550 1658 1583 dicam
1678 1550 1716 1582 in
1730 1547 1897 1583 historiae
1914 1549 2105 1585 Harminii.

1248 1597 1355 1632 Anno
1373 1599 1472 1632 urbis
1488 1600 1735 1633 sexcentesimo
1751 1601 2018 1644 quadragesimo
2034 1613 2130 1633 nono

1145 1647 1303 1681 Manlius
1324 1656 1357 1681 et
1372 1648 1544 1682 Servilius
1561 1648 1669 1693 Cepio
1687 1649 1919 1683 Proconsules
1939 1663 1956 1683 a
1973 1650 2130 1684 Cimbris

1144 1698 1182 1730 in
1200 1698 1297 1731 aditu
1314 1698 1460 1742 Alpium
1480 1699 1563 1732 victi
1583 1707 1684 1738 sunt,
1713 1707 1744 1734 et
1760 1700 1932 1734 trucidata
1950 1701 2078 1734 civium
2097 1709 2128 1734 et

1144 1747 1318 1781 sociorum
1347 1747 1592 1783 Romanorum
1623 1750 1798 1792 octoginta
1828 1751 1950 1785 millia.
2020 1750 2128 1794 Cepia

1144 1810 1222 1831 cum
1253 1799 1284 1831 ei
1314 1799 1501 1842 imperium
1528 1800 1732 1842 abrogatum
1757 1807 1862 1840 esset,
1895 1801 1934 1832 in
1956 1813 2127 1834 carcerem

1143 1849 1268 1881 ductus
1291 1856 1359 1889 est,
1386 1855 1419 1882 et
1442 1861 1459 1881 a
1484 1849 1646 1883 carnifice
1672 1858 1834 1889 necatus,
1861 1857 1894 1884 et
1919 1852 2067 1884 cadaver
2085 1854 2126 1884 ad

1143 1899 1250 1931 scalas
1261 1897 1451 1931 Gemonias
1469 1900 1661 1939 abiectum,
1688 1901 1785 1935 triste
1799 1901 2033 1943 spectaculum
2052 1902 2128 1939 suit,

1143 1955 1175 1981 et
1189 1948 1323 1991 insigne
1336 1949 1531 1992 exemplum
1547 1950 1800 1983 inconstantiae
1813 1952 1985 1984 fortunae.
2038 1951 2126 1984 Nam

1142 2006 1243 2033 antea
1262 2005 1293 2032 et
1305 1998 1438 2033 Consul
1455 2008 1486 2033 et
1498 1999 1657 2033 Pontifex
1670 2000 1847 2033 Maximus
1864 2001 1984 2034 fuerat.
2037 2000 2126 2033 Nar-

1142 2056 1220 2083 rant
1249 2057 1363 2083 autem
1395 2051 1558 2093 punitum
1584 2062 1672 2084 esse:
1707 2052 1801 2095 quod
1824 2063 1948 2084 aurum
1975 2063 2014 2084 ex
2040 2058 2124 2084 tein-

1141 2101 1209 2145 plis
1239 2100 1426 2133 Tolosanis
1454 2102 1665 2142 abstulerat,
1700 2102 1794 2145 quod
1825 2109 1924 2134 antea
1957 2102 2052 2134 Galli
2085 2114 2124 2134 ex

1140 2148 1288 2194 Delphis
1318 2159 1518 2195 rapuerant.
1588 2151 1635 2184 Et
1665 2153 1950 2185 accommodatur
1981 2163 2124 2195 prover-

1139 2202 1236 2235 bium
1255 2202 1296 2234 ad
1316 2213 1445 2245 poenas
1462 2201 1645 2244 sacrilegii.

1195 2260 1199 2265 '
1238 2252 1343 2285 Anno
1360 2260 1436 2295 post
1453 2252 1649 2284 infoelicem
1666 2251 1831 2295 Cepionis
1850 2259 2007 2295 pugnant
2018 2251 2125 2285 Caius

1139 2302 1275 2336 Marius
1297 2301 1429 2335 Consul
1455 2303 1647 2335 secundum
1670 2303 1798 2335 lactum
1825 2310 1892 2341 est,
1921 2310 1953 2336 et
1975 2304 2122 2336 manda-

1139 2361 1211 2387 tum
1236 2360 1285 2387 est
1309 2353 1339 2385 ei
1367 2354 1497 2385 bellurn
1523 2352 1751 2385 Cimbricum.
1815 2352 1881 2385 llic
1906 2366 1978 2386 non
2004 2354 2120 2386 statim

1138 2404 1329 2444 dimicavit,
1356 2405 1415 2436 sed
1428 2415 1509 2436 usus
1522 2403 1669 2435 consilio
1683 2402 1840 2435 mulieris
1852 2404 2011 2436 fatidicae
2024 2403 2121 2436 Mar-

1137 2453 1236 2495 thae,
1279 2466 1383 2499 quam
1416 2453 1579 2486 Iudaeam
1611 2453 1718 2485 fuisse
1751 2454 1927 2491 existimo,
1965 2455 2118 2496 primum

1136 2513 1214 2549 post
1243 2505 1427 2538 biennium
1462 2503 1641 2536 dimicavit
1667 2505 1708 2536 ad
1737 2502 1857 2548 Aquas
1880 2504 2015 2537 Sextias
2040 2516 2119 2537 cum

1136 2556 1359 2589 'l'entonibus
1379 2561 1411 2587 et
1426 2554 1684 2593 Ambronibus,
1711 2561 1743 2586 et
1764 2555 1951 2588 trucidavit
1968 2556 2116 2588 ducenta

1136 2608 1246 2640 millia
1273 2604 1448 2643 bostium,
1475 2611 1507 2637 et
1531 2605 1643 2648 coepit
1667 2605 1855 2647 nonaginta
1881 2606 2003 2638 millia.
2059 2603 2116 2643 ln-

1136 2665 1227 2692 tcrea
1250 2656 1386 2690 Cimbri
1414 2656 1556 2699 ingressi
1576 2654 1710 2689 ltaliam
1735 2668 1796 2699 per
1813 2655 1980 2688 Noricum
2000 2652 2116 2686 Catuli
