2324 2955
97 106 173 143 513

98 192 147 226 ita
162 189 314 235 pingunt
331 199 427 223 nunc
440 186 542 222 novis
558 185 769 232 quibusdam
788 184 966 219 coloribus
982 179 1085 215 satis-

98 241 284 282 factiones,
318 247 358 274 ut
388 238 571 282 negocium
601 237 730 270 faciant
759 237 826 281 piis
850 231 1084 269 conscientiis.

98 290 168 326 Sed
185 291 350 335 inspectis
365 290 523 323 sontibus
538 288 774 331 explicari.res
793 292 916 331 potest.

203 340 264 376 34.
305 340 363 375 Sic
385 346 433 373 est
459 337 671 384 hypocrisis,
698 338 867 372 instructa
891 342 940 369 est
964 333 1085 368 multi-

98 392 182 438 plici
213 388 401 436 sophistica
432 390 475 423 ad
506 389 698 423 turbandas
726 396 758 423 et
783 387 987 422 evertendas
1010 385 1084 430 pias

99 449 241 477 mentes.

199 489 258 526 35.
285 488 434 525 Etiamsi
451 490 667 536 poenitentia
681 495 768 523 esset
784 489 955 534 quaedam
971 498 1084 532 poena

97 554 136 576 ac
166 542 374 581 satisfactio,
407 548 525 576 tamen
548 547 640 574 certe
664 539 854 573 canonicae
877 538 1085 573 satisfactio-

96 604 159 626 nes
179 600 213 627 et
228 604 332 637 opera
347 592 504 626 indebita
518 589 610 624 nihil
628 591 843 634 prodessent.
894 588 935 622 Id
952 600 1029 622 cum
1047 588 1084 620 fit

97 643 441 684 manifestissimum,
481 642 563 676 satis
597 641 713 674 munit
741 640 990 674 conscientiam
1020 638 1084 672 ad-

96 705 217 729 versus
231 704 351 728 omnes
367 693 464 728 fucos
480 692 769 727 satisfactionum.

456 776 652 823 Philo-soph
659 780 729 813 ica.

198 845 260 881 36.
295 843 422 880 Fatum
447 857 520 879 non
543 845 644 878 affert
662 843 899 878 necessitatem
917 839 1084 876 humanis

95 896 306 932 actionibus.
360 895 442 930 Ideo
459 895 659 931 Stoicorum
682 895 854 929 sententia
878 892 1085 938 simpliciter

96 948 316 994 explodenda
334 953 395 981 est.

198 998 259 1033 37.
290 995 438 1043 Physice
453 1003 486 1029 et
501 1007 574 1029 non
592 994 815 1028 incommode
831 992 990 1038 loquitur
1004 991 1086 1026 Ma-

96 1048 207 1082 nilius
229 1060 308 1082 cum
330 1048 394 1081 ait:
422 1046 664 1092 Materiaeque
687 1046 808 1079 datum
833 1051 883 1078 est
905 1043 1001 1088 cogi,
1025 1043 1084 1076 sed

95 1110 218 1144 cogere
236 1098 383 1133 mundo.

162 1162 167 1165 ’
198 1149 262 1184 88.
304 1147 377 1182 Nec
400 1145 622 1192 providentia
647 1143 714 1179 Dei
738 1145 832 1180 tollit
856 1156 975 1178 rerum
1000 1155 1085 1177 con-

96 1199 323 1243 tingentiam,
364 1198 391 1231 si
423 1197 564 1242 quidem
593 1193 660 1228 hoc
690 1195 854 1239 ponitur,
896 1195 989 1239 quod
1021 1205 1086 1227 nos

96 1251 239 1296 quidem
265 1249 440 1283 affirmare
455 1259 528 1280 non
544 1246 765 1287 dubitamus,
790 1244 904 1280 Deum
922 1257 995 1279 non
1013 1255 1085 1278 esse

97 1312 236 1335 causam
255 1299 349 1333 mali.

99 1421 257 1470 (XLV.)
305 1422 413 1456 Alia
455 1419 744 1464 disputatio:
783 1419 830 1454 de
870 1418 1087 1454 discrimine

194 1470 516 1518 satisfactionum
533 1475 571 1504 et
583 1481 791 1514 poenarum
806 1469 986 1504 divinitus

457 1523 730 1567 irroyatarum.

98 1594 201 1638 Olim
222 1597 331 1642 lapsi,
357 1596 393 1630 id
413 1601 482 1636 est,
508 1596 701 1629 desertores
714 1591 936 1628 Christianae
952 1593 1088 1638 profes-

99 1650 230 1688 sionis,
262 1655 296 1681 et
324 1645 385 1681 alii
419 1645 648 1680 contaminati
672 1645 865 1679 manifestis
888 1644 1088 1685 sceleribus,

100 1712 175 1736 non
212 1697 473 1742 recipiebantur
504 1696 542 1729 in
573 1694 785 1736 Ecclesiam,
827 1695 898 1727 nisi
929 1693 1088 1728 iniuncta

100 1750 240 1797 publica
257 1758 388 1793 poena,
413 1757 473 1779 seu
489 1746 612 1778 multa.

203 1800 237 1834 2.
270 1795 324 1832 Ex
339 1794 406 1830 hoc
422 1807 520 1829 more
537 1801 619 1828 sunt
634 1800 731 1828 ortae
748 1793 1013 1829 Satissactiones
1031 1807 1088 1828 ca-

100 1850 264 1886 nonicae.

204 1901 240 1936 3.
280 1897 356 1932 Hae
379 1909 512 1942 poenae
533 1895 721 1930 canonicae
745 1907 818 1929 non
842 1903 943 1930 erant
965 1896 1089 1929 merita

101 1950 318 1988 remissionis
331 1949 464 1994 culpae,
490 1954 549 1981 aut
561 1958 765 1991 poenarum,
788 1947 848 1980 sed
861 1954 960 1981 erant
971 1958 1089 1980 exem-

101 2004 201 2049 plum
215 2029 224 2042 ,
250 2013 310 2035 seu
327 1999 467 2045 politica
486 1997 682 2042 disciplina.

206 2051 240 2087 4.
273 2050 345 2085 Nec
366 2049 520 2084 ministri
537 2046 722 2091 Evangelii
736 2054 940 2092 potestatem
957 2045 1089 2083 habent

102 2101 310 2149 imponendi
326 2112 456 2146 poenas
467 2127 476 2141 ‚
500 2100 559 2132 sed
577 2106 711 2133 tantum
727 2096 858 2132 habent
872 2099 1089 2140 mandatum,

104 2156 166 2197 iis,
192 2154 253 2200 qui
274 2159 382 2196 agunt
402 2150 672 2196 poenitentiam,
699 2157 731 2183 et
754 2157 878 2193 petunt
894 2150 1089 2184 absolutio-

105 2217 204 2247 nem,
230 2202 470 2238 annunciandi
488 2212 606 2234 vocem
624 2198 819 2243 Evangelii.

207 2253 244 2291 5.
283 2251 331 2288 Et
363 2260 479 2286 tamen
511 2257 682 2294 vagantur
712 2262 844 2294 poenae
867 2250 903 2284 in
930 2248 994 2284 hac
1019 2250 1088 2284 vita

106 2305 279 2342 divinitus
301 2304 472 2347 irrogatae
494 2314 556 2347 per
579 2300 788 2342 Ecclesiam,
820 2302 924 2336 etiam
948 2308 1091 2346 propter

108 2363 201 2392 certa
224 2362 360 2400 peccata
383 2354 592 2393 electorum,
618 2352 705 2385 sicut
723 2350 850 2388 Psalm,
864 2351 924 2386 89.
945 2353 1088 2386 dicitur:

109 2407 270 2441 Visitabo
294 2405 332 2438 in
356 2405 451 2448 virga
476 2404 680 2448 iniquitates
704 2414 836 2436 eorum.

110 2457 256 2506 punitus
279 2461 328 2488 est
349 2462 489 2499 propter
512 2461 645 2498 raptam
670 2453 812 2487 alterins
830 2453 1034 2496 coniugem,
1057 2461 1092 2488 et

111 2509 269 2547 caedem,
296 2512 328 2540 et
352 2506 522 2539 scandala.
575 2504 721 2548 Semper
744 2505 838 2537 enim
865 2505 901 2537 in
924 2517 996 2538 uno
1012 2516 1093 2549 pec-

110 2566 187 2594 cato
203 2557 314 2591 multa
331 2556 462 2591 insunt.

213 2607 250 2642 6.
284 2607 360 2641 Hae
384 2617 516 2650 poenae
539 2606 747 2649 mitigantur
768 2612 836 2638 tota
854 2605 1095 2647 conversione,

114 2668 146 2695 et
162 2658 265 2693 bonis
282 2657 447 2703 operibus
462 2657 668 2698 electorum,
695 2664 731 2691 ut
751 2655 844 2692 Esai.
863 2659 893 2691 1.
910 2657 1051 2691 dicitur.

164 2709 348 2744 Mamm.
376 2710 479 2742 Orza.
507 2709 587 2741 Voz.
617 2709 691 2741 XII.

745 95 1008 134 PHlLIPPI
1041 90 1492 130 MELANTHONIS.

2047 98 2126 136 514

1239 178 1274 213 7.
1314 178 1385 214 Nec
1415 186 1533 216 tamen
1566 192 1688 215 omnes
1710 183 1922 219 calamitates
1945 181 2123 220 Ecclesiae

1136 235 1219 263 sunt
1243 241 1375 273 poenae
1399 239 1575 266 certorum
1599 233 1827 277 delictorum,
1851 237 1911 269 sed
1933 236 2121 282 pleraeque

1135 286 1218 313 sunt
1235 281 1393 314 miranda
1414 283 1574 317 exercitia
1589 283 1819 326 Sanctorum,
1844 284 2035 329 utEsaiae,
2063 286 2117 321 Io-

1137 326 1265 364 hannis
1284 330 1463 375 Baptistae
1480 341 1514 368 et
1531 334 1698 368 similium
1715 348 1824 370 neces.

1239 389 1274 425 8.
1309 389 1396 425 Vult
1420 393 1513 426 enirn
1530 391 1626 426 Deus
1640 391 1833 428 Ecclesiam
1856 395 1981 430 subiici
1997 396 2121 440 ingen-

1135 439 1231 473 tibus
1259 442 1456 483 aerumnis,
1488 450 1526 476 ut
1552 451 1716 486 agnoscat
1739 452 1934 488 peccatum,
1969 454 2002 481 et
2028 448 2121 481 inter

1135 490 1290 534 pericula
1323 499 1451 526 crescat
1480 494 1583 535 fides,
1617 500 1651 527 et
1677 494 1789 528 luceat
1813 497 1970 540 potentia
1993 495 2060 531 Dei
2082 498 2121 531 in

1135 548 1254 575 nostra
1270 542 1483 577 infirmitate.

1240 591 1276 626 9.
1306 591 1378 626 lmo
1398 591 1462 627 hae
1479 594 1686 627 afflictiones
1701 593 1846 628 Piorum
1862 602 1895 629 et
1911 595 2122 632 Sanctorum

1136 649 1217 677 sunt
1242 643 1441 677 testimonia
1466 645 1740 678 immortalitatis
1765 646 1921 687 animae,
1945 658 2003 680 seu
2027 649 2123 692 quod

1135 701 1213 738 post
1232 691 1322 728 hanc
1339 695 1447 729 vitam
1467 702 1569 729 restet
1588 695 1778 737 iudicium,
1805 703 1838 729 et
1857 704 2022 741 perpetua
2040 698 2122 732 vita.

1240 752 1299 789 10.
1340 753 1444 788 Tales
1473 754 1686 788 calamitates
1702 753 1911 790 Sanctorum
1933 767 2007 790 non
2029 757 2124 791 redi-

1136 810 1284 837 muntur
1299 804 1427 838 ritibus
1443 805 1732 842 satisfactionum.

1241 862 1296 896 11.
1328 861 1401 897 Nec
1422 861 1459 896 hi
1484 863 1573 896 ritus
1597 864 1811 897 defendendi
1833 871 1914 899 sunt
1937 863 2004 899 hoc
2021 877 2124 910 prae-

1135 919 1251 951 textu,
1295 914 1390 958 quod
1425 913 1528 946 bonis
1557 914 1724 957 operibus
1754 915 1961 959 mitigentur
1990 928 2124 961 poenae

1109 989 1111 997 ,
1136 969 1345 1008 praesentes.
1395 962 1485 997 Nam
1500 975 1667 1007 magnum
1683 965 1872 999 discrimen
1888 973 1938 1000 est
1954 966 2045 1001 inter
2059 964 2124 1001 hos

1110 1006 1244 1052 tritus,
1289 1020 1321 1048 et
1353 1025 1412 1054 ea,
1449 1025 1538 1058 quae
1572 1025 1653 1046 vere
1682 1022 1855 1049 vocantur
1884 1017 1976 1050 bona
2008 1029 2125 1062 opera.

1135 1063 1208 1098 Nec
1223 1062 1290 1097 hoc
1306 1070 1483 1107 praetextu
1501 1064 1740 1097 confirmanda
1757 1072 1807 1099 est
1821 1067 2038 1110 superstitio,
2065 1074 2125 1102 aut

1109 1044 1111 1066 4

1110 1159 1112 1163 y
1137 1115 1325 1148 tribuenda
1344 1114 1512 1147 autoritas
1534 1113 1707 1148 ministris
1723 1115 1932 1159 imponendi
1951 1117 2041 1161 leges
2056 1116 2126 1152 Ec-

1110 1192 1111 1197 ,
1137 1165 1261 1198 clesiis.

1241 1215 1298 1249 12.
1331 1213 1448 1249 Multo
1469 1214 1588 1248 minus
1607 1215 1828 1260 prodigiosae
1845 1217 1925 1252 illae
1940 1217 2126 1263 opiniones

1136 1266 1360 1310 recipiendae
1382 1270 1483 1306 sunt,
1510 1266 1606 1311 quod
1630 1266 1882 1302 satisfactiones
1898 1276 2126 1313 compensent

1137 1327 1267 1361 poenas
1283 1315 1498 1360 purgatorii,
1522 1322 1583 1350 aut
1598 1324 1768 1352 aeternas.

1241 1375 1298 1409 13.
1333 1371 1583 1407 Eruditissime
1607 1373 1741 1407 dictum
1765 1381 1815 1409 est
1833 1376 1877 1409 ab
1893 1375 2124 1421 Hippocrate:

1111 1431 1112 1435 ’
1138 1425 1257 1458 Labor
1280 1423 1439 1457 articulis
1462 1429 1495 1457 et
1511 1424 1694 1466 carnibus,
1721 1425 1820 1459 cibus
1835 1438 1917 1461 vero
1934 1434 1966 1462 et
1982 1439 2126 1462 somnus

1138 1474 1331 1507 visceribus
1346 1473 1501 1518 prodest.

1138 1596 1313 1645 (XLVI.)
1359 1600 1467 1634 Alia
1502 1598 1796 1643 disputatio:
1839 1600 1887 1637 de
1921 1605 2126 1640 Exercitus

1421 1650 1676 1695 corporalibus
1691 1654 1850 1696 piorum.

1112 1736 1115 1793 Ι
1139 1727 1322 1768 Exercitia
1343 1734 1540 1778 corporalia
1560 1734 1700 1780 piorum
1715 1743 1812 1770 sunt:
1840 1740 2070 1781 temperantia
2089 1741 2126 1774 in

1140 1784 1239 1826 cibo,
1273 1790 1377 1828 potu,
1410 1783 1564 1826 Ieiunia,
1588 1786 1774 1820 assiduitas
1797 1788 1977 1830 laborum,
2010 1791 2129 1824 inten-

1139 1835 1189 1869 tio
1211 1835 1325 1868 acrior
1349 1835 1385 1868 in
1409 1836 1551 1876 studiis,
1578 1836 1741 1880 cogitatio
1767 1845 1801 1871 et
1817 1839 1919 1872 lectio
1937 1841 2035 1874 verbi
2050 1840 2128 1882 Dei,

1140 1896 1318 1919 sermones
1338 1885 1388 1929 pii
1410 1893 1443 1920 et
1461 1887 1609 1927 eruditi,
1635 1888 1758 1921 audire
1775 1889 1963 1932 diligenter
1979 1892 2127 1925 verbum

1140 1935 1207 1970 Dei
1231 1936 1438 1970 ceremoniis
1461 1937 1612 1980 publicis
1636 1937 1857 1983 frequentius
1880 1940 2063 1983 interesse,
2088 1948 2127 1976 ut

1141 1987 1378 2020 exuscitentur
1401 1986 1514 2021 animi
1536 1988 1578 2020 ad
1604 1989 1678 2031 pias
1700 1989 1927 2031 cogitationes
1946 1998 1979 2024 et
1999 2004 2127 2034 preces,

1113 2045 1116 2066 t
1141 2044 1175 2071 et
1192 2035 1258 2071 hoc
1275 2048 1384 2080 genus
1401 2037 1487 2078 alia,
1514 2049 1602 2082 quae
1619 2039 1820 2082 complexus
1837 2047 1886 2073 est
1902 2039 2032 2074 Paulus
2047 2055 2126 2075 cum

1140 2089 1203 2122 ait:
1236 2086 1376 2132 Castigo
1409 2099 1536 2132 corpus
1565 2100 1699 2130 meum,
1732 2096 1765 2123 et
1787 2090 1824 2123 in
1846 2092 2049 2126 servitutem
2072 2105 2126 2126 re-

1114 2136 1115 2145 *
1140 2140 1222 2183 (ligo
1238 2146 1302 2173 etc.

1242 2191 1276 2224 2.
1309 2187 1405 2222 Haec
1428 2188 1590 2222 exercitia
1614 2201 1686 2222 non
1709 2198 1790 2224 sunt
1807 2191 1942 2226 iusticia
1960 2193 2127 2238 spiritua-

1113 2253 1117 2344 Ι
1140 2240 1203 2280 lis,
1228 2247 1261 2274 et
1277 2246 1393 2273 tamen
1411 2246 1493 2273 sunt
1512 2240 1716 2274 necessaria.

1243 2300 1276 2333 3.
1326 2297 1373 2333 Et
1402 2310 1602 2344 quanquam
1636 2299 1811 2343 vituperat
1841 2299 1972 2335 Paulus
2002 2302 2126 2337 ἓθελω

1141 2347 1360 2397 θρησκείας,
1404 2356 1521 2384 tamen
1553 2346 1636 2382 hacc
1659 2361 1764 2394 opera
1788 2351 1876 2386 fiunt
1901 2352 1938 2385 in
1963 2354 2030 2397 piis
2055 2356 2127 2388 veri

893 2403 952 2437 Sic
975 2402 1089 2437 David
1141 2403 1255 2437 cultus
1273 2400 1352 2435 Dei.

1243 2451 1279 2486 4.
1316 2450 1388 2493 Qui
1409 2448 1493 2483 liaec
1516 2450 1678 2484 exercitia
1697 2450 1885 2493 abiiciunt,
1914 2454 1948 2486 in
1968 2452 2032 2487 lim·
2051 2457 2127 2489 ocio

1143 2511 1176 2538 et
1199 2504 1305 2543 luxu,
1332 2502 1369 2534 in
1394 2502 1503 2534 multa
1531 2507 1667 2545 peccata
1692 2509 1818 2544 ruunt,
1844 2512 2020 2547 praetcrea
2043 2520 2127 2539 con-

1144 2554 1283 2589 tristant
1306 2559 1338 2586 ct
1359 2558 1476 2585 arcent
1491 2550 1664 2596 Spiritum
1687 2559 1856 2586 sanctum.
1910 2554 1991 2588 ltlco
2009 2557 2128 2590 multi-

1146 2605 1284 2650 pliciter
1313 2609 1346 2636 ct
1376 2602 1528 2647 graviter
1557 2610 1716 2648 peccant,
1750 2611 1783 2638 et
1807 2605 1960 2650 sibiipsis
1985 2608 2128 2640 exitium

1147 2660 1336 2690 accersunt.

1442 2702 1490 2736 53
