2324 2955
179 127 226 161 67
609 121 765 157 DECL.
815 117 886 153 DE
920 116 1194 153 GEORGIO
1230 114 1474 153 PRINCIP.
1510 115 1758 151 ANHALT.
2140 115 2187 149 68

184 214 261 250 bat,
295 212 351 244 sed
386 209 446 243 ubi
478 213 609 252 poterat
642 204 863 247 extinguebat
886 204 977 238 odia.
1031 202 1162 245 Magna
1213 201 1387 234 Dominus
1404 206 1521 233 noster
1538 199 1632 234 lesus
1647 199 1807 234 Christus
1823 200 2012 233 clementer
2037 205 2193 243 protegat

185 264 294 297 virtus
312 268 360 294 est
377 260 511 293 castitas
523 283 532 296 ,
558 263 596 289 ut
612 255 717 294 scitis,
743 262 775 288 et
792 254 866 288 Deo
885 254 1067 298 praecipue
1084 265 1162 295 gra-
1215 259 1246 285 et
1265 253 1435 294 gubernet
1453 248 1577 282 barum
1594 251 1774 293 regionum
1796 249 1985 290 Ecclesias,
2013 249 2194 293 Principes

187 322 231 353 ta,
259 313 350 358 quod
368 321 444 342 cuni
463 307 582 345 sciret,
610 306 681 349 ipsa
699 318 838 350 quoque
855 305 1045 338 castitatem
1064 304 1164 336 valde
1216 310 1248 335 et
1267 302 1425 345 politias‚
1448 300 1529 345 quia
1548 301 1706 333 salutaris
1724 301 1930 343 gubernatio
1949 300 2023 332 sine
2039 300 2109 332 ulla
2127 300 2194 332 du-

186 364 333 399 amavit,
362 367 391 391 et
413 368 552 402 prorsus
568 356 642 389 sine
663 356 734 388 ulla
752 356 830 388 labe
855 355 1040 399 praestitit,
1067 354 1162 398 quod
1217 352 1385 385 bitatione
1399 363 1486 394 opus
1502 350 1567 384 Dei
1586 357 1654 390 est,
1682 353 1774 395 quod
1791 352 1932 396 quidem
1958 357 1991 384 et
2008 349 2107 382 iussit
2123 362 2141 382 a
2161 360 2194 381 se

186 415 251 447 suit
269 413 296 444 ei
317 409 471 447 facilius,
498 407 578 451 quia
596 413 677 439 tunc
692 418 832 450 quoque
854 418 931 437 cuni
950 412 1062 437 essent
1079 411 1163 437 tem·
1217 403 1295 446 peti.
1349 401 1466 444 Quare
1483 408 1514 434 et
1531 398 1596 433 lioc
1613 408 1683 433 toto
1703 408 1839 444 pectore
1859 414 1936 433 eum
1957 413 2030 441 oro,
2057 407 2095 433 ut
2114 411 2197 443 pro·

187 475 269 508 pora
287 460 447 498 laetiora,
473 458 587 490 nullas
604 456 745 489 delicias
762 456 796 488 iii
813 455 890 488 cibo
908 463 939 488 et
957 461 1059 499 potu,
1085 454 1165 486 11111-
1217 460 1291 496 pter
1316 452 1377 484 filii
1404 452 1684 484 intercessionem
1716 449 1804 484 lianc
1827 450 2036 491 Ecclesiam,
2072 457 2105 484 et
2135 460 2198 482 nos

186 515 237 547 los
257 513 356 545 ludos
378 510 512 552 ineptos
532 507 708 552 expetivit.
761 504 933 539 Excelluit
953 506 1057 548 igitur
1073 505 1109 536 in
1127 515 1164 536 ea
1218 509 1370 547 protegat
1390 509 1422 535 et
1441 509 1545 545 regat.

188 572 219 598 et
236 561 318 596 liaec
337 561 460 602 virtus,
488 570 592 603 quam
610 556 665 590 liic
677 556 805 590 Paulus
823 556 970 596 addidit,
998 554 1164 587 modestia

188 613 368 650 videlicet,
398 610 495 643 cuius
520 608 622 641 etiam
649 608 777 640 multae
803 613 914 649 partes
939 613 1032 640 sunt.
1086 604 1164 637 Non

188 671 259 698 erat
284 662 451 706 superba,
482 659 543 692 etsi
569 659 661 691 enim
687 658 816 690 sciebat
836 658 963 699 gradus
981 654 1165 688 hominum
1218 670 1270 704 No
1305 668 1374 702 140
2026 683 2061 700 fin
2098 670 2180 700 1554

188 714 357 748 divinitus
388 710 569 744 ordinatos
600 721 672 742 11011
705 708 899 742 turbandos
929 718 1017 745 esse,
1050 713 1165 738 tamen
1226 695 1396 731 *0⁶⁵ss
2025 690 2195 729 »432

188 778 260 799 11011
277 761 521 798 contemnebat
542 760 741 798 inferiores,
770 759 827 790 sed
847 757 1008 790 virtutem
1034 756 1070 788 in
1093 755 1167 788 sin-
1349 760 1424 800 De
1457 758 1653 801 εὔθυναι-0
1685 760 1825 802 Pri-nt.
1874 760 2054 801 Ankalt

188 816 277 859 gulis
296 813 433 846 amabat
450 817 482 844 et
500 811 748 849 venerabatur,
777 815 810 842 et
834 808 870 840 in
887 808 1062 840 bonorum
1078 806 1169 839 cala·
1574 791 1600 813 ὃ
1828 791 1837 800 ’
2058 790 2067 799 ⁰

189 867 306 900 'nitate
323 863 472 895 dolebat.
1292 845 1613 904 p‘gd³³¹².”0‘³!³⁰.‘³²
1631 845 1858 884 reverendissimo
1880 851 1905 871 et
1923 846 2058 885 illustriss.
2078 845 2204 884 Principe

290 913 419 946 Gestiis
451 911 554 943 etiam
590 915 689 942 erant
723 906 980 940 modestissimi.
1046 903 1169 938 Sermo
1325 879 2042 940 3183111ῗὲοὐοἳ11η1ς11ἰῖῐξι1εἳῐῗέ1ἒηίξιτεῒίςιῗεῐιίῒιὶξιιια’
2056 891 2069 906 a
2085 880 2205 939 {ffirffff

212 965 302 999 mnis
319 965 360 996 de
385 960 557 994 mandatis
584 967 616 993 et
664 958 932 991 romissionibus
958 955 1087 988 divinis
1129 955 1170 986 de
1324 947 1442 973 ⁵¹³¹¹¹0⁰³³
1462 949 1494 973 ΛΕ
1514 947 1577 972 Re*-
1592 947 1651 972 viro
1667 947 1784 973 Henrico
1806 947 1917 973 Sthenio
1933 923 2205 974 Mundeerlou‘siissbtg-

189 980 207 1050 ἱ)
326 1014 347 1021 ..
430 1012 450 1019 ..
527 1011 534 1018 .
639 971 658 1002 p
743 1010 750 1016 .
773 1022 778 1027 1
1091 979 1101 997 5
1326 982 1383 1015 giae
1398 982 1528 1008 Doctore.
1557 981 1668 1007 W‘iieb.
1682 991 1724 1007 au.
1742 982 1816 1007 1554.
1836 983 1860 1009 8.
1878 984 1894 1007 2
1911 982 1966 1016 pl.·’
1984 997 2018 1001 —
2054 983 2158 1008 Recusa
2179 981 2206 1006 in

203 1016 366 1050 ›eneficiis
391 1010 555 1069 filii-Dei,
582 1011 623 1043 de
640 1021 699 1053 spe
719 1016 808 1042 vitae
825 1016 1009 1063 aeternae,
1032 1006 1170 1038 nullum
1324 1015 1413 1055 selec-i,
1435 1016 1513 1042 Dect.
1532 1015 1565 1041 T.
1581 1015 1626 1041 tlt.
1646 1026 1671 1049 μ.
1690 1015 1738 1040 195
1753 1026 1827 1050 sqq„
1856 1017 1971 1043 Servest.
1988 1017 2020 1042 T.
2036 1017 2083 1042 tlt.
2103 1027 2127 1051 p.
2147 1015 2206 1042 185.

188 1068 218 1100 ei
238 1066 384 1098 verbum
402 1063 527 1095 excidit
545 1072 700 1105 unquam
723 1071 844 1103 parum
862 1068 1074 1090 conveniens
1091 1067 1170 1088 san-
1325 1055 1350 1075 ‘³²
1368 1050 1495 1076 thebani.
1517 1049 1549 1075 T·
1567 1050 1600 1075 ¹¹·
1623 1049 1718 1084 i’·⁶99-

189 1124 261 1151 ctae
277 1122 466 1149 matronae.
508 1111 623 1145 Horas
639 1110 740 1143 etiaiii
759 1109 983 1142 distribuerat
1003 1106 1170 1150 precati0-

189 1180 286 1207 num,
315 1164 503 1199 lectionum
533 1170 564 1196 et
584 1173 789 1205 operarum,
814 1171 901 1204 quae
920 1156 1081 1191 honestas
1099 1168 1172 1188 ina-

189 1226 308 1252 tronas
331 1223 365 1249 et
382 1214 533 1256 virgines
549 1214 681 1245 decent.
734 1210 810 1243 Hoc
835 1216 908 1243 toto
927 1209 1095 1241 virtutiiin
1115 1218 1172 1238 or-

188 1276 267 1301 nata
287 1265 394 1300 choro
412 1264 565 1297 coniunx
582 1263 647 1295 suit
666 1261 789 1305 optimi
810 1259 994 1302 Principis,
1016 1266 1048 1290 et
1066 1264 1174 1290 mater
1225 1251 1368 1290 [Auceat
1385 1255 1444 1287 lux
1463 1261 1587 1295 vestra,
1612 1255 1727 1300 inquit
1742 1256 1834 1289 filius
1851 1255 1932 1297 Dei,
1959 1270 2074 1290 coram
2094 1255 2210 1290 homi-

188 1324 338 1365 quatuor
359 1316 532 1353 filiorum,
560 1324 709 1358 quorum
728 1318 797 1345 tres
817 1309 883 1343 Dei
907 1308 1074 1341 beneficio
1092 1313 1175 1339 sunt
1226 1307 1350 1344 nibus,
1376 1311 1414 1337 ut
1435 1305 1647 1346 glorificetur
1665 1312 1760 1348 pater
1776 1313 1888 1336 vestei-
1904 1308 2070 1342 coelestis.
2127 1308 2213 1341 vult

188 1366 401 1412 superstites.
456 1362 530 1395 Hos
561 1372 639 1394 cum
668 1360 752 1391 alias
786 1369 885 1400 saepe
912 1357 948 1388 iii
973 1355 1062 1394 vita,
1098 1360 1172 1387 tum
1226 1355 1356 1386 multos
1377 1355 1559 1386 ostendere
1578 1353 1672 1387 Deus
1689 1354 1941 1386 confessionem
1963 1367 2062 1389 verae
2079 1357 2212 1390 doctri-

189 1431 270 1452 vero
295 1427 414 1450 recens
439 1419 519 1446 ante
545 1418 693 1444 mortem
719 1406 932 1451 gravissimis
955 1404 1175 1438 orationibus
1198 1430 1201 1453 μ
1228 1415 1308 1442 nae,
1336 1409 1369 1434 et
1393 1403 1525 1434 erudiri
1553 1410 1584 1435 et
1607 1403 1806 1434 confirmari
1832 1404 1919 1437 alios
1944 1405 2094 1439 aliorum
2115 1408 2212 1441 testi-

189 1468 327 1503 hortata
342 1473 409 1504 est,
434 1470 472 1496 ut
492 1463 607 1496 Deum
626 1467 716 1493 recte
734 1459 847 1491 colant
874 1463 905 1489 et
930 1456 1115 1494 invocent,
1143 1460 1176 1486 et
1228 1452 1375 1491 moniis,
1402 1451 1491 1483 sicut
1511 1452 1554 1483 ad
1572 1451 1714 1484 Petrum
1732 1453 1877 1486 dicitur:
1904 1452 1950 1488 Et
1969 1462 2004 1488 tu
2025 1468 2213 1491 conversus

188 1525 350 1564 paternas
376 1516 520 1547 virtutes
545 1511 746 1547 imitentur,
782 1520 825 1540 ne
851 1506 1022 1539 iusticiam
1049 1505 1085 1537 111
1113 1516 1175 1546 gu·
1229 1503 1395 1537 confirma
1422 1502 1544 1534 fratres
1571 1508 1665 1542 tuos,
1694 1503 1769 1535 vult
1791 1503 1894 1537 etiam
1918 1507 2072 1550 conspici
2090 1506 2212 1541 Eccle-

191 1568 397 1604 bernatione
418 1564 567 1600 violent,
592 1573 636 1594 ne
659 1561 730 1593 irae
756 1565 815 1592 aut
841 1558 919 1590 aliis
945 1555 1058 1600 pravis
1078 1554 1176 1598 cupi·
1227 1554 1324 1593 siam,
1351 1564 1439 1596 quae
1458 1564 1660 1597 quanquam
1679 1553 1858 1587 dissimilis
1882 1561 1930 1588 est
1950 1555 2116 1600 imperiis,
2142 1559 2214 1591 exi-

191 1619 359 1653 ditatibus
382 1617 498 1648 laxent
524 1614 650 1646 frenos.
705 1609 865 1643 Subinde
889 1607 992 1640 etiam
1017 1604 1178 1649 repetivit
1229 1616 1314 1648 gua,
1342 1614 1571 1643 aerumnosa,
1603 1604 1707 1643 orba,
1734 1604 1809 1636 sine
1836 1606 2035 1648 praesidiis,
2060 1608 2135 1641 sine
2158 1615 2215 1646 tv„

191 1668 493 1704 adhortationem,
528 1671 566 1696 ut
593 1659 817 1695 concordiam
847 1659 937 1690 inter
958 1668 1030 1690 sese
1054 1656 1178 1688 fratres
1230 1654 1373 1688 rannica
1394 1653 1558 1697 potentia,
1582 1660 1697 1686 tamen
1716 1654 1788 1687 vult
1804 1668 1878 1688 cam
1896 1658 2036 1699 agnosci
2051 1657 2159 1699 Deus,
2172 1648 2215 1693 ‘et

192 1726 366 1755 tueantur.
422 1714 516 1748 Haec
534 1726 611 1747 cum
630 1712 809 1756 aliquanto
834 1715 914 1742 ante
935 1714 1082 1740 mortem
1099 1706 1178 1738 filiis
1203 1729 1205 1764 i
1230 1704 1326 1739 cerni
1345 1716 1416 1736 non
1433 1715 1504 1736 esse
1521 1716 1643 1747 agmen
1663 1703 1854 1749 Cyclopum
1873 1714 1929 1740 aut
1946 1707 2203 1743 Centaurorum

193 1771 353 1808 dixisset,
380 1774 411 1800 et
429 1764 615 1810 aliquoties
631 1761 785 1795 Domino
803 1759 1028 1802 significasset
1044 1769 1079 1790 se
1097 1769 1179 1801 pro·
1203 1768 1205 1786 i
1231 1762 1290 1789 aut
1309 1752 1439 1787 Bacchi
1463 1755 1669 1794 exercitum,
1696 1756 1755 1787 sed
1783 1757 1898 1789 navim
1923 1758 1959 1790 in
1986 1771 2054 1804 qua
2075 1737 2216 1793 vehitmz

195 1829 269 1866 pter
295 1819 403 1863 ipsius
429 1816 589 1849 morbum
616 1813 724 1855 magis
750 1811 868 1844 dolere
894 1821 996 1853 quam
1027 1814 1180 1840 metuere
1204 1805 1206 1812 ’
1233 1805 1421 1838 multitudo
1445 1804 1620 1838 imbecilla
1647 1805 1857 1841 discentium
1881 1820 1998 1841 veram
2018 1811 2216 1844 doctrinam

195 1871 372 1917 propriam
392 1874 558 1905 mortem,
585 1865 627 1896 ad
645 1876 748 1908 quam
768 1860 934 1894 beneficio
957 1859 1018 1891 filii
1036 1858 1100 1891 Dei
1119 1869 1179 1901 pa·
1233 1859 1275 1889 de
1293 1855 1386 1895 Deo,
1414 1862 1451 1888 ut
1477 1856 1513 1887 iii
1532 1855 1670 1888 Psalmo
1691 1856 1836 1890 dicitur:
1864 1858 1918 1891 Ex
1942 1871 2002 1892 ore
2025 1860 2216 1895 infantium

196 1930 267 1956 rata
286 1926 390 1961 esset,
420 1929 457 1950 ac
480 1916 566 1949 scire
583 1913 672 1948 lianc
696 1919 840 1946 mortem
862 1912 926 1944 iter
949 1921 1020 1942 esse
1041 1911 1082 1941 ad
1104 1920 1181 1940 coe-
1206 1929 1208 1946 1
1233 1915 1266 1940 et
1289 1905 1490 1939 lactentium
1517 1906 1689 1950 perfecisti
1715 1907 1870 1948 laudem,
1910 1910 1945 1942 in
1966 1922 2032 1954 qua
2061 1912 2140 1943 navi
2166 1918 2218 1944 ta-

197 1975 315 2007 lestem
346 1967 556 2006 Ecclesiam,
591 1963 644 1998 his
678 1963 898 1997 sermonibus
935 1960 1085 1993 subinde
1121 1960 1182 1991 ad·
1206 1956 1209 1990 l
1235 1969 1314 1990 inen
1337 1957 1380 1989 ad
1405 1956 1542 1988 clavum
1566 1957 1699 1990 adsidet
1723 1958 1814 1991 filius
1840 1958 1925 2000 Dei,
1952 1967 1984 1993 et
2009 1962 2109 1995 multi
2137 1969 2219 1995 sunt

197 2023 336 2057 miscuit
359 2017 616 2052 invocationem
644 2014 725 2054 Dei,
753 2020 786 2046 et
809 2025 886 2046 cum
908 2022 942 2044 se
960 2011 1032 2044 Deo
1058 2009 1183 2043 fiducia
1206 2006 1209 2036 l
1236 2007 1382 2050 remiges
1406 2007 1512 2039 unius
1532 2008 1607 2040 voci
1624 2020 1745 2041 omnes
1768 2009 2068 2054 obtemperantes,
2095 2013 2220 2046 mode-

199 2071 407 2107 Mediatoris
431 2068 568 2102 assidue
589 2066 883 2102 commendasset,
910 2069 1033 2094 natura
1059 2072 1185 2104 corpo-
1237 2059 1301 2098 sti,
1334 2058 1541 2097 concordes,
1577 2058 1697 2101 periti,
1730 2059 1858 2102 singuli
1884 2072 1947 2094 suo
1972 2061 2049 2095 loco
2071 2063 2221 2096 fideliter

200 2126 247 2158 ris
272 2124 339 2156 iam
358 2126 517 2164 superata
537 2117 660 2150 morbo
679 2115 794 2147 anima
813 2126 852 2146 ex
877 2110 940 2145 liae
957 2111 1096 2144 mortali
1116 2111 1184 2143 vita
1238 2108 1403 2143 facientes
1421 2108 1585 2143 officium.
1637 2107 1685 2143 Et
1704 2107 1830 2142 horum
1849 2112 2018 2155 remigum
2039 2123 2220 2146 consessus

202 2176 244 2208 ad
270 2172 491 2206 laetissimam
510 2168 712 2201 societatem
735 2163 893 2198 coelestis
910 2161 1086 2196 Ecclesiae
1103 2174 1186 2194 evo·
1210 2181 1213 2204 ,
1238 2159 1363 2193 511111115
1378 2165 1427 2192 est
1445 2159 1648 2202 gravissimo
1667 2160 1822 2194 Senatui.
1883 2161 1997 2204 Quem
2016 2163 2110 2195 enim
2127 2164 2222 2207 cogi-

204 2232 276 2258 cata
300 2230 360 2256 est.
1211 2206 1214 2263 l
1239 2218 1312 2244 tare
1337 2220 1518 2254 possumus
1540 2209 1706 2244 Senatum
1732 2209 1986 2255 pulchriorem,
2020 2226 2125 2258 quam
2155 2214 2223 2248 suit

1241 2259 1366 2294 horum
1385 2272 1506 2293 senum
1525 2273 1722 2302 consessus,
1749 2262 1810 2306 qui
1829 2263 1950 2296 eodem
1973 2269 2128 2309 tempore
2148 2277 2222 2298 non

306 2272 422 2306 Huius
454 2269 637 2302 universae
676 2264 843 2299 historiae
881 2263 1045 2306 cogitatio
1084 2262 1188 2295 bouis
1212 2269 1215 2279 ;

208 2324 383 2358 mentibus
399 2320 495 2354 utilis
510 2325 573 2352 est.
606 2317 692 2351 Nam
710 2323 743 2350 et
758 2315 903 2348 virtutes
919 2321 951 2347 et
968 2313 1068 2346 inulti
1083 2325 1189 2346 even·
1240 2311 1362 2357 procul
1379 2322 1397 2343 a
1417 2309 1567 2344 Iordane
1586 2311 1621 2344 in
1639 2312 1778 2357 oppidis
1797 2313 1920 2346 vicinis
1939 2311 2163 2358 habitarunt,
2190 2322 2224 2350 et

1241 2374 1341 2406 saepe
1375 2361 1419 2393 ad
1454 2362 1677 2396 collationem
1711 2364 1754 2396 de
1781 2364 1940 2397 doctrina
1973 2373 2224 2405 convenerunt,

209 2383 262 2409 tus
278 2373 469 2407 ostendunt
485 2369 550 2402 Dei
568 2368 795 2411 praesentiam
814 2366 850 2398 iii
868 2365 956 2409 ipsa,
983 2370 1016 2397 et
1033 2363 1189 2407 exempla

209 2438 273 2459 nos
290 2426 332 2458 de
354 2421 474 2455 inultis
497 2418 631 2461 magnis
658 2419 760 2450 rebus
783 2418 929 2455 docent,
955 2421 988 2447 et
1011 2415 1052 2446 ad
1083 2415 1190 2458 pieta·
1243 2413 1342 2453 Sem,
1365 2409 1564 2451 Abraham,
1590 2411 1702 2454 Loth,
1731 2412 1842 2452 Isaac,
1870 2413 1946 2449 Rex
1966 2414 2186 2452 Ahimelech,

1346 2460 1526 2496 Omnibus
1558 2463 1665 2507 igitur
1692 2464 1910 2508 temporibus
1942 2467 2224 2512 circumspiciant

209 2485 278 2511 tem
300 2474 462 2508 invitant.
516 2469 702 2503 Cernimus
726 2468 831 2501 etiam
856 2464 911 2499 liic
931 2465 1127 2498 testimonia
1149 2466 1192 2496 de

1216 2549 1219 2560 ι
1244 2513 1338 2547 001111
1353 2519 1456 2558 atque
1475 2521 1617 2554 mentes,
1645 2520 1678 2547 et
1693 2515 1924 2553 considerent,
1952 2517 2013 2550 ubi
2029 2526 2060 2552 et
2077 2531 2165 2564 quae
2181 2519 2227 2553 sit

1224 1131 1347 1164 Oratio
1364 1129 1410 1163 de
1429 1130 1507 1187 vita
1531 1131 1746 1175 Georgii,
1779 1132 1966 1175 Principis
1989 1129 2210 1178 Anhaltini;

1398 1184 1561 1213 recitata
1582 1191 1605 1213 α
1632 1182 1829 1226 Georyio
1855 1183 2043 1218 Maiore.

211 2525 377 2562 Ecclesiis
402 2522 546 2561 nostris,
580 2526 612 2552 et
636 2519 678 2551 de
701 2517 881 2557 doctrina,
916 2528 1005 2562 quae
1029 2522 1128 2548 sonat
1155 2515 1190 2548 111

213 2577 340 2612 nostris
357 2572 532 2608 Eccleslls·
1216 2562 1220 2611 Ἰ
1244 2563 1400 2598 Ecclesia
1412 2591 1421 2605 ‚
1447 2564 1508 2598 ubi
1523 2571 1621 2598 sonet
1645 2564 1846 2609 incorrupta
1864 2568 2022 2601 doctrina
2040 2576 2071 2603 et
2089 2570 2226 2603 confes-

313 2623 653 2669 Cogitationiautem
668 2616 791 2651 harum
806 2615 1031 2651 historiarum
1050 2613 1193 2647 miscea-
1218 2621 1220 2650 1
1246 2615 1316 2653 sio,
1337 2615 1457 2659 quales
1478 2615 1548 2648 sint
1565 2613 1751 2657 Doctores,
1778 2617 1897 2662 quales
1916 2618 2072 2654 adiuncti
2091 2620 2140 2653 eis
2162 2631 2225 2663 gu-

212 2691 290 2713 mus
318 2675 550 2722 precationem
583 2671 673 2704 veris
706 2668 906 2713 gemitibus,
942 2674 979 2701 ut
1011 2665 1102 2699 filius
1129 2663 1194 2699 Dei
1218 2659 1224 2707 ζ
1246 2666 1469 2706 bei-naiores,
1494 2673 1531 2699 ut
1549 2665 1687 2709 piorum
1705 2679 1789 2701 voce
1807 2675 1838 2702 et
1857 2669 2023 2714 exemplis
2043 2671 2227 2704 confirme-
