2324 2955
120 149 198 186 993
683 144 712 181 1.

112 243 208 268 nunc
239 237 372 265 veteres
396 229 529 264 reditus
551 229 705 273 integros
728 240 802 263 non
825 239 927 273 posse
949 224 1098 261 restitui,

113 282 219 318 Iussit
234 292 356 316 rursus
372 280 487 315 claudi
504 280 683 313 idolorum
700 279 841 324 templa.

215 348 306 384 Cum
335 355 452 382 autem
475 344 687 381 Antiochiae
710 345 919 392 aliquandiu
943 355 1098 378 morare-

113 408 192 442 tur,
222 399 344 433 multis
372 397 544 442 prodigiis
572 397 752 443 sequentia
784 397 874 431 mala
905 395 1097 439 significata

113 457 211 486 sunt:
238 447 384 483 Cometa
396 448 551 482 interdiu
566 455 768 493 conspectus
783 454 842 482 est.
895 445 1097 488 conflagra-

113 501 164 536 vit
178 499 451 544 locupletissima
467 496 680 533 bibliotheca
695 496 931 533 Antiochena.
991 494 1096 530 Brevi

111 558 192 597 post
224 549 431 584 Iovinianus
467 561 545 583 cum
582 550 626 582 ad
656 547 862 594 Bithyniam
891 547 1096 586 accessisset,

111 607 275 636 mortuus
304 606 354 635 est
382 600 526 642 morbo,
558 599 620 645 qui
645 611 685 633 ex
708 597 975 645 intemperantia
998 603 1095 631 ortus

112 662 186 687 esse
202 650 475 686 existimabatur.

162 782 271 819 Anno
293 782 420 818 mundi
435 790 557 829 quater
571 783 758 817 millesimo
775 780 1016 818 trecentesimo
1032 779 1097 813 tri-

321 834 462 868 cesimo.

160 881 268 918 Anno
276 883 412 919 Romae
425 883 610 917 millesimo
620 883 808 917 centesimo
819 882 953 916 decimo
964 886 1096 914 octavo.

162 933 271 970 Anno
288 932 422 970 Christi
440 933 683 968 trecentesimo
700 932 910 977 sexagesimo
927 937 1061 965 octavo.

311 1018 688 1052 Valentinianus
713 1017 901 1060 primus.

217 1097 513 1135 Valentinianus
536 1097 730 1140 imperator
751 1096 905 1130 militum
925 1107 1097 1130 consensu

110 1147 221 1185 factus
243 1157 312 1188 est,
339 1161 420 1183 cum
441 1149 569 1182 iterum
587 1146 773 1180 Tribunus
793 1147 944 1180 militum
963 1158 982 1179 a
1002 1146 1097 1180 Iovi-

111 1201 221 1235 niano
249 1200 361 1235 sactus
389 1205 486 1232 esset.
545 1196 639 1230 Nam
666 1198 732 1231 sub
760 1196 898 1230 Iuliano
931 1196 1096 1230 dimissus

111 1257 206 1292 erat,
247 1261 287 1283 eo
322 1250 417 1294 quod
453 1247 686 1282 sacrificulum
718 1258 837 1291 pugno
867 1254 1096 1291 percusserat,

110 1311 271 1345 aspersus
290 1299 427 1334 lustrali
443 1310 532 1344 aqua
543 1325 553 1339 ‚
579 1297 617 1330 in
633 1297 739 1331 ianua
755 1297 898 1341 templi,
925 1297 987 1331 ubi
999 1297 1096 1330 idolo

110 1350 272 1386 Iulianus
304 1350 530 1384 sacrificabat.
599 1347 733 1381 Tenuit
763 1347 953 1391 imperium
982 1359 1095 1381 annos

111 1400 288 1435 undecim.
341 1399 451 1434 Natus
474 1399 542 1433 fuit
563 1399 601 1431 in
617 1396 802 1431 Pannonia
826 1398 864 1430 in
886 1398 1016 1442 oppido
1034 1397 1097 1430 Bi-

111 1452 203 1486 balis
227 1451 264 1484 in
287 1450 364 1494 ripa
383 1449 484 1490 Savi,
512 1450 606 1494 quod
630 1460 704 1481 non
729 1448 850 1492 procul
874 1448 940 1482 fuit
964 1460 983 1481 a
1000 1447 1097 1482 Tau-

111 1513 215 1542 ruro,
241 1501 337 1547 quod
353 1512 448 1534 nunc
464 1507 513 1535 est
529 1499 754 1542 Belgradum.

213 1567 298 1602 Post
327 1567 470 1611 triginta
498 1566 573 1599 dies
601 1564 783 1599 accersivit
805 1564 889 1598 inde
914 1564 1097 1600 Valentem

111 1620 275 1659 fratrem,
302 1629 453 1662 eumque
476 1622 672 1649 consortem
692 1615 831 1658 imperii
847 1616 945 1656 fecit,
973 1623 1006 1649 et
1022 1614 1098 1649 Au-

111 1674 251 1712 gustum
275 1667 512 1710 nuncupavit,
539 1666 720 1711 aliquanto
746 1672 823 1709 post
838 1672 871 1699 et
886 1665 1097 1699 Gratianum

111 1719 225 1752 filium
252 1716 524 1750 Valentinianus
550 1715 690 1759 imperii
713 1720 910 1748 consortem
934 1714 1035 1755 fecit,
1065 1721 1099 1747 et

111 1767 313 1812 Augustum
338 1765 547 1800 nominavit.
611 1764 695 1797 Fuit
717 1770 832 1797 autem
858 1764 1003 1797 infoelix
1027 1765 1097 1797 fra-

111 1825 207 1853 trum
237 1816 502 1851 dissimilitudo.
562 1813 723 1858 Suntque
751 1813 854 1846 initio
877 1813 1017 1857 imperii
1040 1814 1097 1848 in-

112 1868 210 1913 genti
233 1873 446 1902 terraemotu
463 1865 654 1908 significata
673 1862 785 1901 mala,
811 1875 900 1907 quae
916 1875 955 1896 ex
974 1864 1097 1907 impie-

112 1925 183 1953 tate
205 1925 239 1953 et
262 1917 410 1952 saevicia
426 1915 582 1950 Valentis
607 1920 683 1948 orta
699 1919 797 1947 sunt:
824 1914 960 1957 magnis
975 1914 1098 1957 spaciis

112 1975 147 2003 et
170 1966 359 2003 horrendis
380 1964 534 2000 hiatibus
551 1976 645 1998 mare
662 1971 771 1997 terras
786 1964 940 2009 reliquit.
991 1963 1098 1998 Com-

111 2018 294 2053 mendavit
316 2024 433 2052 autem
457 2015 601 2050 Valenti
625 2012 810 2048 Orientem
832 2014 950 2048 frater.
1020 2013 1097 2059 Ipse

111 2069 231 2104 audita
259 2069 352 2103 fama
383 2079 557 2101 novorum
581 2065 776 2104 bellorum,
810 2076 900 2110 quae
923 2062 1099 2098 Alemani

111 2126 146 2154 et
176 2117 347 2153 Saxones
379 2124 578 2158 moverant,
625 2115 827 2159 properavit
860 2115 897 2148 in
930 2114 1096 2151 Galliam.

109 2168 192 2205 Dux
214 2169 307 2203 enim
326 2169 579 2202 Alemanorum
594 2162 753 2200 Brando
769 2165 991 2209 Moguntiam
1018 2177 1097 2199 coe-

109 2226 229 2265 perat,
256 2227 289 2254 et
311 2220 394 2253 inde
417 2230 578 2262 magnam
596 2215 880 2251 Christianorum
896 2216 1096 2250 multitudi-

110 2282 192 2304 nem
207 2270 301 2304 viros
316 2276 349 2304 et
361 2269 527 2302 mulieres
541 2269 744 2302 abduxerat.
797 2264 947 2311 Aliquot
961 2267 1096 2310 magnis

110 2320 252 2366 praeliis
276 2319 549 2354 Valentinianus
578 2318 769 2351 Alemanos
798 2317 972 2360 repressit.
1040 2317 1095 2349 Ad

110 2371 262 2405 Nicrum
300 2371 405 2405 etiam
443 2369 604 2404 condidit
642 2379 748 2402 arces.
828 2366 966 2401 Deinde
1005 2367 1096 2400 infra

109 2420 296 2456 Coloniam
326 2418 559 2466 Agrippinam
589 2419 627 2452 in
659 2418 815 2461 Tungris
846 2418 1010 2462 repressit
1032 2417 1096 2452 Sa-

110 2483 230 2508 xoneS.

186 2539 229 2573 In
245 2539 333 2572 urbe
342 2536 651 2582 Constantinopoli
662 2536 934 2570 Valentinianus
949 2547 1096 2569 aeneum

111 2590 268 2623 modium
288 2588 490 2629 collocavit,
516 2600 560 2621 ne
577 2599 760 2621 mensurae
776 2587 927 2620 diminui
945 2593 1096 2631 possent,

111 2647 145 2676 et
174 2640 383 2685 quibusdam
412 2638 473 2683 qni
501 2638 741 2672 diminuet-ant
766 2638 934 2682 praecidit
958 2648 1095 2677 manus,

111 2702 197 2738 quas
214 2690 262 2724 ibi
280 2689 472 2734 suspendit.
524 2687 619 2722 Ilaec
635 2689 774 2724 Snidas.

763 139 1054 179 CHRONICON
1080 136 1327 178 CARIONIS.
1376 138 1501 176 PARS
1527 138 1575 176 11.

2059 140 2132 175 994

1545 227 1736 259 Saxones

1249 298 1408 333 Primum
1431 306 1547 334 autem
1571 298 1629 334 hic
1652 300 1690 332 in
1706 298 1808 333 bellis
1824 299 2076 344 imperatorum
2092 300 2130 332 fit

1149 350 1282 384 mentio
1307 348 1521 392 Saxonum,
1556 363 1635 384 cum
1665 350 1794 396 quibus
1823 357 1854 384 et
1886 356 2004 394 postea
2029 356 2128 383 tanto

1149 412 1226 433 cum
1249 401 1404 445 periculo
1430 402 1633 435 dimicatum
1652 408 1718 442 est,
1745 407 1783 433 ut
1801 399 1970 434 Sidonius
1989 400 2130 444 Apolli—

1148 451 1242 484 naris
1265 449 1461 495 Episcopus
1485 450 1701 485 Arelatensis
1724 451 1868 484 scribat:
1895 448 2039 484 AVullus
2063 446 2129 482 ho-

1146 499 1213 535 slis
1236 497 1338 534 hoste
1365 499 1552 534 Saxone
1580 499 1817 534 truculentior
1833 505 1901 539 est,
1929 512 1989 534 nec
2006 498 2130 533 robore

1146 554 1289 584 tantum
1321 555 1352 583 el
1381 548 1565 593 audacia,
1597 548 1664 584 sed
1690 550 1799 584 eliam
1823 548 1976 584 consilio
2000 554 2029 583 el
2052 555 2130 583 arte

1148 601 1268 635 vincit.
1326 601 1377 634 Ac
1407 602 1535 635 limites
1567 601 1694 635 veteris
1720 600 1893 635 Saxoniae
1916 601 2060 634 fuerunt
2085 602 2129 633 ad

1147 650 1321 686 Occasum
1352 648 1521 691 Amasis,
1555 652 1598 685 ad
1631 649 1763 684 Ortum
1793 648 1918 691 Albis,
1952 651 1995 683 ad
2017 649 2129 682 Meri-

1148 703 1240 735 diem
1256 699 1403 735 Boiemi
1426 708 1460 735 et
1475 698 1637 739 Franci,
1665 702 1706 734 ad
1726 700 2010 745 Septentrionem
2028 693 2129 732 Cim-

1148 751 1247 785 brica
1264 750 1522 793 Chersonesus,
1549 759 1583 786 et
1598 752 1635 784 in
1652 751 1769 784 vicino
1785 751 1902 785 littore
1918 749 2062 784 Heneti.

1248 809 1297 845 Ut
1319 817 1433 844 autem
1459 822 1499 843 ex
1512 808 1662 843 Oriente
1686 816 1835 843 caeteras
1862 809 1995 842 vicinas
2013 815 2131 852 gentes

1148 872 1344 905 progressas
1361 872 1432 893 esse
1448 861 1637 894 verisimile
1652 866 1721 901 est,
1750 858 1874 900 Getas,
1900 858 2005 897 Daos,
2032 857 2130 892 Cim-

1148 912 1294 950 merios,
1328 910 1557 952 Germanios‚
1589 910 1736 944 Suevos.
1790 909 1841 944 Ita
1868 916 1902 943 et
1925 907 2051 943 horum
2077 909 2131 941 vi-

1148 962 1245 994 cinos
1269 960 1373 993 Sacas
1399 972 1439 993 ex
1462 960 1545 993 Asia
1568 972 1767 1003 progressos
1789 971 1860 993 esse
1886 960 2063 998 existimo,
2098 966 2131 991 et

1148 1011 1231 1043 inde
1255 1010 1426 1053 originem
1446 1016 1478 1043 et
1497 1021 1626 1042 nomen
1642 1021 1713 1042 esse
1730 1010 1922 1043 Saxonum.
1976 1009 2048 1041 Alii
2066 1020 2131 1041 no-

1148 1072 1228 1093 men
1247 1060 1402 1093 Saxones
1424 1059 1561 1092 faciunt
1583 1059 1626 1092 ab
1644 1059 1815 1099 Ascanes,
1841 1060 1901 1091 sed
1924 1069 2030 1091 sonus
2048 1070 2131 1101 pro-

1148 1111 1227 1155 pior
1241 1116 1290 1143 est
1306 1109 1478 1143 vocabulo
1488 1106 1616 1147 Sacae,
1645 1116 1677 1143 et
1693 1109 1799 1142 fuisse
1808 1108 1911 1142 Sacas
1928 1108 2019 1141 inter
2030 1119 2132 1151 prae-

1148 1161 1266 1204 cipuas
1289 1166 1407 1203 gentes
1429 1158 1560 1192 Persici
1584 1160 1704 1203 regni,
1731 1171 1769 1192 ex
1785 1157 1921 1197 Ctesia‚
1947 1157 2129 1192 Herodoto

1147 1218 1180 1245 et
1196 1208 1433 1254 Xenophonte
1448 1216 1606 1254 apparet.

1247 1269 1387 1304 Nomen
1417 1269 1570 1303 Ascanes
1603 1269 1774 1313 significat
1806 1267 1996 1302 Custodem
2029 1268 2131 1310 ignis.

1146 1320 1285 1354 Nomen
1308 1320 1415 1354 Sacae
1446 1321 1589 1366 aequale
1619 1327 1685 1360 est,
1720 1319 1819 1364 quasi
1847 1319 1959 1359 dicas,
1993 1318 2075 1351 iusti
2099 1327 2131 1350 et

1147 1371 1268 1412 liberi,
1295 1371 1351 1403 vel
1375 1377 1482 1405 vates.
1536 1370 1629 1404 Dum
1653 1376 1768 1403 autem
1788 1368 2058 1403 Valentinianus
2076 1379 2131 1400 re-

1147 1422 1270 1465 primit
1293 1421 1482 1454 Alemanos
1506 1427 1538 1454 et
1559 1420 1732 1460 Saxones,
1759 1420 1890 1453 interea
1908 1417 2130 1452 Theodosius

1148 1471 1318 1515 Magister
1340 1471 1516 1516 equitum,
1550 1471 1611 1515 qui
1636 1477 1752 1515 postea
1774 1471 1884 1503 factus
1905 1476 1954 1502 est
1979 1469 2131 1512 impera-

1148 1529 1221 1560 tor,
1248 1522 1380 1555 bellum
1406 1522 1493 1564 gerit
1511 1522 1548 1554 in
1565 1519 1694 1554 Rhetia
1707 1547 1715 1560 ,
1742 1521 1823 1553 inde
1841 1520 1993 1553 mittitur
2009 1520 2052 1551 ad
2070 1530 2132 1561 pa-

1148 1573 1294 1606 candam
1320 1572 1475 1605 Africam
1501 1578 1623 1605 contra
1648 1570 1819 1604 Firmum.
1871 1569 1980 1604 Redit
2004 1569 2132 1601 deinde

1149 1622 1420 1656 Valentinianus
1446 1622 1482 1654 in
1504 1621 1725 1655 Pannoniam
1748 1621 1991 1654 commendata
2014 1617 2132 1651 Gallia

1148 1679 1182 1705 et
1210 1673 1336 1705 vicinis
1364 1672 1555 1714 provinciis
1584 1671 1655 1703 silio
1681 1670 1864 1703 Gratiano.
1933 1669 2132 1702 Intulerant

1148 1721 1241 1754 enim
1260 1720 1377 1763 Quadi
1394 1721 1526 1753 bellum
1542 1720 1665 1752 vicinis
1678 1719 1882 1754 Pannoniis.
1934 1719 2003 1753 Sed
2018 1718 2132 1751 territi

1147 1772 1301 1804 adventu
1318 1770 1560 1804 Valentiniani
1584 1781 1702 1813 pacem
1727 1777 1861 1813 petunt.
1915 1769 1971 1802 lbi
1993 1780 2072 1801 cum
2096 1768 2131 1799 in

1148 1821 1370 1855 excusatione
1386 1821 1557 1866 quaedam
1574 1820 1660 1852 salso
1676 1820 1854 1861 dixissent,
1881 1820 1990 1852 iratus
2002 1817 2133 1851 Valen-

1147 1871 1304 1904 tinianus
1326 1882 1453 1914 magna
1476 1871 1570 1903 vocis
1591 1870 1818 1903 contentione
1841 1881 1899 1903 eos
1921 1869 2132 1911 obiurgavit.

1147 1919 1235 1954 Eam
1260 1921 1531 1954 commotionem
1558 1920 1672 1953 subita
1698 1920 1803 1953 febris
1829 1927 1943 1953 secuta
1967 1924 2036 1958 est,
2064 1929 2132 1960 qua

1148 1972 1239 2005 intra
1261 1982 1389 2015 paucos
1412 1971 1485 2004 dies
1509 1970 1682 2004 extinctus
1707 1976 1756 2003 est
1775 1982 1869 2003 anno
1886 1969 2006 2003 aetatis
2025 1968 2131 2011 quin-

1147 2022 1348 2067 quagesimo
1366 2021 1490 2066 quinto
1502 2046 1510 2060 ,
1538 2032 1616 2053 cum
1633 2021 1798 2053 tenuisset
1814 2019 2000 2064 imperium
2020 2030 2131 2050 annos

1147 2072 1366 2117 quindecim,
1400 2082 1536 2104 menses
1560 2077 1637 2104 octo
1667 2077 1699 2104 et
1724 2070 1798 2103 dies
1814 2070 1949 2113 viginti.
2000 2067 2132 2101 Defen-

1147 2123 1198 2156 dit
1225 2120 1402 2156 Ecclesiae
1431 2134 1568 2166 pacem,
1603 2121 1782 2165 amplexus
1806 2121 2004 2167 symbolum
2028 2118 2127 2151 Nice-

1147 2185 1245 2206 num.
1306 2172 1422 2206 Fratri
1446 2171 1587 2205 Valenti
1613 2184 1712 2215 saepe
1738 2169 1897 2206 hortator
1922 2171 2004 2208 suit,
2039 2175 2075 2202 nt
2099 2175 2131 2200 et

1146 2224 1325 2257 veritatem
1350 2224 1636 2267 amplecteretur,
1665 2229 1696 2255 et
1722 2233 1766 2255 ne
1785 2222 1966 2256 saevitiam
1986 2219 2021 2251 in
2041 2225 2131 2252 recte

1146 2274 1332 2307 sentientes
1350 2279 1535 2307 exerceret.

1247 2331 1518 2365 Valentinianus
1541 2331 1627 2363 duas
1650 2341 1775 2362 uxores
1798 2326 1939 2367 habuit,
1966 2327 2132 2362 Severam

1147 2389 1179 2416 et
1196 2381 1378 2417 Iustinum.
1431 2379 1483 2414 Ex
1494 2380 1621 2414 Severa
1640 2387 1740 2413 natus
1756 2376 2043 2415 estGralianus,
2071 2379 2130 2422 qui

1147 2434 1336 2477 imperator
1365 2432 1493 2471 sactus,
1530 2436 1645 2475 postea
1674 2429 1916 2463 Theodosium
1943 2435 1974 2461 et
2000 2428 2129 2460 Vah-n-

1148 2484 1322 2518 linianum
1348 2482 1540 2516 secundnm
1565 2480 1631 2512 sibi
1657 2482 1804 2524 collegas
1829 2479 1999 2512 adiunxit.
2072 2477 2130 2510 ln-

1147 2535 1308 2567 terl'ectns
1331 2540 1381 2566 est
1407 2539 1519 2565 antem
1540 2528 1750 2564 Gratianus
1773 2543 1791 2564 a
1819 2530 1976 2573 praeside
1992 2527 2130 2560 Galliae

1146 2582 1346 2621 Illaslmo,
1384 2584 1444 2628 qui
1469 2583 1596 2615 deinde.
1621 2584 1714 2626 apud
1739 2581 1938 2626 Aquileiam
1963 2591 1980 2611 a
2006 2578 2128 2610 militi-

1147 2636 1211 2668 bus
1234 2635 1305 2667 suis
1331 2634 1467 2668 vinctus
1484 2629 1693 2667 Theodosio
1711 2633 1859 2667 traditus
1877 2636 1924 2662 est
1939 2655 1947 2667 ,
1974 2627 2032 2671 qni
2051 2638 2128 2660 enni

1146 2685 1285 2722 occidit.
