2324 2955
158 117 253 155 1075
388 112 593 152 SCRIPTA
622 110 697 147 PH.
726 108 839 144 MEL.
869 108 933 144 AD
960 107 1090 143 HIST.
1116 105 1259 142 PROP.
1288 105 1354 141 ET
1378 104 1572 141 PHILOS.
1600 103 1918 142 SPECTANTIA.
2065 108 2163 145 1076

157 215 279 247 magna
308 208 404 246 parte
429 198 532 232 Asiae
555 196 776 230 retinuerunt
802 195 940 228 circiter
965 193 1137 239 quadrin·
1188 192 1303 226 verbis
1328 191 1497 234 excerptis
1521 202 1561 224 ex
1584 187 1779 225 Alcorano:
1805 189 1861 226 ὅτι
1887 190 1954 226 οὐκ
1973 189 2065 238 ἦλθε
2095 191 2158 228 διὰ

157 263 278 299 gentos
305 261 434 287 annoS‚
463 250 573 281 donec
598 259 657 279 rex
681 246 927 283 Saracenicus‚
965 245 1024 289 qui
1051 243 1137 277 Per·
1187 238 1401 285 θαυμάτων
1423 238 1515 274 ἀλλὰ
1538 238 1600 274 διὰ
1625 239 1754 287 ξίφους
1773 240 1907 276 δοῦναι
1932 240 1997 277 τὸν
2030 241 2161 287 νόμον,

159 306 244 338 siam
265 301 396 339 tenuit,
424 306 544 332 contra
564 296 819 342 Babylonicum
831 296 968 328 Tui-cos
986 295 1137 337 attraxit,
1188 291 1249 328 καὶ
1276 293 1351 330 τοῖς
1373 290 1423 336 μὴ
1448 289 1681 335 πειθομένοις
1703 291 1806 339 αὐτῷ
1829 290 1997 332 θάνατος
2019 292 2118 328 ἔσται
2138 292 2160 338 ἢ

160 355 218 400 qui
238 351 402 396 paulatim
421 355 558 392 accepta
576 348 647 390 lege
659 345 896 380 Mohometica
914 352 1139 379 excusserunt
1188 341 1346 388 τιμωρία
1362 341 1383 387 ἦ
1405 339 1544 388 φόρους
1565 339 1708 377 δοῦναι.

161 418 199 437 ex
232 414 340 445 regno
376 400 515 433 Persico
549 410 663 440 regem
700 397 946 431 Saracenicum
984 405 1139 439 tempore
1292 391 1449 426 Ordinat
1466 393 1574 436 igitur
1590 393 1761 426 militares
1785 395 1929 436 gradus,
1957 400 1989 427 et
2005 393 2166 427 attribuit

160 451 385 489 Constantini
401 447 643 489 Monomachi‚
662 459 720 480 seu
739 448 893 481 Conradi
911 446 1051 486 Franci,
1067 458 1139 479 non
1191 445 1340 478 ducibus
1361 451 1394 477 et
1421 443 1595 476 militibus
1619 450 1711 476 certa
1735 444 1908 488 stipendia
1928 457 1967 477 ex
1985 444 2165 488 pensioni-

161 504 273 538 multo
297 509 377 536 ante
405 500 561 534 Gotsridi
592 498 848 542 expeditionem
878 505 1070 541 susceptam
1095 497 1138 529 ad
1191 497 1256 529 bus
1278 494 1450 539 publicis,
1475 505 1562 538 quas
1585 505 1658 527 non
1684 494 1764 528 licet
1788 495 1831 527 ad
1848 494 1936 527 alios
1952 505 2034 528 usus
2052 502 2167 528 trans-

161 553 408 588 Palaestinam.
461 550 513 584 Ac
539 551 581 582 de
608 549 734 582 Turcis
759 561 798 582 eo
821 549 898 581 loco
926 548 1028 592 plura
1045 546 1140 580 dice·
1191 547 1292 579 serre.
1345 544 1482 577 Deinde
1510 544 1710 585 seditiosos,
1738 546 1930 578 desertores
1957 552 1989 577 et
2012 552 2168 578 taxantes

163 617 259 639 mus.
284 615 371 648 quos
395 601 499 635 etiarn
525 600 699 634 veteribus
720 599 938 643 temporibus
956 611 1019 632 nec
1037 598 1140 641 igno·
1193 596 1326 641 aliquid
1353 596 1391 628 in
1409 594 1587 628 Alcorano
1614 595 1711 629 iubet
1734 595 1903 635 interfici,
1931 602 1970 629 ut
1988 595 2114 638 legitur
2131 595 2168 627 in

163 664 232 689 tam
258 666 322 687 nec
339 653 496 695 exiguam
515 657 650 694 gentem
668 651 773 683 fuisse
792 656 934 694 apparet
957 662 996 682 ex
1012 648 1143 688 Plinio,
1195 646 1376 690 excerptis:
1394 646 1422 680 εἰ
1441 643 1494 683 τὶς
1510 642 1620 692 λόγον
1637 644 1793 690 ἀπορίας
1807 646 1897 680 εἴποι
1914 646 1961 684 εἰς
1978 643 2018 680 τὸ
2034 642 2170 689 κόῤῥαν

164 706 225 751 qui
241 705 377 738 Turcos
400 702 559 736 nominat
584 709 749 745 tanquam
775 701 908 734 vicinos
933 699 1142 745 Tyssagetis‚
1193 695 1386 743 παρευθὺς
1404 696 1562 742 θανάτῳ
1579 694 1792 741 τελευτήσει.

165 765 197 790 et
212 764 293 788 sunt
319 755 410 798 apud
428 752 651 786 Herodotum
677 752 713 784 in
740 750 984 794 Melpomene,
1012 749 1142 794 Tyssa-
1296 747 1342 781 [t
1366 755 1480 781 autem
1505 754 1538 780 et
1564 747 1745 780 illecebras
1770 748 1892 787 addat,
1920 747 2078 779 concedit
2106 758 2166 780 πο·

165 807 250 849 getis
267 805 374 837 vicini
389 805 531 848 ἷῦρκαι,
560 803 654 846 quod
672 808 721 834 est
738 809 797 835 aut
814 800 951 834 Turcae
970 807 1029 833 aut
1051 800 1141 834 tura.
1196 796 1404 846 ivyccut'av,
1439 804 1473 831 et
1494 798 1578 830 sinit
1604 798 1676 831 fieri
1700 798 1850 831 divortia
1871 798 2007 841 privato
2023 797 2170 830 arbitrio

268 855 554 889 Consentaneum
581 859 630 885 est
656 859 770 885 autem
795 859 930 894 gentem
955 851 1143 884 Turcicam
1196 850 1270 882 sine
1294 848 1493 892 cognitione
1511 847 1688 887 Iudicum‚
1717 856 1749 881 et
1767 849 1840 881 sine
1858 849 2039 881 maniseaa
2059 858 2173 882 causa.

168 905 356 950 significari
380 902 676 948 appellationibus
702 899 785 947 Gog
810 909 841 935 et
859 899 1026 946 JIagog,
1057 911 1144 945 quos
1169 902 1173 957 ἰ
1198 900 1333 933 Deinde
1359 907 1397 932 ut
1422 900 1466 932 sit
1481 899 1615 932 occasio
1632 899 1898 939 beneficentiae,
1925 911 2012 943 quae
2032 898 2173 941 prodest

169 954 335 991 Ezechiel
352 955 400 988 ait
425 961 562 997 gentem
574 952 883 996 septentrionalem
900 964 972 984 esse
991 951 1075 994 Cap.
1098 951 1143 983 18
1197 952 1238 983 ad
1257 950 1502 989 concordiam,
1530 962 1602 982 non
1622 950 1735 983 solum
1751 950 1847 982 iubet
1870 949 1989 991 largiri
2010 948 2174 992 pauperi-

169 1016 201 1041 et
222 1007 282 1041 19.
1170 1007 1175 1054 Ξ
1200 1000 1283 1038 bus,
1311 1001 1368 1030 sed
1393 1000 1496 1030 etiam
1525 1012 1586 1042 pro
1612 1001 1748 1033 delictis
1763 1000 1903 1033 ordinat
1925 1000 2069 1032 mulctas
2087 1000 2175 1031 dan—

272 1057 428 1100 Apparet
458 1062 489 1087 et
514 1053 697 1086 Danielem
733 1054 774 1084 de
802 1050 1008 1085 Saracenico
1039 1060 1145 1091 regno
1171 1058 1175 1105 ἐ
1200 1050 1261 1081 das
1299 1045 1533 1091 pauperibuss
1591 1047 1642 1080 Ita
1676 1050 1915 1081 remissionem
1955 1056 2174 1092 peccatorum

170 1107 287 1153 loqui,
321 1118 399 1140 cum
426 1104 592 1147 praedicit
611 1110 753 1148 quartae
772 1098 996 1134 monarchiae
1019 1100 1147 1132 distra-
1172 1137 1175 1141 Ι
1200 1099 1362 1132 tr.-.nssert
1385 1098 1420 1129 in
1447 1097 1735 1130 satisfactionem:
1770 1105 1802 1131 et
1829 1099 1858 1130 si
1886 1099 1963 1142 quis
1998 1099 2077 1131 secit
2102 1106 2175 1131 stu-

173 1159 342 1195 cfionem,
391 1161 574 1199 postquam
602 1154 668 1186 tale
695 1164 840 1194 regnum
864 1158 1051 1183 venturum
1077 1160 1148 1182 esse
1173 1150 1175 1174 ἶ
1202 1161 1301 1192 prum
1320 1155 1378 1181 aut
1396 1148 1624 1186 adulterium,
1652 1154 1711 1181 aut
1729 1148 1859 1181 iuravit
1874 1148 1979 1187 falso,
2004 1148 2100 1181 dives
2118 1160 2176 1180 ve-

173 1208 306 1253 inquit,
331 1207 424 1250 quod
444 1212 476 1238 et
501 1216 627 1237 novam
645 1203 839 1237 doctrinam
857 1200 1146 1234 contumeliosam
1173 1196 1177 1215 ³
1202 1200 1279 1232 stiat
1295 1200 1411 1232 decem
1432 1199 1574 1243 inopes,
1601 1206 1660 1232 aut
1677 1199 1823 1232 redimat
1848 1199 1963 1242 precio
1990 1199 2176 1242 captivum,

175 1265 297 1293 contra
314 1256 425 1290 Deum
454 1255 681 1298 propagabit,
708 1261 740 1286 et
765 1253 854 1286 bella
873 1259 968 1295 geret
985 1252 1149 1283 adversus
1175 1243 1178 1288 ξ
1204 1250 1310 1293 lnops
1328 1249 1451 1283 vestiat
1468 1251 1556 1282 duos
1574 1261 1752 1293 pauperes.
1807 1248 2006 1281 Homicidia
2032 1256 2063 1282 et
2082 1250 2175 1282 furta

177 1312 335 1344 Sanctos.
390 1307 430 1339 Id
456 1306 636 1349 perspicue
663 1303 824 1347 congruit
848 1305 889 1335 ad
917 1313 1063 1345 regnum
1086 1300 1150 1334 Sa-
1174 1293 1179 1356 ἰ
1203 1301 1305 1345 punit
1326 1300 1414 1334 sicut
1427 1300 1481 1332 lex
1498 1299 1603 1334 Mosi.
1658 1300 1707 1333 lta
1731 1301 1801 1332 duo
1820 1307 2000 1343 praecepta
2016 1300 2178 1332 utilitatis

177 1359 397 1396 racemi-curn,
432 1357 469 1388 in
494 1368 562 1400 quo
593 1356 752 1388 doctriua
786 1365 940 1396 expresse
975 1351 1150 1384 contraria
1176 1362 1180 1417 i
1204 1363 1305 1384 causa
1334 1357 1516 1395 utcunque
1546 1351 1689 1384 retinet:
1720 1350 1801 1384 Non
1824 1350 1978 1390 occides,
2011 1357 2059 1384 et:
2097 1349 2177 1383 Non

178 1408 372 1452 Evangelio
390 1407 559 1446 traditur,
587 1418 674 1450 quae
690 1413 728 1439 ut
745 1405 909 1438 invitaret
933 1403 1068 1435 animos
1086 1402 1151 1434 rni-
1176 1422 1180 1441 =
1204 1403 1336 1436 furtum
1359 1401 1473 1436 facies.

177 1462 313 1499 litares,
339 1465 449 1491 astute
468 1458 559 1490 laxat
579 1457 613 1488 in
631 1456 774 1500 privatis
793 1454 950 1487 moribus
965 1453 1154 1492 licentiam,
1176 1443 1180 1464 ⁸
1307 1450 1443 1485 Deinde
1467 1459 1505 1485 ut
1536 1452 1798 1486 distinctionem
1830 1464 1911 1485 suae
1942 1450 2180 1485 multitudinis

177 1519 209 1545 et
234 1511 272 1543 in
297 1509 436 1553 publica
462 1507 717 1540 consociatione
749 1505 1032 1543 beneficentiam,
1068 1515 1152 1536 con·
1206 1516 1223 1536 a
1250 1503 1393 1536 caeteris
1417 1503 1579 1546 gentibus
1604 1504 1750 1543 faceret,
1794 1510 1827 1536 et
1856 1503 1972 1547 aliqua
2000 1500 2181 1544 religionis

178 1560 331 1595 cordiam
349 1565 381 1591 et
400 1559 504 1591 decus
523 1558 670 1590 militiae
687 1556 879 1589 confirmat.
907 1553 952 1588 Et
969 1554 1049 1599 quia
1068 1554 1154 1586 scie-
1178 1566 1182 1600 j
1207 1554 1337 1597 species
1362 1560 1468 1593 esset,
1509 1555 1724 1587 ceremonias
1754 1554 1909 1593 addidit,
1952 1554 2012 1585 sed
2043 1562 2182 1595 paucas,

179 1613 238 1645 bat
257 1609 400 1643 dissidia
419 1608 505 1641 oriri
522 1609 564 1640 de
581 1607 782 1640 difficitibus
798 1606 976 1646 articulis,
1004 1605 1063 1649 qui
1082 1615 1152 1636 non
1179 1603 1183 1657 ξ
1207 1605 1288 1649 quia
1314 1605 1415 1637 turba
1436 1604 1599 1637 militaris
1620 1616 1691 1637 non
1717 1604 1849 1648 patitur
1872 1603 1980 1636 multa
2005 1603 2086 1636 talia
2103 1603 2181 1633 vin-

179 1661 382 1695 iudIcantur
405 1659 559 1695 ratione,
586 1657 736 1690 removit
761 1657 960 1689 doctrinam
983 1658 1025 1688 de
1042 1655 1155 1687 tribus
1208 1656 1296 1688 cula.

180 1710 344 1745 Pet-sonis
366 1709 580 1747 divinitatis,
604 1717 634 1742 et
663 1707 845 1740 contendit
862 1714 998 1737 tantum
1014 1705 1154 1733 unicam
1180 1704 1184 1745 ᾖ
1308 1704 1471 1735 Rafinnit
1508 1705 1826 1745 circumcisionem,
1874 1710 1912 1737 ut
1964 1703 2184 1736 confirmaret

182 1772 365 1806 personam
383 1771 453 1791 esse
471 1759 598 1791 Deum.
635 1758 745 1797 Negat
763 1757 799 1786 in
819 1752 959 1786 Christo
979 1753 1065 1785 duas
1083 1761 1154 1782 esse
1181 1757 1185 1773 ι’
1210 1750 1468 1793 persuasionem
1488 1751 1529 1781 de
1546 1761 1651 1792 regno
1669 1755 1839 1793 promisso
1859 1754 2049 1793 posteritati
2067 1752 2185 1787 Sarae,

182 1819 332 1846 naturas.
1181 1790 1185 1828 l
1214 1800 1367 1833 lustituit
1393 1800 1485 1832 diem
1510 1801 1659 1838 festum,
1688 1800 1748 1844 qui
1772 1800 1874 1833 nobis
1898 1807 1945 1832 est
1971 1810 2084 1832 sextus
2111 1803 2184 1832 dics

283 1861 377 1894 Haec
402 1859 501 1890 avide
532 1855 747 1899 accipiebant
776 1853 913 1889 ludaei,
953 1858 985 1883 et
1014 1850 1156 1892 plurimi
1183 1868 1185 1893 χ
1213 1850 1472 1883 hebdomadae:
1523 1851 1620 1884 iubet
1658 1851 1816 1895 quotidie
1849 1851 1916 1883 dici
1949 1850 2184 1893 precationem

184 1913 244 1957 qui
263 1908 520 1945 Samosatenica
542 1906 699 1947 contagia
720 1906 754 1936 in
773 1904 842 1936 illis
869 1902 953 1935 locis
971 1899 1158 1940 habebant,
1183 1899 1186 1913 ⁷
1212 1901 1414 1946 quinquies:
1441 1902 1601 1934 concedit
1626 1901 1716 1934 vesci
1733 1901 1890 1934 omnium
1911 1901 2188 1945 quadrupedum,

184 1964 272 1996 sicut
296 1967 330 1994 et
350 1966 513 1992 narratur
531 1958 565 1989 in
589 1954 770 1988 :lh-omno
788 1954 972 1987 scribendo
989 1949 1157 1996 Sergium
1212 1953 1396 1985 volucrum
1415 1959 1447 1985 et
1465 1951 1610 1993 piscium
1628 1952 1810 1990 carnibus,
1839 1958 1976 1995 excepta
1993 1951 2094 1983 suilla
2112 1962 2188 1983 car-

185 2008 416 2046 mouachum,
460 2018 491 2042 et
523 2008 609 2040 alios
633 2008 802 2051 quosdam
827 2003 1019 2037 haereticos
1045 2010 1076 2035 et
1101 2001 1159 2035 Iu-
1212 2015 1274 2035 ne:
1320 2002 1542 2035 servantibus
1566 2000 1656 2035 hanc
1680 2003 1788 2045 legem
1815 2001 1989 2046 promittit
2024 2001 2187 2034 victorias

186 2066 290 2097 daeos
313 2058 490 2094 adhibitos
517 2070 608 2097 esse,
636 2069 787 2102 quorum
816 2053 1069 2088 deliberatione
1096 2065 1159 2096 po-
1186 2067 1187 2071 ¹
1213 2061 1244 2086 et
1268 2065 1350 2096 opes
1376 2053 1410 2084 in
1436 2050 1500 2084 hac
1529 2053 1618 2091 vita,
1646 2059 1679 2086 et
1701 2050 1884 2096 posthanc
1902 2053 2009 2084 vitam
2026 2051 2063 2083 in
2080 2050 2186 2084 Para-

186 2113 321 2158 pularia
347 2112 506 2153 dogmata
531 2109 636 2142 electa
665 2108 754 2147 sint,
779 2113 811 2139 et
830 2117 884 2138 res
905 2104 1058 2137 ostendit
1076 2101 1160 2136 haec
1214 2105 1308 2143 diso,
1335 2110 1375 2137 ut
1391 2104 1462 2146 ipse
1479 2103 1640 2137 nominat
1658 2103 1799 2136 delicias
1817 2110 1849 2136 et
1866 2102 1992 2145 gaudia
2011 2101 2086 2134 sine
2107 2102 2188 2140 fine,

187 2167 258 2198 duo
281 2169 389 2196 astute
415 2161 556 2193 confusa
583 2171 672 2198 esse,
707 2154 1026 2190 enthusiasmorum
1052 2155 1161 2187 simu·
1214 2167 1252 2187 ac
1277 2161 1370 2187 certo
1395 2155 1514 2187 beatos
1537 2154 1612 2187 fore
1626 2154 1774 2192 affirmat
1792 2165 1912 2186 omnes
1932 2152 2069 2186 sortiter
2087 2164 2188 2196 prae-

187 2215 352 2253 lationeS,
379 2219 410 2245 et
433 2213 591 2253 dogmata
612 2208 814 2253 popularia,
842 2207 929 2239 sicut
946 2206 983 2238 fit
1002 2205 1046 2238 ab
1063 2204 1161 2238 Ana·
1186 2207 1189 2235 ῗ
1214 2206 1339 2238 liantes
1356 2205 1392 2237 in
1412 2204 1495 2237 acie.

1318 2254 1389 2288 llas
1416 2255 1507 2297 leges
1531 2266 1608 2287 cum
1628 2255 1731 2288 turba
1749 2254 1912 2287 militaris
1929 2254 2078 2286 libenter
2098 2253 2188 2285 acci—

187 2267 229 2298 ba
258 2264 357 2297 tistis.

235 2276 255 2308 p
1216 2314 1332 2350 peret,
1367 2306 1433 2339 cito
1457 2305 1565 2338 crevit
1595 2305 1804 2345 multitudo,
1843 2312 1875 2338 et
1911 2303 2075 2336 victoriae
2106 2303 2190 2345 legis

293 2312 429 2346 Deinde
471 2310 601 2344 taxavit
645 2307 868 2342 Mahometus
910 2305 1162 2350 Evangelfflm,

190 2364 284 2410 quod
307 2360 490 2406 probibeat
523 2360 731 2400 vindictam,
765 2366 798 2392 et
820 2370 893 2391 non
919 2364 1018 2400 cogat
1044 2357 1161 2400 gladio
1186 2341 1191 2508 Ι
1216 2358 1438 2390 autoritatem
1463 2363 1642 2389 auxerunt.
1705 2353 1769 2389 Est
1789 2362 1903 2388 autem
1927 2355 2038 2386 forma
2064 2365 2190 2397 prope-

189 2413 339 2459 populos
364 2413 406 2444 ad
432 2411 680 2444 obedientiam.
735 2409 781 2443 ft
805 2409 909 2451 igitur
936 2409 1044 2451 legem
1065 2419 1162 2440 suam
1217 2408 1358 2440 modum
1381 2407 1572 2440 Laconicae
1590 2406 1732 2445 similis,
1762 2404 1944 2450 praecipue
1965 2405 2007 2436 ad
2027 2404 2189 2436 militiam

191 2470 341 2499 armaret
364 2459 606 2494 Mahometus.
635 2460 714 2492 dicit
742 2459 926 2503 imperium
952 2470 1032 2491 suae
1057 2458 1164 2500 genti,
1216 2458 1358 2492 directa.

192 2515 274 2561 quia
291 2513 335 2546 sit
353 2519 429 2545 orta
447 2523 463 2543 a
481 2510 584 2549 Sara,
612 2511 820 2553 promissum
840 2521 929 2547 esse,
958 2517 990 2542 et
1007 2510 1038 2541 id
1058 2508 1163 2541 armis
1188 2509 1190 2514 '
1318 2508 1543 2552 scripserunt
1560 2506 1786 2540 refutationes
1804 2504 1942 2545 Graeci,
1970 2516 2056 2550 quas
2075 2505 2190 2549 inspi-

193 2563 433 2608 occupandum
453 2572 541 2600 esse,
567 2567 598 2592 et
616 2562 785 2603 cogendas
808 2571 878 2592 esse
897 2571 1019 2592 omues
1035 2567 1163 2602 gentes,
1220 2570 1295 2592 cere
1313 2559 1399 2591 utile
1417 2565 1486 2597 est,
1513 2559 1548 2590 in
1566 2558 1693 2602 quibus
1708 2554 1774 2588 hoc
1791 2563 1881 2588 recte
1897 2555 2038 2589 dicitur.

193 2623 231 2650 ut
247 2621 305 2648 aut
323 2612 386 2655 legi
405 2608 661 2644 Mahometicae
680 2611 864 2647 obediant,
890 2617 945 2642 aut
964 2611 1083 2642 vivant
1100 2622 1163 2652 op-
1319 2609 1460 2642 Nullam
1480 2609 1672 2641 doctrinam
1692 2608 1735 2639 de
1752 2605 1824 2639 Deo
1851 2606 2075 2650 posteriorem
2093 2605 2191 2649 Apo·

194 2665 301 2711 pressi
326 2662 501 2697 servitute.
554 2659 648 2692 Haec
677 2661 768 2692 enim
794 2661 898 2693 verba
930 2661 1095 2702 leguntur
1126 2661 1162 2692 in
1188 2676 1191 2693 ι
1220 2659 1336 2701 stolis,
1363 2660 1492 2705 quibus
1513 2659 1602 2691 filius
1621 2656 1685 2691 Dei
1704 2657 1952 2691 resusciatione
1970 2662 2189 2690 mortuorum
