2324 2955
92 97 167 135 429

89 181 280 218 Ecclesiam
305 180 447 224 colligat
468 191 552 214 voce
573 175 778 223 Evangelii,
813 191 930 225 sparsa
954 180 991 213 in
1014 191 1074 224 ge-

90 244 173 267 nere
189 229 358 268 humano.
410 229 475 265 Est
496 229 620 270 homo,
646 237 687 265 ut
704 231 827 266 offerat
854 231 1072 272 sacrificium,

89 283 246 317 derivata
262 283 299 316 in
318 294 390 316 sese
406 282 457 315 ira
475 293 538 326 pro
555 292 680 325 genere
695 279 864 323 humano,
889 294 1006 328 quam,
1032 288 1072 316 ut

87 334 260 368 sustinere
276 339 390 378 posset
405 332 568 374 offerens,
595 339 642 366 est
663 344 809 377 persona
825 333 958 375 diviua,
983 333 1071 366 sicut

87 383 268 418 Hebraeos
289 395 384 417 nono
409 383 554 416 dicitur:
591 382 663 426 Qui
689 396 751 428 per
765 384 940 425 Spiritum
958 391 1071 418 aeter-

87 447 176 470 num
216 445 289 467 sese
324 434 455 468 obtulit
496 434 761 468 immaculatum
795 433 882 468 Deo.
950 433 998 469 Et
1031 435 1069 467 in

85 485 226 520 Psalmo
245 483 321 518 40.:
348 483 476 524 Volui,
503 492 536 519 et
552 486 606 518 lex
623 483 688 518 Dei
707 485 744 518 in
763 486 867 519 corde
883 497 962 519 meo
982 492 1043 521 est.

184 536 404 580 Deprecator
419 536 521 570 etiam
538 543 587 570 est
600 535 694 569 Deus
710 542 741 570 et
760 534 884 578 homo,
906 549 989 570 nam
1013 548 1069 570 ar-

83 597 212 620 canum
237 586 424 620 consilium
447 586 579 620 aeterni
603 586 728 629 patris,
767 588 810 620 de
832 588 979 631 singulis
1002 585 1068 620 ho-

82 637 242 670 minibus
259 637 354 671 videt
372 635 427 670 hic
446 638 666 681 deprecator,
693 644 725 671 et
748 649 811 682 pro
837 638 984 682 singulis
1005 649 1067 681 ap-

82 688 190 731 plicat
213 688 286 732 ipse
317 687 546 726 sacrificium,
579 688 675 732 qnod
700 688 736 721 in
760 695 886 722 natura
912 687 1067 722 humana

82 738 188 771 semel
207 739 336 772 sactum
353 744 414 771 est.
466 737 753 772 Sicutl‘lebraeos
769 740 904 773 decimo
921 739 1066 772 dicitur:

81 787 275 822 Voluntate
303 788 413 832 ipsius
435 789 641 823 sanctificati
665 801 726 833 per
749 790 964 823 oblationem
989 801 1067 823 cor-

80 839 177 883 poris
193 838 270 872 lesu
286 836 433 872 Christi.
487 838 593 874 Item:
620 839 799 874 Habentes
819 841 982 874 fiduciam
1010 840 1067 873 in-

80 889 199 922 trandi
214 890 250 922 in
268 896 386 923 sancta
403 901 466 933 per
484 891 689 934 sanguinem
709 889 797 926 Iesu.
851 891 938 925 Vult
960 890 1068 934 igitur

79 939 183 973 fidem
205 946 360 973 nostram
388 940 518 974 intueri
542 939 638 974 hunc
660 942 909 982 mediatorem,
949 941 1066 976 Deum

80 997 115 1023 et
140 988 341 1030 hominem,
369 997 403 1024 et
426 991 492 1024 niti
515 991 625 1035 ipsius
649 992 819 1025 sacrificio
844 1003 905 1025 seu
929 992 1067 1033 merito,

79 1046 114 1074 et
136 1041 246 1085 ipsius
270 1041 535 1084 deprecatione,
569 1039 636 1075 hoc
660 1054 739 1076 cum
763 1042 821 1082 fit,
863 1043 969 1076 simul
992 1044 1066 1088 ipse

78 1097 129 1125 est
143 1091 261 1124 efficax
277 1090 314 1124 in
334 1092 456 1132 nobis,
482 1099 515 1126 et
530 1093 685 1127 vivificat
700 1104 776 1128 nos·

178 1140 346 1177 LXXIII.
378 1141 525 1187 Semper
539 1143 577 1176 in
594 1140 659 1177 hac
674 1144 745 1177 vita
764 1144 802 1176 in
819 1143 1065 1177 iustificatione

77 1189 446 1235 comprehenduntur,
473 1194 579 1227 simul
604 1200 638 1227 et
659 1193 817 1227 remissio
834 1201 1066 1237 peccatorum,

77 1249 112 1276 et
127 1242 333 1284 vivificatio,
373 1255 462 1288 quae
494 1244 533 1278 fit
561 1256 624 1288 per
652 1244 765 1277 filium
788 1244 855 1278 Dei
883 1244 920 1277 in
950 1244 1065 1286 nobis,

78 1293 168 1325 sicut
183 1291 289 1328 Rom.
315 1300 440 1337 quarto
466 1306 624 1336 expresse
651 1292 918 1337 comprehendit
942 1296 1063 1327 remis-

78 1343 213 1375 sionem
234 1349 474 1386 peccatorum:
502 1343 601 1377 Beati
620 1356 772 1389 quorum
794 1344 958 1378 remissae
981 1351 1064 1378 sunt

77 1392 300 1437 iniquitates,
327 1399 360 1426 et
383 1405 533 1437 quorum
560 1401 648 1428 tecta
666 1400 748 1427 sunt
771 1401 917 1437 peccata.
972 1394 1065 1428 Ver-

76 1443 160 1475 bum
179 1442 284 1484 igitur
301 1442 506 1481 iustificare,
534 1444 752 1486 intelligatur
765 1455 804 1476 ex
821 1444 909 1484 reis,
937 1452 970 1477 et
991 1456 1063 1477 non

76 1490 287 1525 habentibus
310 1491 483 1524 iusticiam
504 1491 586 1532 Dei,
611 1493 686 1525 fieri
710 1504 783 1525 non
801 1503 896 1533 reos,
923 1494 982 1526 sed
1000 1494 1064 1526 ab-

75 1541 226 1581 solutos,
257 1548 290 1574 et
314 1539 482 1574 habentes
501 1540 700 1580 Christum,
728 1542 790 1586 qui
813 1548 846 1575 et
870 1542 988 1576 efficax
1014 1550 1065 1577 est

75 1594 112 1626 in
136 1592 259 1631 nobis,
288 1598 320 1625 et
339 1592 476 1625 assidue
499 1604 561 1636 pro
583 1593 687 1626 nobis
703 1599 837 1636 patrem
853 1592 1063 1637 interpellat,

74 1650 114 1677 ut
130 1650 272 1687 propter
286 1642 396 1687 ipsius
413 1643 618 1677 sacrificinm
636 1644 680 1678 sit
698 1644 872 1687 placatus,
896 1650 930 1677 et
947 1645 1063 1688 impu-

75 1701 169 1728 tetur
192 1693 296 1726 nobis
318 1693 392 1726 eius
416 1693 565 1730 iusticia.
618 1694 696 1728 Hoc
720 1695 762 1727 de
779 1692 913 1728 Christi
937 1696 1062 1729 merito

74 1744 258 1788 complecti
277 1755 414 1776 necesse
432 1751 492 1778 est.

175 1793 340 1835 LXXIV.
372 1792 497 1827 Esaiae
512 1793 572 1828 53.
587 1795 734 1829 dicitur:
765 1794 902 1830 Noticia
919 1796 972 1829 sui
990 1808 1063 1829 ser-

73 1856 138 1879 vus
161 1857 258 1878 meus
283 1845 412 1885 iustus,
453 1845 653 1879 iustificabit
681 1848 824 1883 multos.
891 1846 960 1880 Hic
989 1859 1062 1879 non

73 1896 222 1929 dubium
247 1901 314 1937 est,
340 1896 411 1928 dici
436 1897 479 1928 ‹le
496 1895 644 1936 Messia‚
672 1898 734 1942 qui
756 1898 962 1931 nominatur
978 1896 1063 1931 Ser-

72 1958 148 1986 vus,
173 1946 209 1979 id
231 1953 290 1985 est„
317 1946 488 1987 minister,
507 1947 633 1980 missus
650 1949 691 1981 ad
708 1946 799 1982 hanc
812 1948 1063 1988 obedientiam,

72 2004 112 2030 ut
135 2008 252 2030 vocem
270 1995 475 2041 Evangelii,
504 1998 674 2042 prolatam
698 2011 738 2032 ex
755 2000 834 2032 sinu
852 1999 984 2033 aeterni
1001 2010 1064 2042 pa-

73 2047 157 2086 tris,
193 2054 294 2080 sonet
320 2047 414 2080 inter
436 2045 618 2091 homines,
653 2056 686 2083 et
708 2050 766 2084 fiat
791 2050 962 2090 Victima,
989 2048 1063 2083 Re-

72 2099 211 2131 demtor
246 2104 280 2131 et
303 2096 484 2137 Salvator,
535 2099 626 2133 sicut
650 2098 775 2134 Esaiae
799 2099 860 2136 42.
892 2100 1061 2144 scriptum

74 2154 139 2181 est:
163 2146 254 2182 Ecce
272 2160 392 2181 servus
409 2161 518 2190 meus,
547 2162 616 2194 quo
634 2151 825 2185 delectatur
839 2151 956 2184 anima
974 2163 1062 2187 mea.

71 2198 320 2240 Hicminister
343 2198 439 2233 Deus
462 2207 495 2233 et
522 2197 649 2239 homo,
696 2201 896 2236 iustificahit
920 2202 1063 2243 multos,

71 2256 104 2283 et
119 2250 361 2284 remissionem
379 2257 599 2294 peccatorum
625 2252 742 2293 dabit,
769 2259 803 2286 et
827 2253 926 2287 dabit
949 2260 1061 2286 aeter-

70 2311 152 2333 nam
171 2300 278 2335 vitam
296 2307 328 2335 et
346 2300 532 2337 iusticiam.
584 2300 839 2347 Complectitur
855 2304 951 2337 enim
970 2303 1061 2337 inte-

70 2362 171 2393 grum
189 2351 414 2393 beneficium,
439 2352 529 2386 sicut
546 2353 713 2387 usitatum
728 2354 830 2388 estin
854 2352 1059 2399 prophetico

71 2412 244 2435 sermone.
313 2401 444 2436 Paulus
476 2410 593 2437 autem
626 2404 674 2438 ita
706 2405 867 2439 nominat
890 2405 1060 2439 beneficia

70 2449 176 2486 Rom.
193 2450 229 2488 5.
259 2450 383 2486 Gratia
395 2451 474 2493 Dei,
501 2461 534 2488 et
554 2455 688 2488 donum
705 2467 769 2500 per
783 2456 944 2499 gratiam,
971 2468 1060 2501 quae

70 2508 120 2535 est
134 2502 241 2536 unius
259 2500 414 2536 bominis
429 2501 515 2538 Iesu
533 2499 698 2545 Christi,
727 2508 894 2541 exuberat
912 2506 950 2539 in
966 2506 1061 2540 mul-

69 2558 134 2588 tos.
195 2551 357 2587 Gratiam
381 2550 476 2588 haud
498 2557 607 2590 dubie
630 2557 792 2592 nominat
816 2556 1059 2591 remissionem

68 2608 306 2646 peccatorum,
338 2610 373 2638 et
394 2606 718 2642 reconciliationem
747 2609 956 2652 gratuitam,
990 2620 1059 2654 qua

69 2663 188 2689 sumus
211 2653 343 2701 accepti
356 2653 450 2700 Deo,
475 2664 623 2704 propter
643 2659 892 2704 mediatorem,
919 2660 963 2697 de
986 2671 1058 2706 quo

854 88 1352 131 PROPOSITIONES.

2042 101 2116 137 430

1126 176 1184 212 hic
1200 177 1331 213 Paulus
1348 189 1505 223 expresse
1523 180 1655 226 inquit,
1680 193 1743 227 per
1757 183 1902 227 gratiam
1915 210 1925 226 ,
1951 195 2039 230 quae
2064 194 2116 221 est

1125 231 1232 263 unius
1255 227 1412 263 hominis
1427 228 1514 264 Iesu
1532 228 1695 272 Christi,
1722 241 1761 268 ut
1783 241 1928 269 testetur
1951 235 2054 270 nobis
2077 245 2112 272 et

1125 280 1230 313 initio
1259 281 1336 313 dari
1363 282 1608 316 remissionem
1636 291 1876 328 peccatorum,
1917 293 1950 320 et
1977 293 2111 330 postea,

1124 338 1268 376 propter
1301 332 1467 366 meritum
1502 335 1723 374 mediatoris,
1771 335 1839 369 Dei
1873 343 1906 371 et
1941 335 2110 375 hominis.

1123 381 1248 415 Postea
1273 382 1407 416 donum
1433 384 1591 419 nominat
1611 387 1892 420 consecutionem
1916 388 2023 422 totius
2046 389 2110 422 be-

1123 432 1258 473 neficii,
1305 433 1468 467 videlicet
1502 435 1609 469 vitam
1643 443 1677 469 et
1711 436 1885 471 iusticiam
1920 446 2110 480 aeternam,

1122 495 1212 529 quae
1242 484 1347 517 datur
1375 485 1478 518 nobis
1508 498 1570 529 per
1599 486 1732 527 filium,
1791 488 1852 531 qui
1879 496 1929 522 est
1959 490 2109 524 verbum

1122 534 1255 568 aeterni
1284 535 1413 578 patriS,
1460 543 1491 570 et
1523 538 1582 569 dat
1615 537 1719 570 nobis
1746 536 1917 581 Spiritum
1949 547 2109 573 sanctum

1121 597 1236 620 suum.
1290 584 1410 630 Inquit
1426 594 1540 620 autem
1551 585 1690 627 Esaias,
1716 585 1801 620 haec
1815 589 1982 622 beneficia
2000 590 2111 634 accipi

1121 633 1188 669 hoc
1216 637 1342 674 modo,
1384 637 1564 678 videlicet,
1607 638 1788 681 agnitione
1820 635 1926 672 huius
1955 640 2109 674 ministri

1121 687 1222 727 iusti,
1246 686 1281 720 id
1300 694 1366 726 est,
1395 688 1479 729 fide,
1504 689 1548 721 de
1571 701 1638 733 qua
1664 700 1768 732 supra
1793 689 1897 722 dixit:
1926 689 2015 732 Quis
2033 702 2109 723 cre-

1121 737 1173 772 dit
1188 737 1326 770 auditui
1343 745 1475 774 nostro.
1527 737 1623 772 Haec
1646 739 1731 772 fides
1756 739 1914 773 intuetur
1936 740 2109 775 mediato-

1120 800 1194 821 rem
1210 786 1325 821 Deum
1344 796 1376 823 et
1398 786 1599 830 hominem,
1626 796 1658 823 et
1677 796 1726 823 est
1741 790 1885 831 fiducia,
1913 802 1980 835 qua
2004 791 2042 824 in
2067 803 2108 825 eo

1120 838 1393 883 acquiescimus,
1435 840 1517 884 quia
1547 840 1618 883 ipse
1648 852 1708 873 sua
1733 841 1933 874 obedientia
1958 841 2111 885 placavit

1121 889 1210 922 iram
1227 889 1358 922 aeterni
1376 890 1502 933 patris,
1530 896 1564 923 et
1581 891 1668 924 dans
1683 891 1924 924 remissionem
1948 899 2110 936 peccato-

1119 952 1218 980 rum,
1241 939 1346 972 simul
1364 939 1401 972 in
1419 940 1522 973 nobis
1540 947 1591 974 est
1609 942 1739 983 efficax,
1766 942 1852 976 sicut
1871 942 2003 988 inquit:
2030 941 2108 987 Ego

1119 990 1227 1024 vitam
1247 996 1426 1023 aeternam
1443 991 1489 1023 do
1505 990 1564 1024 eis.

1219 1039 1367 1075 LXXV.
1411 1040 1534 1084 Fides,
1569 1053 1658 1086 quae
1690 1042 1849 1077 intuetur
1877 1043 2109 1076 mediatorem

1118 1091 1235 1126 Deum
1259 1097 1292 1124 et
1315 1088 1518 1132 hominem,
1545 1098 1578 1125 et
1602 1092 1732 1125 nititur
1752 1093 1877 1127 merito
1894 1094 2111 1133 mediatoris,

1118 1154 1178 1176 seu
1211 1141 1343 1185 gratia,
1384 1153 1453 1187 qua
1480 1142 1554 1186 ipse
1576 1149 1738 1186 acceptus
1762 1150 1811 1177 est
1836 1151 1977 1178 aeterno
2008 1144 2111 1188 patri,

1118 1199 1262 1237 propter
1286 1203 1391 1237 quem
1426 1198 1459 1225 et
1489 1204 1572 1233 nos,
1614 1193 1675 1237 qui
1699 1204 1819 1227 sumus
1842 1195 1916 1228 eius
1940 1195 2111 1234 membra,

1118 1243 1249 1287 accepti
1273 1253 1404 1278 sumus.
1458 1241 1553 1276 Ilaec
1574 1243 1718 1288 inquam
1743 1244 1843 1286 fides,
1870 1257 1959 1290 quae
1983 1244 2110 1278 nititur

1116 1294 1242 1326 merito
1259 1292 1501 1334 filiiMessiae,
1530 1300 1581 1327 est
1602 1294 1674 1336 ipsa
1693 1294 1819 1328 fiducia
1837 1296 2112 1335 misericordiae,

1118 1355 1185 1381 Qua
1203 1348 1347 1386 propter
1366 1354 1444 1375 eum
1463 1349 1562 1386 pater
1581 1355 1645 1376 nos
1661 1344 1797 1387 recipit.
1848 1343 1895 1379 Et
1920 1357 1999 1378 cum
2019 1345 2110 1379 Pro-

1118 1391 1242 1437 phetae
1258 1393 1302 1425 ad
1323 1392 1600 1425 misericordiam
1624 1394 1867 1437 confugerint,
1894 1396 1937 1428 de
1953 1393 2017 1428 hac
2034 1395 2110 1440 ipsa

1117 1444 1185 1475 fide
1201 1449 1409 1484 agnoscente
1424 1449 1457 1475 et
1475 1441 1760 1486 apprehendente
1777 1445 2005 1479 mediatorem
2023 1458 2110 1479 con-

1117 1493 1323 1531 cionantur,
1349 1498 1494 1534 propter
1514 1504 1617 1536 quem
1641 1495 1812 1536 promissa
1838 1501 1888 1528 est
1908 1496 2110 1529 misericor-

1117 1542 1192 1582 dia,
1216 1541 1306 1574 sicut
1322 1539 1449 1573 Daniel
1469 1541 1602 1586 inquit:
1629 1541 1710 1576 Non
1733 1550 1876 1588 propter
1893 1552 2029 1578 nostras
2053 1547 2110 1580 iu-

1116 1592 1250 1630 sticias,
1278 1593 1336 1624 sed
1357 1591 1393 1623 in
1411 1592 1650 1625 misericordia
1669 1600 1726 1626 tua
1744 1595 1948 1628 exaudinos
1965 1603 2110 1641 propter

1116 1642 1323 1677 Dominum.
1375 1640 1422 1676 Et
1438 1641 1577 1676 Psalmo
1596 1643 1647 1678 6.:
1674 1643 1848 1686 Domine,
1874 1658 1918 1678 ne
1936 1646 1973 1678 in
1990 1647 2110 1680 surore.

1117 1700 1178 1727 tuo
1193 1704 1318 1735 arguas
1336 1703 1411 1731 me,
1439 1693 1573 1726 salvum
1593 1706 1649 1726 me
1668 1695 1720 1727 sae
1741 1702 1884 1739 propter
1909 1696 2110 1730 misericor-

1116 1744 1211 1777 diam
1228 1750 1323 1776 tuam
1349 1749 1412 1776 etc.
1465 1741 1512 1777 Et
1530 1743 1669 1777 Psalmo
1695 1746 2002 1791 quinquagesimo:
2034 1747 2109 1780 Mi-

1116 1806 1229 1828 serere
1251 1793 1321 1826 mei
1344 1793 1465 1834 Deus,
1500 1795 1693 1828 secundum
1719 1808 1882 1839 magnam
1907 1797 2109 1831 misericor—

1116 1845 1210 1878 diam
1244 1850 1352 1879 tuam.
1424 1843 1494 1878 Ubi
1520 1851 1638 1889 postea
1669 1846 1898 1880 mediatorem
1928 1847 2110 1892 significat,

1116 1895 1289 1940 Aspergcs
1306 1906 1360 1927 me
1371 1892 1525 1928 Domine
1543 1893 1688 1940 hysopo,
1716 1897 1750 1929 id
1772 1904 1840 1938 est,
1867 1906 2011 1942 propter
2026 1911 2109 1932 san-

1116 1947 1258 1989 guinem
1292 1945 1355 1977 filii
1388 1945 1439 1978 tui
1470 1946 1626 1979 remittas
1648 1944 1736 1979 mihi
1761 1955 1912 1991 peccata.
1970 1948 2110 1983 Deinde

1117 1997 1220 2031 etiam
1254 2007 1334 2028 vere
1362 1996 1405 2028 de
1428 1995 1579 2028 efficacia
1619 1996 1655 2028 in
1688 1997 1791 2030 nobis
1821 1998 1995 2042 loquitur:
2038 1999 2110 2034 Cor

1116 2048 1290 2080 mundum
1309 2058 1384 2079 crea
1402 2045 1437 2077 in
1456 2058 1511 2078 me
1525 2044 1622 2079 Deus
1638 2052 1701 2080 etc.
1755 2046 1804 2081 lta
1822 2048 1954 2093 ubique
1971 2062 2038 2083 vox
2052 2050 2110 2083 di·-

1116 2099 1197 2132 vina
1230 2103 1421 2140 utrumque
1458 2097 1642 2140 proponit,
1691 2098 1990 2140 consolationem,
2039 2112 2109 2145 qua

1117 2155 1261 2194 propter
1287 2147 1515 2180 mediatorem
1539 2144 1709 2180 habemus
1728 2149 1969 2182 remissionem
1988 2162 2110 2194 pecca-

1116 2208 1233 2235 torum
1249 2204 1282 2231 et
1303 2197 1640 2233 reconciliationem.
1691 2197 1830 2232 Deinde
1851 2206 1885 2233 et
1912 2201 2108 2235 sanctifica-⁴

1115 2252 1248 2285 tionem
1266 2255 1300 2282 et
1314 2248 1605 2288 vivificationem,
1633 2248 1670 2280 in
1689 2261 1757 2293 qua
1773 2250 1867 2284 filius
1883 2250 1952 2283 Dei
1971 2263 2051 2285 vere
2070 2252 2109 2285 in

1115 2301 1220 2336 nobis
1245 2306 1297 2333 est
1320 2300 1451 2333 efficax.
1503 2296 1549 2331 Et
1573 2296 1657 2332 haec
1686 2300 1847 2335 nominat
1867 2299 1998 2335 Paulus
2015 2301 2110 2336 Gra—

1114 2353 1198 2387 tiam
1217 2358 1250 2385 et
1263 2349 1406 2384 Donum
1424 2360 1485 2392 per
1499 2349 1644 2392 gratiam
1656 2373 1665 2388 ,
1692 2362 1782 2395 quae
1797 2358 1847 2386 est
1869 2352 1975 2387 unius
1992 2350 2110 2387 homi-

1114 2404 1170 2438 nis
1185 2401 1271 2437 Iesu
1289 2395 1444 2435 Christi.

1213 2451 1380 2487 LXXVI.
1422 2449 1592 2493 Quotidie
1624 2450 1661 2484 in
1693 2451 1901 2487 recitatione
1941 2454 2107 2499 symboli,

1112 2518 1192 2540 cum
1228 2503 1414 2537 recitamus
1449 2501 1654 2535 articulum:
1707 2500 1824 2536 Credo
1862 2504 2107 2538 remissionem

1110 2562 1345 2602 peccatorum,
1376 2553 1461 2586 fides
1476 2552 1714 2594 confirmetur,
1741 2559 1775 2587 et
1793 2554 1842 2588 sic
1859 2561 1998 2595 statuat,
2017 2553 2106 2588 mihi

1111 2617 1251 2653 quoque
1282 2603 1415 2637 remitti
1446 2609 1603 2647 peccata,
1642 2601 1759 2637 Credo
1790 2604 1886 2639 iuxta
1911 2606 2042 2639 dictum
2067 2606 2106 2637 iu

1077 2665 1079 2668 ’
1110 2657 1210 2694 Actis
1226 2655 1338 2702 capite
1353 2654 1510 2696 decimo,
1536 2654 1632 2701 quod
1650 2666 1772 2690 omnes
1789 2653 1988 2702 Prophetae
2008 2655 2106 2690 testi-
