<?xml version="1.0" encoding="UTF-8"?>
<!DOCTYPE html PUBLIC "-//W3C//DTD XHTML 1.0 Transitional//EN"
    "http://www.w3.org/TR/xhtml1/DTD/xhtml1-transitional.dtd">
<html xmlns="http://www.w3.org/1999/xhtml" xml:lang="en" lang="en">
 <head>
  <title>
</title>
<meta http-equiv="Content-Type" content="text/html;charset=utf-8" />
  <meta name='ocr-system' content='tesseract 3.04.00' />
  <meta name='ocr-capabilities' content='ocr_page ocr_carea ocr_par ocr_line ocrx_word'/>
</head>
<body>
  <div class='ocr_page' id='page_1' title='image "./operaquaesupersu12melauoft/operaquaesupersu12melauoft_0151.png"; bbox 0 0 2324 2955; ppageno 0'>
   <div class='ocr_carea' id='block_1_1' title="bbox 87 122 162 159">
    <p class='ocr_par' dir='ltr' id='par_1_1' title="bbox 87 122 162 159">
     <span class='ocr_line' id='line_1_1' title="bbox 87 122 162 159; baseline -0.013 0"><span class='ocrx_word' id='word_1_1' title='bbox 87 122 162 159; x_wconf 74' lang='lat'>285</span> 
     </span>
    </p>
   </div>
   <div class='ocr_carea' id='block_1_2' title="bbox 69 206 1069 1611">
    <p class='ocr_par' dir='ltr' id='par_1_2' title="bbox 78 206 1069 695">
     <span class='ocr_line' id='line_1_2' title="bbox 84 206 1068 250; baseline -0.004 -8"><span class='ocrx_word' id='word_1_2' title='bbox 84 207 296 242; x_wconf 90' lang='lat' dir='ltr'>concludens</span> <span class='ocrx_word' id='word_1_3' title='bbox 317 217 392 239; x_wconf 90' lang='lat' dir='ltr'>eam</span> <span class='ocrx_word' id='word_1_4' title='bbox 417 212 551 250; x_wconf 90' lang='lat' dir='ltr'>partem</span> <span class='ocrx_word' id='word_1_5' title='bbox 568 206 682 240; x_wconf 85' lang='lat' dir='ltr'>addit:</span> <span class='ocrx_word' id='word_1_6' title='bbox 710 206 791 240; x_wconf 73' lang='lat' dir='ltr'>Non</span> <span class='ocrx_word' id='word_1_7' title='bbox 812 207 1068 242; x_wconf 85' lang='lat' dir='ltr'>contemnenda</span> 
     </span>
     <span class='ocr_line' id='line_1_3' title="bbox 83 255 1069 303; baseline -0.002 -11"><span class='ocrx_word' id='word_1_8' title='bbox 83 264 134 292; x_wconf 91' lang='lat' dir='ltr'>est</span> <span class='ocrx_word' id='word_1_9' title='bbox 157 257 317 291; x_wconf 89' lang='lat' dir='ltr'>doctrina</span> <span class='ocrx_word' id='word_1_10' title='bbox 342 257 524 290; x_wconf 81' lang='lat' dir='ltr'>liberalior</span> <span class='ocrx_word' id='word_1_11' title='bbox 539 268 597 295; x_wconf 93' lang='lat' dir='ltr'>eo,</span> <span class='ocrx_word' id='word_1_12' title='bbox 624 259 716 302; x_wconf 86' lang='lat' dir='ltr'>quod</span> <span class='ocrx_word' id='word_1_13' title='bbox 737 259 914 303; x_wconf 75' lang='lat' dir='ltr'>aliquibus</span> <span class='ocrx_word' id='word_1_14' title='bbox 932 255 997 290; x_wconf 89' lang='lat' dir='ltr'>hoc</span> <span class='ocrx_word' id='word_1_15' title='bbox 1018 257 1069 290; x_wconf 87' lang='lat' dir='ltr'>sa-</span> 
     </span>
     <span class='ocr_line' id='line_1_4' title="bbox 83 306 1067 351; baseline 0 -9"><span class='ocrx_word' id='word_1_16' title='bbox 83 308 246 342; x_wconf 91' lang='lat' dir='ltr'>ciendum</span> <span class='ocrx_word' id='word_1_17' title='bbox 270 308 427 345; x_wconf 81' lang='lat' dir='ltr'>videtur,</span> <span class='ocrx_word' id='word_1_18' title='bbox 455 307 514 339; x_wconf 88' lang='lat' dir='ltr'>sed</span> <span class='ocrx_word' id='word_1_19' title='bbox 538 308 655 351; x_wconf 90' lang='lat' dir='ltr'>potius</span> <span class='ocrx_word' id='word_1_20' title='bbox 679 307 797 342; x_wconf 70' lang='grc' dir='ltr'><em>σκαιοὶ</em></span> <span class='ocrx_word' id='word_1_21' title='bbox 813 307 873 343; x_wconf 79' lang='grc' dir='ltr'>καὶ</span> <span class='ocrx_word' id='word_1_22' title='bbox 892 306 1067 343; x_wconf 71' lang='grc' dir='ltr'>ἀπαίδευ-</span> 
     </span>
     <span class='ocr_line' id='line_1_5' title="bbox 81 357 1068 403; baseline -0.001 -10"><span class='ocrx_word' id='word_1_23' title='bbox 81 371 137 393; x_wconf 84' lang='grc' dir='ltr'>τοι</span> <span class='ocrx_word' id='word_1_24' title='bbox 156 358 321 392; x_wconf 89' lang='lat' dir='ltr'>censendi</span> <span class='ocrx_word' id='word_1_25' title='bbox 338 364 420 391; x_wconf 91' lang='lat' dir='ltr'>sunt</span> <span class='ocrx_word' id='word_1_26' title='bbox 435 357 508 398; x_wconf 88' lang='lat' dir='ltr'>illi,</span> <span class='ocrx_word' id='word_1_27' title='bbox 535 358 595 402; x_wconf 91' lang='lat' dir='ltr'>qui</span> <span class='ocrx_word' id='word_1_28' title='bbox 615 358 651 391; x_wconf 90' lang='lat' dir='ltr'>in</span> <span class='ocrx_word' id='word_1_29' title='bbox 666 371 703 392; x_wconf 91' lang='lat' dir='ltr'>ea</span> <span class='ocrx_word' id='word_1_30' title='bbox 720 367 802 393; x_wconf 89' lang='lat' dir='ltr'>sunt</span> <span class='ocrx_word' id='word_1_31' title='bbox 820 360 1001 403; x_wconf 89' lang='lat' dir='ltr'>opinione,</span> <span class='ocrx_word' id='word_1_32' title='bbox 1028 365 1068 392; x_wconf 91' lang='lat' dir='ltr'>ut</span> 
     </span>
     <span class='ocr_line' id='line_1_6' title="bbox 82 408 1065 454; baseline 0 -12"><span class='ocrx_word' id='word_1_33' title='bbox 82 409 238 454; x_wconf 81' lang='lat' dir='ltr'>optarint</span> <span class='ocrx_word' id='word_1_34' title='bbox 251 419 373 441; x_wconf 90' lang='lat' dir='ltr'>omnes</span> <span class='ocrx_word' id='word_1_35' title='bbox 391 408 444 441; x_wconf 91' lang='lat' dir='ltr'>sui</span> <span class='ocrx_word' id='word_1_36' title='bbox 462 408 592 441; x_wconf 86' lang='lat' dir='ltr'>similes</span> <span class='ocrx_word' id='word_1_37' title='bbox 610 421 691 450; x_wconf 88' lang='lat' dir='ltr'>esse,</span> <span class='ocrx_word' id='word_1_38' title='bbox 719 418 756 444; x_wconf 89' lang='lat' dir='ltr'>ut</span> <span class='ocrx_word' id='word_1_39' title='bbox 774 411 810 442; x_wconf 85' lang='lat' dir='ltr'>in</span> <span class='ocrx_word' id='word_1_40' title='bbox 827 411 879 443; x_wconf 90' lang='lat' dir='ltr'>sui</span> <span class='ocrx_word' id='word_1_41' title='bbox 896 410 1065 443; x_wconf 86' lang='lat' dir='ltr'>similium</span> 
     </span>
     <span class='ocr_line' id='line_1_7' title="bbox 80 459 1065 505; baseline 0 -13"><span class='ocrx_word' id='word_1_42' title='bbox 80 459 278 505; x_wconf 81' lang='lat' dir='ltr'>frequentia</span> <span class='ocrx_word' id='word_1_43' title='bbox 301 459 426 499; x_wconf 85' lang='lat' dir='ltr'>latere,</span> <span class='ocrx_word' id='word_1_44' title='bbox 454 465 487 491; x_wconf 90' lang='lat' dir='ltr'>et</span> <span class='ocrx_word' id='word_1_45' title='bbox 511 459 635 492; x_wconf 85' lang='lat' dir='ltr'>iustam</span> <span class='ocrx_word' id='word_1_46' title='bbox 653 461 816 494; x_wconf 81' lang='lat' dir='ltr'>ruditatis</span> <span class='ocrx_word' id='word_1_47' title='bbox 839 468 942 505; x_wconf 87' lang='lat' dir='ltr'>atque</span> <span class='ocrx_word' id='word_1_48' title='bbox 958 460 1065 493; x_wconf 91' lang='lat' dir='ltr'>insci-</span> 
     </span>
     <span class='ocr_line' id='line_1_8' title="bbox 79 507 1066 554; baseline 0 -11"><span class='ocrx_word' id='word_1_49' title='bbox 79 510 148 544; x_wconf 83' lang='lat' dir='ltr'>tiae</span> <span class='ocrx_word' id='word_1_50' title='bbox 165 521 247 543; x_wconf 88' lang='lat' dir='ltr'>suae</span> <span class='ocrx_word' id='word_1_51' title='bbox 264 507 571 553; x_wconf 81' lang='lat' dir='ltr'>reprehensionem</span> <span class='ocrx_word' id='word_1_52' title='bbox 597 510 747 553; x_wconf 84' lang='lat' dir='ltr'>effugere</span> <span class='ocrx_word' id='word_1_53' title='bbox 766 512 912 554; x_wconf 80' lang='lat' dir='ltr'>possint.</span> <span class='ocrx_word' id='word_1_54' title='bbox 965 510 1066 543; x_wconf 87' lang='lat' dir='ltr'>Basi-</span> 
     </span>
     <span class='ocr_line' id='line_1_9' title="bbox 78 560 1066 605; baseline 0.001 -12"><span class='ocrx_word' id='word_1_55' title='bbox 78 561 147 594; x_wconf 88' lang='lat' dir='ltr'>lius</span> <span class='ocrx_word' id='word_1_56' title='bbox 162 560 329 604; x_wconf 86' lang='lat' dir='ltr'>peculiari</span> <span class='ocrx_word' id='word_1_57' title='bbox 347 560 473 604; x_wconf 90' lang='lat' dir='ltr'>scripto</span> <span class='ocrx_word' id='word_1_58' title='bbox 492 561 598 602; x_wconf 76' lang='lat' dir='ltr'>edito,</span> <span class='ocrx_word' id='word_1_59' title='bbox 626 573 712 605; x_wconf 79' lang='lat' dir='ltr'>quae</span> <span class='ocrx_word' id='word_1_60' title='bbox 731 562 799 594; x_wconf 85' lang='lat' dir='ltr'>iam</span> <span class='ocrx_word' id='word_1_61' title='bbox 817 562 954 605; x_wconf 79' lang='lat' dir='ltr'>explosa</span> <span class='ocrx_word' id='word_1_62' title='bbox 967 567 1066 594; x_wconf 86' lang='lat' dir='ltr'>crant</span> 
     </span>
     <span class='ocr_line' id='line_1_10' title="bbox 79 608 1064 651; baseline 0 -7"><span class='ocrx_word' id='word_1_63' title='bbox 79 623 120 644; x_wconf 84' lang='lat' dir='ltr'>ex</span> <span class='ocrx_word' id='word_1_64' title='bbox 145 608 274 644; x_wconf 89' lang='lat' dir='ltr'>scholis</span> <span class='ocrx_word' id='word_1_65' title='bbox 292 611 408 645; x_wconf 79' lang='lat' dir='ltr'>studia</span> <span class='ocrx_word' id='word_1_66' title='bbox 424 611 615 651; x_wconf 71' lang='lat' dir='ltr'>revocavit,</span> <span class='ocrx_word' id='word_1_67' title='bbox 643 613 798 646; x_wconf 79' lang='lat' dir='ltr'>excitatis</span> <span class='ocrx_word' id='word_1_68' title='bbox 822 614 865 645; x_wconf 83' lang='lat' dir='ltr'>ad</span> <span class='ocrx_word' id='word_1_69' title='bbox 890 625 926 646; x_wconf 89' lang='lat' dir='ltr'>ea</span> <span class='ocrx_word' id='word_1_70' title='bbox 946 612 1064 645; x_wconf 87' lang='lat' dir='ltr'>colen-</span> 
     </span>
     <span class='ocr_line' id='line_1_11' title="bbox 80 661 433 695; baseline 0 -1"><span class='ocrx_word' id='word_1_71' title='bbox 80 662 123 694; x_wconf 92' lang='lat' dir='ltr'>da</span> <span class='ocrx_word' id='word_1_72' title='bbox 141 661 433 695; x_wconf 81' lang='lat' dir='ltr'>adolescentibus.</span> 
     </span>
    </p>

    <p class='ocr_par' dir='ltr' id='par_1_3' title="bbox 69 711 1063 1611">
     <span class='ocr_line' id='line_1_12' title="bbox 178 711 1063 756; baseline 0.001 -12"><span class='ocrx_word' id='word_1_73' title='bbox 178 711 231 744; x_wconf 92' lang='lat' dir='ltr'>De</span> <span class='ocrx_word' id='word_1_74' title='bbox 247 712 444 756; x_wconf 79' lang='lat' dir='ltr'>eloquentia</span> <span class='ocrx_word' id='word_1_75' title='bbox 464 712 586 745; x_wconf 88' lang='lat' dir='ltr'>Basilii</span> <span class='ocrx_word' id='word_1_76' title='bbox 606 720 638 746; x_wconf 91' lang='lat' dir='ltr'>et</span> <span class='ocrx_word' id='word_1_77' title='bbox 654 712 868 746; x_wconf 61' lang='lat' dir='ltr'>Nazianzeni</span> <span class='ocrx_word' id='word_1_78' title='bbox 887 713 953 747; x_wconf 90' lang='lat' dir='ltr'>fuit</span> <span class='ocrx_word' id='word_1_79' title='bbox 969 712 1063 746; x_wconf 89' lang='lat' dir='ltr'>iudi-</span> 
     </span>
     <span class='ocr_line' id='line_1_13' title="bbox 77 760 1062 809; baseline 0.003 -15"><span class='ocrx_word' id='word_1_80' title='bbox 77 763 169 795; x_wconf 90' lang='lat' dir='ltr'>cium</span> <span class='ocrx_word' id='word_1_81' title='bbox 196 762 393 802; x_wconf 70' lang='lat' dir='ltr'>vetustatis,</span> <span class='ocrx_word' id='word_1_82' title='bbox 426 762 599 797; x_wconf 83' lang='lat' dir='ltr'>Basilium</span> <span class='ocrx_word' id='word_1_83' title='bbox 625 760 884 809; x_wconf 71' lang='grc' dir='ltr'>λαμπρότατον</span> <span class='ocrx_word' id='word_1_84' title='bbox 908 761 999 798; x_wconf 71' lang='grc' dir='ltr'><em>εἶναι</em></span> <span class='ocrx_word' id='word_1_85' title='bbox 1025 763 1062 797; x_wconf 75' lang='grc' dir='ltr'>ἐν</span> 
     </span>
     <span class='ocr_line' id='line_1_14' title="bbox 75 809 1062 860; baseline 0.001 -14"><span class='ocrx_word' id='word_1_86' title='bbox 75 815 130 858; x_wconf 78' lang='grc' dir='ltr'>τῷ</span> <span class='ocrx_word' id='word_1_87' title='bbox 145 809 412 860; x_wconf 71' lang='grc' dir='ltr'><em>πανηγυρίσαι.·</em></span> <span class='ocrx_word' id='word_1_88' title='bbox 444 813 703 848; x_wconf 83' lang='lat' dir='ltr'>Nazianzenum</span> <span class='ocrx_word' id='word_1_89' title='bbox 727 814 892 847; x_wconf 83' lang='lat' dir='ltr'>excellere</span> <span class='ocrx_word' id='word_1_90' title='bbox 908 815 946 847; x_wconf 92' lang='lat' dir='ltr'>in</span> <span class='ocrx_word' id='word_1_91' title='bbox 964 821 1062 848; x_wconf 87' lang='lat' dir='ltr'>utro-</span> 
     </span>
     <span class='ocr_line' id='line_1_15' title="bbox 76 861 1061 913; baseline 0.001 -17"><span class='ocrx_word' id='word_1_92' title='bbox 76 875 143 908; x_wconf 85' lang='lat' dir='ltr'>que</span> <span class='ocrx_word' id='word_1_93' title='bbox 168 874 313 905; x_wconf 83' lang='lat' dir='ltr'>genere,</span> <span class='ocrx_word' id='word_1_94' title='bbox 341 861 635 911; x_wconf 70' lang='grc' dir='ltr'><em>ὑπομνηματικιῇ</em></span> <span class='ocrx_word' id='word_1_95' title='bbox 660 873 692 899; x_wconf 92' lang='lat' dir='ltr'>et</span> <span class='ocrx_word' id='word_1_96' title='bbox 715 867 974 913; x_wconf 64' lang='grc' dir='ltr'>πανηγυρικῷ,</span> <span class='ocrx_word' id='word_1_97' title='bbox 1002 866 1061 897; x_wconf 90' lang='lat' dir='ltr'>sed</span> 
     </span>
     <span class='ocr_line' id='line_1_16' title="bbox 76 910 1062 958; baseline 0.001 -11"><span class='ocrx_word' id='word_1_98' title='bbox 76 910 366 958; x_wconf 74' lang='grc' dir='ltr'><em>σταθερώθερον</em></span> <span class='ocrx_word' id='word_1_99' title='bbox 397 926 468 948; x_wconf 88' lang='lat' dir='ltr'>esse</span> <span class='ocrx_word' id='word_1_100' title='bbox 499 914 642 951; x_wconf 85' lang='lat' dir='ltr'>Basilio.</span> <span class='ocrx_word' id='word_1_101' title='bbox 717 915 791 948; x_wconf 90' lang='lat' dir='ltr'>Hos</span> <span class='ocrx_word' id='word_1_102' title='bbox 822 923 936 949; x_wconf 89' lang='lat' dir='ltr'>tantos</span> <span class='ocrx_word' id='word_1_103' title='bbox 968 916 1062 948; x_wconf 72' lang='lat' dir='ltr'>viros</span> 
     </span>
     <span class='ocr_line' id='line_1_17' title="bbox 73 961 1061 1011; baseline 0.004 -16"><span class='ocrx_word' id='word_1_104' title='bbox 73 963 265 1008; x_wconf 87' lang='lat' dir='ltr'>impiorum</span> <span class='ocrx_word' id='word_1_105' title='bbox 287 961 550 1009; x_wconf 87' lang='lat' dir='ltr'>hypocritarum</span> <span class='ocrx_word' id='word_1_106' title='bbox 575 965 720 1007; x_wconf 79' lang='lat' dir='ltr'>cohors,</span> <span class='ocrx_word' id='word_1_107' title='bbox 747 978 835 1011; x_wconf 90' lang='lat' dir='ltr'>quae</span> <span class='ocrx_word' id='word_1_108' title='bbox 853 966 1061 999; x_wconf 84' lang='lat' dir='ltr'>dominaba-</span> 
     </span>
     <span class='ocr_line' id='line_1_18' title="bbox 73 1014 1061 1062; baseline 0.002 -14"><span class='ocrx_word' id='word_1_109' title='bbox 73 1021 132 1048; x_wconf 86' lang='lat' dir='ltr'>tur</span> <span class='ocrx_word' id='word_1_110' title='bbox 148 1014 187 1046; x_wconf 90' lang='lat' dir='ltr'>in</span> <span class='ocrx_word' id='word_1_111' title='bbox 203 1014 293 1047; x_wconf 89' lang='lat' dir='ltr'>aulis</span> <span class='ocrx_word' id='word_1_112' title='bbox 305 1014 560 1059; x_wconf 85' lang='lat' dir='ltr'>imperatorum</span> <span class='ocrx_word' id='word_1_113' title='bbox 577 1024 607 1050; x_wconf 89' lang='lat' dir='ltr'>et</span> <span class='ocrx_word' id='word_1_114' title='bbox 620 1017 837 1060; x_wconf 88' lang='lat' dir='ltr'>Principum,</span> <span class='ocrx_word' id='word_1_115' title='bbox 864 1014 1061 1062; x_wconf 70' lang='lat' dir='ltr'>sycophan-</span> 
     </span>
     <span class='ocr_line' id='line_1_19' title="bbox 72 1064 1062 1108; baseline 0.001 -10"><span class='ocrx_word' id='word_1_116' title='bbox 72 1065 150 1099; x_wconf 89' lang='lat' dir='ltr'>ticis</span> <span class='ocrx_word' id='word_1_117' title='bbox 177 1064 379 1106; x_wconf 85' lang='lat' dir='ltr'>calumniis,</span> <span class='ocrx_word' id='word_1_118' title='bbox 406 1068 635 1101; x_wconf 88' lang='lat' dir='ltr'>mendacibus</span> <span class='ocrx_word' id='word_1_119' title='bbox 662 1068 972 1108; x_wconf 88' lang='lat' dir='ltr'>insectationibus,</span> <span class='ocrx_word' id='word_1_120' title='bbox 999 1080 1062 1100; x_wconf 87' lang='lat' dir='ltr'>ne-</span> 
     </span>
     <span class='ocr_line' id='line_1_20' title="bbox 71 1115 1060 1159; baseline 0.003 -10"><span class='ocrx_word' id='word_1_121' title='bbox 71 1115 169 1149; x_wconf 85' lang='lat' dir='ltr'>fariis</span> <span class='ocrx_word' id='word_1_122' title='bbox 194 1122 228 1149; x_wconf 91' lang='lat' dir='ltr'>et</span> <span class='ocrx_word' id='word_1_123' title='bbox 254 1116 400 1149; x_wconf 89' lang='lat' dir='ltr'>occultis</span> <span class='ocrx_word' id='word_1_124' title='bbox 421 1118 666 1152; x_wconf 87' lang='lat' dir='ltr'>molitionibus</span> <span class='ocrx_word' id='word_1_125' title='bbox 693 1120 779 1152; x_wconf 90' lang='lat' dir='ltr'>adeo</span> <span class='ocrx_word' id='word_1_126' title='bbox 807 1119 979 1159; x_wconf 84' lang='lat' dir='ltr'>exercuit,</span> <span class='ocrx_word' id='word_1_127' title='bbox 1021 1125 1060 1152; x_wconf 90' lang='lat' dir='ltr'>ut</span> 
     </span>
     <span class='ocr_line' id='line_1_21' title="bbox 71 1163 1060 1215; baseline 0.002 -16"><span class='ocrx_word' id='word_1_128' title='bbox 71 1173 107 1200; x_wconf 90' lang='lat' dir='ltr'>et</span> <span class='ocrx_word' id='word_1_129' title='bbox 119 1163 390 1211; x_wconf 88' lang='lat' dir='ltr'>Episcopatibus</span> <span class='ocrx_word' id='word_1_130' title='bbox 404 1169 591 1203; x_wconf 87' lang='lat' dir='ltr'>excusserit</span> <span class='ocrx_word' id='word_1_131' title='bbox 609 1170 789 1215; x_wconf 87' lang='lat' dir='ltr'>quosdam,</span> <span class='ocrx_word' id='word_1_132' title='bbox 816 1176 849 1203; x_wconf 89' lang='lat' dir='ltr'>et</span> <span class='ocrx_word' id='word_1_133' title='bbox 865 1169 901 1202; x_wconf 90' lang='lat' dir='ltr'>in</span> <span class='ocrx_word' id='word_1_134' title='bbox 917 1169 1060 1202; x_wconf 87' lang='lat' dir='ltr'>exilium</span> 
     </span>
     <span class='ocr_line' id='line_1_22' title="bbox 71 1216 1060 1264; baseline 0.001 -14"><span class='ocrx_word' id='word_1_135' title='bbox 71 1216 190 1261; x_wconf 87' lang='lat' dir='ltr'>pulsos</span> <span class='ocrx_word' id='word_1_136' title='bbox 214 1218 378 1261; x_wconf 88' lang='lat' dir='ltr'>presserit</span> <span class='ocrx_word' id='word_1_137' title='bbox 408 1218 628 1264; x_wconf 87' lang='lat' dir='ltr'>aliquandiu.</span> <span class='ocrx_word' id='word_1_138' title='bbox 687 1220 757 1254; x_wconf 88' lang='lat' dir='ltr'>Sed</span> <span class='ocrx_word' id='word_1_139' title='bbox 791 1220 872 1264; x_wconf 93' lang='lat' dir='ltr'>quia</span> <span class='ocrx_word' id='word_1_140' title='bbox 907 1219 1060 1263; x_wconf 89' lang='lat' dir='ltr'>opprimi</span> 
     </span>
     <span class='ocr_line' id='line_1_23' title="bbox 71 1267 1059 1314; baseline 0.002 -15"><span class='ocrx_word' id='word_1_141' title='bbox 71 1267 199 1300; x_wconf 86' lang='lat' dir='ltr'>veritas</span> <span class='ocrx_word' id='word_1_142' title='bbox 222 1274 255 1301; x_wconf 91' lang='lat' dir='ltr'>et</span> <span class='ocrx_word' id='word_1_143' title='bbox 277 1267 480 1302; x_wconf 88' lang='lat' dir='ltr'>innocentia</span> <span class='ocrx_word' id='word_1_144' title='bbox 504 1282 578 1303; x_wconf 88' lang='lat' dir='ltr'>non</span> <span class='ocrx_word' id='word_1_145' title='bbox 600 1277 733 1314; x_wconf 84' lang='lat' dir='ltr'>potest,</span> <span class='ocrx_word' id='word_1_146' title='bbox 767 1277 806 1304; x_wconf 89' lang='lat' dir='ltr'>ut</span> <span class='ocrx_word' id='word_1_147' title='bbox 832 1270 983 1303; x_wconf 84' lang='lat' dir='ltr'>maxime</span> <span class='ocrx_word' id='word_1_148' title='bbox 1007 1270 1059 1301; x_wconf 93' lang='lat' dir='ltr'>la-</span> 
     </span>
     <span class='ocr_line' id='line_1_24' title="bbox 71 1317 1058 1360; baseline -0.001 -10"><span class='ocrx_word' id='word_1_149' title='bbox 71 1318 173 1350; x_wconf 87' lang='lat' dir='ltr'>boret</span> <span class='ocrx_word' id='word_1_150' title='bbox 195 1317 468 1360; x_wconf 82' lang='lat' dir='ltr'>aliquantisper,</span> <span class='ocrx_word' id='word_1_151' title='bbox 496 1317 575 1349; x_wconf 84' lang='lat' dir='ltr'>ideo</span> <span class='ocrx_word' id='word_1_152' title='bbox 599 1318 705 1360; x_wconf 88' lang='lat' dir='ltr'>paulo</span> <span class='ocrx_word' id='word_1_153' title='bbox 732 1324 829 1360; x_wconf 86' lang='lat' dir='ltr'>post,</span> <span class='ocrx_word' id='word_1_154' title='bbox 856 1318 1058 1350; x_wconf 89' lang='lat' dir='ltr'>innocentia</span> 
     </span>
     <span class='ocr_line' id='line_1_25' title="bbox 70 1365 1059 1411; baseline 0.001 -12"><span class='ocrx_word' id='word_1_155' title='bbox 70 1367 258 1411; x_wconf 86' lang='lat' dir='ltr'>patefacta,</span> <span class='ocrx_word' id='word_1_156' title='bbox 293 1366 446 1400; x_wconf 84' lang='lat' dir='ltr'>revocati</span> <span class='ocrx_word' id='word_1_157' title='bbox 470 1373 551 1400; x_wconf 89' lang='lat' dir='ltr'>sunt</span> <span class='ocrx_word' id='word_1_158' title='bbox 577 1368 620 1400; x_wconf 92' lang='lat' dir='ltr'>ab</span> <span class='ocrx_word' id='word_1_159' title='bbox 639 1368 743 1400; x_wconf 80' lang='lat' dir='ltr'>exilio</span> <span class='ocrx_word' id='word_1_160' title='bbox 763 1379 800 1400; x_wconf 88' lang='lat' dir='ltr'>ac</span> <span class='ocrx_word' id='word_1_161' title='bbox 822 1367 974 1401; x_wconf 82' lang='lat' dir='ltr'>restituti</span> <span class='ocrx_word' id='word_1_162' title='bbox 993 1365 1059 1400; x_wconf 90' lang='lat' dir='ltr'>ho-</span> 
     </span>
     <span class='ocr_line' id='line_1_26' title="bbox 71 1414 1058 1457; baseline 0 -8"><span class='ocrx_word' id='word_1_163' title='bbox 71 1417 225 1450; x_wconf 85' lang='lat' dir='ltr'>norifice.</span> <span class='ocrx_word' id='word_1_164' title='bbox 283 1414 378 1449; x_wconf 89' lang='lat' dir='ltr'>Haec</span> <span class='ocrx_word' id='word_1_165' title='bbox 401 1429 440 1448; x_wconf 91' lang='lat' dir='ltr'>eo</span> <span class='ocrx_word' id='word_1_166' title='bbox 465 1429 718 1457; x_wconf 83' lang='lat' dir='ltr'>commemoro,</span> <span class='ocrx_word' id='word_1_167' title='bbox 755 1424 794 1450; x_wconf 90' lang='lat' dir='ltr'>ut</span> <span class='ocrx_word' id='word_1_168' title='bbox 823 1418 1058 1451; x_wconf 81' lang='lat' dir='ltr'>adolescentes</span> 
     </span>
     <span class='ocr_line' id='line_1_27' title="bbox 69 1465 1056 1510; baseline -0.001 -11"><span class='ocrx_word' id='word_1_169' title='bbox 69 1466 228 1509; x_wconf 88' lang='lat' dir='ltr'>exemplo</span> <span class='ocrx_word' id='word_1_170' title='bbox 262 1471 293 1497; x_wconf 93' lang='lat' dir='ltr'>et</span> <span class='ocrx_word' id='word_1_171' title='bbox 317 1465 457 1497; x_wconf 87' lang='lat' dir='ltr'>iudiciis</span> <span class='ocrx_word' id='word_1_172' title='bbox 479 1473 656 1499; x_wconf 88' lang='lat' dir='ltr'>tantorum</span> <span class='ocrx_word' id='word_1_173' title='bbox 690 1468 867 1507; x_wconf 78' lang='lat' dir='ltr'>virorum,</span> <span class='ocrx_word' id='word_1_174' title='bbox 905 1479 1056 1510; x_wconf 88' lang='lat' dir='ltr'>quorum</span> 
     </span>
     <span class='ocr_line' id='line_1_28' title="bbox 69 1513 1054 1562; baseline -0.001 -12"><span class='ocrx_word' id='word_1_175' title='bbox 69 1515 267 1550; x_wconf 86' lang='lat' dir='ltr'>testimonia</span> <span class='ocrx_word' id='word_1_176' title='bbox 291 1522 437 1559; x_wconf 84' lang='lat' dir='ltr'>usurpat</span> <span class='ocrx_word' id='word_1_177' title='bbox 465 1513 622 1549; x_wconf 83' lang='lat' dir='ltr'>Ecclesia</span> <span class='ocrx_word' id='word_1_178' title='bbox 649 1523 817 1562; x_wconf 80' lang='lat' dir='ltr'>tanquam</span> <span class='ocrx_word' id='word_1_179' title='bbox 852 1514 1054 1556; x_wconf 71' lang='grc' dir='ltr'>ἀξιόπιστα,</span> 
     </span>
     <span class='ocr_line' id='line_1_29' title="bbox 69 1565 1056 1611; baseline -0.002 -10"><span class='ocrx_word' id='word_1_180' title='bbox 69 1565 282 1606; x_wconf 84' lang='lat' dir='ltr'>confirmati,</span> <span class='ocrx_word' id='word_1_181' title='bbox 325 1573 553 1600; x_wconf 84' lang='lat' dir='ltr'>contemnant</span> <span class='ocrx_word' id='word_1_182' title='bbox 588 1567 719 1600; x_wconf 90' lang='lat' dir='ltr'>insulsa</span> <span class='ocrx_word' id='word_1_183' title='bbox 756 1567 885 1600; x_wconf 87' lang='lat' dir='ltr'>iudicia</span> <span class='ocrx_word' id='word_1_184' title='bbox 919 1567 1056 1611; x_wconf 85' lang='lat' dir='ltr'>aliquo-</span> 
     </span>
    </p>
   </div>
   <div class='ocr_carea' id='block_1_3' title="bbox 637 119 1552 160">
    <p class='ocr_par' dir='ltr' id='par_1_4' title="bbox 637 119 1552 160">
     <span class='ocr_line' id='line_1_30' title="bbox 637 119 1552 160; baseline 0.004 -4"><span class='ocrx_word' id='word_1_185' title='bbox 637 119 797 156; x_wconf 88' lang='lat' dir='ltr'>DECL.</span> <span class='ocrx_word' id='word_1_186' title='bbox 842 119 914 156; x_wconf 90' lang='lat' dir='ltr'>DE</span> <span class='ocrx_word' id='word_1_187' title='bbox 955 119 1258 156; x_wconf 77' lang='lat' dir='ltr'>LUDOVICO</span> <span class='ocrx_word' id='word_1_188' title='bbox 1298 121 1552 160; x_wconf 80' lang='lat' dir='ltr'>BAVARO.</span> 
     </span>
    </p>
   </div>
   <div class='ocr_carea' id='block_1_4' title="bbox 1081 1406 1085 1552">
    <p class='ocr_par' dir='ltr' id='par_1_5' title="bbox 1081 1406 1085 1552">
     <span class='ocr_line' id='line_1_31' title="bbox 1082 1406 1085 1421; baseline 0 0"><span class='ocrx_word' id='word_1_189' title='bbox 1082 1406 1085 1421; x_wconf 85' lang='lat'>1</span> 
     </span>
     <span class='ocr_line' id='line_1_32' title="bbox 1081 1433 1085 1483; baseline 0 0"><span class='ocrx_word' id='word_1_190' title='bbox 1081 1433 1085 1483; x_wconf 52' lang='lat' dir='ltr'>f</span> 
     </span>
     <span class='ocr_line' id='line_1_33' title="bbox 1082 1500 1084 1528; baseline 0 0"><span class='ocrx_word' id='word_1_191' title='bbox 1082 1500 1084 1528; x_wconf 62' lang='grc' dir='ltr'>ἵ</span> 
     </span>
     <span class='ocr_line' id='line_1_34' title="bbox 1082 1532 1083 1552; baseline 0 0"><span class='ocrx_word' id='word_1_192' title='bbox 1082 1532 1083 1552; x_wconf 61' lang='lat'>1</span> 
     </span>
    </p>
   </div>
   <div class='ocr_carea' id='block_1_5' title="bbox 68 1615 1082 1662">
    <p class='ocr_par' dir='ltr' id='par_1_6' title="bbox 68 1615 1082 1662">
     <span class='ocr_line' id='line_1_35' title="bbox 68 1615 1082 1662; baseline -0.002 -11"><span class='ocrx_word' id='word_1_193' title='bbox 68 1629 146 1651; x_wconf 89' lang='lat' dir='ltr'>rum</span> <span class='ocrx_word' id='word_1_194' title='bbox 159 1645 168 1658; x_wconf 90' lang='lat'>‚</span> <span class='ocrx_word' id='word_1_195' title='bbox 205 1616 265 1662; x_wconf 90' lang='lat' dir='ltr'>qui</span> <span class='ocrx_word' id='word_1_196' title='bbox 283 1616 457 1650; x_wconf 88' lang='lat' dir='ltr'>similibus</span> <span class='ocrx_word' id='word_1_197' title='bbox 475 1618 609 1651; x_wconf 87' lang='lat' dir='ltr'>artibus</span> <span class='ocrx_word' id='word_1_198' title='bbox 632 1625 665 1651; x_wconf 93' lang='lat' dir='ltr'>et</span> <span class='ocrx_word' id='word_1_199' title='bbox 681 1618 818 1662; x_wconf 90' lang='lat' dir='ltr'>scriptis</span> <span class='ocrx_word' id='word_1_200' title='bbox 836 1617 950 1651; x_wconf 88' lang='lat' dir='ltr'>studia</span> <span class='ocrx_word' id='word_1_201' title='bbox 974 1615 1055 1661; x_wconf 88' lang='lat' dir='ltr'>phi-</span> <span class='ocrx_word' id='word_1_202' title='bbox 1080 1643 1082 1645; x_wconf 85' lang='lat'>.</span> 
     </span>
    </p>
   </div>
   <div class='ocr_carea' id='block_1_6' title="bbox 66 1665 1053 1814">
    <p class='ocr_par' dir='ltr' id='par_1_7' title="bbox 66 1665 1053 1814">
     <span class='ocr_line' id='line_1_36' title="bbox 66 1665 1053 1712; baseline -0.002 -10"><span class='ocrx_word' id='word_1_203' title='bbox 66 1665 247 1712; x_wconf 85' lang='lat' dir='ltr'>losophica</span> <span class='ocrx_word' id='word_1_204' title='bbox 279 1679 374 1701; x_wconf 88' lang='lat' dir='ltr'>nunc</span> <span class='ocrx_word' id='word_1_205' title='bbox 406 1675 629 1712; x_wconf 83' lang='lat' dir='ltr'>oppugnant,</span> <span class='ocrx_word' id='word_1_206' title='bbox 670 1675 702 1701; x_wconf 88' lang='lat' dir='ltr'>et</span> <span class='ocrx_word' id='word_1_207' title='bbox 730 1681 801 1703; x_wconf 89' lang='lat' dir='ltr'>sese</span> <span class='ocrx_word' id='word_1_208' title='bbox 834 1670 876 1701; x_wconf 88' lang='lat' dir='ltr'>ad</span> <span class='ocrx_word' id='word_1_209' title='bbox 900 1668 1053 1702; x_wconf 88' lang='lat' dir='ltr'>studium</span> 
     </span>
     <span class='ocr_line' id='line_1_37' title="bbox 66 1717 1053 1762; baseline -0.004 -9"><span class='ocrx_word' id='word_1_210' title='bbox 66 1718 246 1753; x_wconf 85' lang='lat' dir='ltr'>ardentius</span> <span class='ocrx_word' id='word_1_211' title='bbox 269 1718 469 1752; x_wconf 84' lang='lat' dir='ltr'>exuscitent.</span> <span class='ocrx_word' id='word_1_212' title='bbox 522 1719 619 1761; x_wconf 82' lang='lat' dir='ltr'>Quid</span> <span class='ocrx_word' id='word_1_213' title='bbox 645 1720 738 1752; x_wconf 90' lang='lat' dir='ltr'>enim</span> <span class='ocrx_word' id='word_1_214' title='bbox 763 1720 800 1752; x_wconf 84' lang='lat' dir='ltr'>fit</span> <span class='ocrx_word' id='word_1_215' title='bbox 826 1717 892 1752; x_wconf 90' lang='lat' dir='ltr'>hoc</span> <span class='ocrx_word' id='word_1_216' title='bbox 917 1726 1053 1762; x_wconf 82' lang='lat' dir='ltr'>tempo-</span> 
     </span>
     <span class='ocr_line' id='line_1_38' title="bbox 66 1767 1052 1814; baseline -0.003 -10"><span class='ocrx_word' id='word_1_217' title='bbox 66 1782 104 1804; x_wconf 89' lang='lat' dir='ltr'>re</span> <span class='ocrx_word' id='word_1_218' title='bbox 128 1767 182 1802; x_wconf 88' lang='lat' dir='ltr'>his</span> <span class='ocrx_word' id='word_1_219' title='bbox 211 1769 404 1802; x_wconf 81' lang='lat' dir='ltr'>dissimile?</span> <span class='ocrx_word' id='word_1_220' title='bbox 454 1768 543 1803; x_wconf 92' lang='lat' dir='ltr'>Cum</span> <span class='ocrx_word' id='word_1_221' title='bbox 577 1769 693 1814; x_wconf 86' lang='lat' dir='ltr'>itaque</span> <span class='ocrx_word' id='word_1_222' title='bbox 716 1770 753 1803; x_wconf 90' lang='lat' dir='ltr'>in</span> <span class='ocrx_word' id='word_1_223' title='bbox 784 1782 864 1802; x_wconf 74' lang='lat' dir='ltr'>vera</span> <span class='ocrx_word' id='word_1_224' title='bbox 890 1767 1052 1802; x_wconf 88' lang='lat' dir='ltr'>Philoso-</span> 
     </span>
    </p>
   </div>
   <div class='ocr_carea' id='block_1_7' title="bbox 66 1868 1052 1966">
    <p class='ocr_par' dir='ltr' id='par_1_8' title="bbox 66 1868 1052 1966">
     <span class='ocr_line' id='line_1_39' title="bbox 66 1868 1052 1914; baseline -0.003 -9"><span class='ocrx_word' id='word_1_225' title='bbox 66 1884 140 1905; x_wconf 89' lang='lat' dir='ltr'>ram</span> <span class='ocrx_word' id='word_1_226' title='bbox 163 1871 430 1914; x_wconf 86' lang='lat' dir='ltr'>cognoverimus</span> <span class='ocrx_word' id='word_1_227' title='bbox 462 1868 524 1904; x_wconf 89' lang='lat' dir='ltr'>hos</span> <span class='ocrx_word' id='word_1_228' title='bbox 550 1872 668 1905; x_wconf 91' lang='lat' dir='ltr'>doctos</span> <span class='ocrx_word' id='word_1_229' title='bbox 701 1879 733 1905; x_wconf 90' lang='lat' dir='ltr'>et</span> <span class='ocrx_word' id='word_1_230' title='bbox 758 1870 923 1905; x_wconf 88' lang='lat' dir='ltr'>honestos</span> <span class='ocrx_word' id='word_1_231' title='bbox 947 1871 1052 1910; x_wconf 75' lang='lat' dir='ltr'>viros,</span> 
     </span>
     <span class='ocr_line' id='line_1_40' title="bbox 66 1919 1051 1966; baseline -0.003 -10"><span class='ocrx_word' id='word_1_232' title='bbox 66 1930 99 1956; x_wconf 85' lang='lat' dir='ltr'>et</span> <span class='ocrx_word' id='word_1_233' title='bbox 127 1933 203 1966; x_wconf 89' lang='lat' dir='ltr'>spes</span> <span class='ocrx_word' id='word_1_234' title='bbox 225 1922 285 1962; x_wconf 91' lang='lat' dir='ltr'>sit,</span> <span class='ocrx_word' id='word_1_235' title='bbox 320 1933 461 1965; x_wconf 86' lang='lat' dir='ltr'>operam</span> <span class='ocrx_word' id='word_1_236' title='bbox 485 1933 605 1954; x_wconf 86' lang='lat' dir='ltr'>eorum</span> <span class='ocrx_word' id='word_1_237' title='bbox 629 1923 848 1966; x_wconf 82' lang='lat' dir='ltr'>profuturam</span> <span class='ocrx_word' id='word_1_238' title='bbox 877 1933 948 1954; x_wconf 83' lang='lat' dir='ltr'>esse</span> <span class='ocrx_word' id='word_1_239' title='bbox 983 1919 1051 1953; x_wconf 86' lang='lat' dir='ltr'>Ec-</span> 
     </span>
    </p>
   </div>
   <div class='ocr_carea' id='block_1_8' title="bbox 65 1970 2084 2065">
    <p class='ocr_par' dir='ltr' id='par_1_9' title="bbox 65 1970 2084 2065">
     <span class='ocr_line' id='line_1_41' title="bbox 65 1970 1077 2018; baseline -0.003 -12"><span class='ocrx_word' id='word_1_240' title='bbox 65 1973 189 2006; x_wconf 84' lang='lat' dir='ltr'>clesiae</span> <span class='ocrx_word' id='word_1_241' title='bbox 221 1979 255 2006; x_wconf 86' lang='lat' dir='ltr'>et</span> <span class='ocrx_word' id='word_1_242' title='bbox 278 1970 526 2015; x_wconf 80' lang='lat' dir='ltr'>Reipublicae,</span> <span class='ocrx_word' id='word_1_243' title='bbox 567 1973 633 2005; x_wconf 91' lang='lat' dir='ltr'>tibi</span> <span class='ocrx_word' id='word_1_244' title='bbox 663 1985 719 2005; x_wconf 88' lang='lat' dir='ltr'>eos</span> <span class='ocrx_word' id='word_1_245' title='bbox 750 1974 976 2011; x_wconf 87' lang='lat' dir='ltr'>commendo,</span> <span class='ocrx_word' id='word_1_246' title='bbox 1014 1984 1077 2018; x_wconf 37' lang='lat' dir='ltr'>ac}</span> 
     </span>
     <span class='ocr_line' id='line_1_42' title="bbox 1076 2019 2084 2065; baseline 0.002 -13"><span class='ocrx_word' id='word_1_247' title='bbox 1076 2019 1077 2022; x_wconf 38' lang='lat'>¹</span> <span class='ocrx_word' id='word_1_248' title='bbox 1101 2020 1243 2064; x_wconf 82' lang='lat' dir='ltr'>prodest</span> <span class='ocrx_word' id='word_1_249' title='bbox 1264 2020 1348 2052; x_wconf 86' lang='lat' dir='ltr'>alias</span> <span class='ocrx_word' id='word_1_250' title='bbox 1372 2019 1474 2051; x_wconf 89' lang='lat' dir='ltr'>aliam</span> <span class='ocrx_word' id='word_1_251' title='bbox 1492 2027 1623 2063; x_wconf 87' lang='lat' dir='ltr'>partem</span> <span class='ocrx_word' id='word_1_252' title='bbox 1642 2021 1805 2059; x_wconf 88' lang='lat' dir='ltr'>recitare,</span> <span class='ocrx_word' id='word_1_253' title='bbox 1833 2034 1910 2054; x_wconf 89' lang='lat' dir='ltr'>cum</span> <span class='ocrx_word' id='word_1_254' title='bbox 1929 2023 2084 2065; x_wconf 74' lang='lat' dir='ltr'>integrae</span> 
     </span>
    </p>
   </div>
   <div class='ocr_carea' id='block_1_9' title="bbox 64 2022 1050 2268">
    <p class='ocr_par' dir='ltr' id='par_1_10' title="bbox 64 2022 1050 2268">
     <span class='ocr_line' id='line_1_43' title="bbox 65 2022 1050 2068; baseline -0.003 -12"><span class='ocrx_word' id='word_1_255' title='bbox 65 2030 144 2068; x_wconf 86' lang='lat' dir='ltr'>peto</span> <span class='ocrx_word' id='word_1_256' title='bbox 170 2023 307 2065; x_wconf 81' lang='lat' dir='ltr'>collegii</span> <span class='ocrx_word' id='word_1_257' title='bbox 333 2023 442 2056; x_wconf 91' lang='lat' dir='ltr'>nostri</span> <span class='ocrx_word' id='word_1_258' title='bbox 462 2030 493 2056; x_wconf 87' lang='lat' dir='ltr'>et</span> <span class='ocrx_word' id='word_1_259' title='bbox 518 2024 672 2066; x_wconf 83' lang='lat' dir='ltr'>ipsorum</span> <span class='ocrx_word' id='word_1_260' title='bbox 693 2024 854 2063; x_wconf 85' lang='lat' dir='ltr'>nomine,</span> <span class='ocrx_word' id='word_1_261' title='bbox 880 2030 917 2056; x_wconf 93' lang='lat' dir='ltr'>nt</span> <span class='ocrx_word' id='word_1_262' title='bbox 935 2022 1050 2065; x_wconf 83' lang='lat' dir='ltr'>publi-</span> 
     </span>
     <span class='ocr_line' id='line_1_44' title="bbox 65 2073 1050 2108; baseline -0.003 -1"><span class='ocrx_word' id='word_1_263' title='bbox 65 2087 102 2107; x_wconf 88' lang='lat' dir='ltr'>ca</span> <span class='ocrx_word' id='word_1_264' title='bbox 138 2073 323 2107; x_wconf 79' lang='lat' dir='ltr'>autoritate</span> <span class='ocrx_word' id='word_1_265' title='bbox 353 2074 593 2107; x_wconf 86' lang='lat' dir='ltr'>testimoninm</span> <span class='ocrx_word' id='word_1_266' title='bbox 623 2075 671 2107; x_wconf 91' lang='lat' dir='ltr'>eis</span> <span class='ocrx_word' id='word_1_267' title='bbox 698 2075 878 2108; x_wconf 83' lang='lat' dir='ltr'>doctrinae</span> <span class='ocrx_word' id='word_1_268' title='bbox 908 2074 1050 2106; x_wconf 57' lang='lat' dir='ltr'>tribues.</span> 
     </span>
     <span class='ocr_line' id='line_1_45' title="bbox 66 2124 1049 2168; baseline -0.002 -11"><span class='ocrx_word' id='word_1_269' title='bbox 66 2124 142 2158; x_wconf 86' lang='lat' dir='ltr'>Hoc</span> <span class='ocrx_word' id='word_1_270' title='bbox 178 2124 346 2157; x_wconf 83' lang='lat' dir='ltr'>beneficio</span> <span class='ocrx_word' id='word_1_271' title='bbox 381 2125 474 2168; x_wconf 80' lang='lat' dir='ltr'>ipsos</span> <span class='ocrx_word' id='word_1_272' title='bbox 511 2125 574 2158; x_wconf 86' lang='lat' dir='ltr'>tibi</span> <span class='ocrx_word' id='word_1_273' title='bbox 608 2124 642 2156; x_wconf 91' lang='lat' dir='ltr'>in</span> <span class='ocrx_word' id='word_1_274' title='bbox 683 2132 889 2168; x_wconf 88' lang='lat' dir='ltr'>perpetuum</span> <span class='ocrx_word' id='word_1_275' title='bbox 925 2124 1049 2156; x_wconf 71' lang='lat' dir='ltr'>‹levin-</span> 
     </span>
     <span class='ocr_line' id='line_1_46' title="bbox 65 2172 1048 2213; baseline -0.004 -4"><span class='ocrx_word' id='word_1_276' title='bbox 65 2177 143 2209; x_wconf 88' lang='lat' dir='ltr'>cies.</span> <span class='ocrx_word' id='word_1_277' title='bbox 220 2172 297 2208; x_wconf 86' lang='lat' dir='ltr'>Oro</span> <span class='ocrx_word' id='word_1_278' title='bbox 331 2182 445 2207; x_wconf 87' lang='lat' dir='ltr'>autem</span> <span class='ocrx_word' id='word_1_279' title='bbox 477 2175 588 2208; x_wconf 86' lang='lat' dir='ltr'>filium</span> <span class='ocrx_word' id='word_1_280' title='bbox 621 2173 707 2213; x_wconf 86' lang='lat' dir='ltr'>Dei,</span> <span class='ocrx_word' id='word_1_281' title='bbox 749 2176 943 2208; x_wconf 81' lang='lat' dir='ltr'>Dominum</span> <span class='ocrx_word' id='word_1_282' title='bbox 985 2187 1048 2206; x_wconf 87' lang='lat' dir='ltr'>no—</span> 
     </span>
     <span class='ocr_line' id='line_1_47' title="bbox 64 2222 1046 2268; baseline -0.003 -9"><span class='ocrx_word' id='word_1_283' title='bbox 64 2233 174 2259; x_wconf 91' lang='lat' dir='ltr'>strum</span> <span class='ocrx_word' id='word_1_284' title='bbox 203 2224 317 2258; x_wconf 88' lang='lat' dir='ltr'>lesum</span> <span class='ocrx_word' id='word_1_285' title='bbox 345 2223 543 2266; x_wconf 86' lang='lat' dir='ltr'>Christum,</span> <span class='ocrx_word' id='word_1_286' title='bbox 576 2225 791 2259; x_wconf 89' lang='lat' dir='ltr'>conditorem</span> <span class='ocrx_word' id='word_1_287' title='bbox 821 2226 956 2268; x_wconf 79' lang='lat' dir='ltr'>generis</span> <span class='ocrx_word' id='word_1_288' title='bbox 981 2222 1046 2257; x_wconf 86' lang='lat' dir='ltr'>hu-</span> 
     </span>
    </p>
   </div>
   <div class='ocr_carea' id='block_1_10' title="bbox 64 2273 1074 2320">
    <p class='ocr_par' dir='ltr' id='par_1_11' title="bbox 64 2273 1074 2320">
     <span class='ocr_line' id='line_1_48' title="bbox 64 2273 1074 2320; baseline -0.003 -11"><span class='ocrx_word' id='word_1_289' title='bbox 64 2277 160 2310; x_wconf 86' lang='lat' dir='ltr'>mani</span> <span class='ocrx_word' id='word_1_290' title='bbox 196 2283 230 2310; x_wconf 87' lang='lat' dir='ltr'>et</span> <span class='ocrx_word' id='word_1_291' title='bbox 262 2273 457 2316; x_wconf 83' lang='lat' dir='ltr'>Ecclesiae,</span> <span class='ocrx_word' id='word_1_292' title='bbox 497 2283 535 2309; x_wconf 88' lang='lat' dir='ltr'>ut</span> <span class='ocrx_word' id='word_1_293' title='bbox 566 2288 702 2320; x_wconf 90' lang='lat' dir='ltr'>semper</span> <span class='ocrx_word' id='word_1_294' title='bbox 736 2277 772 2309; x_wconf 87' lang='lat' dir='ltr'>in</span> <span class='ocrx_word' id='word_1_295' title='bbox 807 2274 862 2308; x_wconf 87' lang='lat' dir='ltr'>his</span> <span class='ocrx_word' id='word_1_296' title='bbox 895 2276 1074 2317; x_wconf 50' lang='lat' dir='ltr'>regioni-¹</span> 
     </span>
    </p>
   </div>
   <div class='ocr_carea' id='block_1_11' title="bbox 65 2325 1045 2369">
    <p class='ocr_par' dir='ltr' id='par_1_12' title="bbox 65 2325 1045 2369">
     <span class='ocr_line' id='line_1_49' title="bbox 65 2325 1045 2369; baseline -0.003 -9"><span class='ocrx_word' id='word_1_297' title='bbox 65 2328 130 2360; x_wconf 83' lang='lat' dir='ltr'>bus</span> <span class='ocrx_word' id='word_1_298' title='bbox 163 2333 196 2360; x_wconf 87' lang='lat' dir='ltr'>et</span> <span class='ocrx_word' id='word_1_299' title='bbox 227 2326 319 2360; x_wconf 90' lang='lat' dir='ltr'>inter</span> <span class='ocrx_word' id='word_1_300' title='bbox 351 2339 415 2359; x_wconf 91' lang='lat' dir='ltr'>nos</span> <span class='ocrx_word' id='word_1_301' title='bbox 443 2333 618 2359; x_wconf 83' lang='lat' dir='ltr'>aeternam</span> <span class='ocrx_word' id='word_1_302' title='bbox 653 2326 719 2359; x_wconf 90' lang='lat' dir='ltr'>sibi</span> <span class='ocrx_word' id='word_1_303' title='bbox 753 2327 890 2369; x_wconf 75' lang='lat' dir='ltr'>colligat</span> <span class='ocrx_word' id='word_1_304' title='bbox 924 2325 1045 2359; x_wconf 76' lang='lat' dir='ltr'>Eccle-</span> 
     </span>
    </p>
   </div>
   <div class='ocr_carea' id='block_1_12' title="bbox 65 2375 1073 2422">
    <p class='ocr_par' dir='ltr' id='par_1_13' title="bbox 65 2375 1073 2422">
     <span class='ocr_line' id='line_1_50' title="bbox 65 2375 1073 2422; baseline -0.001 -13"><span class='ocrx_word' id='word_1_305' title='bbox 65 2378 149 2410; x_wconf 88' lang='lat' dir='ltr'>siam</span> <span class='ocrx_word' id='word_1_306' title='bbox 183 2388 266 2409; x_wconf 82' lang='lat' dir='ltr'>voce</span> <span class='ocrx_word' id='word_1_307' title='bbox 299 2383 332 2410; x_wconf 90' lang='lat' dir='ltr'>ct</span> <span class='ocrx_word' id='word_1_308' title='bbox 365 2376 565 2410; x_wconf 86' lang='lat' dir='ltr'>Ministerio</span> <span class='ocrx_word' id='word_1_309' title='bbox 600 2375 784 2419; x_wconf 82' lang='lat' dir='ltr'>Evangelii</span> <span class='ocrx_word' id='word_1_310' title='bbox 812 2378 882 2416; x_wconf 76' lang='lat' dir='ltr'>sui,</span> <span class='ocrx_word' id='word_1_311' title='bbox 923 2386 954 2411; x_wconf 87' lang='lat' dir='ltr'>et</span> <span class='ocrx_word' id='word_1_312' title='bbox 984 2388 1073 2422; x_wconf 59' lang='lat' dir='ltr'>uos]</span> 
     </span>
    </p>
   </div>
   <div class='ocr_carea' id='block_1_13' title="bbox 64 2478 202 2512">
    <p class='ocr_par' dir='ltr' id='par_1_14' title="bbox 64 2478 202 2512">
     <span class='ocr_line' id='line_1_51' title="bbox 64 2478 202 2512; baseline 0.014 -2"><span class='ocrx_word' id='word_1_313' title='bbox 64 2478 202 2512; x_wconf 77' lang='lat' dir='ltr'>lutaria-</span> 
     </span>
    </p>
   </div>
   <div class='ocr_carea' id='block_1_14' title="bbox 1120 129 2104 241">
    <p class='ocr_par' dir='ltr' id='par_1_15' title="bbox 1120 129 2104 241">
     <span class='ocr_line' id='line_1_52' title="bbox 2032 129 2104 163; baseline 0 0"><span class='ocrx_word' id='word_1_314' title='bbox 2032 129 2104 163; x_wconf 77' lang='lat'>286</span> 
     </span>
     <span class='ocr_line' id='line_1_53' title="bbox 1120 205 1296 241; baseline 0.017 -3"><span class='ocrx_word' id='word_1_315' title='bbox 1120 205 1185 240; x_wconf 65' lang='lat' dir='ltr'>No.</span> <span class='ocrx_word' id='word_1_316' title='bbox 1214 207 1296 241; x_wconf 88' lang='lat'>167.</span> 
     </span>
    </p>
   </div>
   <div class='ocr_carea' id='block_1_15' title="bbox 1900 216 2102 278">
    <p class='ocr_par' dir='ltr' id='par_1_16' title="bbox 1900 216 2102 278">
     <span class='ocr_line' id='line_1_54' title="bbox 1919 216 2083 248; baseline 0.006 -4"><span class='ocrx_word' id='word_1_317' title='bbox 1919 227 1964 245; x_wconf 81' lang='lat' dir='ltr'>an.</span> <span class='ocrx_word' id='word_1_318' title='bbox 1990 216 2083 248; x_wconf 81' lang='lat'>1558.</span> 
     </span>
     <span class='ocr_line' id='line_1_55' title="bbox 1900 261 2102 278; baseline 0 0"><span class='ocrx_word' id='word_1_319' title='bbox 1900 261 2102 278; x_wconf 54' lang='grc' dir='ltr'><strong>Μ</strong></span> 
     </span>
    </p>
   </div>
   <div class='ocr_carea' id='block_1_16' title="bbox 1126 253 1295 266">
    <p class='ocr_par' dir='ltr' id='par_1_17' title="bbox 1126 253 1295 266">
     <span class='ocr_line' id='line_1_56' title="bbox 1126 253 1295 266; baseline 0 2689"><span class='ocrx_word' id='word_1_320' title='bbox 1126 253 1295 266; x_wconf 95' lang='lat' dir='ltr'> </span> 
     </span>
    </p>
   </div>
   <div class='ocr_carea' id='block_1_17' title="bbox 1331 318 1884 364">
    <p class='ocr_par' dir='ltr' id='par_1_18' title="bbox 1331 318 1884 364">
     <span class='ocr_line' id='line_1_57' title="bbox 1331 318 1884 364; baseline 0.011 -6"><span class='ocrx_word' id='word_1_321' title='bbox 1331 318 1405 358; x_wconf 86' lang='lat' dir='ltr'>De</span> <span class='ocrx_word' id='word_1_322' title='bbox 1431 319 1658 361; x_wconf 71' lang='lat' dir='ltr'>Lzeclovieo</span> <span class='ocrx_word' id='word_1_323' title='bbox 1689 321 1884 364; x_wconf 64' lang='lat' dir='ltr'>Bucen-0.</span> 
     </span>
    </p>
   </div>
   <div class='ocr_carea' id='block_1_18' title="bbox 1187 403 2100 476">
    <p class='ocr_par' dir='ltr' id='par_1_19' title="bbox 1187 403 2100 476">
     <span class='ocr_line' id='line_1_58' title="bbox 1187 403 2100 444; baseline 0.005 -13"><span class='ocrx_word' id='word_1_324' title='bbox 1187 403 1216 429; x_wconf 85' lang='lat' dir='ltr'>ln</span> <span class='ocrx_word' id='word_1_325' title='bbox 1232 405 1356 430; x_wconf 72' lang='lat' dir='ltr'>Oration.</span> <span class='ocrx_word' id='word_1_326' title='bbox 1369 405 1399 430; x_wconf 86' lang='lat' dir='ltr'>T·</span> <span class='ocrx_word' id='word_1_327' title='bbox 1418 407 1448 433; x_wconf 75' lang='lat' dir='ltr'>V.</span> <span class='ocrx_word' id='word_1_328' title='bbox 1468 417 1494 441; x_wconf 87' lang='lat' dir='ltr'>p.</span> <span class='ocrx_word' id='word_1_329' title='bbox 1509 409 1542 434; x_wconf 73' lang='lat'>72</span> <span class='ocrx_word' id='word_1_330' title='bbox 1554 418 1610 443; x_wconf 81' lang='lat' dir='ltr'>sqq.</span> <span class='ocrx_word' id='word_1_331' title='bbox 1620 429 1626 441; x_wconf 94' lang='lat'><em>,</em></span> <span class='ocrx_word' id='word_1_332' title='bbox 1648 410 1675 434; x_wconf 88' lang='lat' dir='ltr'>in</span> <span class='ocrx_word' id='word_1_333' title='bbox 1689 410 1865 436; x_wconf 82' lang='lat' dir='ltr'>Orationibus</span> <span class='ocrx_word' id='word_1_334' title='bbox 1878 415 2008 444; x_wconf 81' lang='lat' dir='ltr'>postrem.</span> <span class='ocrx_word' id='word_1_335' title='bbox 2023 410 2100 444; x_wconf 75' lang='lat' dir='ltr'>p.75.</span> 
     </span>
     <span class='ocr_line' id='line_1_59' title="bbox 1218 440 1691 476; baseline 0.011 -12"><span class='ocrx_word' id='word_1_336' title='bbox 1218 443 1243 464; x_wconf 79' lang='lat' dir='ltr'>et</span> <span class='ocrx_word' id='word_1_337' title='bbox 1264 440 1333 472; x_wconf 82' lang='lat' dir='ltr'>apud</span> <span class='ocrx_word' id='word_1_338' title='bbox 1352 440 1476 468; x_wconf 77' lang='lat' dir='ltr'>ssichard.</span> <span class='ocrx_word' id='word_1_339' title='bbox 1496 442 1526 470; x_wconf 81' lang='lat' dir='ltr'>T.</span> <span class='ocrx_word' id='word_1_340' title='bbox 1539 443 1570 468; x_wconf 95' lang='lat' dir='ltr'>ll.</span> <span class='ocrx_word' id='word_1_341' title='bbox 1593 453 1618 476; x_wconf 84' lang='lat' dir='ltr'>p.</span> <span class='ocrx_word' id='word_1_342' title='bbox 1632 443 1691 470; x_wconf 84' lang='lat'>790.</span> 
     </span>
    </p>
   </div>
   <div class='ocr_carea' id='block_1_19' title="bbox 1116 518 2101 719">
    <p class='ocr_par' dir='ltr' id='par_1_20' title="bbox 1118 518 2101 570">
     <span class='ocr_line' id='line_1_60' title="bbox 1118 518 2101 570; baseline 0.008 -19"><span class='ocrx_word' id='word_1_343' title='bbox 1118 519 1244 552; x_wconf 81' lang='lat' dir='ltr'>Oratio</span> <span class='ocrx_word' id='word_1_344' title='bbox 1269 518 1314 552; x_wconf 79' lang='lat' dir='ltr'>cle</span> <span class='ocrx_word' id='word_1_345' title='bbox 1337 522 1567 564; x_wconf 74' lang='lat' dir='ltr'>Imperatore</span> <span class='ocrx_word' id='word_1_346' title='bbox 1590 521 1772 558; x_wconf 67' lang='lat' dir='ltr'>Lcedovico</span> <span class='ocrx_word' id='word_1_347' title='bbox 1793 527 1964 570; x_wconf 62' lang='lat' dir='ltr'>Basaro,-</span> <span class='ocrx_word' id='word_1_348' title='bbox 2004 527 2101 558; x_wconf 77' lang='lat' dir='ltr'>reci·</span> 
     </span>
    </p>

    <p class='ocr_par' dir='ltr' id='par_1_21' title="bbox 1116 570 2098 617">
     <span class='ocr_line' id='line_1_61' title="bbox 1116 570 2098 617; baseline 0.008 -16"><span class='ocrx_word' id='word_1_349' title='bbox 1116 573 1199 602; x_wconf 80' lang='lat' dir='ltr'>tata</span> <span class='ocrx_word' id='word_1_350' title='bbox 1238 580 1260 603; x_wconf 84' lang='lat' dir='ltr'>a</span> <span class='ocrx_word' id='word_1_351' title='bbox 1296 572 1487 617; x_wconf 70' lang='lat' dir='ltr'>Georgia</span> <span class='ocrx_word' id='word_1_352' title='bbox 1523 570 1751 607; x_wconf 76' lang='lat' dir='ltr'>Cracovio</span> <span class='ocrx_word' id='word_1_353' title='bbox 1796 574 2098 617; x_wconf 74' lang='lat' dir='ltr'>Doctore&#39;iure‘S,</span> 
     </span>
    </p>

    <p class='ocr_par' dir='ltr' id='par_1_22' title="bbox 1117 619 2100 719">
     <span class='ocr_line' id='line_1_62' title="bbox 1117 619 2100 669; baseline 0.007 -17"><span class='ocrx_word' id='word_1_354' title='bbox 1117 630 1201 653; x_wconf 83' lang='lat' dir='ltr'>cum</span> <span class='ocrx_word' id='word_1_355' title='bbox 1227 619 1487 656; x_wconf 77' lang='lat' dir='ltr'>decerneretur</span> <span class='ocrx_word' id='word_1_356' title='bbox 1506 623 1645 669; x_wconf 67' lang='lat' dir='ltr'>gradus</span> <span class='ocrx_word' id='word_1_357' title='bbox 1660 624 1849 659; x_wconf 74' lang='lat' dir='ltr'>Matthiae</span> <span class='ocrx_word' id='word_1_358' title='bbox 1866 627 2009 666; x_wconf 75' lang='lat' dir='ltr'>Colere,</span> <span class='ocrx_word' id='word_1_359' title='bbox 2038 627 2100 659; x_wconf 82' lang='lat' dir='ltr'>Al-</span> 
     </span>
     <span class='ocr_line' id='line_1_63' title="bbox 1169 670 2045 719; baseline 0.002 -14"><span class='ocrx_word' id='word_1_360' title='bbox 1169 670 1410 719; x_wconf 66' lang='lat' dir='ltr'>cleburyenst,</span> <span class='ocrx_word' id='word_1_361' title='bbox 1439 675 1725 717; x_wconf 75' lang='lat' dir='ltr'>Doctorijuris,</span> <span class='ocrx_word' id='word_1_362' title='bbox 1753 676 1827 711; x_wconf 78' lang='lat' dir='ltr'>Gal.</span> <span class='ocrx_word' id='word_1_363' title='bbox 1846 674 2045 710; x_wconf 83' lang='lat' dir='ltr'>Decembr.</span> 
     </span>
    </p>
   </div>
   <div class='ocr_carea' id='block_1_20' title="bbox 1107 757 2099 1660">
    <p class='ocr_par' dir='ltr' id='par_1_23' title="bbox 1107 757 2099 1660">
     <span class='ocr_line' id='line_1_64' title="bbox 1115 757 2098 811; baseline 0.001 -14"><span class='ocrx_word' id='word_1_364' title='bbox 1115 757 1177 797; x_wconf 75' lang='lat' dir='ltr'>Ne</span> <span class='ocrx_word' id='word_1_365' title='bbox 1199 763 1275 797; x_wconf 86' lang='lat' dir='ltr'>fieri</span> <span class='ocrx_word' id='word_1_366' title='bbox 1299 764 1440 808; x_wconf 89' lang='lat' dir='ltr'>quidem</span> <span class='ocrx_word' id='word_1_367' title='bbox 1467 765 1504 797; x_wconf 91' lang='lat' dir='ltr'>in</span> <span class='ocrx_word' id='word_1_368' title='bbox 1529 765 1712 798; x_wconf 87' lang='lat' dir='ltr'>doloribus</span> <span class='ocrx_word' id='word_1_369' title='bbox 1735 766 1836 799; x_wconf 88' lang='lat' dir='ltr'>aliter</span> <span class='ocrx_word' id='word_1_370' title='bbox 1854 773 1986 811; x_wconf 84' lang='lat' dir='ltr'>potest,</span> <span class='ocrx_word' id='word_1_371' title='bbox 2013 766 2098 811; x_wconf 91' lang='lat' dir='ltr'>quin</span> 
     </span>
     <span class='ocr_line' id='line_1_65' title="bbox 1115 814 2099 858; baseline 0.003 -11"><span class='ocrx_word' id='word_1_372' title='bbox 1115 814 1268 857; x_wconf 78' lang='lat' dir='ltr'>exempla</span> <span class='ocrx_word' id='word_1_373' title='bbox 1300 827 1524 858; x_wconf 84' lang='lat' dir='ltr'>quaeramus,</span> <span class='ocrx_word' id='word_1_374' title='bbox 1560 827 1604 848; x_wconf 87' lang='lat' dir='ltr'>an</span> <span class='ocrx_word' id='word_1_375' title='bbox 1635 817 1695 848; x_wconf 89' lang='lat' dir='ltr'>alii</span> <span class='ocrx_word' id='word_1_376' title='bbox 1716 817 1843 850; x_wconf 85' lang='lat' dir='ltr'>similia</span> <span class='ocrx_word' id='word_1_377' title='bbox 1867 818 2031 858; x_wconf 82' lang='lat' dir='ltr'>tulerint,</span> <span class='ocrx_word' id='word_1_378' title='bbox 2066 824 2099 850; x_wconf 90' lang='lat' dir='ltr'>et</span> 
     </span>
     <span class='ocr_line' id='line_1_66' title="bbox 1114 866 2098 900; baseline 0.002 -2"><span class='ocrx_word' id='word_1_379' title='bbox 1114 875 1232 898; x_wconf 88' lang='lat' dir='ltr'>causas</span> <span class='ocrx_word' id='word_1_380' title='bbox 1250 870 1281 897; x_wconf 86' lang='lat' dir='ltr'>et</span> <span class='ocrx_word' id='word_1_381' title='bbox 1298 866 1408 898; x_wconf 74' lang='lat' dir='ltr'>exitus</span> <span class='ocrx_word' id='word_1_382' title='bbox 1426 866 1594 899; x_wconf 89' lang='lat' dir='ltr'>similium</span> <span class='ocrx_word' id='word_1_383' title='bbox 1611 867 1847 900; x_wconf 80' lang='lat' dir='ltr'>calamitatum</span> <span class='ocrx_word' id='word_1_384' title='bbox 1864 868 1902 900; x_wconf 93' lang='lat' dir='ltr'>in</span> <span class='ocrx_word' id='word_1_385' title='bbox 1918 868 1995 900; x_wconf 90' lang='lat' dir='ltr'>aliis</span> <span class='ocrx_word' id='word_1_386' title='bbox 2012 879 2098 900; x_wconf 89' lang='lat' dir='ltr'>con—</span> 
     </span>
     <span class='ocr_line' id='line_1_67' title="bbox 1114 915 2098 952; baseline 0.002 -4"><span class='ocrx_word' id='word_1_387' title='bbox 1114 916 1319 948; x_wconf 88' lang='lat' dir='ltr'>sideremus.</span> <span class='ocrx_word' id='word_1_388' title='bbox 1378 915 1510 949; x_wconf 84' lang='lat' dir='ltr'>Omnia</span> <span class='ocrx_word' id='word_1_389' title='bbox 1539 917 1631 949; x_wconf 92' lang='lat' dir='ltr'>enim</span> <span class='ocrx_word' id='word_1_390' title='bbox 1660 918 1818 952; x_wconf 89' lang='lat' dir='ltr'>iudicant</span> <span class='ocrx_word' id='word_1_391' title='bbox 1847 917 2008 951; x_wconf 88' lang='lat' dir='ltr'>homines</span> <span class='ocrx_word' id='word_1_392' title='bbox 2039 925 2098 951; x_wconf 92' lang='lat' dir='ltr'>aut</span> 
     </span>
     <span class='ocr_line' id='line_1_68' title="bbox 1114 965 2098 1012; baseline 0.002 -13"><span class='ocrx_word' id='word_1_393' title='bbox 1114 965 1243 1008; x_wconf 73' lang='lat' dir='ltr'>regulis</span> <span class='ocrx_word' id='word_1_394' title='bbox 1266 973 1325 999; x_wconf 89' lang='lat' dir='ltr'>aut</span> <span class='ocrx_word' id='word_1_395' title='bbox 1350 967 1526 1009; x_wconf 83' lang='lat' dir='ltr'>exemplis.</span> <span class='ocrx_word' id='word_1_396' title='bbox 1577 968 1686 1010; x_wconf 78' lang='lat' dir='ltr'>Saepe</span> <span class='ocrx_word' id='word_1_397' title='bbox 1703 969 1810 1010; x_wconf 83' lang='lat' dir='ltr'>igitur</span> <span class='ocrx_word' id='word_1_398' title='bbox 1823 969 1859 1001; x_wconf 86' lang='lat' dir='ltr'>in</span> <span class='ocrx_word' id='word_1_399' title='bbox 1878 967 1941 1001; x_wconf 83' lang='lat' dir='ltr'>hac</span> <span class='ocrx_word' id='word_1_400' title='bbox 1958 969 2098 1012; x_wconf 85' lang='lat' dir='ltr'>publica</span> 
     </span>
     <span class='ocr_line' id='line_1_69' title="bbox 1113 1016 2097 1061; baseline 0.001 -12"><span class='ocrx_word' id='word_1_401' title='bbox 1113 1016 1290 1050; x_wconf 84' lang='lat' dir='ltr'>moesticia</span> <span class='ocrx_word' id='word_1_402' title='bbox 1307 1017 1506 1049; x_wconf 74' lang='lat' dir='ltr'>universam</span> <span class='ocrx_word' id='word_1_403' title='bbox 1524 1018 1766 1061; x_wconf 83' lang='lat' dir='ltr'>antiquitatem</span> <span class='ocrx_word' id='word_1_404' title='bbox 1784 1020 1940 1058; x_wconf 89' lang='lat' dir='ltr'>intueor,</span> <span class='ocrx_word' id='word_1_405' title='bbox 1968 1026 2000 1051; x_wconf 90' lang='lat' dir='ltr'>et</span> <span class='ocrx_word' id='word_1_406' title='bbox 2018 1030 2097 1051; x_wconf 89' lang='lat' dir='ltr'>cum</span> 
     </span>
     <span class='ocr_line' id='line_1_70' title="bbox 1112 1067 2097 1110; baseline 0 -10"><span class='ocrx_word' id='word_1_407' title='bbox 1112 1068 1200 1100; x_wconf 91' lang='lat' dir='ltr'>alios</span> <span class='ocrx_word' id='word_1_408' title='bbox 1216 1067 1391 1099; x_wconf 87' lang='lat' dir='ltr'>terribiles</span> <span class='ocrx_word' id='word_1_409' title='bbox 1407 1073 1522 1100; x_wconf 79' lang='lat' dir='ltr'>motus</span> <span class='ocrx_word' id='word_1_410' title='bbox 1538 1067 1787 1110; x_wconf 81' lang='lat' dir='ltr'>imperiorum,</span> <span class='ocrx_word' id='word_1_411' title='bbox 1815 1076 1888 1102; x_wconf 88' lang='lat' dir='ltr'>tum</span> <span class='ocrx_word' id='word_1_412' title='bbox 1906 1081 1988 1101; x_wconf 79' lang='lat' dir='ltr'>vero</span> <span class='ocrx_word' id='word_1_413' title='bbox 2006 1067 2097 1100; x_wconf 90' lang='lat' dir='ltr'>Ger—</span> 
     </span>
     <span class='ocr_line' id='line_1_71' title="bbox 1111 1117 2097 1162; baseline 0 -12"><span class='ocrx_word' id='word_1_414' title='bbox 1111 1118 1265 1150; x_wconf 84' lang='lat' dir='ltr'>maniam</span> <span class='ocrx_word' id='word_1_415' title='bbox 1289 1117 1438 1161; x_wconf 88' lang='lat' dir='ltr'>aspicio‚</span> <span class='ocrx_word' id='word_1_416' title='bbox 1467 1117 1504 1149; x_wconf 90' lang='lat' dir='ltr'>in</span> <span class='ocrx_word' id='word_1_417' title='bbox 1529 1130 1597 1162; x_wconf 89' lang='lat' dir='ltr'>qua</span> <span class='ocrx_word' id='word_1_418' title='bbox 1622 1125 1661 1151; x_wconf 90' lang='lat' dir='ltr'>ut</span> <span class='ocrx_word' id='word_1_419' title='bbox 1679 1119 1716 1150; x_wconf 90' lang='lat' dir='ltr'>in</span> <span class='ocrx_word' id='word_1_420' title='bbox 1733 1119 1810 1150; x_wconf 93' lang='lat' dir='ltr'>aliis</span> <span class='ocrx_word' id='word_1_421' title='bbox 1827 1119 1987 1162; x_wconf 83' lang='lat' dir='ltr'>gentibus</span> <span class='ocrx_word' id='word_1_422' title='bbox 2004 1118 2097 1151; x_wconf 89' lang='lat' dir='ltr'>mul-</span> 
     </span>
     <span class='ocr_line' id='line_1_72' title="bbox 1112 1168 2095 1213; baseline -0.001 -12"><span class='ocrx_word' id='word_1_423' title='bbox 1112 1176 1165 1201; x_wconf 90' lang='lat' dir='ltr'>tae</span> <span class='ocrx_word' id='word_1_424' title='bbox 1182 1179 1301 1201; x_wconf 84' lang='lat' dir='ltr'>saevae</span> <span class='ocrx_word' id='word_1_425' title='bbox 1316 1168 1528 1201; x_wconf 86' lang='lat' dir='ltr'>mutationes</span> <span class='ocrx_word' id='word_1_426' title='bbox 1541 1168 1753 1203; x_wconf 85' lang='lat' dir='ltr'>acciderunt.</span> <span class='ocrx_word' id='word_1_427' title='bbox 1807 1169 1874 1203; x_wconf 88' lang='lat' dir='ltr'>Sed</span> <span class='ocrx_word' id='word_1_428' title='bbox 1892 1169 2095 1213; x_wconf 85' lang='lat' dir='ltr'>praecipuae</span> 
     </span>
     <span class='ocr_line' id='line_1_73' title="bbox 1112 1217 2095 1257; baseline 0 -6"><span class='ocrx_word' id='word_1_429' title='bbox 1112 1226 1206 1252; x_wconf 88' lang='lat' dir='ltr'>ortae</span> <span class='ocrx_word' id='word_1_430' title='bbox 1222 1225 1304 1250; x_wconf 90' lang='lat' dir='ltr'>sunt</span> <span class='ocrx_word' id='word_1_431' title='bbox 1321 1230 1339 1250; x_wconf 90' lang='lat' dir='ltr'>a</span> <span class='ocrx_word' id='word_1_432' title='bbox 1355 1217 1527 1251; x_wconf 84' lang='lat' dir='ltr'>Romanis</span> <span class='ocrx_word' id='word_1_433' title='bbox 1547 1218 1795 1257; x_wconf 83' lang='lat' dir='ltr'>Pontificibus,</span> <span class='ocrx_word' id='word_1_434' title='bbox 1824 1220 1985 1253; x_wconf 73' lang='lat' dir='ltr'>videficet</span> <span class='ocrx_word' id='word_1_435' title='bbox 2004 1219 2095 1252; x_wconf 87' lang='lat' dir='ltr'>bella</span> 
     </span>
     <span class='ocr_line' id='line_1_74' title="bbox 1111 1267 2094 1309; baseline -0.002 -7"><span class='ocrx_word' id='word_1_436' title='bbox 1111 1268 1257 1302; x_wconf 90' lang='lat' dir='ltr'>Henrici</span> <span class='ocrx_word' id='word_1_437' title='bbox 1279 1267 1406 1309; x_wconf 83' lang='lat' dir='ltr'>Quarti</span> <span class='ocrx_word' id='word_1_438' title='bbox 1428 1275 1459 1300; x_wconf 91' lang='lat' dir='ltr'>et</span> <span class='ocrx_word' id='word_1_439' title='bbox 1479 1267 1623 1309; x_wconf 79' lang='lat' dir='ltr'>Quinti,</span> <span class='ocrx_word' id='word_1_440' title='bbox 1651 1270 1778 1302; x_wconf 83' lang='lat' dir='ltr'>deinde</span> <span class='ocrx_word' id='word_1_441' title='bbox 1795 1269 1965 1302; x_wconf 84' lang='lat' dir='ltr'>Friderici</span> <span class='ocrx_word' id='word_1_442' title='bbox 1983 1269 2094 1301; x_wconf 91' lang='lat' dir='ltr'>Primi</span> 
     </span>
     <span class='ocr_line' id='line_1_75' title="bbox 1111 1315 2094 1352; baseline 0.002 -3"><span class='ocrx_word' id='word_1_443' title='bbox 1111 1324 1143 1349; x_wconf 90' lang='lat' dir='ltr'>et</span> <span class='ocrx_word' id='word_1_444' title='bbox 1166 1318 1330 1350; x_wconf 88' lang='lat' dir='ltr'>Secundi.</span> <span class='ocrx_word' id='word_1_445' title='bbox 1385 1316 1467 1350; x_wconf 90' lang='lat' dir='ltr'>Post</span> <span class='ocrx_word' id='word_1_446' title='bbox 1491 1315 1555 1349; x_wconf 90' lang='lat' dir='ltr'>hos</span> <span class='ocrx_word' id='word_1_447' title='bbox 1578 1319 1708 1350; x_wconf 86' lang='lat' dir='ltr'>bellum</span> <span class='ocrx_word' id='word_1_448' title='bbox 1724 1318 1895 1352; x_wconf 73' lang='lat' dir='ltr'>Ludovici</span> <span class='ocrx_word' id='word_1_449' title='bbox 1922 1326 1952 1352; x_wconf 85' lang='lat' dir='ltr'>et</span> <span class='ocrx_word' id='word_1_450' title='bbox 1970 1318 2094 1351; x_wconf 78' lang='lat' dir='ltr'>fride-</span> 
     </span>
     <span class='ocr_line' id='line_1_76' title="bbox 1110 1365 2092 1402; baseline 0.004 -4"><span class='ocrx_word' id='word_1_451' title='bbox 1110 1367 1173 1399; x_wconf 90' lang='lat' dir='ltr'>rici</span> <span class='ocrx_word' id='word_1_452' title='bbox 1198 1366 1385 1400; x_wconf 88' lang='lat' dir='ltr'>Austriaci.</span> <span class='ocrx_word' id='word_1_453' title='bbox 1437 1365 1489 1399; x_wconf 83' lang='lat' dir='ltr'>Ac</span> <span class='ocrx_word' id='word_1_454' title='bbox 1512 1367 1550 1399; x_wconf 93' lang='lat' dir='ltr'>in</span> <span class='ocrx_word' id='word_1_455' title='bbox 1574 1365 1629 1400; x_wconf 88' lang='lat' dir='ltr'>his</span> <span class='ocrx_word' id='word_1_456' title='bbox 1651 1369 1860 1402; x_wconf 86' lang='lat' dir='ltr'>tumultibus</span> <span class='ocrx_word' id='word_1_457' title='bbox 1884 1382 1955 1402; x_wconf 90' lang='lat' dir='ltr'>non</span> <span class='ocrx_word' id='word_1_458' title='bbox 1979 1370 2092 1402; x_wconf 89' lang='lat' dir='ltr'>solum</span> 
     </span>
     <span class='ocr_line' id='line_1_77' title="bbox 1110 1416 2091 1463; baseline 0.003 -14"><span class='ocrx_word' id='word_1_459' title='bbox 1110 1417 1208 1458; x_wconf 77' lang='lat' dir='ltr'>regni</span> <span class='ocrx_word' id='word_1_460' title='bbox 1233 1416 1434 1449; x_wconf 83' lang='lat' dir='ltr'>dilaceratio</span> <span class='ocrx_word' id='word_1_461' title='bbox 1459 1417 1547 1450; x_wconf 85' lang='lat' dir='ltr'>facta</span> <span class='ocrx_word' id='word_1_462' title='bbox 1571 1425 1637 1457; x_wconf 86' lang='lat' dir='ltr'>est,</span> <span class='ocrx_word' id='word_1_463' title='bbox 1665 1424 1697 1451; x_wconf 84' lang='lat' dir='ltr'>et</span> <span class='ocrx_word' id='word_1_464' title='bbox 1720 1419 1899 1453; x_wconf 88' lang='lat' dir='ltr'>debilitata</span> <span class='ocrx_word' id='word_1_465' title='bbox 1924 1420 2091 1463; x_wconf 87' lang='lat' dir='ltr'>potentia,</span> 
     </span>
     <span class='ocr_line' id='line_1_78' title="bbox 1109 1465 2092 1509; baseline 0.005 -11"><span class='ocrx_word' id='word_1_466' title='bbox 1109 1474 1142 1499; x_wconf 84' lang='lat' dir='ltr'>et</span> <span class='ocrx_word' id='word_1_467' title='bbox 1166 1466 1303 1508; x_wconf 83' lang='lat' dir='ltr'>cognati</span> <span class='ocrx_word' id='word_1_468' title='bbox 1319 1465 1517 1509; x_wconf 78' lang='lat' dir='ltr'>Principes,</span> <span class='ocrx_word' id='word_1_469' title='bbox 1544 1475 1582 1500; x_wconf 87' lang='lat' dir='ltr'>ut</span> <span class='ocrx_word' id='word_1_470' title='bbox 1600 1467 1741 1500; x_wconf 79' lang='lat' dir='ltr'>Cadmei</span> <span class='ocrx_word' id='word_1_471' title='bbox 1765 1470 1888 1502; x_wconf 84' lang='lat' dir='ltr'>fratres</span> <span class='ocrx_word' id='word_1_472' title='bbox 1913 1471 2003 1503; x_wconf 89' lang='lat' dir='ltr'>inter</span> <span class='ocrx_word' id='word_1_473' title='bbox 2021 1481 2092 1502; x_wconf 81' lang='lat' dir='ltr'>sese</span> 
     </span>
     <span class='ocr_line' id='line_1_79' title="bbox 1109 1516 2091 1559; baseline 0.006 -12"><span class='ocrx_word' id='word_1_474' title='bbox 1109 1516 1336 1548; x_wconf 86' lang='lat' dir='ltr'>dimicarunt:</span> <span class='ocrx_word' id='word_1_475' title='bbox 1369 1518 1425 1547; x_wconf 79' lang='lat' dir='ltr'>sed</span> <span class='ocrx_word' id='word_1_476' title='bbox 1453 1517 1555 1548; x_wconf 85' lang='lat' dir='ltr'>etiam</span> <span class='ocrx_word' id='word_1_477' title='bbox 1574 1516 1750 1550; x_wconf 80' lang='lat' dir='ltr'>Ecclesiae</span> <span class='ocrx_word' id='word_1_478' title='bbox 1775 1520 1906 1552; x_wconf 88' lang='lat' dir='ltr'>deletae</span> <span class='ocrx_word' id='word_1_479' title='bbox 1930 1527 2029 1559; x_wconf 87' lang='lat' dir='ltr'>sunt,</span> <span class='ocrx_word' id='word_1_480' title='bbox 2057 1526 2091 1552; x_wconf 83' lang='lat' dir='ltr'>et</span> 
     </span>
     <span class='ocr_line' id='line_1_80' title="bbox 1107 1565 2091 1608; baseline 0.003 -10"><span class='ocrx_word' id='word_1_481' title='bbox 1107 1566 1236 1598; x_wconf 88' lang='lat' dir='ltr'>multae</span> <span class='ocrx_word' id='word_1_482' title='bbox 1260 1565 1337 1608; x_wconf 88' lang='lat' dir='ltr'>piae</span> <span class='ocrx_word' id='word_1_483' title='bbox 1359 1574 1490 1599; x_wconf 76' lang='lat' dir='ltr'>ruentes</span> <span class='ocrx_word' id='word_1_484' title='bbox 1510 1567 1544 1598; x_wconf 90' lang='lat' dir='ltr'>in</span> <span class='ocrx_word' id='word_1_485' title='bbox 1566 1567 1820 1600; x_wconf 83' lang='lat' dir='ltr'>dubitationem</span> <span class='ocrx_word' id='word_1_486' title='bbox 1842 1576 1872 1601; x_wconf 89' lang='lat' dir='ltr'>et</span> <span class='ocrx_word' id='word_1_487' title='bbox 1892 1570 1927 1601; x_wconf 87' lang='lat' dir='ltr'>in</span> <span class='ocrx_word' id='word_1_488' title='bbox 1947 1570 2091 1601; x_wconf 78' lang='lat' dir='ltr'>exitium</span> 
     </span>
     <span class='ocr_line' id='line_1_81' title="bbox 1108 1616 2090 1660; baseline 0.003 -11"><span class='ocrx_word' id='word_1_489' title='bbox 1108 1616 1362 1660; x_wconf 83' lang='lat' dir='ltr'>praecipitatae.</span> <span class='ocrx_word' id='word_1_490' title='bbox 1418 1616 1651 1650; x_wconf 68' lang='lat' dir='ltr'>Utilissimum</span> <span class='ocrx_word' id='word_1_491' title='bbox 1678 1625 1725 1650; x_wconf 86' lang='lat' dir='ltr'>est</span> <span class='ocrx_word' id='word_1_492' title='bbox 1750 1626 1863 1651; x_wconf 86' lang='lat' dir='ltr'>autem</span> <span class='ocrx_word' id='word_1_493' title='bbox 1888 1630 2005 1652; x_wconf 87' lang='lat' dir='ltr'>causas</span> <span class='ocrx_word' id='word_1_494' title='bbox 2026 1617 2090 1652; x_wconf 91' lang='lat' dir='ltr'>ho-</span> 
     </span>
    </p>
   </div>
   <div class='ocr_carea' id='block_1_21' title="bbox 1080 1667 2089 1705">
    <p class='ocr_par' dir='ltr' id='par_1_24' title="bbox 1080 1667 2089 1705">
     <span class='ocr_line' id='line_1_82' title="bbox 1080 1667 2089 1705; baseline 0.003 -6"><span class='ocrx_word' id='word_1_495' title='bbox 1080 1670 1081 1674; x_wconf 73' lang='grc'>’</span> <span class='ocrx_word' id='word_1_496' title='bbox 1107 1680 1183 1700; x_wconf 86' lang='lat' dir='ltr'>rum</span> <span class='ocrx_word' id='word_1_497' title='bbox 1201 1667 1374 1699; x_wconf 85' lang='lat' dir='ltr'>bellorum</span> <span class='ocrx_word' id='word_1_498' title='bbox 1393 1667 1631 1705; x_wconf 76' lang='lat' dir='ltr'>considerare,</span> <span class='ocrx_word' id='word_1_499' title='bbox 1661 1669 1824 1702; x_wconf 68' lang='lat' dir='ltr'>xiilelicet</span> <span class='ocrx_word' id='word_1_500' title='bbox 1841 1670 1947 1702; x_wconf 80' lang='lat' dir='ltr'>furias</span> <span class='ocrx_word' id='word_1_501' title='bbox 1965 1669 2089 1702; x_wconf 80' lang='lat' dir='ltr'>Ponti-</span> 
     </span>
    </p>
   </div>
   <div class='ocr_carea' id='block_1_22' title="bbox 1105 1718 2088 1815">
    <p class='ocr_par' dir='ltr' id='par_1_25' title="bbox 1105 1718 2088 1815">
     <span class='ocr_line' id='line_1_83' title="bbox 1105 1718 2088 1762; baseline 0.003 -12"><span class='ocrx_word' id='word_1_502' title='bbox 1105 1718 1224 1758; x_wconf 87' lang='lat' dir='ltr'>ficum,</span> <span class='ocrx_word' id='word_1_503' title='bbox 1252 1718 1311 1760; x_wconf 87' lang='lat' dir='ltr'>qui</span> <span class='ocrx_word' id='word_1_504' title='bbox 1331 1724 1368 1750; x_wconf 83' lang='lat' dir='ltr'>ut</span> <span class='ocrx_word' id='word_1_505' title='bbox 1388 1728 1483 1749; x_wconf 82' lang='lat' dir='ltr'>suam</span> <span class='ocrx_word' id='word_1_506' title='bbox 1504 1719 1780 1751; x_wconf 71' lang='lat' dir='ltr'>dominationem</span> <span class='ocrx_word' id='word_1_507' title='bbox 1801 1728 1985 1762; x_wconf 75' lang='lat' dir='ltr'>augerent,</span> <span class='ocrx_word' id='word_1_508' title='bbox 2014 1721 2088 1753; x_wconf 84' lang='lat' dir='ltr'>fue-</span> 
     </span>
     <span class='ocr_line' id='line_1_84' title="bbox 1105 1766 2087 1815; baseline 0.003 -15"><span class='ocrx_word' id='word_1_509' title='bbox 1105 1775 1188 1800; x_wconf 88' lang='lat' dir='ltr'>runt</span> <span class='ocrx_word' id='word_1_510' title='bbox 1207 1774 1238 1800; x_wconf 88' lang='lat' dir='ltr'>et</span> <span class='ocrx_word' id='word_1_511' title='bbox 1254 1766 1416 1809; x_wconf 81' lang='lat' dir='ltr'>Europae</span> <span class='ocrx_word' id='word_1_512' title='bbox 1435 1775 1466 1800; x_wconf 88' lang='lat' dir='ltr'>et</span> <span class='ocrx_word' id='word_1_513' title='bbox 1486 1766 1659 1801; x_wconf 73' lang='lat' dir='ltr'>Ecclesiae</span> <span class='ocrx_word' id='word_1_514' title='bbox 1680 1767 1894 1815; x_wconf 42' lang='lat' dir='ltr'>‹Ustorque-,3</span> <span class='ocrx_word' id='word_1_515' title='bbox 1922 1783 2004 1803; x_wconf 88' lang='lat' dir='ltr'>uam</span> <span class='ocrx_word' id='word_1_516' title='bbox 2025 1771 2087 1803; x_wconf 69' lang='lat' dir='ltr'>‹le-</span> 
     </span>
    </p>
   </div>
   <div class='ocr_carea' id='block_1_23' title="bbox 65 1817 2088 1866">
    <p class='ocr_par' dir='ltr' id='par_1_26' title="bbox 65 1817 2088 1866">
     <span class='ocr_line' id='line_1_85' title="bbox 65 1817 2088 1866; baseline -0 -13"><span class='ocrx_word' id='word_1_517' title='bbox 65 1818 149 1866; x_wconf 87' lang='lat' dir='ltr'>phia</span> <span class='ocrx_word' id='word_1_518' title='bbox 174 1826 208 1854; x_wconf 87' lang='lat' dir='ltr'>et</span> <span class='ocrx_word' id='word_1_519' title='bbox 231 1820 391 1853; x_wconf 84' lang='lat' dir='ltr'>doctrina</span> <span class='ocrx_word' id='word_1_520' title='bbox 413 1818 589 1853; x_wconf 88' lang='lat' dir='ltr'>Ecclesiae</span> <span class='ocrx_word' id='word_1_521' title='bbox 612 1821 781 1864; x_wconf 82' lang='lat' dir='ltr'>egregiam</span> <span class='ocrx_word' id='word_1_522' title='bbox 807 1831 950 1853; x_wconf 84' lang='lat' dir='ltr'>navasse</span> <span class='ocrx_word' id='word_1_523' title='bbox 967 1832 1051 1863; x_wconf 85' lang='lat' dir='ltr'>ope·</span> <span class='ocrx_word' id='word_1_524' title='bbox 1077 1823 1079 1860; x_wconf 76' lang='lat' dir='ltr'>j</span> <span class='ocrx_word' id='word_1_525' title='bbox 1104 1819 1200 1851; x_wconf 84' lang='lat' dir='ltr'>tectis</span> <span class='ocrx_word' id='word_1_526' title='bbox 1226 1819 1406 1851; x_wconf 86' lang='lat' dir='ltr'>fraudibus</span> <span class='ocrx_word' id='word_1_527' title='bbox 1433 1817 1642 1851; x_wconf 79' lang='lat' dir='ltr'>Pontificum</span> <span class='ocrx_word' id='word_1_528' title='bbox 1667 1821 1795 1853; x_wconf 85' lang='lat' dir='ltr'>multae</span> <span class='ocrx_word' id='word_1_529' title='bbox 1820 1828 1933 1864; x_wconf 89' lang='lat' dir='ltr'>partes</span> <span class='ocrx_word' id='word_1_530' title='bbox 1958 1821 2088 1854; x_wconf 87' lang='lat' dir='ltr'>doctri-</span> 
     </span>
    </p>
   </div>
   <div class='ocr_carea' id='block_1_24' title="bbox 1077 1866 2086 1912">
    <p class='ocr_par' dir='ltr' id='par_1_27' title="bbox 1077 1866 2086 1912">
     <span class='ocr_line' id='line_1_86' title="bbox 1077 1866 2086 1912; baseline 0.002 -11"><span class='ocrx_word' id='word_1_531' title='bbox 1077 1866 1079 1880; x_wconf 75' lang='lat'><em>³</em></span> <span class='ocrx_word' id='word_1_532' title='bbox 1104 1881 1168 1902; x_wconf 89' lang='lat' dir='ltr'>nae</span> <span class='ocrx_word' id='word_1_533' title='bbox 1197 1869 1434 1909; x_wconf 75' lang='lat' dir='ltr'>illustrantur,</span> <span class='ocrx_word' id='word_1_534' title='bbox 1469 1877 1500 1902; x_wconf 88' lang='lat' dir='ltr'>et</span> <span class='ocrx_word' id='word_1_535' title='bbox 1530 1870 1826 1912; x_wconf 85' lang='lat' dir='ltr'>praemuniuntur</span> <span class='ocrx_word' id='word_1_536' title='bbox 1850 1872 1962 1905; x_wconf 87' lang='lat' dir='ltr'>bonae</span> <span class='ocrx_word' id='word_1_537' title='bbox 1989 1883 2086 1904; x_wconf 89' lang='lat' dir='ltr'>men-</span> 
     </span>
    </p>
   </div>
   <div class='ocr_carea' id='block_1_25' title="bbox 1102 1919 2084 2009">
    <p class='ocr_par' dir='ltr' id='par_1_28' title="bbox 1102 1919 2084 2009">
     <span class='ocr_line' id='line_1_87' title="bbox 1102 1919 1996 1966; baseline 0.003 -14"><span class='ocrx_word' id='word_1_538' title='bbox 1102 1926 1170 1959; x_wconf 85' lang='lat' dir='ltr'>tes,</span> <span class='ocrx_word' id='word_1_539' title='bbox 1195 1932 1238 1951; x_wconf 83' lang='lat' dir='ltr'>ne</span> <span class='ocrx_word' id='word_1_540' title='bbox 1255 1919 1430 1951; x_wconf 87' lang='lat' dir='ltr'>similibus</span> <span class='ocrx_word' id='word_1_541' title='bbox 1447 1921 1624 1952; x_wconf 87' lang='lat' dir='ltr'>erroribus</span> <span class='ocrx_word' id='word_1_542' title='bbox 1641 1921 1826 1954; x_wconf 81' lang='lat' dir='ltr'>fascinatae</span> <span class='ocrx_word' id='word_1_543' title='bbox 1843 1930 1996 1966; x_wconf 88' lang='lat' dir='ltr'>pereant.</span> 
     </span>
     <span class='ocr_line' id='line_1_88' title="bbox 1205 1967 2084 2009; baseline 0.003 -8"><span class='ocrx_word' id='word_1_544' title='bbox 1205 1968 1249 2002; x_wconf 86' lang='lat' dir='ltr'>Ut</span> <span class='ocrx_word' id='word_1_545' title='bbox 1270 1976 1384 2002; x_wconf 91' lang='lat' dir='ltr'>autem</span> <span class='ocrx_word' id='word_1_546' title='bbox 1404 1967 1466 2002; x_wconf 85' lang='lat' dir='ltr'>hae</span> <span class='ocrx_word' id='word_1_547' title='bbox 1482 1967 1647 2002; x_wconf 86' lang='lat' dir='ltr'>historiae</span> <span class='ocrx_word' id='word_1_548' title='bbox 1663 1971 1863 2004; x_wconf 88' lang='lat' dir='ltr'>iunioribus</span> <span class='ocrx_word' id='word_1_549' title='bbox 1875 1979 1977 2005; x_wconf 89' lang='lat' dir='ltr'>uotae</span> <span class='ocrx_word' id='word_1_550' title='bbox 1990 1972 2084 2009; x_wconf 87' lang='lat' dir='ltr'>fiant,</span> 
     </span>
    </p>
   </div>
   <div class='ocr_carea' id='block_1_26' title="bbox 1098 2070 2084 2416">
    <p class='ocr_par' dir='ltr' id='par_1_29' title="bbox 1098 2070 2084 2416">
     <span class='ocr_line' id='line_1_89' title="bbox 1101 2070 2084 2114; baseline 0.001 -11"><span class='ocrx_word' id='word_1_551' title='bbox 1101 2083 1172 2103; x_wconf 90' lang='lat' dir='ltr'>non</span> <span class='ocrx_word' id='word_1_552' title='bbox 1192 2070 1325 2114; x_wconf 79' lang='lat' dir='ltr'>possint</span> <span class='ocrx_word' id='word_1_553' title='bbox 1344 2082 1414 2102; x_wconf 89' lang='lat' dir='ltr'>uno</span> <span class='ocrx_word' id='word_1_554' title='bbox 1433 2076 1588 2113; x_wconf 87' lang='lat' dir='ltr'>tempore</span> <span class='ocrx_word' id='word_1_555' title='bbox 1605 2071 1743 2114; x_wconf 82' lang='lat' dir='ltr'>exponi.</span> <span class='ocrx_word' id='word_1_556' title='bbox 1795 2071 1898 2104; x_wconf 70' lang='lat' dir='ltr'>&#39;Nunc</span> <span class='ocrx_word' id='word_1_557' title='bbox 1918 2073 2024 2114; x_wconf 79' lang='lat' dir='ltr'>igitur</span> <span class='ocrx_word' id='word_1_558' title='bbox 2041 2073 2084 2104; x_wconf 89' lang='lat' dir='ltr'>de</span> 
     </span>
     <span class='ocr_line' id='line_1_90' title="bbox 1101 2119 2082 2166; baseline 0.001 -12"><span class='ocrx_word' id='word_1_559' title='bbox 1101 2120 1281 2154; x_wconf 61' lang='lat' dir='ltr'>Ludos-ico</span> <span class='ocrx_word' id='word_1_560' title='bbox 1307 2119 1442 2153; x_wconf 82' lang='lat' dir='ltr'>Bavaro</span> <span class='ocrx_word' id='word_1_561' title='bbox 1473 2120 1604 2159; x_wconf 81' lang='lat' dir='ltr'>dicam,</span> <span class='ocrx_word' id='word_1_562' title='bbox 1640 2122 1682 2153; x_wconf 92' lang='lat' dir='ltr'>de</span> <span class='ocrx_word' id='word_1_563' title='bbox 1707 2133 1774 2166; x_wconf 88' lang='lat' dir='ltr'>quo</span> <span class='ocrx_word' id='word_1_564' title='bbox 1799 2119 1882 2154; x_wconf 85' lang='lat' dir='ltr'>haec</span> <span class='ocrx_word' id='word_1_565' title='bbox 1909 2123 2082 2166; x_wconf 86' lang='lat' dir='ltr'>disputata</span> 
     </span>
     <span class='ocr_line' id='line_1_91' title="bbox 1101 2170 2081 2216; baseline 0.001 -13"><span class='ocrx_word' id='word_1_566' title='bbox 1101 2178 1192 2204; x_wconf 89' lang='lat' dir='ltr'>sunt.</span> <span class='ocrx_word' id='word_1_567' title='bbox 1244 2170 1358 2204; x_wconf 80' lang='lat' dir='ltr'>Possit</span> <span class='ocrx_word' id='word_1_568' title='bbox 1383 2183 1425 2203; x_wconf 92' lang='lat' dir='ltr'>ne</span> <span class='ocrx_word' id='word_1_569' title='bbox 1448 2182 1520 2203; x_wconf 89' lang='lat' dir='ltr'>esse</span> <span class='ocrx_word' id='word_1_570' title='bbox 1539 2170 1750 2214; x_wconf 79' lang='lat' dir='ltr'>Imperator,</span> <span class='ocrx_word' id='word_1_571' title='bbox 1779 2172 1838 2216; x_wconf 85' lang='lat' dir='ltr'>qui</span> <span class='ocrx_word' id='word_1_572' title='bbox 1862 2173 1927 2204; x_wconf 86' lang='lat' dir='ltr'>rite</span> <span class='ocrx_word' id='word_1_573' title='bbox 1952 2173 2081 2206; x_wconf 89' lang='lat' dir='ltr'>electus</span> 
     </span>
     <span class='ocr_line' id='line_1_92' title="bbox 1100 2219 2080 2260; baseline 0.001 -7"><span class='ocrx_word' id='word_1_574' title='bbox 1100 2229 1147 2255; x_wconf 85' lang='lat' dir='ltr'>est</span> <span class='ocrx_word' id='word_1_575' title='bbox 1171 2234 1188 2254; x_wconf 87' lang='lat' dir='ltr'>a</span> <span class='ocrx_word' id='word_1_576' title='bbox 1214 2222 1344 2255; x_wconf 83' lang='lat' dir='ltr'>Senatu</span> <span class='ocrx_word' id='word_1_577' title='bbox 1364 2219 1585 2260; x_wconf 87' lang='lat' dir='ltr'>Electorum,</span> <span class='ocrx_word' id='word_1_578' title='bbox 1614 2222 1679 2253; x_wconf 90' lang='lat' dir='ltr'>nisi</span> <span class='ocrx_word' id='word_1_579' title='bbox 1704 2223 1839 2255; x_wconf 84' lang='lat' dir='ltr'>accedat</span> <span class='ocrx_word' id='word_1_580' title='bbox 1864 2223 2080 2256; x_wconf 86' lang='lat' dir='ltr'>confirmatio</span> 
     </span>
     <span class='ocr_line' id='line_1_93' title="bbox 1099 2271 2079 2316; baseline 0.002 -12"><span class='ocrx_word' id='word_1_581' title='bbox 1099 2273 1288 2316; x_wconf 79' lang='lat' dir='ltr'>pontificia.</span> <span class='ocrx_word' id='word_1_582' title='bbox 1348 2272 1615 2304; x_wconf 85' lang='lat' dir='ltr'>Contenderunt</span> <span class='ocrx_word' id='word_1_583' title='bbox 1639 2279 1719 2305; x_wconf 90' lang='lat' dir='ltr'>tunc</span> <span class='ocrx_word' id='word_1_584' title='bbox 1745 2271 1948 2314; x_wconf 82' lang='lat' dir='ltr'>Pontifices,</span> <span class='ocrx_word' id='word_1_585' title='bbox 1976 2272 2079 2306; x_wconf 87' lang='lat' dir='ltr'>Petro</span> 
     </span>
     <span class='ocr_line' id='line_1_94' title="bbox 1100 2320 2081 2365; baseline 0.001 -10"><span class='ocrx_word' id='word_1_586' title='bbox 1100 2335 1170 2356; x_wconf 92' lang='lat' dir='ltr'>non</span> <span class='ocrx_word' id='word_1_587' title='bbox 1196 2323 1307 2355; x_wconf 82' lang='lat' dir='ltr'>solum</span> <span class='ocrx_word' id='word_1_588' title='bbox 1325 2322 1558 2355; x_wconf 86' lang='lat' dir='ltr'>ministerium</span> <span class='ocrx_word' id='word_1_589' title='bbox 1575 2320 1759 2365; x_wconf 72' lang='lat' dir='ltr'>Evangelii</span> <span class='ocrx_word' id='word_1_590' title='bbox 1776 2324 1979 2356; x_wconf 83' lang='lat' dir='ltr'>mandatum</span> <span class='ocrx_word' id='word_1_591' title='bbox 1999 2335 2081 2363; x_wconf 79' lang='lat' dir='ltr'>esse,</span> 
     </span>
     <span class='ocr_line' id='line_1_95' title="bbox 1098 2373 2080 2416; baseline -0.001 -10"><span class='ocrx_word' id='word_1_592' title='bbox 1098 2375 1155 2406; x_wconf 92' lang='lat' dir='ltr'>sed</span> <span class='ocrx_word' id='word_1_593' title='bbox 1176 2373 1279 2406; x_wconf 85' lang='lat' dir='ltr'>etiarn</span> <span class='ocrx_word' id='word_1_594' title='bbox 1297 2373 1459 2407; x_wconf 86' lang='lat' dir='ltr'>traditam</span> <span class='ocrx_word' id='word_1_595' title='bbox 1478 2384 1646 2405; x_wconf 88' lang='lat' dir='ltr'>summam</span> <span class='ocrx_word' id='word_1_596' title='bbox 1669 2379 1871 2416; x_wconf 87' lang='lat' dir='ltr'>potestatem</span> <span class='ocrx_word' id='word_1_597' title='bbox 1891 2374 2080 2416; x_wconf 79' lang='lat' dir='ltr'>politicam,</span> 
     </span>
    </p>
   </div>
   <div class='ocr_carea' id='block_1_27' title="bbox 65 2423 2078 2471">
    <p class='ocr_par' dir='ltr' id='par_1_30' title="bbox 65 2423 2078 2471">
     <span class='ocr_line' id='line_1_96' title="bbox 65 2423 2078 2471; baseline 0 -15"><span class='ocrx_word' id='word_1_598' title='bbox 65 2439 186 2460; x_wconf 80' lang='lat' dir='ltr'>omnes</span> <span class='ocrx_word' id='word_1_599' title='bbox 221 2427 322 2461; x_wconf 73' lang='lat' dir='ltr'>faciat</span> <span class='ocrx_word' id='word_1_600' title='bbox 357 2440 435 2461; x_wconf 65' lang='lat' dir='ltr'>vasa</span> <span class='ocrx_word' id='word_1_601' title='bbox 472 2428 730 2462; x_wconf 57' lang='lat' dir='ltr'>misericordiae</span> <span class='ocrx_word' id='word_1_602' title='bbox 765 2434 797 2461; x_wconf 81' lang='lat' dir='ltr'>et</span> <span class='ocrx_word' id='word_1_603' title='bbox 830 2440 958 2471; x_wconf 69' lang='lat' dir='ltr'>organa</span> <span class='ocrx_word' id='word_1_604' title='bbox 993 2440 1046 2460; x_wconf 85' lang='lat' dir='ltr'>sa-</span> <span class='ocrx_word' id='word_1_605' title='bbox 1071 2426 1073 2451; x_wconf 70' lang='grc' dir='ltr'>ἶ</span> <span class='ocrx_word' id='word_1_606' title='bbox 1098 2437 1160 2457; x_wconf 81' lang='lat' dir='ltr'>nec</span> <span class='ocrx_word' id='word_1_607' title='bbox 1178 2436 1377 2468; x_wconf 84' lang='lat' dir='ltr'>quenquam</span> <span class='ocrx_word' id='word_1_608' title='bbox 1397 2423 1485 2456; x_wconf 87' lang='lat' dir='ltr'>iuste</span> <span class='ocrx_word' id='word_1_609' title='bbox 1504 2429 1621 2455; x_wconf 83' lang='lat' dir='ltr'>tenere</span> <span class='ocrx_word' id='word_1_610' title='bbox 1640 2423 1844 2467; x_wconf 76' lang='lat' dir='ltr'>imperium.</span> <span class='ocrx_word' id='word_1_611' title='bbox 1870 2425 1936 2456; x_wconf 84' lang='lat' dir='ltr'>nisi</span> <span class='ocrx_word' id='word_1_612' title='bbox 1955 2426 2078 2457; x_wconf 75' lang='lat' dir='ltr'>adsen-</span> 
     </span>
    </p>
   </div>
   <div class='ocr_carea' id='block_1_28' title="bbox 1097 2472 2075 2719">
    <p class='ocr_par' dir='ltr' id='par_1_31' title="bbox 1097 2472 2075 2719">
     <span class='ocr_line' id='line_1_97' title="bbox 1097 2472 2075 2518; baseline -0.001 -10"><span class='ocrx_word' id='word_1_613' title='bbox 1097 2475 1203 2508; x_wconf 80' lang='lat' dir='ltr'>tiente</span> <span class='ocrx_word' id='word_1_614' title='bbox 1220 2473 1313 2507; x_wconf 86' lang='lat' dir='ltr'>Petri</span> <span class='ocrx_word' id='word_1_615' title='bbox 1337 2484 1539 2506; x_wconf 88' lang='lat' dir='ltr'>successore.</span> <span class='ocrx_word' id='word_1_616' title='bbox 1593 2472 1687 2507; x_wconf 87' lang='lat' dir='ltr'>llaec</span> <span class='ocrx_word' id='word_1_617' title='bbox 1710 2480 1746 2506; x_wconf 90' lang='lat' dir='ltr'>ut</span> <span class='ocrx_word' id='word_1_618' title='bbox 1766 2474 1915 2507; x_wconf 79' lang='lat' dir='ltr'>indoctis</span> <span class='ocrx_word' id='word_1_619' title='bbox 1936 2487 2075 2518; x_wconf 78' lang='lat' dir='ltr'>persna-</span> 
     </span>
     <span class='ocr_line' id='line_1_98' title="bbox 1097 2523 2075 2569; baseline -0.001 -12"><span class='ocrx_word' id='word_1_620' title='bbox 1097 2526 1280 2564; x_wconf 86' lang='lat' dir='ltr'>derentur,</span> <span class='ocrx_word' id='word_1_621' title='bbox 1304 2524 1419 2556; x_wconf 82' lang='lat' dir='ltr'>variae</span> <span class='ocrx_word' id='word_1_622' title='bbox 1437 2523 1638 2566; x_wconf 82' lang='lat' dir='ltr'>praestigiae</span> <span class='ocrx_word' id='word_1_623' title='bbox 1655 2524 1831 2557; x_wconf 86' lang='lat' dir='ltr'>mentibus</span> <span class='ocrx_word' id='word_1_624' title='bbox 1846 2531 1947 2569; x_wconf 75' lang='lat' dir='ltr'>atqm=</span> <span class='ocrx_word' id='word_1_625' title='bbox 1966 2525 2075 2557; x_wconf 76' lang='lat' dir='ltr'>oeulis</span> 
     </span>
     <span class='ocr_line' id='line_1_99' title="bbox 1098 2573 2074 2618; baseline -0.002 -11"><span class='ocrx_word' id='word_1_626' title='bbox 1098 2574 1281 2608; x_wconf 89' lang='lat' dir='ltr'>homiuum</span> <span class='ocrx_word' id='word_1_627' title='bbox 1314 2574 1445 2606; x_wconf 70' lang='lat' dir='ltr'>oll&#39;usae</span> <span class='ocrx_word' id='word_1_628' title='bbox 1475 2581 1566 2608; x_wconf 90' lang='lat' dir='ltr'>sunt.</span> <span class='ocrx_word' id='word_1_629' title='bbox 1628 2573 1872 2609; x_wconf 82' lang='lat' dir='ltr'>Resutationes</span> <span class='ocrx_word' id='word_1_630' title='bbox 1904 2587 2074 2618; x_wconf 76' lang='lat' dir='ltr'>opposue-</span> 
     </span>
     <span class='ocr_line' id='line_1_100' title="bbox 1098 2623 2072 2664; baseline -0.002 -6"><span class='ocrx_word' id='word_1_631' title='bbox 1098 2633 1178 2658; x_wconf 87' lang='lat' dir='ltr'>runt</span> <span class='ocrx_word' id='word_1_632' title='bbox 1211 2625 1275 2657; x_wconf 69' lang='lat' dir='ltr'>viri</span> <span class='ocrx_word' id='word_1_633' title='bbox 1301 2624 1412 2664; x_wconf 82' lang='lat' dir='ltr'>docti,</span> <span class='ocrx_word' id='word_1_634' title='bbox 1447 2623 1594 2663; x_wconf 85' lang='lat' dir='ltr'>Dantes,</span> <span class='ocrx_word' id='word_1_635' title='bbox 1628 2624 1808 2658; x_wconf 82' lang='lat' dir='ltr'>Marsilius</span> <span class='ocrx_word' id='word_1_636' title='bbox 1833 2625 2018 2658; x_wconf 72' lang='lat' dir='ltr'>Pataxinns</span> <span class='ocrx_word' id='word_1_637' title='bbox 2042 2631 2072 2656; x_wconf 78' lang='lat' dir='ltr'>ct</span> 
     </span>
     <span class='ocr_line' id='line_1_101' title="bbox 1098 2674 2072 2719; baseline -0.004 -9"><span class='ocrx_word' id='word_1_638' title='bbox 1098 2675 1227 2710; x_wconf 82' lang='lat' dir='ltr'>Occam</span> <span class='ocrx_word' id='word_1_639' title='bbox 1246 2674 1399 2719; x_wconf 78' lang='lat' dir='ltr'>Anglus,</span> <span class='ocrx_word' id='word_1_640' title='bbox 1426 2675 1486 2719; x_wconf 85' lang='lat' dir='ltr'>qui</span> <span class='ocrx_word' id='word_1_641' title='bbox 1504 2674 1757 2719; x_wconf 71' lang='lat' dir='ltr'>lleidelbergae</span> <span class='ocrx_word' id='word_1_642' title='bbox 1773 2676 1996 2710; x_wconf 83' lang='lat' dir='ltr'>concionatus</span> <span class='ocrx_word' id='word_1_643' title='bbox 2013 2681 2072 2707; x_wconf 78' lang='lat' dir='ltr'>est.</span> 
     </span>
    </p>
   </div>
  </div>
 </body>
</html>
