2324 2955
172 108 244 142 691

280 192 388 227 Recte
416 190 558 224 dixisset
585 186 826 233 Augustinus,
859 190 889 224 si
912 188 1075 233 dixisset,
1109 204 1166 227 eas

183 245 274 286 leges
306 244 348 274 de
372 241 531 273 moribus
555 251 590 273 se
615 240 786 284 reperisse
808 242 902 285 apud
926 239 1169 288 philosophoS‚

184 304 271 338 quae
297 292 462 333 leguntur
485 291 578 333 apud
600 288 833 325 Christianos.
892 291 983 326 Nam
1004 293 1170 337 Evange-

183 344 271 375 lium
301 350 444 383 prorsus
475 340 640 384 ignorant
663 338 884 385 philosophi,
919 342 981 386 qui
1003 342 1170 386 ignorant

183 389 504 424 reconciliationem
539 391 606 423 fide
637 397 781 435 propter
810 389 994 425 Christum
1027 393 1170 427 contin-

185 451 276 484 gere.
327 437 511 473 Caeterum
534 441 626 483 leges
648 441 691 473 de
714 440 879 475 civilibus
894 442 1054 476 moribus
1072 455 1170 477 com-

182 489 338 524 muniter
355 496 489 523 norunt
506 501 586 523 cum
602 487 827 527 Christianis.

283 555 357 589 Nec
379 556 542 600 apparuit
564 554 728 591 Christus
753 557 852 599 ideo,
885 565 925 592 ut
948 570 1057 593 novas
1079 559 1170 602 leges

182 608 226 640 de
257 607 415 640 moribus
441 606 567 648 ferret,
603 619 682 640 cum
709 614 810 641 antea
835 608 924 641 ratio
946 609 1044 643 norit
1067 609 1171 652 leges.

182 655 230 690 Et
255 657 346 689 ferre
373 657 463 699 leges
488 657 532 689 ad
555 657 778 700 magistratus
802 658 975 700 pertinet,
1015 659 1060 691 ad
1083 670 1170 703 quos

183 706 452 741 constituendos
486 704 579 739 nihil
611 718 698 750 opus
729 714 781 740 est
812 719 904 741 nova
937 708 1170 750 revelatione3

182 756 335 800 pertinet
353 756 447 789 enim
466 768 520 789 res
536 757 580 789 ad
597 756 770 790 iudicium
787 757 946 792 rationis.

285 821 357 855 Nec
382 819 555 865 Epicurea
587 819 813 866 philosophia
841 831 933 858 recte
965 824 1098 858 iudicat
1127 825 1170 857 de
1194 815 1199 862 i

183 873 253 905 fine
277 872 478 913 bonorum,
511 878 545 905 et
566 871 692 916 ineptit
717 871 838 914 Valla,
865 874 927 918 qui
950 886 1062 907 unum
1082 872 1171 919 Epi-

183 934 308 956 curum
324 919 551 966 Philosophis
568 922 734 956 omnibus
754 924 947 966 anteponit.

289 989 487 1024 Aristotelis
508 987 734 1034 philosophia
752 990 1019 1033 diligentissime
1035 992 1171 1037 quaerit

186 1041 522 1080 demonstrationes,
555 1041 634 1073 ideo
659 1052 728 1073 una
752 1041 856 1083 longe
881 1042 1045 1074 omnibus
1069 1043 1171 1074 sectis

185 1091 372 1124 antecellit.
440 1089 487 1124 Et
513 1097 603 1123 recte
629 1091 760 1123 iudicat
785 1091 829 1122 de
851 1089 921 1123 fine
940 1091 1116 1123 bonorum
1138 1098 1171 1124 et

184 1140 322 1174 ratione
347 1141 536 1175 virtutum.
564 1140 592 1172 si
613 1140 755 1184 quidem
774 1140 817 1172 de
835 1139 930 1172 civili
948 1140 1018 1174 vita
1035 1146 1068 1173 et
1084 1140 1171 1173 civi-

185 1191 278 1223 libus
296 1190 485 1224 virtutibus
502 1189 723 1232 intelligitur.

287 1255 517 1301 Philosophia
541 1264 657 1290 tamen
681 1269 755 1290 non
779 1263 849 1290 tam
869 1257 1024 1300 angustis
1041 1257 1170 1291 finibus

185 1307 405 1346 continetur,
432 1314 471 1340 ut
489 1307 680 1340 existimari
697 1307 821 1340 debeat
837 1313 910 1340 tota
929 1308 968 1339 in
983 1305 1047 1340 hos
1062 1308 1170 1340 libros

184 1357 319 1389 inclusa
336 1367 408 1389 esse
422 1382 431 1397 ,
458 1357 518 1401 qui
538 1363 656 1389 extant
675 1357 719 1389 ab
738 1355 926 1390 Aristotele
944 1357 1084 1400 scripti,
1109 1358 1169 1390 sed

185 1407 356 1440 elementa
389 1413 471 1439 sunt
499 1407 591 1450 apud
617 1406 857 1440 Aristotelem.
916 1404 1170 1446 Mathematici,

185 1456 318 1490 Medici
349 1468 388 1489 ac
413 1455 658 1490 Iurisconsulti
685 1456 863 1500 fastigium
894 1456 1083 1501 imponunt
1115 1455 1171 1490 his

185 1506 286 1551 quasi
300 1506 550 1540 fundamentis.

287 1570 466 1604 Hactenus
490 1571 621 1605 dictum
647 1577 696 1604 est
719 1571 762 1604 de
787 1571 989 1606 discrimine
1008 1569 1170 1616 Evange-

186 1622 227 1654 lii
253 1627 286 1654 et
302 1619 564 1665 Philosophiae.
618 1620 727 1654 Aliud
745 1628 860 1654 autem
879 1629 929 1655 est
944 1634 1110 1666 quaerere
1127 1624 1169 1656 de

188 1671 390 1705 discrimine
415 1671 499 1714 legis
525 1671 666 1704 divinae
695 1678 728 1704 et
752 1669 1009 1715 philosophiae.
1073 1671 1168 1705 Haec

188 1723 236 1755 ita
253 1722 468 1754 conveniunt
484 1721 574 1755 sicut
591 1721 784 1764 Decalogus
801 1728 833 1754 et
850 1721 905 1753 lex
922 1729 1067 1755 naturae
1084 1734 1168 1755 con-

187 1773 350 1804 veniunt:
385 1771 466 1815 quia
498 1769 739 1814 philosophia,
773 1778 944 1815 quatenus
974 1769 1079 1805 habet
1108 1773 1169 1806 de-

188 1820 481 1864 monstrationes,
509 1828 557 1854 est
583 1821 656 1864 ipsa
681 1821 734 1853 lex
758 1827 915 1856 naturae.
966 1820 1035 1855 Sed
1053 1821 1169 1856 Deca-

188 1872 287 1913 logus
323 1870 451 1905 clarius
482 1871 651 1915 praecipit
681 1872 724 1903 de
756 1871 910 1904 motibus
941 1871 1057 1904 cordis
1089 1883 1168 1916 erga

189 1919 316 1956 Deum.

225 2035 308 2083 (V.)
343 2038 452 2072 Alia
479 2038 764 2084 disputatio:
801 2036 847 2072 de
867 2037 995 2073 eodem
1017 2039 1131 2073 Pauli

621 2088 732 2123 dicto.

187 2139 306 2181 (Neque
329 2144 361 2170 in
385 2153 455 2181 opp.
465 2138 545 2182 {Met
562 2141 672 2181 Basti„
697 2153 793 2182 neque
816 2143 848 2170 in
866 2141 1036 2181 V'iteberg.
1060 2144 1168 2182 legitur

189 2192 259 2220 haec
281 2191 480 2221 Melanthonis
503 2193 688 2230 dissertatio,
714 2203 811 2233 neque
835 2203 899 2221 eam
922 2195 1166 2222 commemoravit
1190 2181 1194 2197 ι

188 2240 351 2271 Strobelius
373 2245 403 2271 in
427 2243 607 2273 bibliotheca
623 2242 877 2273 Melanthoniana.
930 2241 1035 2273 Inveni
1052 2254 1117 2273 eam
1134 2246 1166 2273 in
1190 2268 1191 2282 ¹

187 2292 367 2321 bibliotheca
387 2291 543 2332 Gymnasii
560 2292 692 2323 Gothani
710 2296 750 2323 sic
766 2295 953 2332 inscriptam:
1187 2288 1193 2345 l

237 2340 400 2382 „Philippi
428 2343 668 2374 Melanchthonis
701 2348 731 2374 in
762 2346 864 2373 locum
893 2344 930 2373 ad
960 2342 1163 2375 colossenses:

236 2390 344 2421 Viclete
367 2405 402 2421 ne
426 2396 491 2434 quis
512 2405 565 2423 vos
582 2395 708 2435 decipiat
725 2406 777 2435 per
792 2394 1016 2434 philosophiam
1034 2398 1162 2431 inanem,
1188 2408 1189 2414 ¹

236 2442 412 2473 dissertatio,
464 2444 577 2474 Recens
600 2446 688 2478 edita.
741 2445 874 2475 Basileae
895 2446 1058 2475 excudebat
1077 2446 1163 2475 Ada-
1186 2433 1190 2471 l

232 2503 298 2522 mus
329 2492 450 2530 Petrus,
486 2494 587 2524 Mense
618 2496 778 2535 Augusto,
813 2506 889 2525 anno
921 2494 1162 2528 MDXXVII.”

938 105 1428 145 DISPUTATIONES

2125 111 2202 150 692

1220 197 1320 227 schola
1341 206 1390 225 oro
1412 193 1582 234 tradidisse,
1608 203 1700 238 eaque
1722 207 1739 226 a
1759 196 1906 237 discipulo
1927 201 2040 230 calamo
2065 207 2200 240 excepta,

1220 254 1249 277 et
1266 258 1304 277 ex
1319 249 1381 276 eius
1397 246 1504 276 scheda
1520 257 1537 276 a
1551 247 1716 288 bibliopola
1732 248 1809 278 edita
1827 249 1916 287 esse.)

1220 338 1304 378 Hoc
1328 344 1366 376 in
1392 343 1470 377 loco
1495 344 1638 378 collatio
1662 343 1838 380 humanae
1862 345 2020 380 iusticiae
2041 347 2085 380 ad
2107 346 2203 382 chri-

1222 396 1370 429 stianam
1387 393 1592 429 instituitur.
1644 392 1708 429 Est
1724 403 1840 429 autem
1856 397 1956 430 valde
1969 399 2203 432 necessarium

1223 455 1446 487 cognoscere,
1473 445 1558 489 quid
1576 445 1668 478 inter
1685 452 1869 490 utramque
1885 446 2032 488 intersit,
2057 454 2097 481 ut
2113 448 2203 482 scia-

1222 506 1317 535 mus,
1349 501 1522 539 quatenus
1547 495 1660 537 exigat
1681 494 1777 528 Deus
1802 495 1974 529 iusticiam
1998 495 2202 539 humanam,

1224 551 1256 578 et
1278 551 1451 589 qnatenus
1472 545 1647 588 improbet
1664 557 1739 578 eam
1757 543 2005 589 Philosophia,
2031 555 2203 591 quatenus

1223 602 1273 628 est
1296 594 1440 628 scientia
1464 594 1651 639 loquendi,
1677 601 1711 628 et
1733 607 1852 628 rerum
1869 596 2083 629 naturalium
2102 604 2135 630 et
2152 598 2203 630 ci-

1223 645 1347 678 vilium
1363 655 1520 684 morum,
1547 651 1580 677 et
1595 656 1634 677 ea
1651 650 1788 678 tantum
1805 645 1847 678 de
1864 646 1967 678 rebus
1983 647 2204 681 naturalibus

1223 706 1261 727 ac
1279 694 1437 727 moribus
1453 694 1615 727 civilibus
1633 694 1793 728 adfirmet
1809 706 1847 728 ac
1864 696 1981 735 docet,
2008 708 2096 741 quae
2111 703 2205 731 certa

1223 744 1360 777 ratione
1392 740 1644 788 apprehendit,
1678 751 1728 778 est
1759 756 1840 778 vera
1873 751 1906 778 et
1928 745 2022 778 bona
2047 753 2205 781 creatura

1223 792 1307 827 Dei:
1336 792 1402 827 Est
1425 794 1518 826 enim
1543 794 1658 837 ipsum
1674 793 1845 827 iudicium
1861 795 2028 835 rationis,
2054 797 2148 841 quod
2166 797 2205 829 in

1224 844 1327 877 rebus
1346 844 1567 877 naturalibus
1592 851 1624 877 et
1642 844 1805 877 civilibus
1822 845 1979 878 moribus
1996 845 2090 879 Deus
2107 847 2206 880 dedit

1223 890 1399 926 humanae
1424 900 1590 933 naturae,
1622 905 1745 926 verum
1768 900 1801 927 et
1825 901 1976 934 certum,
2012 896 2093 940 quia
2118 896 2205 930 dicit

1222 941 1353 976 Paulus
1377 942 1484 977 Rom.
1501 946 1549 978 2:
1584 942 1715 976 Gentes
1742 941 1874 979 habent
1895 945 2004 987 legem
2029 944 2095 978 Dei
2118 946 2206 978 scri-

1223 999 1316 1036 ptam
1345 993 1382 1025 in
1407 993 1590 1033 cordibus,
1616 993 1652 1025 id
1677 1000 1745 1034 est,
1770 991 1902 1027 habent
1919 995 2109 1036 iudicium,
2134 1008 2204 1040 quo

1224 1043 1378 1075 iudicare
1395 1050 1559 1086 possunt,
1586 1043 1762 1075 neminem
1780 1043 1991 1077 laedendum
2010 1056 2097 1082 esse,
2126 1057 2204 1088 gra-

1223 1092 1306 1124 tiam
1322 1104 1386 1135 pro
1405 1092 1594 1125 benefactis
1610 1090 1810 1125 habendam
1826 1105 1898 1126 esse
1909 1119 1918 1131 ‚
1944 1094 2204 1136 magistratibus

1225 1141 1489 1185 obsequendum
1515 1152 1607 1180 esse,
1633 1147 1666 1174 et
1690 1141 1828 1174 similia.
1879 1142 2021 1175 Habent
2039 1154 2120 1185 ergo
2136 1141 2203 1176 ho-

1223 1190 1335 1223 mines
1360 1202 1481 1223 verum
1507 1203 1545 1223 ac
1564 1197 1696 1223 certum
1716 1190 1886 1224 iudicium
1904 1203 1923 1224 a
1939 1190 2014 1224 Deo
2031 1193 2074 1225 de
2090 1192 2205 1225 civili-

1222 1240 1289 1273 bus
1314 1240 1489 1273 moribus:
1518 1239 1606 1273 Item
1630 1238 1762 1273 habent
1784 1241 1828 1274 de
1848 1241 1952 1274 rebus
1972 1242 2205 1283 naturalibus,

1223 1290 1266 1323 de
1289 1291 1528 1331 numerando,
1554 1291 1598 1322 de
1618 1291 1813 1329 mensuris,
1839 1291 1882 1323 de
1899 1291 2132 1333 aedificando,
2159 1293 2204 1325 de

1222 1340 1388 1373 remediis
1412 1341 1636 1380 morborum,
1662 1339 1752 1374 sicut
1775 1340 1944 1384 scriptum
1963 1347 2030 1375 est:
2055 1340 2204 1376 Honora

1222 1390 1420 1431 medicum,
1445 1402 1527 1424 nam
1553 1396 1695 1435 propter
1715 1391 1955 1425 necessitatem
1979 1392 2108 1425 creavit
2123 1404 2204 1425 eum

1223 1441 1339 1474 Deus:
1365 1439 1455 1474 Cum
1479 1441 1572 1474 enim
1596 1441 1644 1474 ait
1667 1439 1777 1474 aDeo
1802 1447 1955 1475 creatum
1973 1453 2062 1481 esse,
2090 1444 2202 1481 docet,

1223 1491 1318 1535 quod
1349 1491 1491 1524 scientia
1521 1497 1668 1524 naturae
1693 1501 1880 1533 corporum
1906 1498 1940 1525 et
1964 1490 2202 1524 remediorum

1222 1541 1266 1573 sit
1289 1552 1370 1573 vera
1394 1552 1433 1573 ac
1455 1547 1566 1581 certa,
1592 1547 1625 1573 et
1648 1552 1666 1573 a
1685 1538 1760 1573 Deo
1783 1541 1886 1573 nobis
1909 1547 2057 1574 ostensa.
2111 1540 2202 1575 Cum

1222 1590 1329 1632 igitur
1344 1589 1475 1623 Paulus
1498 1591 1563 1623 ait:
1590 1589 1716 1623 Cavete
1739 1602 1783 1622 ne
1801 1590 1878 1634 quis
1894 1602 1956 1623 vos
1972 1590 2123 1634 decipiat
2140 1603 2203 1634 per
2239 1624 2242 1625 γ

1223 1637 1501 1684 philosophiam,
1529 1652 1600 1673 non
1619 1647 1668 1673 est
1683 1640 1732 1673 sic
1746 1640 2001 1683 accipiendum,
2029 1641 2123 1684 quod
2140 1641 2201 1674 illa

1222 1687 1461 1733 philosophia,
1497 1702 1585 1734 quae
1614 1690 1715 1722 docet
1744 1690 1862 1733 loqui,
1894 1701 1933 1722 ac
1963 1690 2201 1723 remediorum

1221 1746 1383 1780 naturas,
1407 1746 1466 1773 aut
1487 1751 1695 1782 corporum,
1720 1738 1765 1772 sit
1786 1750 1891 1772 vana:
1920 1739 2090 1782 permittit
2106 1740 2201 1774 enim

1221 1789 1272 1823 uti
1290 1789 1392 1823 nobis
1410 1789 1474 1822 isto
1493 1789 1624 1822 iudicio
1643 1788 1789 1823 rationis
1807 1789 1895 1823 sicut
1913 1789 2041 1823 vestitu
2052 1796 2085 1823 et
2095 1790 2201 1832 victu,

1221 1851 1293 1872 non
1319 1846 1410 1873 vetat
1426 1839 1604 1872 numerari
1622 1845 1681 1872 aut
1696 1838 1812 1872 metiri
1828 1851 1974 1883 corpora
1985 1866 1994 1880 ,
2019 1852 2092 1873 non
2108 1847 2201 1874 vetat

1221 1889 1421 1930 aedificare,
1454 1901 1527 1922 non
1550 1896 1642 1923 vetat
1663 1889 1824 1933 pingere,
1852 1901 1926 1922 non
1949 1895 2042 1923 vetat
2064 1890 2199 1923 mederi

1220 1940 1353 1973 morbis
1369 1952 1569 1984 corporum,
1596 1952 1669 1973 non
1684 1947 1777 1974 vetat
1791 1939 1920 1973 iudicia
1935 1951 2103 1979 exercere,
2126 1940 2198 1974 imo

1221 1990 1303 2035 quia
1335 1991 1435 2023 audis
1465 1988 1549 2023 haec
1578 1991 1672 2023 dona
1701 1988 1770 2023 Dei
1799 2001 1871 2023 esse
1902 1989 2009 2024 insita
2040 1997 2200 2032 naturae,

1220 2041 1332 2073 multo
1358 2041 1468 2083 magis
1497 2041 1602 2074 debes
1626 2038 1718 2073 hanc
1738 2037 2001 2084 philosophiam
2024 2041 2199 2081 venerari,

1220 2103 1324 2136 quam
1340 2089 1435 2124 Deus
1453 2091 1550 2125 dedit
1566 2092 1610 2124 ad
1628 2090 1718 2124 vitae
1734 2090 1907 2135 praesidia
1924 2091 2095 2134 paranda:
2123 2090 2198 2124 vult

1220 2141 1313 2174 enim
1334 2140 1428 2175 Deus
1459 2153 1523 2174 nos
1549 2141 1726 2181 laborate,
1759 2147 1794 2174 et
1816 2140 1942 2174 vivunt
1966 2140 2197 2180 commodius,

1218 2192 1278 2236 qui
1304 2192 1418 2225 sciunt
1442 2192 1597 2225 remedia
1614 2192 1843 2231 morborum,
1867 2191 1929 2236 qui
1948 2191 2060 2224 sciunt
2077 2201 2196 2232 regere

1218 2241 1450 2286 respublicas,
1483 2254 1588 2287 quam
1618 2242 1777 2275 barbari:
1815 2241 1965 2285 denique
1993 2240 2053 2284 qui
2076 2251 2197 2273 omnes

1218 2293 1296 2325 illas
1324 2298 1415 2326 artes
1447 2293 1579 2334 sciunt,
1615 2292 1743 2337 quibus
1774 2291 1810 2324 in
1840 2288 1903 2323 hac
1926 2290 2100 2333 corporali
2122 2289 2195 2324 vita

1217 2343 1387 2375 servanda
1407 2343 1578 2376 utendum
1594 2349 1661 2384 est,
1687 2349 1727 2376 ut
1741 2340 1948 2375 numerandi
1965 2347 2093 2381 artem,
2119 2352 2195 2373 me-

1217 2393 1348 2433 tiendi,
1375 2393 1602 2429 aedificandi,
1630 2399 1784 2436 tempora
1807 2402 1846 2423 ex
1868 2390 2021 2423 motibus
2036 2390 2195 2424 coelesti-

1215 2444 1280 2477 bus
1304 2444 1542 2476 discernendi:
1571 2442 1666 2476 Haec
1687 2441 1803 2475 omnia
1824 2452 1901 2473 cum
1919 2441 1989 2473 sint
2004 2439 2069 2473 Dei
2089 2441 2194 2482 dona,

1216 2506 1255 2526 eo
1281 2494 1389 2537 magis
1411 2493 1574 2538 amplecti
1595 2499 1628 2526 et
1643 2491 1835 2524 exosculari
1851 2491 2080 2524 debebamus:
2109 2489 2191 2525 Ideo

234 2543 250 2572 1
269 2545 311 2582 pl.
346 2544 379 2573 8.
1185 2546 1188 2584 fl
1215 2543 1383 2578 Salomon
1407 2544 1513 2584 dicit,
1544 2542 1748 2586 sapientiam
1775 2542 1903 2575 bonam
1936 2552 2009 2574 esse
2033 2547 2064 2574 et
2090 2552 2191 2583 prae-

184 2592 253 2629 Oua
280 2595 433 2624 occasione
459 2594 525 2623 data
540 2593 716 2624 Melanthon
739 2597 818 2626 idem
838 2603 1044 2637 argumentum
1067 2603 1162 2627 retra-
1186 2588 1187 2597 ¹
1214 2600 1304 2627 stare
1325 2594 1499 2634 iusticIae,
1525 2592 1614 2626 sicut
1633 2592 1692 2624 lux
1709 2592 1861 2624 tenebris
1877 2596 2042 2635 praestat,
2069 2589 2192 2626 Eccle-

184 2646 323 2684 etaverit,
357 2647 468 2675 nescio.
536 2643 614 2675 Puto
638 2652 752 2683 autem,
786 2646 1008 2678 Melanthonem
1032 2648 1104 2678 haec
1128 2642 1161 2677 in
1184 2685 1188 2692 Δ
1214 2645 1306 2678 siast.
1321 2645 1356 2681 2.
1401 2643 1469 2678 Sed
1491 2643 1534 2677 de
1551 2640 1627 2676 Deo
1650 2648 1740 2675 errat
1757 2639 1981 2687 philosophia
1998 2640 2192 2685 tripliciter,
