2324 2955
2044 119 2114 153 711

635 507 1106 552 CHRONICON
1159 505 1554 548 CARIONIS

77 603 185 640 latine
212 602 406 650 expositum
433 606 466 637 et
499 604 636 636 auctum
671 598 789 634 multis
826 602 861 633 et
897 596 1075 633 veteribus
1111 598 1145 630 et
1176 595 1375 630 recentibus
1410 594 1585 636 historiis,
1630 593 1665 627 in
1697 589 1958 625 narrationibus
1992 599 2104 623 reruni

604 665 841 710 Graecarum,
876 663 1163 700 Germanicarum
1191 665 1225 697 et
1250 658 1581 697 Ecclesiastiearum

772 760 792 783 a
824 747 1049 792 Philippo
1089 744 1412 781 Melanthone.

345 854 562 898 Witebergae
584 864 742 889 excusum
764 856 796 886 in
820 854 950 886 officina
971 851 1146 886 haeredum
1170 851 1299 892 Georgii
1322 851 1438 882 Rliaw.
1497 850 1592 880 Anno
1617 846 1835 878 M.D.m·111.

73 1039 155 1082 Nos
177 1052 238 1082 Dei
262 1052 372 1082 Gratia
393 1052 565 1093 Λυρκείας
587 1053 664 1083 Dux
687 1054 868 1091 Saxoniae,
892 1052 983 1082 Sacri
1007 1050 1143 1081 Romani
1166 1050 1296 1088 Imperii
1322 1048 1622 1079 Archimarsealcus
1645 1051 1677 1076 et
1701 1044 1847 1074 Elector.
1877 1039 2103 1079 liaiidgravins

73 1094 287 1142 ssliuringiae,
310 1095 455 1125 Mai-chio
478 1096 635 1133 Misniae,
658 1101 692 1125 et
710 1095 936 1135 Burggravius
951 1093 1259 1133 Magdeburgensis.
1302 1092 1424 1121 Notum
1448 1091 1587 1120 saciiiius
1610 1088 1772 1118 universis
1796 1095 1834 1115 ac
1857 1084 1994 1123 singulis
2012 1081 2102 1111 Sub—

74 1136 152 1166 ditis
175 1138 315 1175 nostris,
344 1142 542 1175 nostraeque
564 1138 684 1166 Ditioni
707 1138 905 1174 coniunctiS,
928 1145 990 1165 nec
1013 1145 1075 1164 non
1098 1136 1169 1165 aliis
1192 1135 1252 1164 has
1275 1135 1386 1164 literas
1409 1138 1540 1163 nostras
1563 1131 1767 1170 inspecturis.
1812 1128 1988 1167 Postquain
2012 1124 2104 1152 nobis

72 1178 181 1209 Vidua
203 1179 277 1208 olim
301 1179 432 1219 Georgii
456 1179 577 1208 Rhavii
600 1180 809 1219 Typograplii
832 1179 1100 1217 Vitebergensis,
1140 1178 1303 1206 submisse
1327 1177 1544 1216 significavit,
1580 1174 1664 1213 quod
1688 1172 1887 1209 Clironicon,
1923 1174 2018 1199 antea
2043 1166 2101 1195 suh

73 1222 200 1252 nomine
225 1221 374 1251 Carionis
397 1221 537 1259 editum,
568 1226 602 1250 et
625 1231 710 1251 nunc
734 1230 849 1251 recens
872 1230 891 1250 a
913 1221 1109 1250 Doctissimo
1132 1220 1202 1249 viro
1225 1220 1362 1249 Domino
1386 1219 1532 1258 l’liilippo
1553 1217 1762 1247 Melantlione
1785 1219 1932 1251 auctum,
1961 1209 2103 1248 sumpti—

73 1265 134 1294 bus
158 1264 228 1294 suis
250 1269 285 1293 et
307 1264 423 1294 Latine
446 1268 480 1293 et
504 1263 694 1294 Germanice
717 1265 748 1293 iii
772 1265 933 1302 pubiicum
957 1264 1105 1301 mittere,
1145 1267 1178 1292 et
1202 1262 1291 1300 prelo
1315 1263 1475 1292 subiicere
1499 1261 1660 1290 statuerit.
1705 1259 1748 1288 Et
1776 1257 1894 1286 obnixe
1922 1254 2030 1294 petiit,
2067 1257 2101 1279 nt

73 1305 114 1354 ad
137 1306 198 1353 hoe
221 1307 280 1335 sibi
304 1312 338 1335 et
360 1306 565 1336 Haeredibus
589 1308 659 1335 suis
681 1307 890 1346 Privilegiuiii
914 1306 1090 1335 clementer
1113 1304 1281 1344 daremus,
1318 1314 1380 1343 quo
1404 1309 1576 1341 caveatur,
1611 1312 1651 1331 ne
1674 1302 1759 1330 intra
1785 1308 1845 1328 sex
1869 1306 1971 1328 annos
1995 1295 2102 1324 Chro-

74 1357 167 1378 iiicon
190 1347 285 1386 illud7
316 1348 368 1377 alii
393 1353 564 1387 praeterea
588 1349 812 1388 'l'ypograplii‚
848 1349 879 1378 iii
903 1348 1086 1378 Ditionibus
1110 1348 1230 1376 nostris
1254 1348 1454 1386 imprimant,
1489 1351 1545 1375 aut
1567 1345 1639 1374 alibi
1672 1345 1769 1373 etiam
1798 1341 1919 1371 editum
1948 1337 2101 1368 vendant.

74 1390 211 1429 Cunque
235 1389 379 1420 defuncti
402 1391 521 1420 Rhavii
544 1391 707 1430 singulare
732 1392 874 1421 studium
897 1392 928 1420 in
952 1389 1170 1429 promovenda
1193 1399 1227 1418 re
1251 1390 1392 1419 literaria
1415 1390 1505 1418 nobis
1529 1386 1785 1418 commendatum
1810 1385 1869 1420 sit,
1905 1388 1937 1412 et
1962 1384 2101 1411 constet,

73 1438 194 1471 quanta
214 1434 258 1480 sit
278 1433 402 1462 utilitas
416 1434 579 1462 Lectionis
592 1435 825 1471 Historiarum,
849 1435 894 1463 ita
915 1442 1011 1471 sane,
1034 1437 1069 1462 ut
1092 1436 1125 1461 et
1148 1432 1233 1461 hanc
1255 1432 1427 1461 editionem
1450 1441 1511 1460 non
1536 1436 1661 1460 tantum
1684 1428 1899 1465 discentibus,
1924 1424 1981 1454 sed
2005 1424 2101 1452 etiam

74 1476 200 1514 magnis
224 1475 304 1522 yiris
328 1475 575 1513 hominibusque
599 1476 755 1514 politicis,
792 1477 823 1505 iii
849 1476 1040 1505 tractatione
1064 1483 1171 1503 rerum
1194 1475 1461 1513 gravissimarum
1484 1473 1710 1509 versantibus,
1740 1471 1879 1500 maxime
1903 1467 2101 1506 profuturam

75 1526 166 1564 esse·
183 1521 423 1546 existimemus:
460 1517 532 1546 Nos
563 1517 667 1546 dictae
690 1518 815 1547 Viduae
839 1517 1005 1556 precibus,
1041 1525 1097 1554 pro
1120 1526 1158 1545 ea
1181 1516 1308 1554 quidem
1332 1518 1551 1556 benignitate,
1589 1524 1652 1553 qua
1673 1514 1810 1543 miseras
1833 1518 1988 1550 personas
2011 1517 2102 1537 com-

72 1560 272 1606 plectimur,·
293 1563 393 1607 atque
416 1568 455 1588 ea
478 1559 573 1588 animi
597 1560 827 1598 propensione,
863 1568 928 1598 qua
950 1568 1030 1597 erga
1054 1558 1237 1594 discentes,
1273 1564 1306 1589 et
1339 1560 1502 1588 litei-arum
1533 1557 1655 1591 studia,
1691 1566 1772 1595 quae
1803 1560 1835 1584 et
1860 1552 2038 1591 Religionis
2070 1555 2099 1578 et

73 1602 189 1632 Status
212 1602 334 1640 politici
358 1602 533 1630 seminaria
556 1606 589 1630 et
613 1603 704 1631 nervi
730 1607 823 1641 sunt,
862 1602 1002 1640 benigne
1026 1600 1134 1630 affecti
1158 1610 1289 1641 suiuus,
1327 1602 1505 1631 clementer
1528 1602 1699 1631 annuisse,
1737 1598 1862 1637 ipsique
1885 1602 1915 1626 et
1941 1592 2101 1624 llaeredi-

72 1645 134 1675 bus
151 1645 228 1692 'suis
251 1644 463 1691 Priuilegium
486 1644 547 1673 lioc
570 1644 711 1674 dedisse.
770 1645 821 1675 Ac
845 1644 960 1674 danius
983 1653 1062 1673 sane
1086 1644 1135 1672 eis
1157 1644 1368 1683 Privilegiuin
1394 1646 1529 1683 petitum
1553 1644 1603 1672 liis
1627 1642 1730 1671 literis
1759 1641 1897 1677 nostris,
1932 1638 2100 1674 Vobisque

75 1687 221 1717 omnibus
245 1691 280 1715 et
302 1686 440 1725 singulis
464 1687 548 1715 serio
580 1687 787 1725 mandamus⁷
825 1692 861 1716 ut
893 1687 1030 1725 quisque
1059 1685 1228 1724 diiigenter
1257 1687 1510 1719 animadvertat,
1548 1696 1587 1714 ue
1618 1686 1701 1714 intra
1729 1694 1830 1713 annos
1862 1691 1938 1711 sex.
1972 1680 2011 1709 ab
2041 1679 2101 1707 lioe

73 1735 218 1768 tempore
241 1729 272 1758 in
295 1728 453 1776 'Dominus
477 1729 616 1767 nostris,
646 1734 702 1758 aut
724 1729 1002 1758 Iurisdictionibus
1025 1729 1167 1766 vestris,
1191 1730 1261 1758 sive
1284 1730 1378 1758 vobis
1402 1729 1600 1761 commissis,
1636 1728 1755 1756 dictinii
1779 1725 1959 1755 Cliroiiicon
1983 1722 2100 1752 Latine

73 1777 129 1820 aut
152 1771 343 1818 Germanice
367 1770 498 1805 edatur,
521 1776 578 1799 aut
601 1771 674 1800 alibi
697 1772 794 1800 etiam
818 1772 1011 1810 impressum
1036 1770 1215 1809 vendatur,
1252 1772 1312 1801 sub
1336 1782 1440 1811 poena
1462 1772 1515 1801 vel
1538 1771 1659 1800 inuicta
1681 1774 1896 1801 trecentorum
1921 1773 2100 1795 aureorum.

73 1823 166 1844 cuius
188 1813 315 1852 quidem
338 1813 479 1842 mulctae
503 1812 609 1842 media
632 1822 708 1851 pars
732 1814 844 1851 Fisco,
882 1820 915 1843 et
938 1815 1041 1843 altera
1065 1814 1126 1851 ipsi
1149 1813 1276 1843 viduae
1301 1824 1338 1844 ac
1360 1815 1564 1845 Ilaeredibus
1596 1814 1680 1847 suis,
1718 1813 1788 1841 sine
1816 1811 1879 1840 ulla
1909 1808 2099 1838 remissione

70 1867 90 1887 a
113 1855 339 1896 Typographis
362 1860 395 1884 et
418 1855 602 1893 Bibliopolis
626 1861 740 1885 contra
763 1856 823 1885 lioc
846 1856 1106 1895 delinquentibus
1131 1856 1213 1885 solvi
1237 1857 1342 1887 debet.
1401 1857 1482 1887 Illud
1510 1857 1669 1886 noluimus
1700 1864 1762 1884 vos
1783 1854 1907 1890 celare,
1945 1853 2045 1889 litque
2068 1850 2097 1877 iii

73 1908 111 1930 eo
135 1904 225 1929 certa
248 1902 361 1928 nostra
382 1897 544 1926 voluntas.
596 1898 631 1928 In
655 1899 747 1930 cuius
771 1898 868 1928 sidem
891 1899 952 1930 has
976 1900 1086 1929 literas
1109 1898 1223 1938 sigillo
1246 1905 1357 1931 nostro
1380 1901 1594 1937 munivimus,
1629 1898 1719 1936 Quae
1743 1897 1838 1927 datae
1861 1900 1937 1925 sunt
1963 1894 2097 1926 Saltzae

74 1942 125 1973 12.
148 1941 337 1980 Februarii,
366 1940 460 1970 Anno
487 1940 575 1970 1558.
1919 1942 1922 1945 ·

1466 1985 1639 2024 Augustus
1662 1982 1737 2012 Dux
1764 1981 1926 2010 Saxoniae

1590 2027 1736 2060 Elector,
1759 2029 1820 2054 ete.

153 2247 157 2252 .
199 2204 381 2245 Epistotmn
404 2204 639 2236 dedicatoriam
662 2207 735 2248 lege
757 2208 789 2238 in
811 2209 892 2249 Epp.
916 2209 987 2240 Vol.
1003 2209 1060 2240 lx.
1090 2219 1119 2250 p.
1142 2209 1215 2241 531.
