2324 2955
181 139 254 175 623

183 223 304 262 certis,
336 226 368 252 et
397 217 457 261 qui
487 222 605 246 vocem
632 209 810 243 doctrinae
831 207 898 242 Dei
921 208 1157 253 incorruptam

942 120 1422 160 D‘ISPUTATIONES

2113 127 2186 162 624

1311 210 1345 242 9.
1384 209 1463 243 Non
1495 210 1658 244 invocant
1689 223 1810 244 verum
1835 209 1948 244 Deum
1976 210 2185 244 Maliometi-

187 282 220 308 φῖ
243 274 409 311 integram
434 267 543 307 legem
567 269 599 294 et
622 259 888 305 promissionem
911 259 952 291 de
970 259 1159 292 mediatore
1209 267 1296 300 stae,
1323 267 1356 294 et
1372 271 1493 293 omnes
1508 261 1567 293 alii
1586 261 1695 304 ignari
1713 268 1744 294 ct
1761 260 1876 294 hostes
1891 258 2040 300 Christi,
2065 269 2104 294 ut
2121 260 2186 294 lioc

185 319 415 365 amplectitur.
480 313 527 347 Et
557 312 635 345 talis
663 317 713 343 est
735 307 910 349 Ecclesia,
939 309 1056 352 qualia
1078 316 1160 343 sunt

184 374 244 405 illa
266 368 439 405 membra,
466 371 499 398 et
522 362 636 408 qualis
658 367 708 394 est
729 365 846 392 coetus
869 358 1078 402 amplectens
1095 371 1159 392 vo-

184 433 257 455 cem
280 418 458 452 doctrinae
483 415 674 456 integram,
700 410 835 442 etiamsi
857 416 907 442 est
923 419 1160 450 aerumnosuS,

185 473 378 515 dispersus,
405 473 437 499 et
454 474 638 508 oppressus
656 460 842 503 multiplici
859 460 1056 504 tyrannide.

284 520 319 555 5.
360 517 431 550 Nec
464 514 626 557 fingimus
656 511 769 544 ideam
808 508 1043 550 Platonicam,
1081 522 1159 543 cum

183 570 376 606 Ecclesiam
399 568 434 599 in
458 563 521 598 hac
547 563 617 596 vita
641 560 884 600 nominamus,
909 560 969 592 sed
987 567 1161 593 monstra-

183 633 261 655 mus
277 617 470 653 Ecclesiam
492 613 683 650 visihilem,
710 622 798 654 quae
822 609 977 653 conspici
1001 617 1035 643 et
1057 622 1162 643 exau-

184 672 253 706 diri
276 675 405 714 potest,
429 667 522 699 iuxta
544 664 692 697 dictum:
720 660 760 693 In
783 672 921 692 omnem
947 666 1074 693 terram
1090 660 1161 693 exi-

183 723 235 756 vit
250 731 356 754 sonus
371 728 504 751 eorum.
563 712 695 756 Estque
711 710 858 743 visibilis
874 708 1029 742 Ecclesia
1046 717 1162 743 coetus

183 768 468 815 amplectentium
489 766 728 806 incorruptam
745 759 931 802 Evangelii
954 760 1162 800 doctrinam,

185 829 217 856 et
241 827 329 854 recte
352 817 526 852 utentium
550 810 803 851 sacramentis,
829 811 865 842 in
890 822 959 854 quo
982 810 1075 843 filius
1096 809 1162 843 Dei

185 883 265 904 vere
289 877 339 903 est
361 868 495 906 efficax,
527 870 560 897 ct
581 863 710 896 multos
735 866 914 903 regenerat
936 872 1019 893 voce
1042 859 1162 893 Evan-

185 922 266 966 gelii
295 927 327 954 et
360 917 494 962 Spiritu
525 920 663 953 sancto,
711 918 743 944 et
770 911 851 944 facit
880 908 1045 943 haeredes
1072 910 1162 943 vitae

186 980 355 1005 aeternae.
407 966 454 1001 Et
478 972 559 998 sunt
581 971 697 996 tamen
723 961 761 993 in
784 973 823 994 eo
848 966 948 993 coetu
971 960 1075 993 multi
1091 972 1162 993 non

187 1022 313 1061 sancti,
339 1020 398 1053 sed
415 1025 531 1051 tamen
552 1015 593 1047 de
611 1012 768 1046 doctrina
785 1011 1050 1044 consentientes.

286 1072 323 1106 6.
363 1069 443 1103 Duo
475 1072 556 1099 sunt
587 1074 711 1106 genera
737 1061 916 1093 doctrinae
940 1061 977 1092 in
999 1059 1165 1098 Ecclesia,

188 1124 268 1156 inde
289 1131 400 1164 usque
424 1119 468 1152 ab
491 1116 613 1154 initio,
637 1124 713 1145 cum
730 1111 843 1144 Adam
868 1117 901 1143 et
916 1109 1014 1142 Heva
1035 1109 1164 1152 recepti

186 1180 286 1212 sunt,
312 1172 367 1203 lex
385 1175 418 1202 et
431 1165 675 1208 Evangelium.
729 1160 809 1194 Una
827 1166 877 1192 est
893 1160 946 1192 lex
965 1160 1107 1192 moralis
1127 1159 1164 1190 in

186 1230 258 1257 tota
281 1219 498 1258 aeternitate,
525 1226 612 1260 quae
634 1219 684 1245 est
705 1210 874 1254 sapientia
891 1216 1031 1243 aeterna
1047 1216 1079 1242 et
1098 1209 1164 1241 im·-

185 1279 279 1306 mota
311 1281 433 1303 norma
465 1265 620 1301 iusticiae
646 1263 685 1295 in
708 1262 810 1301 Deo,
845 1260 1047 1293 discernens
1073 1266 1164 1292 reeta

187 1330 220 1356 et
249 1333 321 1354 non
354 1326 464 1358 recta,
503 1316 671 1360 patefacta
703 1310 869 1345 rationali
900 1318 1095 1350 creaturae,
1128 1309 1165 1341 in

186 1371 379 1410 creatione,
404 1375 438 1402 et
460 1374 578 1411 postea
601 1375 686 1396 voce
711 1363 832 1395 divina
848 1372 949 1404 saepe
965 1361 1110 1404 repetita
1128 1359 1164 1391 in

185 1422 359 1458 Ecclesia,
386 1418 573 1453 ostendens
595 1414 690 1459 quod
714 1413 758 1445 sit
774 1412 890 1451 Deus,
917 1418 949 1444 et
974 1411 1087 1455 qualis
1112 1410 1165 1448 sit,

185 1480 219 1506 et
245 1472 404 1514 obligans
427 1478 547 1502 omnes
572 1464 759 1498 rationales
782 1468 974 1501 creaturas,
1008 1468 1042 1493 et
1066 1472 1163 1503 prae-

186 1523 337 1567 cipiens,
364 1527 404 1553 ut
427 1519 497 1552 sint
514 1525 635 1549 omnes
649 1514 843 1546 conformes
858 1510 953 1551 Deo,
978 1517 1010 1543 et
1028 1512 1167 1542 ‹lenun-

187 1574 282 1606 cians
300 1572 427 1604 iustam
442 1574 475 1601 et
491 1565 705 1600 horrendam
721 1563 809 1594 iram
822 1560 890 1594 Dei
908 1562 1071 1593 adversus
1088 1572 1167 1603 pee-

187 1630 279 1662 cata,
305 1632 394 1666 quae
417 1617 514 1652 Deus
537 1617 698 1653 damnat,
722 1619 756 1645 et
779 1611 927 1660 destruit
952 1622 1072 1643 omnes
1093 1622 1166 1642 non

187 1674 402 1711 conformes,
426 1668 495 1701 nisi
517 1667 576 1699 fiat
597 1663 755 1697 remissio
779 1669 811 1694 et
830 1661 1067 1694 reconciliatio
1085 1672 1167 1703 pro-

188 1732 266 1766 pter
281 1722 393 1754 filium
410 1718 649 1751 mediatorem.

289 1772 325 1806 .7.
366 1767 598 1811 Evangelium
622 1771 672 1797 est
697 1761 910 1807 praedicatio
933 1761 1168 1804 poenitentiae

191 1832 223 1858 et
245 1819 507 1867 promissionis,
533 1827 622 1861 quae
644 1827 718 1847 non
739 1820 788 1846 est
812 1813 963 1845 naturali
979 1813 1055 1844 luce
1076 1817 1168 1851 nota,

191 1874 247 1907 sed
272 1884 311 1905 ex
334 1881 460 1904 arcano
483 1866 628 1900 consilio
652 1863 847 1897 divinitatis
871 1874 931 1906 per
955 1862 1066 1894 filium
1087 1873 1167 1905 pro-

191 1925 259 1957 lata
281 1929 350 1959 est,
384 1919 445 1965 qui
468 1918 595 1951 missus
617 1922 684 1956 est,
717 1920 758 1947 ut
783 1920 925 1956 propter
951 1923 1030 1945 eum
1054 1918 1088 1944 et
1109 1923 1170 1955 per

190 1985 269 2007 eum
300 1970 500 2004 immediate
531 1966 715 2008 colligatur
745 1962 922 2001 Ecclesia,
965 1962 1171 1995 ostendatur

189 2021 429 2057 misericordia
455 2017 524 2053 Dei
550 2028 635 2050 voce
660 2013 862 2056 Evangelii,
896 2019 931 2045 et
960 2013 1088 2045 dentur
1116 2024 1171 2044 re-

190 2073 309 2107 missio
340 2076 579 2116 peccatorum,
612 2063 871 2103 reconciliatio,
905 2062 1090 2106 imputatio
1115 2062 1171 2094 iu-

191 2124 326 2163 sticiae,
352 2119 538 2154 vivificatio
554 2124 587 2150 et
605 2116 749 2150 donatio
765 2114 917 2156 Spiritus
934 2113 1063 2153 sancti,
1088 2110 1170 2144 hae-

193 2174 320 2208 reditas
343 2173 433 2205 vitae
455 2176 635 2207 aeternae,
670 2164 828 2199 iusticiae
851 2171 884 2197 et
907 2163 1036 2206 gloriae
1061 2169 1172 2195 aeter-

193 2236 276 2261 nae,
303 2223 427 2265 gratis,
454 2221 521 2253 fide
537 2216 789 2262 accipientibus
804 2214 1073 2258 promissionem
1089 2224 1171 2256 pro-

192 2282 268 2319 pter
282 2272 521 2305 mediatorem.

295 2324 330 2357 8.
366 2321 444 2355 Etsi
466 2321 520 2353 lex
544 2328 684 2363 quoque
703 2314 943 2349 testimonium
967 2320 1018 2346 est
1042 2314 1084 2345 de
1103 2311 1172 2346 Ec-

195 2374 316 2413 clesia,
342 2384 423 2404 nam
446 2371 484 2403 in
509 2370 582 2402 sola
606 2379 687 2400 vera
701 2364 858 2399 Ecclesia
880 2375 1016 2408 semper
1036 2369 1171 2396 retenta

196 2432 247 2458 est
271 2424 403 2465 integra
427 2427 460 2454 et
483 2420 685 2460 incorrupta
707 2416 792 2458 legis
815 2415 994 2453 doctrina,
1020 2420 1172 2446 caeterae

196 2481 306 2509 sectae
342 2482 462 2505 omnes
491 2481 566 2502 eam
589 2472 823 2511 corruperunt
847 2471 881 2498 et
905 2464 1171 2498 mutilaverunt:

195 2533 312 2559 tamen
337 2534 402 2555 vox
426 2518 609 2561 Evangelii
630 2517 772 2561 proprie
795 2515 877 2549 facit
900 2514 1087 2548 discrimen
1105 2511 1172 2546 Ec-

196 2575 318 2610 clesiae
341 2579 375 2606 et
397 2571 544 2604 aliarum
568 2567 743 2609 gentium,
774 2566 863 2599 sicut
887 2565 1003 2609 inquit
1024 2563 1172 2597 Paulus:

195 2625 478 2660 Fundamentum
501 2618 597 2652 aliud
621 2617 706 2660 poni
727 2628 800 2649 non
818 2622 949 2659 potest,
975 2621 1111 2659 praeter
1125 2614 1173 2655 id,

196 2676 290 2722 quod
307 2672 460 2719 positum
479 2676 548 2708 est,
574 2667 668 2712 quod
687 2672 736 2699 est
753 2665 847 2700 Iesus
865 2663 1038 2700 Christus.

1187 974 1201 2704 Ἥρω-’-

1209 318 1364 354 tempore
1394 310 1594 343 defensores
1620 310 1755 345 Serveti
1783 319 1814 344 et
1840 311 1989 351 similes,
2024 312 2102 354 quia
2127 313 2187 355 qui

1209 361 1319 393 filium
1337 372 1409 393 non
1427 358 1597 401 honorat,
1624 373 1696 394 non
1714 359 1863 394 honorat
1881 368 2026 404 patrem.

1313 427 1369 460 10.
1398 425 1568 460 Universa
1585 427 1757 471 scriptura
1772 427 1897 460 veteris
1915 434 1947 460 et
1965 427 2048 459 novi
2066 426 2188 461 Testa-

1211 477 1321 510 menti
1362 477 1531 521 praecipit
1568 478 1731 510 invocare
1761 477 1937 511 Messiam.
2002 476 2050 510 Et
2083 478 2189 521 igitur

1211 527 1358 561 Messias
1389 528 1620 571 omnipotens.
1686 527 1754 560 Hic
1784 533 1970 571 perpetuus
2002 539 2189 561 consensus

1211 578 1394 611 universae
1419 578 1609 621 scripturae
1633 578 1676 611 sit
1701 581 1737 610 in
1753 583 1938 619 conspectu
1956 578 2044 609 etad
2062 579 2190 610 confir-

1211 629 1378 661 mandum
1396 628 1533 669 dogma,
1556 630 1648 673 quod
1663 628 1765 668 filius,
1789 628 1849 672 qui
1865 634 1914 659 est
1930 627 2042 667 imago
2059 629 2189 660 aeterni

1212 678 1338 722 patris,
1372 678 1415 710 sit
1437 678 1548 717 Deus,
1584 685 1618 712 et
1644 679 1687 711 ad
1712 678 1970 711 exuscitandam
1996 677 2190 711 invocatio—

1212 740 1302 762 nem.

1317 794 1374 827 11.
1423 793 1535 828 Filius
1569 795 1773 827 nominatur
1805 791 1927 841 λόγος,
1970 806 2042 827 non
2077 794 2192 827 sotum

1213 845 1294 890 quia
1324 845 1532 887 cogitatione
1555 845 1664 888 patris
1693 845 1868 885 nascitur,
1901 845 1958 877 sed
1983 845 2085 877 etiam
2109 845 2192 889 qnia

1215 902 1264 928 est
1292 907 1440 939 persona
1466 896 1588 935 missa,
1621 901 1661 928 ut
1686 907 1747 938 per
1771 907 1844 927 eam
1868 895 2068 928 immediate
2092 895 2193 927 colli-

1213 952 1314 989 gatur
1330 944 1504 985 Ecclesia,
1530 946 1709 988 proferens
1725 944 1956 987 Evangelium
1982 957 2021 977 ex
2040 945 2119 977 sinu
2136 956 2192 977 ae-

1214 996 1305 1028 terni
1331 996 1458 1038 patris,
1481 1007 1567 1039 qnae
1590 1007 1724 1039 semper
1749 997 1844 1028 adest
1861 994 2052 1033 Ecclesiae,
2076 1001 2194 1027 osten-

1215 1046 1267 1078 dit
1291 1045 1512 1077 credentibus
1535 1045 1644 1088 patris
1667 1045 1940 1077 misericordiam
1966 1057 2049 1077 voce
2073 1043 2194 1077 Evan-

1214 1095 1316 1137 gelii,
1351 1102 1384 1127 et
1407 1094 1558 1127 viviticat
1581 1106 1658 1133 eos,
1693 1101 1725 1126 et
1749 1096 1807 1126 dat
1830 1095 2002 1137 Spiritum
2025 1102 2195 1133 sanctum,

1215 1151 1327 1177 servat
1349 1143 1582 1176 ministerium
1601 1142 1782 1185 Evangelii
1799 1150 1831 1176 et
1847 1142 2047 1176 Ecclesiam.
2101 1143 2196 1176 Haec

1214 1195 1295 1227 facit
1327 1194 1408 1225 inde
1441 1205 1551 1237 usque
1574 1194 1617 1226 ab
1639 1193 1741 1226 initio
1767 1200 1800 1226 et
1826 1200 2012 1238 antequam
2035 1194 2195 1226 assumsit

1215 1242 1406 1277 humanam
1434 1251 1615 1283 naturam,
1648 1250 1680 1277 et
1704 1255 1799 1276 nunc
1821 1244 1858 1275 in
1885 1251 2008 1277 natura
2032 1251 2193 1277 assumta.

1215 1294 1310 1327 Ilaec
1334 1294 1574 1337 interpretatio
1597 1294 1842 1337 adpellationis
1866 1290 1973 1340 λόγος
1994 1294 2196 1327 dulcissima

1216 1351 1284 1384 est,
1309 1351 1343 1377 et
1367 1343 1633 1377 commonefacit
1658 1355 1722 1375 nos
1746 1344 1788 1376 de
1811 1351 1975 1386 perpetua
2002 1345 2196 1386 praesentia

1216 1402 1248 1428 et
1270 1394 1419 1427 efficacia
1443 1394 1506 1425 filii
1530 1393 1593 1426 Dei
1617 1394 1653 1425 in
1670 1392 1835 1428 Ecclesia.
1888 1392 2059 1436 Congruit
2082 1401 2195 1427 autem

1217 1457 1295 1478 curn
1316 1445 1424 1477 dicto:
1453 1443 1566 1476 Filius
1583 1444 1642 1488 qui
1661 1450 1710 1476 est
1730 1443 1765 1476 in
1781 1444 1860 1475 sinu
1878 1444 1985 1486 patris
2004 1444 2076 1486 ipse
2092 1455 2195 1475 enar-

1216 1495 1306 1528 ravit
1322 1494 1436 1528 nobis.
1480 1493 1585 1526 Item:
1611 1492 1679 1537 τὴν
1696 1491 1813 1537 ἄρχῇν
1829 1491 1883 1525 ὅτι
1900 1491 1960 1526 καὶ
1980 1494 2077 1526 λαλῶ
2095 1491 2195 1536 ὑμῖν.

1216 1544 1318 1577 Item:
1347 1543 1456 1576 Nemo
1480 1543 1579 1576 novit
1600 1550 1732 1586 patrem
1756 1543 1825 1575 nisi
1843 1543 1954 1580 filius,
1981 1550 2014 1576 et
2032 1543 2085 1576 cui
2103 1544 2194 1577 volet

1216 1594 1307 1627 silius
1323 1594 1488 1627 revelare.

1320 1662 1376 1695 12.
1426 1657 1510 1693 Esse
1539 1665 1654 1692 autem
1684 1655 1794 1706 λόγον
1824 1656 2102 1704 ὑφιστά,ιιειόι’,’
2136 1672 2194 1694 seu

1217 1723 1418 1756 personam,
1443 1710 1553 1742 multa
1576 1710 1667 1742 dicta
1692 1716 1879 1748 testantur,
1906 1721 1994 1753 quac
2011 1710 2196 1743 adfirmant

1219 1775 1297 1795 enm
1322 1773 1393 1794 esse
1418 1766 1605 1803 antequam
1627 1759 1787 1792 assumsit
1812 1757 2000 1792 humanam
2021 1767 2194 1794 naturam.

1219 1813 1418 1856 Antequam
1444 1807 1622 1843 Abrabam
1646 1816 1749 1841 natus
1774 1816 1841 1847 est,
1872 1821 1933 1851 ego
1956 1821 2044 1843 sum.
2098 1809 2197 1851 Item,

1218 1862 1349 1895 Paulus
1370 1862 1412 1894 ad
1433 1857 1651 1894 Corinthios:
1678 1858 1851 1892 Bibebant
1875 1872 1913 1891 ex
1939 1859 2113 1902 spirituali
2137 1873 2197 1893 co-

1219 1912 1364 1945 mitante
1381 1922 1437 1943 eos
1453 1916 1566 1954 petra,
1591 1908 1696 1942 Petra
1714 1915 1830 1942 autem
1845 1907 2097 1944 eratCtiris-tus.
2149 1909 2197 1945 Et

1220 1960 1342 1995 Iollan.
1365 1961 1439 1994 17.:
1468 1959 1635 1993 Glorifica
1661 1971 1717 1992 me
1740 1966 1836 2003 pater
1860 1961 1949 2003 apud
1969 1967 2001 1992 te
2019 1972 2062 1994 ea
2075 1961 2198 2003 gloria,

1221 2024 1325 2057 quam
1341 2009 1450 2043 habui
1465 2011 1556 2053 apud
1574 2016 1623 2049 te,
1650 2016 1835 2054 antequam
1853 2010 1919 2042 fuit
1937 2011 2098 2043 mundus.
2152 2009 2198 2045 Et

1220 2064 1258 2095 in
1274 2060 1431 2105 Epistola
1450 2062 1493 2093 ad
1502 2058 1660 2093 Ebraeos
1674 2060 1877 2092 nominatur
1889 2060 1991 2100 filius,
2018 2073 2079 2104 per
2095 2073 2197 2106 quem
2236 2078 2237 2081 =

1221 2112 1339 2145 omnia
1369 2111 1508 2143 condita
1540 2116 1631 2142 sunt.
1686 2109 1732 2143 Et
1762 2108 1820 2142 hic
1849 2110 1940 2143 filius
1970 2110 2099 2144 dicitur
2126 2122 2198 2143 esse

1222 2158 1451 2209 ἀηιιύγασλιια
1467 2160 1597 2203 gloriae
1612 2166 1645 2193 et
1660 2157 1839 2193 character
1853 2161 2065 2193 substantiae
2080 2161 2198 2204 patris.

1221 2211 1267 2246 Et
1287 2213 1329 2245 ad
1348 2210 1570 2244 Colossenses
1593 2210 1741 2249 dicitur,
1768 2211 1885 2243 omnia
1903 2222 1964 2252 per
1981 2210 2094 2253 ipsum
2113 2223 2196 2244 con-

1222 2264 1293 2296 dita
1317 2273 1400 2294 esse.
1452 2262 1558 2300 Item,
1585 2260 1676 2293 dicta
1694 2257 1862 2293 Iohannis
1882 2260 1996 2303 primo
2021 2267 2054 2293 et
2069 2260 2198 2294 Iohan-

1222 2314 1277 2346 nis
1307 2312 1449 2357 quinto:
1491 2310 1595 2344 Pater
1622 2321 1720 2343 meus
1752 2321 1861 2354 usque
1889 2310 1994 2341 modo
2024 2318 2199 2353 operatur,

1222 2371 1255 2397 et
1272 2375 1333 2405 ego
1351 2373 1486 2406 operor.
1537 2359 1699 2406 Denique
1713 2360 1781 2393 sint
1797 2360 1833 2391 in
1849 2366 2033 2402 conspectu
2048 2361 2199 2396 illustria

1221 2413 1440 2452 testimonia,
1466 2418 1505 2444 ut
1528 2411 1612 2444 fides
1634 2417 1667 2444 et
1690 2409 1864 2442 invocatio
1888 2409 1926 2441 in
1949 2410 2054 2443 nobis
2071 2412 2198 2445 confir-

1222 2471 1375 2503 mentur,
1403 2469 1435 2496 et
1449 2462 1663 2495 celebremus
1677 2457 1768 2492 hanc
1779 2459 1975 2492 mirandam
1991 2461 2199 2502 bonitatem,

1223 2515 1317 2559 quod
1345 2525 1425 2546 vere
1449 2513 1542 2545 filius
1565 2510 1630 2544 Dei
1653 2509 1778 2542 missus
1801 2510 1844 2542 sit
1868 2510 1912 2542 ad
1936 2508 2127 2545 Ecclesiam
2152 2513 2197 2545 ab

1222 2565 1344 2608 initio,
1376 2569 1411 2596 et
1439 2563 1533 2607 quod
1559 2571 1639 2592 vere
1663 2559 1707 2592 sit
1730 2566 1844 2593 custos
1867 2557 2057 2602 Ecclesiae,
2094 2568 2128 2595 et
2153 2562 2197 2596 sit

1223 2615 1342 2647 efficax
1367 2625 1450 2645 voce
1475 2610 1672 2650 doctrinae,
1705 2616 1738 2642 et
1762 2621 1903 2653 agamus
1925 2611 2068 2653 gratias,
2101 2613 2195 2657 quod

1222 2662 1287 2698 hoc
1313 2663 1475 2698 mirando
1498 2660 1638 2694 foedere
1661 2671 1815 2693 amorem
1836 2667 1978 2695 testatus
2001 2669 2068 2703 est,
2101 2663 2196 2707 quod
