2324 2955
158 101 251 137 1061
716 100 744 138 Ι.

155 186 210 220 lus
232 196 305 218 non
327 183 454 224 minis,
488 185 547 219 sed
574 197 637 229 pro
661 184 816 228 ipsorum
841 188 996 222 amicicia
1013 195 1134 233 petens

153 241 332 276 amanter,
358 242 395 269 ut
421 243 564 280 propter
587 234 763 269 Ecclesiae
788 239 1019 272 reverentiam
1037 238 1132 272 Pon-

152 285 237 320 tifici
262 292 294 319 et
319 286 397 319 urbi
420 292 587 329 parceret.
645 285 721 320 Hac
743 288 945 322 amicissimi
971 296 1003 323 et
1027 301 1132 335 prae-

150 335 356 370 stantissimi
380 336 547 379 principis
573 336 732 370 oratione
756 345 872 372 motus
903 338 1131 373 Lutbrandus

150 386 298 420 discedit
320 386 364 419 ab
387 386 474 419 urhe
490 385 625 427 Roma,
652 388 711 420 sed
740 386 946 422 Ravennam
970 390 1130 423 obsidere

150 446 271 470 rursus
287 435 428 480 incipit,
456 448 526 481 quo
545 448 623 469 cum
647 438 690 470 ad
709 450 787 471 eum
804 437 988 473 Romanus
1004 439 1129 473 Ponti-

147 487 202 520 fex
217 485 415 520 accessisset
434 486 539 520 solvit
558 487 791 521 obsidionem.
843 488 1064 524 Redeuntem
1083 491 1127 523 ad

146 536 283 570 Padum
299 536 456 582 sequitur
472 536 650 578 Pontifex,
676 550 746 583 quo
763 546 965 574 reverenter
985 547 1129 584 excepto

147 593 181 621 et
202 586 324 620 audito
346 587 530 620 universae
552 586 672 621 Italiae
698 600 763 631 pax
789 590 945 623 restituta
969 597 1037 631 est,
1064 602 1127 624 nec

145 638 258 671 multo
275 643 353 681 post
368 637 598 672 Lutbrandus
612 650 652 671 ex
669 636 733 672 hac
757 639 828 673 vita
850 640 987 685 placida
1012 647 1124 675 morte

145 687 304 723 decessit.

245 735 428 784 Septimus
451 735 607 772 decimus
624 751 684 772 rex
702 738 1018 783 Longobardorum
1037 738 1126 774 Hil-

143 784 354 822 debrandus
370 788 528 832 regnavit
543 800 599 822 sex
615 801 767 831 menses,
793 791 884 824 filius
900 791 1018 825 fratris
1035 790 1124 825 Lut—

143 838 284 873 brandi.
345 837 412 872 Die
435 840 675 873 coronationis
699 841 889 883 egredienti
917 853 957 874 ex
980 842 1124 885 templo,

143 897 177 924 et
193 890 265 923 ritu
283 891 396 933 gentis
418 886 552 923 hastam
579 891 712 933 gerenti
737 891 871 924 sederat
895 891 932 923 in
952 903 989 924 ea
1009 890 1123 925 Cucu-

141 939 217 980 lus,
242 940 278 973 id
292 940 525 974 existimatum
541 947 590 973 est
607 951 679 973 esse
698 941 889 974 infaustum
907 953 1023 976 omen.
1051 941 1123 976 Nec

140 990 252 1025 multo
269 997 345 1033 post
364 1002 511 1033 regnum
526 991 557 1024 ei
572 991 772 1034 ademptum
790 997 850 1023 est.

242 1036 404 1073 Octavus
429 1037 586 1071 decimus
617 1049 677 1070 rex
698 1038 1014 1081 Longobardorum
1037 1034 1123 1071 Ra-

141 1086 301 1130 chist‘us,
325 1089 396 1122 dux
413 1087 686 1129 Foroiuliensis‚
722 1088 784 1132 qui
808 1087 976 1131 singulari
1005 1099 1121 1132 pugna

139 1139 386 1183 spoletanum,
413 1145 452 1172 ut
469 1149 572 1182 supra
590 1138 723 1172 dictum
740 1145 800 1179 est,
827 1138 967 1180 vicerat,
995 1150 1120 1182 regna-
1145 1178 1147 1186 ,

569 1187 693 1221 Pacem
718 1199 736 1220 a
761 1188 968 1222 Lutbrando
994 1189 1120 1224 factam
1144 1190 1146 1224 i

139 1190 191 1224 vit
211 1201 323 1223 annos
348 1195 510 1234 quatuor.

138 1252 218 1274 cum
228 1238 393 1274 Romano
404 1238 573 1272 pontifice
589 1245 623 1272 et
633 1237 899 1278 Ravennatibus
917 1239 1019 1272 initio
1034 1252 1120 1273 con-

137 1289 302 1325 firmavit.
368 1288 437 1323 Sed
472 1296 647 1333 postremo
677 1300 771 1322 anno
797 1288 978 1322 Perusiam
1018 1290 1120 1334 cepit,

137 1352 208 1386 quo
227 1351 305 1374 cum
323 1340 366 1373 ad
387 1351 465 1373 eum
483 1337 670 1373 Zacharias
687 1338 871 1374 Romanus
880 1339 1043 1373 Pontifex
1059 1353 1118 1373 ve-

138 1391 265 1429 nisset,
292 1390 464 1435 persuasit
479 1390 529 1430 ei,
555 1402 626 1423 nou
645 1390 758 1423 solum
776 1397 813 1423 ut
831 1390 962 1423 bellum
989 1390 1118 1433 finiret,

137 1442 196 1474 sed
229 1441 333 1475 etiam
364 1447 402 1474 ut
433 1441 556 1478 relicto
588 1452 696 1484 regno
722 1440 860 1484 pietatis
891 1441 1008 1475 studio
1040 1454 1117 1475 mo-

136 1492 289 1526 nasticae
307 1491 396 1524 vitae
414 1502 450 1524 se
466 1492 617 1524 dederet.

233 1539 368 1576 Nonus
393 1538 549 1574 decimus
572 1553 630 1574 rex
646 1541 961 1584 Lougobardorum
989 1539 1118 1574 Astal-

132 1591 198 1638 [ας
212 1591 372 1627 Racliisii
389 1592 512 1630 frater,
541 1593 697 1634 regnavit
723 1603 835 1624 annos
861 1599 960 1633 octo,
994 1598 1115 1637 tyran-

133 1654 201 1676 nus
215 1642 366 1675 crudelis
382 1648 415 1674 et
434 1642 599 1684 timidus,
627 1641 836 1677 Ravennam
855 1642 1057 1686 occupavit,
1083 1649 1117 1676 et

133 1691 263 1737 oppida
286 1692 454 1736 quaedam
472 1690 654 1725 Romanae
675 1692 749 1725 sedi
771 1693 912 1725 ademit.
964 1690 1008 1722 Et
1033 1692 1114 1732 qnia

131 1752 358 1787 processurus
383 1747 456 1775 erat
486 1741 529 1773 ad
560 1742 682 1773 urbem
709 1741 881 1778 Romam,
914 1735 1116 1781 Stephanus

131 1792 295 1826 Pontifex
311 1792 440 1823 frustra
466 1789 574 1831 petito
603 1788 733 1820 auxilio
757 1799 775 1820 a
791 1787 1022 1821 Constantino
1048 1788 1116 1820 im-

130 1848 291 1887 peratore
311 1838 468 1872 discessit
500 1838 537 1871 in
562 1836 737 1875 Galliam,
772 1838 947 1880 petiturus
988 1845 1027 1872 ut
1055 1850 1115 1872 rex

130 1891 322 1927 Francicus
339 1889 489 1933 Pipinus
514 1896 703 1934 tyrannum
722 1887 938 1931 reprimeret.
989 1887 1114 1930 Quan-

130 1954 236 1988 quam
252 1940 382 1985 Pipino
401 1940 518 1972 oblata
540 1945 610 1972 erat
634 1938 768 1972 occasio
791 1938 888 1981 regni
908 1937 1114 1980 Longobar-

130 1993 202 2026 dici
219 1990 431 2036 occupandi:
458 1996 573 2023 tamen
589 1989 665 2022 sine
682 1988 872 2032 cupiditate
894 1995 1031 2022 tantum
1048 2001 1113 2032 pu-

129 2043 241 2077 blicae
251 2042 326 2086 paci
339 2040 515 2075 consuluit
527 2040 579 2072 bis
590 2040 762 2082 ingressus
774 2038 921 2072 ltaliam.
949 2038 987 2071 In
1002 2040 1112 2082 prima

129 2093 351 2138 expeditione
368 2090 528 2126 Astutsus
545 2103 623 2123 cum
650 2091 684 2122 in
713 2089 870 2123 saucibus
887 2090 1032 2132 Alpium
1057 2090 1112 2122 in-

129 2143 303 2178 foeliciter
321 2147 526 2188 pugnasset,
552 2141 637 2183 sugit
656 2141 693 2172 iu
710 2141 832 2172 urbem
852 2139 1033 2178 Ticinum,
1061 2140 1110 2173 ibi

128 2201 288 2228 metuens
317 2191 557 2232 obsidionem,
591 2191 747 2234 promisit
781 2202 897 2233 pacem
910 2214 919 2228 ,
955 2196 987 2223 et
1013 2191 1111 2224 dedit

128 2244 279 2280 obsides.
331 2242 438 2278 Redit
456 2242 562 2285 igitur
578 2240 725 2286 Pipinus
740 2240 777 2275 in
795 2239 949 2273 Galliam
968 2252 1110 2282 sperans

128 2294 265 2329 ltaliam
286 2293 440 2338 periculo
457 2293 640 2326 liberatam
657 2302 742 2327 esse.
794 2289 840 2324 At
858 2290 1017 2323 Astutfus
1033 2298 1109 2335 post

127 2345 262 2379 abitum
279 2343 398 2388 Pipini
415 2350 535 2376 contra
553 2349 650 2387 pacta
674 2343 716 2375 ad
733 2341 856 2375 urbem
872 2340 1022 2374 Romam
1052 2353 1109 2374 ac·-

128 2395 239 2436 cedit,
263 2395 347 2428 facit
366 2405 508 2437 magnas
526 2393 752 2433 vastationes,
779 2398 811 2425 et
834 2392 1035 2425 suburbana
1054 2391 1111 2424 in-

127 2445 257 2482 cendit.
309 2443 447 2478 Rursus
462 2455 562 2488 opem
583 2443 745 2487 implorat
762 2442 921 2475 Pontifex
939 2454 956 2475 a
969 2440 1110 2484 Pipiuo,

127 2496 191 2542 qui
206 2494 346 2529 rediens
365 2506 439 2527 non
455 2501 639 2528 contentus
657 2493 855 2538 promissis,
880 2492 969 2534 cogit
987 2490 1109 2525 Astul-

127 2549 203 2582 sum
227 2545 427 2590 relinquere
449 2543 656 2579 Ravennam
688 2550 720 2577 et
744 2543 831 2576 alias
853 2542 971 2576 Italiae
993 2542 1107 2583 urbes,

128 2608 214 2644 qn-as
235 2596 361 2641 partim
378 2594 558 2636 Pontifex,
586 2595 714 2639 partim>
734 2591 886 2627 Exarclii
912 2600 1107 2627 tenuerant.

127 2648 199 2683 Nec
217 2653 333 2681 tamen
351 2645 384 2679 ei
401 2656 546 2689 regnum
565 2644 875 2690 Langobardicum
888 2644 1028 2680 ademit.

795 100 1088 139 CHRONICON
1115 102 1361 141 CARIOMS.
1414 106 1538 144 PARS
1567 108 1614 146 11.

2070 120 2164 156 1062

1285 190 1381 224 Haec
1427 192 1622 227 moderatio
1673 196 1921 233 excellentibus
1964 201 2163 237 monarchis

1184 241 1362 283 congruit,
1392 242 1453 286 qui
1471 255 1550 275 cum
1567 245 1655 277 iusta
1674 252 1705 279 et
1722 250 1913 282 necessaria
1936 250 2025 284 bella
2051 264 2162 295 gesse-

1182 296 1283 331 runt,
1317 293 1507 326 ostendunt
1530 306 1565 326 se
1591 296 1701 338 magis
1724 298 1884 340 publicae
1909 300 2012 334 saluti
2035 314 2162 336 consu-

1181 339 1273 380 lere,
1301 353 1373 374 non
1390 339 1456 375 hoc
1477 354 1576 386 agere
1592 352 1629 378 ut
1647 346 1817 388 privatam
1842 351 2032 392 potentiam
2055 365 2159 396 auge—

1181 397 1260 431 ant,
1286 398 1325 424 ut
1350 404 1428 424 cum
1450 391 1605 426 Romani
1624 394 1791 430 Graeciae
1815 398 1984 442 integram
2011 402 2158 436 liberta-

1180 445 1248 472 tem
1267 441 1515 483 reddiderunt,
1540 450 1572 476 et
1588 446 1804 488 repressione
1821 448 2056 484 Macedonum
2072 465 2159 486 con-

1178 491 1288 530 tenti,
1316 503 1388 524 non
1407 501 1621 536 occuparunt
1639 508 1760 529 eorum
1783 509 1941 540 regnum.
1996 502 2156 536 Astulfus

1179 547 1256 582 post
1285 540 1408 574 factam
1434 554 1551 586 pacem
1577 556 1634 577 res
1660 557 1769 579 novas
1800 549 1952 582 moliens
1973 553 2155 596 apoplexia

1176 602 1215 623 ιι]
1232 598 1419 623 venatione
1440 600 1610 626 exunctus
1628 601 1688 627 est.

1277 638 1444 674 Ultimus
1486 654 1545 675 rex
1574 640 1907 688 Longobardorum
1945 649 2010 683 fuit
2038 650 2154 686 Desi-

1177 685 1317 731 deria-5,
1344 691 1413 724 dux
1432 689 1611 735 Etruriae,
1638 696 1751 729 tenuit
1766 708 1911 739 regnum
1931 710 2041 734 annos
2058 709 2157 736 octo·

1175 740 1299 773 decim.
1349 740 1479 775 Contra
1498 743 1591 786 pacis
1618 746 1837 779 conditiones
1854 746 1981 792 Pipino
2003 752 2154 794 promis-

1175 802 1228 823 sas
1256 792 1439 836 occupavit
1469 793 1678 828 Ravennam
1711 803 1745 830 et
1770 797 1837 830 alia
1868 799 1981 833 vicina
2010 802 2152 845 oppida.

1175 839 1271 874 Fecit
1299 839 1515 886 Episcopum
1544 842 1786 880 Ravennatem
1827 856 1945 882 contra
1976 849 2147 893 Canones,

1174 891 1235 935 qui
1251 898 1351 924 antea
1363 905 1434 925 non
1452 894 1564 927 fuerat
1582 895 1617 927 in
1635 897 1863 931 ecclesiastico
1882 900 2014 935 ordine.
2044 901 2151 936 Cum-

1173 953 1241 986 que
1272 940 1502 985 reprehensus
1534 945 1577 976 ab
1601 944 1757 980 Adriano
1779 946 1953 993 Episcopo
1986 950 2148 985 Romano

1174 992 1361 1022 exercitum
1379 991 1528 1026 Romam
1552 995 1713 1037 duceret,
1739 1006 1771 1031 et
1789 997 1967 1033 Adrianus
1986 1013 2004 1034 a
2023 1001 2150 1035 (farolo

1176 1050 1254 1081 rege
1273 1038 1441 1072 Francico
1473 1044 1640 1075 auxilium
1673 1053 1822 1088 peteret,
1850 1061 2022 1091 regressus
2048 1050 2149 1084 Desi-

1172 1089 1290 1121 derius
1309 1090 1467 1124 venienti
1487 1091 1611 1125 Carolo
1635 1095 1821 1128 exercitum
1850 1098 1887 1128 in
1911 1100 2069 1133 saucibus
2084 1100 2148 1134 Al-

1171 1138 1269 1182 pium
1293 1141 1469 1183 opposuit.
1521 1140 1588 1174 Sed
1616 1142 1726 1177 victus
1751 1144 1918 1179 Ticinum
1944 1148 2049 1191 sugit,
2085 1151 2149 1183 ubi

1171 1190 1290 1222 decem
1316 1190 1488 1224 mensium
1519 1192 1703 1227 obsidione
1726 1202 1758 1228 et
1787 1196 1877 1229 same
1908 1206 2045 1232 coactus
2069 1201 2147 1234 fecit

1171 1239 1400 1274 deditionem.
1469 1240 1602 1275 Interea
1636 1242 1881 1279 Mediolanum
1912 1255 1943 1281 et
1970 1248 2146 1283 Veronam

1170 1290 1339 1323 exercitus
1357 1289 1475 1324 Caroli
1496 1294 1689 1337 occupavit.
1730 1294 1822 1338 Quia
1840 1309 1920 1330 vero
1937 1306 2032 1341 pacta
2049 1300 2145 1333 Lou-

1170 1341 1316 1383 gobardi
1334 1341 1434 1375 toties
1452 1348 1552 1376 antea
1571 1343 1806 1386 violaverant,
1832 1349 1984 1382 severius
2004 1350 2147 1393 egitsa-

1169 1391 1264 1424 rolus
1281 1403 1384 1436 quam
1401 1399 1500 1425 antea
1520 1391 1684 1437 Pipinus‚
1709 1402 1747 1428 ut
1772 1397 1937 1440 scriptum
1964 1406 2029 1433 est:
2058 1399 2145 1433 Pro—

1169 1448 1245 1485 pter
1262 1441 1474 1475 iniusticiam
1492 1445 1752 1479 transferuntur
1768 1458 1883 1488 regua.
1934 1447 2080 1483 Carolus
2107 1452 2144 1483 in

1168 1503 1229 1524 sua
1262 1498 1429 1535 potestate
1466 1505 1611 1536 regnum
1639 1494 1953 1538 Longobardorum
1988 1501 2143 1536 retinuit,

1169 1549 1201 1574 et
1220 1541 1407 1576 Francicos
1425 1544 1599 1587 praesides
1619 1545 1666 1577 eis
1690 1547 1796 1581 dedit.
1850 1547 1980 1590 Regem
1999 1549 2144 1583 Deside—

1167 1592 1258 1625 rium
1283 1593 1458 1636 captivum
1482 1595 1646 1636 relegarit
1670 1595 1855 1632 Leodium.
1908 1598 2019 1633 Filius
2042 1599 2143 1634 Desi—

1166 1643 1254 1675 derii
1271 1643 1457 1685 Adelgisus
1479 1646 1521 1677 ad
1542 1644 1716 1679 Graecum
1740 1647 1984 1691 imperatorem
2009 1651 2144 1693 fugiens

1165 1693 1333 1732 patricius
1350 1693 1658 1736 Constantinopoli
1674 1697 1785 1730 sactus
1805 1705 1864 1730 est.
1919 1699 2040 1732 Postea
2061 1712 2139 1733 curn

1165 1750 1184 1771 a
1211 1738 1356 1771 Graecis
1381 1740 1571 1774 instructus
1602 1743 1753 1776 exercitu
1786 1756 1932 1788 regnum
1960 1756 2141 1791 paternum

1165 1800 1370 1832 recuperare
1396 1797 1601 1832 conaretur,
1626 1803 1645 1825 a
1663 1791 1809 1827 Francis
1833 1803 1954 1840 captus
1977 1805 2009 1832 et
2034 1800 2143 1833 inter-

1165 1839 1277 1872 fectus
1303 1846 1363 1873 est.

1265 1888 1332 1922 Hic
1357 1890 1436 1922 finis
1461 1890 1527 1924 fuit
1549 1892 1649 1934 regni
1674 1892 1935 1936 Longobardici
1964 1897 2000 1929 in
2031 1897 2141 1939 Italia,

1165 1939 1257 1984 quod
1282 1940 1326 1972 ab
1345 1939 1500 1973 Atboino
1524 1953 1633 1987 usque
1658 1944 1698 1975 ad
1722 1941 1827 1977 huius
1845 1945 2018 1980 Desiderii
2042 1949 2142 1981 dedi-

1163 1991 1293 2023 tionem
1337 2001 1448 2023 annns
1491 1992 1659 2025 ducentos
1691 2000 1723 2027 et
1754 2002 1904 2039 quatuor
1944 1998 2140 2034 duraverat.

1162 2039 1352 2084 Praecipua
1395 2041 1506 2074 xirtus
1540 2042 1604 2077 fnit
1630 2043 1829 2088 Egilolplii,
1867 2044 2138 2081 'l'lieudolindae

1161 2089 1366 2132 Bavaricae,
1393 2090 1599 2131 cuniberti,
1636 2092 1847 2129 Lutbrandi.
1902 2096 2033 2131 (Taeteri
2059 2111 2140 2131 cru—

1160 2141 1274 2178 deles,
1309 2148 1341 2174 et
1385 2142 1528 2186 quidam
1565 2144 1735 2186 sangnine
1764 2152 1989 2188 cognatorum
2015 2149 2138 2192 polluti

1159 2191 1314 2231 fucrant,
1342 2204 1492 2236 quoru-m
1512 2205 1645 2236 poen-ae
1662 2195 1860 2230 testimonia
1878 2204 1957 2230 sunt
1984 2198 2054 2231 irae
2083 2200 2139 2231 di-

1159 2241 1274 2281 vinae,
1301 2254 1389 2286 quae
1406 2242 1509 2276 etiam
1527 2244 1760 2286 posteritatem
1777 2243 1842 2278 hoc
1862 2255 2016 2287 monent,
2044 2250 2138 2293 quod

1159 2291 1289 2324 dicitur
1311 2292 1348 2324 in
1373 2298 1446 2325 rota
1478 2293 1628 2325 clamare
1654 2293 1770 2327 Ixion:
1806 2294 1938 2330 Discite
1964 2298 2136 2332 iusticiam

1159 2342 1302 2382 moniti,
1331 2349 1363 2375 et
1386 2354 1458 2374 non
1482 2349 1634 2376 temnere
1660 2344 1769 2381 divos.
1824 2345 1953 2381 Incidit
1980 2346 2035 2382 hic
2059 2350 2137 2382 linis

1159 2392 1254 2434 regui
1273 2391 1530 2434 Lougobardici
1554 2393 1590 2426 in
1607 2405 1738 2427 annum
1761 2402 1944 2441 postquam
1966 2407 2067 2432 natus
2088 2406 2135 2432 cst

1158 2440 1316 2476 Christus
1339 2455 1379 2475 ex
1397 2443 1537 2486 virgine*
1555 2444 1901 2488 septingentesimum
1926 2450 2135 2493 septuagesi-

1158 2505 1253 2526 mum
1272 2499 1428 2528 terti-nm.

1262 2543 1408 2576 Carolus
1429 2541 1584 2577 Romam·
1606 2546 1780 2588 profectus
1805 2544 1997 2581 honorifice
2018 2561 2035 2581 a
2061 2547 2135 2582 Ro-

1156 2604 1260 2626 mano
1289 2592 1457 2627 l‘ontitice
1480 2602 1643 2638 exceptus
1667 2603 1735 2636 est,
1771 2603 1804 2630 et
1824 2598 1933 2631 sactus
1970 2599 2134 2640 patrii-ius

1155 2641 1358 2680 Romanus.
1408 2644 1543 2680 luravit
1562 2644 1714 2680 Francos
1730 2647 2040 2692 perpetuoamicos
2060 2648 2134 2682 sore
