2324 2955
217 127 288 162 759

216 212 299 251 Dei,
327 216 359 242 et
386 209 454 239 irae
478 216 515 236 ac
539 200 813 239 misericordiae,
846 205 878 231 et
908 196 1078 239 imagines
1101 197 1193 230 cala-

220 263 376 296 mitatum
397 262 427 288 et
445 253 692 286 liberationum
711 248 894 282 Ecclesiae.
936 246 987 280 Ac
1002 248 1076 280 vult
1089 247 1194 287 Deus,

219 313 274 346 his
292 305 499 343 testimoniis
515 301 714 336 confirmari
739 301 775 332 in
801 299 904 332 nobis
922 299 1025 330 tidem
1043 305 1075 331 et
1094 299 1195 330 invo-

220 360 407 396 cationem,
441 361 473 387 et
494 360 642 386 caeteras
668 351 826 384 virtutes.
879 347 954 381 Etsi
979 354 1092 380 autem
1111 346 1196 380 haec

219 408 379 450 cogitatio
405 404 587 438 utilissima
614 407 683 441 est,
717 407 749 433 et
772 401 808 432 in
841 399 989 432 lectione
1008 398 1195 431 Sacrorum

220 458 441 492 voluminum
455 454 573 487 omnia
594 451 747 494 exempla
771 450 974 492 diligentius
990 448 1197 482 illustranda

221 517 311 548 sunt,
338 515 453 540 tamen
471 505 507 536 in
523 502 586 536 hac
601 509 798 544 temporum
817 501 1042 532 annotatione
1063 510 1197 532 necesse

221 567 272 592 est
288 569 352 591 nos
371 556 546 589 breviores
563 565 645 586 esse.
700 551 767 584 Sed
786 551 929 584 lectores
948 548 1133 589 adhortor,
1160 555 1200 581 ut

223 615 340 643 mente
364 607 514 647 integras
538 602 700 636 historias
726 602 947 639 intueantur,
982 607 1014 632 et
1038 600 1200 642 cogitent,

225 671 331 705 quare
347 668 402 689 eas
418 657 514 689 Deus
532 653 707 686 Ecclesiae
724 651 953 695 proposuerit.

324 702 485 740 David
508 704 593 736 vixit
610 713 721 735 annos
745 701 802 733 70.
822 700 995 742 Regnavit
1013 711 1124 732 annos
1143 698 1201 733 40.

224 762 259 794 2.
273 758 358 800 Rog.
376 755 410 790 5.
448 756 486 788 ln
506 752 610 787 huius
626 751 770 786 historia
787 764 859 784 non
877 749 942 783 hoc
959 757 1095 783 tantum
1117 762 1199 782 cou-

225 808 450 844 siderandum
476 811 543 842 est,
576 805 667 848 quod
693 808 837 835 ornatus
860 807 909 833 est
936 813 953 833 a
978 801 1056 834 Deo
1085 800 1201 833 multis

226 856 441 893 admirandis
468 862 499 888 et
525 854 734 886 salutaribus
757 852 932 891 victoriis,
958 862 1045 896 quae
1062 852 1203 883 suerunt

224 907 424 944 testimonia
458 904 672 949 praesentiae
695 903 763 936 Dei
799 903 835 934 in
865 900 930 933 hoc
962 901 1109 944 populo:
1143 901 1201 932 scd

225 960 337 993 multo
365 957 473 998 magis
497 953 579 994 hoc,
606 954 701 998 quod
723 954 765 985 ad
794 964 871 984 eum
888 952 1030 994 repetita
1056 958 1102 983 cst
1122 963 1203 994 pro-

227 1009 346 1043 missio
365 1008 407 1039 de
425 1005 566 1038 Messia.
619 1003 705 1036 Eius
727 1002 970 1045 promissionis
989 1013 1127 1044 quoque
1154 1008 1203 1033 te-

229 1057 393 1093 stimonia
416 1057 558 1088 suerunt
584 1054 663 1085 illae
690 1052 865 1085 victoriae.
918 1050 969 1082 Ac
993 1061 1064 1081 non
1091 1050 1203 1080 solum

229 1109 317 1151 regis
347 1106 460 1138 officio
491 1103 709 1135 foelicissime
741 1102 879 1132 functus
911 1106 978 1139 est,
1016 1100 1074 1129 sed
1101 1099 1204 1130 etiam

227 1159 360 1193 Doctor
376 1155 441 1188 fuit
462 1153 667 1197 praecipuus
684 1151 719 1182 in
737 1148 802 1182 hoc
820 1149 961 1193 populo.
1013 1146 1058 1180 Et
1083 1148 1118 1180 in
1136 1148 1206 1180 suis

230 1207 364 1251 scriptis
390 1217 461 1237 non
493 1209 628 1236 tantum
658 1201 742 1243 legis
770 1199 982 1238 doctrinam,
1017 1199 1077 1231 sed
1103 1199 1205 1232 etiam

231 1256 464 1298 Iis-angelium
503 1252 704 1295 complexus
742 1257 802 1283 est.
862 1249 1010 1287 Docuit,
1051 1248 1128 1292 quis
1164 1248 1207 1281 sit

231 1307 397 1344 Messias,
423 1311 455 1336 et
478 1314 565 1347 quae
591 1302 661 1334 sint
682 1301 754 1333 eius
772 1299 948 1332 beneficia.
1000 1298 1047 1331 Et
1066 1298 1207 1343 quidem

230 1356 376 1392 Davidis
392 1354 529 1387 dolores
544 1352 617 1396 typi
636 1352 778 1383 fuerunt
793 1349 957 1382 dolorum
975 1346 1119 1382 Christi.

330 1405 488 1448 Cumque
519 1403 573 1434 vir
605 1408 722 1434 tantus
749 1405 835 1432 esset
864 1398 995 1436 David,
1032 1399 1137 1431 siu‘ml
1172 1398 1209 1431 sit

234 1456 429 1499 exemplum
470 1452 680 1484 infirmitatis
716 1448 889 1483 humanae
931 1456 963 1482 et
1003 1461 1206 1492 poenarum.

233 1507 401 1550 Turpiter
426 1504 574 1540 labitur,
602 1509 634 1534 et
651 1499 869 1533 horribiliter
892 1500 1055 1543 punitur,
1085 1506 1114 1531 ct
1135 1511 1209 1531 sus-

234 1559 321 1591 tinet
346 1566 418 1588 non
451 1554 564 1585 solum
588 1563 730 1584 suorum
756 1550 924 1582 scelerum
950 1549 1210 1585 conscientiam,
1234 1555 1236 1571 '¹

235 1609 294 1641 sed
319 1606 422 1639 etiam
447 1602 641 1645 ingentium
674 1600 938 1638 scandalorum,
966 1612 1054 1644 quae
1078 1599 1211 1642 peperit

235 1657 371 1691 seditio.
424 1652 486 1686 Est
509 1652 602 1684 enim
621 1650 727 1682 nimis
739 1662 860 1682 verum
877 1650 1009 1682 dictum
1029 1647 1212 1693 Thucydi—

237 1709 305 1741 dis:
329 1705 388 1738 'Eis
407 1700 528 1736 στάσει
545 1703 644 1734 πᾶσα
662 1698 758 1732 εἰδέα
774 1701 890 1731 κακοῦ
907 1697 993 1730 (lori.

349 1755 417 1788 Sed
440 1754 531 1785 idem
554 1750 669 1783 David
700 1749 797 1782 testis
823 1754 872 1780 est
894 1747 1155 1779 misericordiae
1181 1753 1214 1779 et

239 1803 453 1840 remissionis
469 1807 699 1845 peccatorum.
752 1798 837 1831 Vult
854 1798 947 1829 enim
964 1796 1057 1829 Deus
1076 1809 1139 1829 nos
1162 1804 1215 1829 te-

239 1868 321 1890 nere
350 1853 519 1896 regulam:
553 1850 644 1882 Yivo
673 1859 754 1891 ego,
787 1847 871 1881 dicit
900 1846 1092 1884 Dominus,
1123 1846 1214 1879 Nolo

239 1912 386 1940 mortem
410 1900 615 1946 peccatoris,
645 1899 704 1931 sed
730 1904 769 1931 ut
803 1904 1025 1930 convertatur
1051 1904 1083 1930 et
1108 1897 1214 1930 vivat.

240 1955 285 1990 Et
303 1955 378 1988 vult
394 1964 457 1985 nos
476 1950 604 1983 intueri
625 1949 779 1991 exempla
799 1959 932 1987 eorum,
958 1948 1019 1992 qui
1036 1948 1217 1980 redierunt

241 2008 284 2040 ad
311 2002 580 2049 poenitentiam,
618 2011 663 2031 ne
693 1997 935 2041 desperatione
966 1998 1219 2041 opprimamur.

242 2056 337 2089 Haec
357 2060 439 2087 sunt
462 2051 647 2096 praecipua
674 2048 711 2080 in
733 2047 880 2081 Davidis
903 2045 1067 2088 historia,
1104 2061 1220 2093 quem,

244 2107 307 2139 etsi
324 2116 395 2137 non
415 2114 519 2146 parva
537 2100 672 2133 macula
692 2099 905 2131 deformatus
929 2105 996 2136 cst,
1027 2105 1143 2131 tamen
1161 2111 1219 2131 co-

245 2158 329 2199 gites
351 2154 455 2187 fuisse
487 2153 614 2188 σκεῦος
638 2147 775 2191 ἐλέους,
813 2148 894 2192 quia
926 2155 959 2181 et
988 2146 1163 2182 Ecclesiae
1188 2156 1219 2182 et

247 2205 387 2249 politiae
422 2204 495 2236 eius
530 2202 665 2233 labores
700 2200 926 2243 profuerunt,
964 2206 997 2232 et
1030 2211 1151 2233 rursus
1177 2200 1218 2232 ad

246 2256 363 2289 Deum
388 2263 574 2286 conversus
599 2256 659 2283 est.

350 2303 392 2337 In
414 2301 504 2336 hanc
527 2308 632 2337 totam
658 2299 843 2342 imaginem
868 2299 1042 2333 intuentes
1060 2300 1103 2332 de
1119 2300 1222 2332 nobis

251 2354 335 2399 ipsis
359 2365 497 2398 quoque
522 2351 726 2394 cogitemus,
755 2356 786 2382 et
810 2349 1013 2382 ardentibus
1035 2349 1125 2383 votis
1144 2362 1223 2393 pre-

251 2415 368 2439 cemur
394 2404 504 2435 filium
529 2401 612 2440 Dei,
635 2407 674 2433 ut
691 2399 762 2433 Nos
788 2412 925 2445 quoque
940 2400 1043 2433 saciat
1057 2411 1137 2432 vasa
1154 2401 1222 2433 mi-

252 2453 470 2489 sericordiae.
524 2451 779 2484 Confirmemus
805 2451 908 2484 etiam
932 2461 996 2483 nos
1026 2450 1134 2494 ipsius
1161 2452 1224 2484 do-

253 2504 364 2539 ctrina
389 2508 422 2535 et
440 2502 620 2544 exemplis,
646 2500 734 2534 sicut
760 2501 832 2544 ipse
849 2501 926 2534 vult
948 2512 1026 2534 suas
1044 2501 1224 2534 liberatio-

254 2565 315 2588 nes
345 2551 540 2587 testimonia
571 2562 640 2582 esse
664 2551 706 2583 de
738 2551 968 2593 promissione
989 2558 1023 2585 et
1045 2551 1225 2586 voluntate

253 2604 340 2644 Dei,
374 2603 467 2647 quod
498 2607 530 2633 et
560 2599 635 2632 aliis
659 2600 903 2634 invocantibus
935 2602 1101 2645 opitulari
1129 2602 1225 2641 velit,

256 2655 344 2688 sicut
365 2652 481 2698 inquit
495 2650 632 2684 Psalmo
650 2650 721 2684 33.:
750 2648 912 2686 Accedite
937 2653 979 2685 ad
1000 2664 1096 2693 eum,
1123 2659 1156 2687 et
1174 2653 1225 2686 fa-

454 117 660 157 scmpm
685 116 760 150 pn.
787 113 904 148 MEL.
933 111 999 146 AD
1027 111 1150 147 Hlsr.
1178 110 1319 148 paor.
1343 110 1407 146 ET
1435 109 1623 148 Pntcos
1651 112 1971 149 SPECTANTIA.

2145 113 2218 148 760

1246 197 1313 230 cies
1336 203 1467 230 vestrae
1492 209 1565 229 non
1589 198 1861 233 confundentur.
1909 196 1976 232 Iste
2000 209 2130 243 pauper
2148 199 2221 232 cla-

1247 247 1371 287 mavit,
1399 253 1430 279 ct
1447 248 1624 280 Dominus
1640 248 1817 281 exaudivit
1834 260 1921 283 eum.

1349 295 1568 330 Salomon
1592 297 1684 331 filius
1700 298 1847 332 Davidis
1866 298 2002 332 circiter
2017 299 2223 333 vicesimum

1248 348 1367 381 aetatis
1381 360 1513 381 annum
1528 348 1689 381 successit
1702 349 1802 391 patri.
1844 348 2020 392 Regnavit
2037 361 2147 382 annos
2162 349 2224 384 40.

1249 399 1331 431 Fuit
1355 398 1461 440 igitur
1485 399 1591 431 breve
1617 399 1771 442 spacium
1790 400 1930 440 aetatis,
1957 400 2042 432 anni
2062 399 2226 432 videlicet

1250 449 1424 491 sexaginta
1447 455 1508 481 aut
1537 449 1682 482 circiter.
1742 447 1790 482 Ut
1814 456 1928 482 autem
1959 461 2065 493 regna
2096 450 2226 483 debent

1250 511 1321 532 esse
1357 505 1390 532 et
1422 499 1577 531 defensio
1612 505 1645 531 et
1679 499 1886 541 gubernatio
1919 500 1956 532 in
1983 513 2086 544 pace,
2130 500 2226 533 iuxta

1250 556 1424 593 utranque
1449 549 1604 582 tabulam
1628 548 1812 592 Decalogi,
1847 550 1883 582 id
1908 556 1975 590 est,
2000 557 2040 583 ut
2063 562 2144 583 vera
2162 551 2226 582 do-

1252 600 1362 632 ctrina
1379 600 1420 631 de
1437 599 1511 632 Deo
1538 606 1773 643 proponatur,
1808 606 1841 633 et
1868 612 1949 633 vera
1968 600 2142 633 invocatio
2159 600 2229 639 fiat,

1253 657 1417 693 regantur
1442 661 1575 689 mores,
1599 657 1822 683 exerceantur
1845 650 1995 691 iudicia,
2020 650 2228 683 ordinentur

1253 702 1383 733 tributa
1408 707 1440 733 et
1462 700 1654 744 praesidia,
1681 701 1779 734 dedit
1802 700 1898 733 Deus
1920 708 1997 745 post
2013 700 2103 734 bella
2120 699 2229 732 Davi-

1254 752 1306 783 dis
1329 763 1445 794 pacem
1469 750 1670 788 Salomoni,
1699 757 1731 783 et
1758 751 1922 785 instruxit
1945 763 2023 785 eum
2048 749 2229 783 excellenti

1253 801 1441 844 sapientia,
1468 807 1501 833 et
1524 801 1683 834 adiunxit
1703 801 1838 844 sapiens
1861 802 2045 844 collegium
2070 797 2230 844 Prophe-

1255 859 1386 892 tarum,
1414 858 1446 884 et
1462 851 1612 884 aliorum
1634 851 1875 884 excellentium
1893 852 2089 885 eruditione
2108 857 2141 883 et
2156 850 2230 894 pie-

1255 908 1334 934 tate.
1387 901 1479 935 Sunt
1504 901 1612 943 igitur
1643 901 1716 934 eius
1745 913 1850 945 opera
1874 901 2116 935 convenientia
2142 901 2231 944 paci,

1256 952 1446 984 aedificatio
1471 952 1610 995 templi,
1643 952 1756 984 studia
1776 953 1974 990 doctrinae,
2002 957 2232 984 monumenta

1229 1029 1231 1046 3
1256 1003 1429 1034 librorum
1448 1001 1490 1033 de
1509 998 1665 1033 historiis
1682 1000 1875 1042 Ecclesiae,
1903 1004 1946 1035 de
1962 1009 2087 1035 natura
2104 1012 2234 1039 rerum,

1257 1051 1384 1082 iudicia
1408 1057 1439 1082 et
1462 1051 1637 1083 ordinatio
1664 1051 1875 1084 tributorum
1906 1059 1939 1085 et
1968 1051 2233 1095 praesidiorum.

1256 1100 1408 1143 Fuitque
1434 1099 1601 1131 Salomon
1625 1106 1657 1132 et
1683 1112 1741 1132 rex
1763 1107 1794 1133 et
1816 1102 1956 1140 doctor,
1997 1101 2084 1133 sicut
2106 1112 2141 1132 se
2169 1112 2234 1131 no-

1258 1150 1367 1182 minat
1387 1146 1639 1189 Ecclesiasten,
1667 1149 1703 1181 id
1726 1156 1793 1189 est,
1820 1150 2112 1182 concionatorem.
2164 1147 2235 1181 Ex-

1231 1220 1233 1239 2
1258 1207 1334 1233 tant
1356 1196 1470 1230 adhuc
1493 1205 1561 1231 tres
1584 1199 1714 1239 libelli,
1742 1200 1802 1244 qui
1825 1207 1907 1234 sunt
1930 1199 2129 1233 testimonia
2156 1199 2233 1231 fidei

1259 1250 1387 1293 ipsius,
1413 1254 1445 1281 et
1461 1249 1655 1281 doctrinam
1673 1249 1908 1282 dulcissimam
1928 1250 2121 1284 continent.
2173 1247 2237 1281 Est

1260 1300 1366 1342 igitur
1389 1305 1422 1331 et
1447 1298 1613 1332 Salomon
1638 1300 1814 1343 exemplar
1845 1301 1931 1333 boni
1962 1301 2052 1343 regis
2083 1300 2119 1331 in
2142 1310 2237 1342 pace.

1261 1350 1329 1383 Sed
1349 1356 1463 1382 tamen
1480 1349 1572 1381 idem
1595 1350 1630 1382 fit
1650 1350 1752 1382 etiam
1777 1351 1971 1394 exemplum
1990 1349 2164 1383 humanae
2183 1349 2238 1381 in-

1261 1399 1443 1433 firmitatis.
1497 1398 1591 1432 Ilaec
1609 1400 1777 1432 excellens
1796 1401 1965 1444 sapientia
1983 1407 2067 1434 tunc
2084 1399 2239 1438 senescit,

1261 1463 1340 1483 cum
1362 1449 1511 1482 maxime
1534 1450 1649 1492 vigere
1674 1451 1840 1490 debehat,
1875 1458 1907 1485 et
1932 1452 2024 1484 cedit
2050 1450 2238 1483 mulierum

1261 1500 1461 1539 affectibus,
1495 1500 1622 1543 quibus
1653 1501 1846 1534 aedificavit
1878 1502 2008 1545 templa
2050 1500 2239 1533 idolorum.

1262 1550 1340 1592 Qua
1366 1550 1402 1581 in
1427 1561 1462 1581 re
1486 1549 1637 1592 primurn
1657 1551 1773 1593 lapsus
1797 1551 2054 1591 consideretur,
2083 1551 2177 1595 quod
2203 1551 2239 1581 in

1262 1600 1415 1632 Ecclesia
1438 1611 1496 1631 rex
1521 1606 1555 1632 et
1578 1601 1700 1632 doctor
1724 1601 1911 1641 excellens,
1953 1602 1989 1633 in
2023 1613 2092 1645 quo
2126 1600 2239 1633 fuerat

1263 1650 1417 1691 Spiritus
1435 1656 1590 1689 sanctus,
1617 1650 1769 1683 admittit
1792 1651 1969 1683 idolorum
1987 1651 2131 1684 cultum.
2185 1648 2241 1682 Si-

1264 1710 1340 1730 mus
1367 1698 1473 1739 igitur
1496 1699 1696 1739 vigilantes,
1733 1706 1765 1732 et
1789 1706 1947 1743 petamus
1973 1712 2037 1733 nos
2055 1699 2241 1743 gubernari

1265 1760 1284 1780 a
1317 1747 1412 1787 Deo,
1453 1757 1497 1778 ne
1531 1748 1762 1790 approbemus
1796 1755 1855 1781 aut
1890 1751 2107 1783 stabiliamus
2137 1749 2242 1782 idola.

1264 1798 1400 1830 Deinde
1415 1797 1696 1839 magnitudinem
1714 1810 1846 1842 poenae
1864 1799 2075 1833 intueamur.
2119 1799 2241 1833 Tertio

1265 1846 1402 1890 Regum
1424 1847 1478 1881 11.
1496 1847 1663 1891 scriptum
1686 1854 1753 1889 est,
1780 1846 1874 1882 hunc
1890 1850 2026 1894 lapsum
2045 1850 2244 1884 Salomonis

1267 1909 1404 1931 causam
1432 1909 1503 1930 esse
1527 1898 1786 1932 dilacerationis
1809 1900 1923 1942 regni,
1950 1912 2038 1946 quae
2053 1906 2171 1944 postea
2192 1911 2245 1932 se-

1269 1954 1377 1993 quuta
1400 1954 1469 1988 est,
1497 1959 1585 1992 quae
1611 1955 1643 1982 et
1670 1961 1761 1983 nova
1786 1950 1899 1992 idola,
1927 1958 1960 1984 et
1976 1951 2113 1984 assidua
2129 1950 2247 1983 civilia

1270 1999 1361 2032 bella
1376 1999 1521 2042 peperit.
1571 1997 1643 2032 Nec
1667 2000 1813 2034 dubium
1836 2008 1907 2042 est,
1934 2002 1971 2034 in
1988 1999 2053 2034 hac
2072 2007 2246 2045 postrema

1270 2049 1396 2082 mundi
1415 2055 1549 2082 senecta
1562 2076 1570 2089 ,
1598 2050 1719 2083 orbem
1740 2058 1911 2084 terrarum
1930 2064 1948 2085 a
1963 2051 2091 2085 Turcis
2107 2051 2246 2090 vastari,

1244 2112 1245 2133 1
1271 2107 1306 2133 et
1323 2099 1467 2132 lacerari
1487 2099 1649 2133 civilibus
1670 2101 1771 2134 bellis
1796 2101 1894 2143 ideo,
1923 2102 2005 2148 quia
2020 2101 2115 2136 Deus
2130 2099 2245 2134 horri-

1272 2151 1388 2183 biliter
1415 2150 1576 2183 irascitur
1607 2163 1685 2184 cum
1710 2152 1788 2185 aliis
1817 2153 2021 2193 sceleribus,
2055 2159 2129 2186 tum
2162 2162 2244 2183 vero

1271 2200 1455 2245 praecipue
1481 2201 1585 2234 idolis
1597 2229 1606 2242 ‚
1633 2214 1721 2247 quae
1746 2203 1783 2235 in
1801 2214 1838 2235 ea
1855 2211 1952 2247 parte
1968 2201 2104 2245 generis
2118 2199 2246 2234 huma-

1273 2251 1328 2291 ni,
1363 2262 1450 2295 quae
1474 2249 1650 2285 Ecclesiae
1679 2253 1822 2286 titulum
1848 2251 1971 2293 habet,
2005 2251 2245 2285 dominantur.

1274 2301 1392 2344 Quare
1416 2301 1573 2335 adsiduis
1594 2303 1780 2346 gemitibus
1795 2310 1950 2347 petamus
1973 2314 1991 2335 a
2011 2301 2108 2343 Deo,
2134 2309 2174 2336 ut
2188 2313 2246 2334 ve-

1273 2365 1347 2384 ram
1382 2351 1641 2386 invocationem
1674 2354 1805 2398 ubique
1837 2353 2019 2393 accendat,
2061 2359 2095 2386 et
2127 2352 2247 2385 omnia

1274 2402 1369 2436 idola
1390 2402 1514 2437 deleat.

1373 2449 1597 2494 Roboam,
1620 2453 1711 2486 filius
1728 2452 1938 2494 Salomonis,
1965 2454 2128 2488 successit
2142 2455 2247 2498 patri,

1275 2513 1354 2536 cum
1370 2509 1456 2536 esset
1471 2515 1645 2536 annorum
1661 2503 1889 2547 quadraginta
1905 2504 2020 2540 unius.
2070 2503 2247 2547 Regnavit

1275 2565 1386 2586 annos
1415 2552 1475 2587 17.
1526 2553 1623 2586 vixit
1643 2564 1755 2586 annos
1781 2551 1842 2588 58.
1901 2553 1984 2588 Fuit
2008 2554 2187 2598 negligens
2210 2554 2247 2587 in

1276 2603 1441 2636 tollendis
1463 2603 1583 2643 idolis,
1609 2602 1647 2634 in
1670 2602 1817 2647 imperio
1839 2605 2009 2649 superbus
2039 2611 2072 2638 et
2092 2605 2246 2648 ignavus.

1277 2652 1360 2687 Fuit
1376 2654 1482 2697 igitur
1498 2652 1640 2686 infoelix
1657 2659 1688 2687 et
1702 2654 1902 2689 calamitosa
1918 2655 2081 2690 universa
2095 2655 2168 2689 eius
2182 2664 2247 2697 gu-
