2324 2955
135 90 206 126 841
826 90 852 126 1·

901 84 1192 126 CHRONICON
1219 85 1464 124 CARIONIS.

2079 105 2151 139 842

134 172 389 210 Demosthenes
426 173 636 209 incumbens
672 174 708 207 in
748 175 898 217 librum,
947 182 1114 220 tanquam
1138 171 1143 197 Ι
1168 171 1365 217 plerunque
1389 174 1482 208 inter
1506 179 1694 213 certamina
1728 182 1888 226 publica,
1931 186 2027 220 velut
2060 187 2151 222 inter

133 226 327 269 scripturus
357 225 490 271 aliquid
503 253 512 266 ,
547 237 720 258 venenum
755 239 793 259 ex
827 227 960 260 calamo
988 223 1114 260 hausit.

131 275 192 311 Sic
210 276 382 309 extinctus
399 283 448 309 est
464 273 732 317 Demosthenes,
759 289 852 310 anno
872 284 947 321 post
964 282 1112 309 mortem

130 326 326 360 Alexandri
347 326 518 370 proximo.
578 325 666 360 Nam
700 339 816 370 pugna
843 329 886 360 ad
912 326 1112 360 Cranonem
1135 325 1139 332 ⁴

130 376 220 410 sacta
239 384 289 410 est
303 387 421 408 mense
441 375 542 409 lulio.
587 374 748 410 Athenae
764 378 900 411 deditae
917 384 998 410 sunt
1013 388 1111 409 men-

129 437 165 459 se
182 427 352 469 Augusto.
393 424 650 460 Demosthenes
669 428 724 459 die
744 428 878 461 decimo
896 435 990 461 sexto
1001 425 1112 460 Octo-

129 476 203 510 bris
218 483 378 510 mortuus
396 483 464 514 est,
492 489 570 510 cum
590 489 662 510 non
680 478 790 511 multo
810 485 889 511 ante
906 479 1043 511 decreto
1062 477 1111 509 ci-

1169 224 1364 279 contrarios
1397 225 1538 267 ssuctuS,
1583 231 1848 273 opprimuntur.
1915 234 2019 269 Tales
2057 240 2150 272 enim

1167 280 1248 306 suut
1264 285 1353 306 vices
1377 275 1413 306 in
1433 276 1729 319 dissensionibus,
1757 290 1793 316 ut
1814 284 1899 317 alias
1921 286 2008 320 aliae
2026 289 2150 322 factio-

1164 333 1226 354 nes
1251 323 1411 363 vineant,
1439 333 1478 359 ut
1503 328 1651 369 dicitur,
1685 330 1791 370 ξυνὸς
1814 332 1978 374 ἐνυάλιος
1999 337 2060 371 καὶ
2083 339 2148 373 τὸν

1164 372 1366 407 κτανέοντα
1382 374 1551 410 κατέκτα.
1605 379 1741 414 Deinde
1759 390 1790 416 et
1807 381 1873 416 hoc
1891 387 2147 428 deplorandum

1136 429 1138 440 ³
1164 429 1233 463 est,
1261 427 1353 468 quod
1384 427 1585 461 excellentia
1616 430 1756 473 ingenia
1783 434 1934 475 plurima
1959 437 2147 473 inutilibus

1163 475 1449 508 contentionibus
1467 488 1742 521 consumuntur,
1764 489 1801 516 ut
1818 485 1919 517 multi
1938 490 2065 521 summi
2078 492 2145 523 viri

129 526 247 559 vitatis
262 534 444 560 revocatus
463 534 549 560 esset
564 539 602 560 ex
618 528 734 563 exilio·
778 528 909 562 fuerat
926 529 1019 561 enim
1037 539 1109 560 non
1134 526 1136 531 ’
1160 523 1302 557 fuerunt
1322 526 1417 558 velut
1436 528 1631 569 parricidae
1649 532 1801 574 patriae,
1829 541 1867 567 ut
1883 534 2051 578 Pericles,
2079 540 2145 573 Al-

126 576 240 610 multo
266 584 346 610 ante
371 583 519 610 mortem
538 577 733 610 Alexandri
750 580 1002 612 condemnatus
1018 590 1035 610 a
1053 589 1109 610 se-
1131 585 1136 624 j
1162 574 1331 614 ClblfldssS,
1365 574 1636 620 Demosthene&
1668 579 1861 622 Demades,
1890 592 1921 618 et
1945 586 2005 618 alii
2031 591 2145 623 multi.

127 633 212 660 natu
242 627 504 671 Areopagitioe,
538 629 632 672 quod
661 629 844 672 pecuniam
875 630 919 662 ab
951 628 1106 671 Harpalo
1132 627 1134 679 J
1161 622 1263 657 Talia
1281 626 1436 669 exempla
1455 627 1630 662 intuentes
1651 642 1936 675 expavescamus,
1964 644 1996 669 et
2015 642 2143 673 arden„

125 684 322 721 acceperat,
365 677 427 722 qui
459 689 538 710 cum
571 678 693 713 suisset
720 686 835 713 custos
862 677 1106 713 thesaurorum
1131 684 1133 705 t
1159 673 1302 707 tlSSirnl'S
1331 676 1422 709 votis
1447 676 1562 710 Deum
1587 692 1744 723 oremus,
1779 690 1819 716 ut
1849 685 1951 719 saciat
1976 699 2039 720 nos
2064 702 2141 723 vasa

125 724 340 768 Alexandri,
373 739 452 761 cum
476 728 612 771 magnis
628 729 730 762 sumis
747 730 784 762 fn
804 729 987 763 Graeciam
1006 729 1105 771 fuge-
1158 725 1439 765 misericordiae,
1466 735 1497 761 et
1523 740 1652 772 organa
1670 733 1834 766 salutaria
1854 732 2049 779 Ecclesiae,
2082 752 2142 784 pa-

124 784 195 816 rat,
222 784 255 810 et
276 776 426 811 Athenis
449 775 641 823 hospitium
674 780 853 823 petiverat.
908 778 940 813 Is
963 780 1107 812 dederat
1131 783 1133 789 '

121 824 353 861 Demostheni
386 829 550 872 poculum
584 836 616 862 et
645 830 771 873 viginti
796 831 945 870 talenta,
982 830 1017 862 id
1043 835 1106 868 est,
1130 815 1133 860 l

121 878 307 911 duodecim
338 876 467 912 millia·
484 886 743 913 coronatorum.
806 880 873 914 Sed
899 892 976 913 cum
1009 886 1103 911 moto

121 927 215 961 bello
241 929 407 962 adversus
431 928 658 973 Antipatrum
685 929 836 963 Graecas
853 930 1009 962 civitates
1026 941 1104 973 pas-

122 978 187 1010 sim
211 975 412 1012 hortaretur
431 980 474 1012 ad
498 979 695 1013 societatem
714 978 1004 1020 Atheniensium,
1038 991 1104 1023 pu-
1128 977 1130 1014 ἶ

120 1027 214 1061 blico
238 1029 376 1062 decreto
399 1035 580 1062 revocatus
606 1035 665 1062 est.
726 1029 856 1064 Incidit
879 1031 978 1063 urbis
1003 1030 1105 1062 dedi·
1128 1039 1132 1067 ζ

119 1078 168 1111 tio
190 1078 227 1110 in
251 1089 382 1112 annum
405 1079 439 1112 2.
465 1076 692 1125 Olympiadis
718 1081 926 1114 centesimae
950 1080 1104 1113 decimae
1127 1072 1130 1111 1'

119 1135 273 1173 quartae.
1127 1159 1130 1175 ι

222 1178 369 1213 Prodest
395 1187 427 1214 et
451 1178 516 1213 hoc
539 1180 779 1218 considerare,
809 1181 902 1225 quod
928 1192 1104 1213 memora-
1128 1178 1129 1182 ’

117 1229 189 1262 bile
223 1229 414 1271 iudicium,
443 1231 482 1263 in
514 1243 585 1276 quo
609 1228 802 1263 Aeschines
828 1231 1002 1264 accusavit
1029 1231 1103 1263 De—
1126 1246 1129 1275 2

117 1277 357 1319 mosthenem,
383 1282 477 1324 quod
501 1293 621 1314 suasor
635 1281 756 1314 suisset
772 1281 853 1313 belli
878 1288 998 1314 contra
1017 1279 1103 1313 Pht-
1126 1303 1128 1307 -

117 1329 275 1372 lippum,
303 1330 453 1362 dilatum
475 1337 524 1363 est
544 1331 580 1362 in
599 1343 730 1362 annum
757 1331 930 1363 decimum
949 1330 1102 1364 Alexan·
1126 1326 1128 1366 f

117 1379 193 1419 dri,
227 1379 263 1412 in
286 1392 355 1424 quo
380 1380 511 1413 iudicio
536 1377 791 1413 Demosthenes
817 1381 913 1413 illam
941 1381 1102 1413 luculen-
1126 1379 1128 1412 ἱ

116 1436 188 1462 tam
217 1430 434 1473 orationem,
469 1443 557 1475 quae
582 1437 693 1470 extat,
730 1431 786 1463 cui
811 1431 934 1464 titulus
960 1438 1008 1464 est
1039 1443 1101 1474 pro

115 1477 362 1523 Ctesiphonte,
391 1481 479 1514 dixit
496 1481 532 1513 in
551 1492 674 1523 magna
693 1481 888 1525 frequentia
907 1479 1102 1521 hominum,

117 1530 179 1575 qui
205 1542 244 1563 ex
264 1537 335 1564 tota
360 1530 509 1563 Graecia
536 1528 693 1564 Athenas
717 1538 904 1571 venerant,
932 1537 970 1564 ut
997 1529 1102 1563 huius

116 1581 318 1614 certaminis
340 1581 518 1614 auditores
540 1588 664 1616 essent.
727 1579 773 1614 Et
799 1581 938 1614 videtur
964 1588 1101 1624 tempus

115 1628 349 1664 Demostheni
374 1632 562 1675 profuisse,
596 1632 678 1675 quia
702 1631 902 1664 Alexander
925 1632 1046 1674 procul
1065 1632 1101 1663 in

117 1679 219 1713 India
243 1681 378 1718 aberat,
415 1688 447 1713 et
469 1682 570 1713 dolor
601 1681 668 1713 iam
695 1692 768 1714 non
801 1687 874 1713 erat
897 1691 1035 1721 recens,
1069 1687 1101 1714 et
1124 1683 1127 1723 ξ

115 1730 220 1763 multi
237 1730 391 1764 seniores
411 1731 653 1763 recordatione
673 1729 811 1764 honesti
829 1731 988 1771 consilii,
1014 1743 1101 1775 qua·
1125 1750 1127 1768 ,

116 1780 301 1826 liscunque
317 1781 430 1814 suerat
447 1782 578 1820 exitus,
599 1781 837 1821 laetabantur,
864 1787 896 1814 et
912 1792 1033 1814 rursus
1051 1781 1100 1813 ci-
1124 1800 1126 1823 Ι

114 1831 205 1865 vitas
222 1843 330 1864 novas
346 1842 421 1875 spes
438 1837 652 1874 conceperat.
1123 1838 1127 1886 j

218 1881 301 1914 Post
319 1888 467 1914 mortem
488 1878 734 1914 Demosthenis
752 1892 824 1913 non
849 1881 910 1914 diu
926 1888 1100 1924 superstes
1123 1892 1125 1915 t

114 1932 182 1966 fuit
198 1931 401 1975 Antipater,
430 1933 472 1964 ad
499 1943 601 1976 quem
624 1932 797 1975 profectus
823 1932 1000 1964 Demades
1020 1943 1099 1963 ora·
1122 1920 1125 1963 i

116 1989 173 2016 tor
187 1994 265 2015 cum
284 1982 373 2022 filio,
402 1982 451 2015 ibi
475 1995 492 2015 a
517 1981 732 2022 Cassandro,
760 1982 820 2026 qui
844 1982 1005 2015 successit
1023 1981 1100 2014 An-
1122 1971 1126 2025 ξ

116 2033 265 2076 tipatm,
298 2033 490 2066 trucidatus
524 2039 591 2070 est,
627 2033 707 2077 quia
739 2030 974 2076 deprehensae
1000 2033 1128 2086 erant}

117 2084 192 2116 eius
208 2081 404 2127 Epistolae,
435 2091 646 2116 accersentes
664 2082 880 2125 Antigonum
904 2084 947 2115 ad
975 2083 1097 2115 defen-

116 2134 250 2167 sionem
271 2132 447 2174 Graeciae,
476 2134 661 2177 pendentis
678 2140 779 2173 tunc,
806 2141 843 2167 ut
864 2134 935 2177 ipse
951 2134 1096 2176 scripse-
1121 2150 1123 2179 {

115 2190 190 2225 rat,
216 2195 234 2217 a
253 2185 359 2217 veteri
381 2191 413 2217 et
430 2185 522 2227 putri
546 2185 622 2223 fito,
650 2184 812 2217 videlicet
834 2185 876 2216 ab
896 2182 1096 2227 Antipatro.
1120 2184 1125 2221 l

115 2231 171 2268 lta*
193 2235 408 2279 profectione
438 2243 560 2278 sponte
585 2241 742 2277 suscepta
775 2235 811 2267 in
837 2234 1096 2271 Macedoniam,
1121 2224 1123 2237 ¹

116 2291 284 2330 tanquam
300 2285 370 2319 sato
388 2292 514 2318 tractus
532 2292 582 2318 est
597 2286 638 2317 ad
655 2285 815 2325 exitium,
841 2297 919 2317 cum
937 2285 1098 2329 aliqnan-
1121 2288 1124 2361 I

116 2342 152 2368 to
189 2341 270 2368 ante
304 2336 496 2380 scripsisset
531 2338 707 2369 decretum
743 2336 785 2368 de
820 2336 984 2379 pellendo
1022 2335 1123 2371 De—,

115 2383 308 2419 mosthene.
1121 2423 1124 2430 ι

218 2435 350 2469 Addita
374 2443 423 2469 est
440 2443 553 2469 autem
576 2437 763 2469 crudelitas
786 2436 975 2480 supplicio,
1002 2436 1094 2480 qnod
1122 2441 1123 2450 ¹

119 2486 211 2520 filius
229 2485 393 2520 Demadis
410 2486 447 2518 in
462 2487 641 2531 complexu
661 2488 766 2530 patris
785 2487 880 2530 prius
897 2486 1097 2518 interfectus

119 2543 180 2570 est.
241 2535 363 2570 Postea
392 2544 531 2569 necatus
557 2544 607 2571 est
630 2545 735 2581 pater.
797 2536 863 2569 llic
894 2537 959 2569 snit
986 2537 1096 2569 exitus
1122 2544 1124 2583 ᾗ

119 2598 335 2620 summorum
368 2594 564 2625 oratorum,
599 2601 700 2632 quein
728 2588 917 2629 cogitantes
944 2587 1096 2631 primum
1121 2586 1124 2608 ⁸

119 2637 320 2670 communia
348 2638 500 2682 pericula
525 2645 702 2671 oratorum
730 2639 1006 2675 consideremus,
1037 2637 1097 2682 qui

171 2689 345 2720 ΜειΑκτιι.
371 2691 472 2722 Ormi.
496 2690 572 2720 Υυι..
589 2690 666 2723 ΧΗ.

1123 1479 1127 1498 l

1121 2381 1348 2415 'Demetrius
1385 2382 1477 2416 hunc
1513 2383 1751 2421 Alexandrum
1786 2391 1968 2428 interfecit.

1157 775 1244 808 triae
1261 782 1293 808 et
1313 777 1426 812 nohis.

1462 863 1526 897 De
1555 864 1833 903 Cassandro.

1258 925 1339 960 Post
1367 935 1514 961 mortem
1544 929 1727 969 perdicae,
1756 933 1912 977 Crateri,
1947 936 2139 983 Antipatri,

1155 982 1239 1009 tunc
1258 988 1340 1009 vero
1358 989 1447 1010 nova
1467 985 1499 1011 et
1515 986 1614 1012 atrox
1632 981 1770 1015 laniena
1788 994 1932 1029 sequuta
1949 997 2008 1023 est.
2045 988 2140 1024 Cas-

1154 1023 1291 1058 sander
1307 1029 1490 1070 occupavit
1510 1028 1776 1073 Macedoniam,
1805 1042 1837 1068 et
1857 1038 1968 1070 tenuit
1986 1051 2058 1072 eam
2076 1054 2140 1074 an-

1155 1077 1210 1108 nis
1249 1078 1454 1110 octodecim.
1514 1077 1624 1113 Duxit
1662 1093 1804 1116 uxorem
1842 1084 2139 1129 Thessalonicam,

1154 1124 1312 1169 Philippi
1339 1127 1457 1162 filiam.
1514 1128 1674 1174 Cumque
1702 1131 1888 1178 Oljmpias
1920 1146 2030 1172 mater
2055 1141 2139 1175 Ate-

1154 1177 1280 1209 xandri
1312 1185 1497 1212 conaretur
1521 1192 1668 1223 regnum
1696 1185 1811 1225 parvis
1839 1186 1920 1220 filiis
1945 1188 2139 1226 Alexandri

1154 1228 1311 1266 tradere,
1339 1229 1463 1261 urbem
1490 1228 1668 1274 Pydnam,
1697 1233 1732 1265 in
1761 1248 1827 1278 qua
1847 1245 1918 1270 erat
1941 1237 2139 1285 Olvmpias‚

1154 1276 1348 1310 Cassander
1365 1279 1550 1313 obsidione
1567 1282 1692 1323 cinxit,
1719 1291 1788 1317 tam
1806 1287 1878 1323 diu,
1906 1280 2017 1323 donec
2035 1294 2138 1326 multi

1154 1325 1315 1360 homines
1340 1329 1430 1361 same
1460 1339 1699 1370 morerentur,
1734 1342 1766 1367 et
1799 1337 1927 1370 milites
1952 1336 2137 1375 hominum

1154 1378 1382 1410 cadaveribus
1427 1389 1659 1422 pascerentur.
1735 1383 1860 1419 Coacta
1902 1388 2011 1431 igitur
2047 1393 2138 1426 fame

1154 1425 1340 1471 Olympias
1367 1429 1582 1462 deditionem
1607 1432 1706 1475 fecit,
1742 1443 1858 1477 postea
1886 1450 1960 1472 eam
1989 1440 2138 1476 Cassan-

1153 1478 1215 1509 der
1239 1478 1351 1510 occidi
1377 1479 1494 1520 iussit,
1528 1493 1677 1526 cumque
1698 1485 1826 1518 milites
1861 1489 1964 1529 primi
1990 1493 2031 1524 ad
2060 1505 2137 1527 eam

1152 1528 1398 1561 trucidandam
1427 1530 1522 1563 missi
1547 1535 1740 1567 reverentia
1775 1536 1848 1569 eins
1872 1540 2031 1574 deterriti
2064 1555 2136 1577 non

1125 1578 1127 1632 j
1152 1578 1314 1612 fecissent
1333 1581 1514 1621 mandata,
1541 1583 1636 1614 missi
1654 1592 1735 1618 sunt
1752 1586 1829 1626 alii,
1858 1590 1917 1631 qui
1936 1602 2010 1624 eam
2029 1596 2136 1626 truci-

1154 1628 1338 1663 daverunt.
1401 1629 1538 1662 Deinde
1567 1633 1731 1676 coniuges
1765 1642 1797 1669 et
1831 1638 1917 1672 silias
1941 1641 2137 1677 Alexandri

1152 1688 1288 1710 veneno
1308 1679 1464 1712 sustulit:
1493 1679 1683 1723 Roxanen,
1712 1697 1799 1728 quw(¹
1829 1691 1962 1731 peperit
1980 1692 2136 1726 Alexan-

1153 1727 1272 1760 drum:
1301 1735 1332 1761 et
1348 1727 1538 1771 Barsenen,
1566 1744 1652 1776 quae
1670 1737 1801 1777 peperit
1817 1736 2015 1777 Herculem.
2058 1743 2137 1778 Etsi

1151 1784 1267 1810 autem
1293 1778 1395 1811 initio
1422 1779 1617 1814 Cassander
1643 1785 1756 1817 socius
1782 1788 1846 1821 snit
1863 1790 2053 1834 Antigoni,
2081 1802 2135 1827 ta-

1152 1839 1231 1859 men
1259 1840 1337 1861 cum
1362 1829 1398 1862 in
1423 1828 1507 1863 Asia
1534 1831 1676 1877 Lyciam
1703 1843 1850 1879 peteret,
1879 1839 2079 1884 Antigonus
2106 1847 2136 1878 ei

1151 1875 1261 1910 hostis
1288 1879 1397 1912 factus
1421 1888 1489 1920 est,
1519 1889 1550 1914 et
1577 1891 1611 1916 ut
1637 1882 1780 1920 honesta
1810 1891 1922 1932 specie.
1945 1893 2076 1927 bellum
2104 1897 2136 1928 ei

1152 1928 1280 1962 inferre
1311 1937 1441 1971 posset,
1486 1935 1658 1967 accusavit
1692 1948 1769 1968 enm
1806 1942 1898 1982 apud
1935 1945 2136 1986 exercitum,

1151 1979 1245 2022 qnod
1265 1979 1491 2014 interfecisset
1507 1980 1775 2027 Olympiadem,
1803 1991 1966 2034 coniuges
1992 2001 2022 2027 et
2047 1996 2134 2029 filias

1151 2028 1356 2061 Alexandri.
1408 2028 1556 2074 Expulsi
1576 2041 1656 2067 snut
1675 2036 1780 2078 igitur
1797 2037 1984 2075 Cassandri
2003 2047 2134 2078 exerci-

1150 2085 1204 2111 tus
1235 2091 1273 2111 ex
1298 2079 1402 2118 Asia,
1440 2089 1472 2116 et
1496 2083 1569 2126 ipse
1601 2096 1672 2118 non
1696 2088 1807 2121 multo
1839 2100 1914 2134 post
1939 2091 2133 2129 Phthiriasi

1149 2137 1307 2162 mortuus
1331 2138 1392 2164 est.

1252 2178 1449 2215 llaeserunt
1471 2189 1502 2216 et
1525 2183 1561 2216 in
1585 2187 1785 2228 posteritate
1812 2191 1960 2225 maiores
1987 2207 2128 2238 poenae.

1121 2247 1123 2252 ι
1148 2229 1260 2263 Filius
1279 2230 1463 2275 Antipater
1481 2235 1608 2268 occidit
1626 2244 1782 2273 matrem.
1825 2239 2026 2278 Alexander
2043 2248 2130 2281 alter

1149 2282 1240 2313 silius
1264 2283 1389 2315 occidit
1415 2283 1557 2318 fratrent
1583 2287 1830 2330 Antipatrum,
1859 2299 1889 2325 et
1909 2292 2128 2332 Demetrium

1149 2332 1258 2363 filium
1284 2331 1454 2373 Antigoni
1483 2334 1517 2366 in
1542 2334 1786 2371 Macedoniam
1811 2344 2002 2381 accersivit.
2064 2348 2129 2382 llic

1238 2433 1244 2439 ¹
2037 2397 2130 2432 llaec

1149 2445 1266 2465 omnia
1285 2441 1484 2475 congruunt
1502 2436 1542 2466 ad
1564 2438 1733 2478 regulam:
1764 2441 1835 2482 Qui
1859 2444 2014 2485 gladium
2034 2461 2129 2482 acce-

1150 2483 1255 2526 perit„
1289 2484 1404 2524 gladio
1434 2485 1570 2526 peribit.
1630 2486 1723 2522 Ilaec
1756 2492 1867 2525 tristia
1901 2499 2056 2541 exempla
2092 2502 2127 2532 in

1150 2531 1293 2566 historia
1311 2533 1498 2566 Cassandri
1515 2540 1828 2576 commonefaciant
1848 2556 1910 2577 nos
1926 2548 1968 2579 de
1988 2549 2036 2581 ira
2049 2551 2128 2588 Dei,

1150 2591 1181 2616 et
1217 2581 1402 2616 hortentur
1437 2587 1477 2616 ad
1509 2586 1668 2620 timorem
1702 2597 1733 2623 et
1762 2592 2018 2631 invocationem
2052 2600 2127 2634 Dei.

1151 2634 1226 2666 lloc
1253 2640 1388 2667 tantum
1411 2635 1513 2668 laude
1530 2637 1674 2678 dignum
1698 2641 1775 2675 secit
1795 2643 2004 2682 Cassander.
2033 2652 2127 2693 quod

1539 2685 1586 2720 54
