2324 2955
115 99 188 136 457

214 183 276 221 24.
317 183 412 228 Quia
447 183 613 229 operibus
635 182 817 217 iustificari
840 190 890 218 est
914 195 954 217 ex
979 183 1099 218 debito

112 243 255 282 propter
271 236 413 280 propria
431 246 536 279 opera
553 234 783 278 pronunciari
801 234 945 269 iustum.

214 285 274 320 25.
308 285 389 320 Non
407 287 486 319 ideo
503 282 721 319 detrahimus
735 285 877 318 laudem
894 285 1011 319 meriti
1033 286 1099 319 bo·

112 339 169 372 nis
190 337 375 382 operibus,
415 335 498 381 quia
521 336 614 369 bona
634 348 740 380 opera
763 348 836 369 non
860 336 946 370 fiant
970 337 1099 371 nostris

111 389 266 427 viribus,
291 392 329 420 ut
345 385 567 429 Augustinus
581 387 748 431 disputat.

210 436 272 472 26.
301 435 376 470 lmo
395 444 433 471 ut
450 437 599 471 maxime
616 438 700 471 fiant
718 438 849 472 auxilio
867 437 953 478 Dei,
981 445 1098 472 tamen

109 488 290 532 Scriptura
308 488 521 531 pronunciat
543 500 580 521 ea
604 495 723 522 nostra
748 499 838 530 esse,
866 496 899 523 et
924 488 1098 534 promittit

107 550 174 582 pro
190 538 240 571 eis
255 539 461 573 mercedem.
497 538 589 572 Sunt
605 538 713 581 igitur
729 540 921 580 meritoria,
949 540 1096 585 perinde

107 601 147 623 ac
163 589 192 622 si
209 589 359 622 omnino
377 601 395 622 a
412 589 514 622 nobis
531 590 665 624 fierent.

209 639 271 673 27.
307 638 376 673 Sed
394 652 467 672 non
485 645 567 672 sunt
582 639 763 674 meritoria
781 641 998 674 remissionis
1016 651 1097 684 pec-

107 696 285 729 catorum,
331 689 590 723 iustificationis
617 696 648 723 et
680 691 771 724 vitae
801 699 981 730 aeternae,
1015 690 1096 735 quia

107 738 192 774 haec
210 738 339 774 habent
357 740 462 773 aliam
479 752 630 776 causam.
679 741 716 774 Si
735 742 829 775 enim
847 743 1040 787 penderent
1056 753 1096 773 ex

107 790 312 824 conditione
328 790 533 824 meritorum
547 818 556 831 ‚
582 797 665 825 tunc
682 792 805 827 fierent
820 794 964 826 incerta.
1005 791 1096 825 Nul-

106 841 161 874 lus
177 840 272 873 enim
298 848 438 875 sanctus
454 841 629 875 affirmare
648 848 781 887 potest,
807 854 842 876 se
869 840 999 876 habere
1022 842 1096 875 suf-

106 890 263 924 ficientia
280 892 418 927 merita.

205 949 267 984 28.
309 948 510 983 Periculosa
533 956 584 983 est
610 949 836 993 imaginatio,
871 950 986 985 Deum
1012 951 1095 984 dare

102 999 212 1034 vitam
228 1006 422 1041 aeternam,
447 1011 521 1033 non
537 999 681 1045 quidem
698 1008 844 1045 propter
861 1013 966 1046 opera
989 1008 1094 1035 natu-

104 1050 213 1091 ralia,
240 1051 300 1083 sed
326 1056 470 1095 propter
492 1050 693 1095 spirituales
718 1052 903 1096 qualitates
929 1052 967 1084 in
993 1052 1095 1085 nobis

102 1100 274 1135 conditas.
326 1100 408 1135 Non
430 1101 526 1134 enim
550 1102 655 1136 debet
683 1102 810 1136 fiducia
832 1103 1095 1136 misericordiae

104 1151 288 1186 transferri
305 1151 343 1184 in
360 1158 499 1185 nostras
514 1152 713 1196 qualitates,

205 1202 268 1237 29.
302 1199 349 1235 Et
371 1201 517 1235 tentatio
544 1202 661 1235 omnis
683 1202 813 1236 excutit
837 1202 918 1236 illas
942 1203 1095 1247 qualita-

101 1259 170 1293 165,
198 1258 232 1286 et
254 1252 410 1286 ostendit
432 1251 697 1286 immunditiam
721 1259 898 1293 nostram,
927 1254 1006 1286 ideo
1031 1265 1094 1286 ne-

103 1313 196 1335 cesse
227 1309 278 1336 est
311 1313 479 1346 quaerere
509 1302 614 1334 aliam
637 1313 778 1334 causam
804 1302 897 1334 vitae
923 1309 1095 1342 aeternae,

102 1352 235 1386 scilicet
259 1351 445 1395 gratuitam
471 1352 760 1395 promissionem,
788 1358 820 1385 et
839 1352 972 1395 erigere
990 1354 1095 1386 corda

102 1402 229 1435 fiducia
251 1402 348 1435 illius
363 1402 535 1444 gratuitae
554 1402 816 1445 promissionis,
843 1414 882 1436 ac
899 1410 1012 1437 certae
1027 1403 1092 1435 mi-

101 1452 322 1487 sericordiae.

202 1510 263 1546 30.
295 1508 393 1543 Haec
425 1515 508 1542 sunt
542 1520 624 1542 vera
666 1516 699 1542 et
728 1516 963 1543 consentanea
992 1509 1095 1542 dictis

100 1567 320 1602 sanctorum,
366 1559 427 1593 sed
461 1571 540 1592 cum
574 1559 774 1604 loquuntur
807 1566 903 1594 extra
934 1560 1095 1604 disputa-

99 1612 228 1647 tiones.

202 1671 264 1706 31.
298 1668 346 1704 Et
361 1667 446 1703 haec
463 1669 582 1702 omnia
600 1681 688 1714 quae
705 1667 763 1703 hic
785 1670 956 1703 dicuntur
973 1669 1017 1702 de
1039 1668 1094 1702 iu-

102 1721 329 1762 stificatione,
377 1720 558 1764 pertinent
584 1726 721 1754 tantum
756 1721 800 1753 ad
832 1720 1095 1760 conscientiam,

102 1773 292 1807 luctantem
310 1783 388 1805 cum
409 1770 540 1803 iudicio
557 1768 637 1805 Dei.

201 1831 263 1866 52.
299 1828 436 1863 Interea
459 1828 555 1862 enim
579 1835 716 1873 oportet
740 1835 858 1863 tamen
875 1829 973 1874 sequi
991 1828 1094 1862 novi.-

102 1889 209 1917 tatem
224 1882 264 1914 in
279 1881 393 1916 nobis.

204 1941 264 1975 33.
297 1938 344 1974 Et
362 1937 446 1974 haec
462 1939 600 1973 novitas
616 1945 665 1974 est
681 1939 830 1984 qualitas
850 1938 887 1971 in
907 1938 1029 1977 nobis,
1061 1943 1095 1970 et

105 1998 157 2026 est
173 1991 309 2026 iusticia
327 1991 411 2034 legis
425 2001 486 2024 seu
505 1990 664 2034 impletio
684 1990 781 2033 legis.
835 1988 931 2022 Ilaec
956 1987 1092 2021 iusticia

102 2054 175 2076 non
193 2049 243 2076 est
257 2042 329 2076 sola
347 2042 449 2082 fides,
477 2042 537 2074 sed
562 2041 685 2079 timor,
712 2041 876 2080 dilectio,
903 2038 1093 2076 invocatio,

100 2093 302 2128 obedientia
327 2103 406 2136 erga
429 2092 672 2134 magistratus,
712 2092 871 2131 castitas,
911 2096 945 2123 et
970 2100 1093 2123 omnes

102 2144 269 2186 virtutes,
293 2144 383 2177 sicut
400 2140 612 2186 Philosophi
630 2149 754 2176 vocant
775 2140 1011 2176 universalem
1038 2140 1094 2174 iu-

99 2195 233 2238 sticiam
245 2222 255 2236 ‚
283 2206 373 2240 quae
392 2205 514 2228 omnes
532 2194 678 2227 virtutes
695 2192 950 2238 complectitur.

201 2252 262 2290 34.
295 2253 364 2288 Sed
376 2281 385 2294 ,
411 2259 450 2287 ut
467 2253 565 2297 prius
582 2253 716 2286 dictum
730 2259 792 2296 est,
821 2263 940 2286 coram
959 2248 1092 2283 iudicio

100 2305 187 2347 Dei,
213 2311 357 2350 propter
384 2304 532 2338 virtutes
554 2310 692 2337 nostras
717 2314 791 2337 non
813 2301 1094 2348 pronunciamur

102 2357 204 2397 iusti,
232 2354 298 2389 hoc
316 2363 386 2397 est,
412 2355 565 2399 accepti,
592 2366 731 2399 semper
747 2353 841 2389 enim
861 2352 1093 2396 intelligimus

103 2407 206 2442 uobis
223 2417 311 2452 opus
327 2418 399 2441 esse
416 2406 674 2440 misericordia.

434 2486 632 2534 Philo-soph
639 2490 752 2523 icum.

201 2556 244 2591 In
260 2554 328 2591 hoc
343 2553 607 2600 Epigrammate
627 2561 774 2590 venuste
788 2554 1023 2599 significatum
1040 2559 1091 2588 est

101 2615 300 2654 utrunque,
334 2613 368 2641 et
393 2607 529 2642 turbari
556 2614 711 2644 mentem
743 2606 847 2647 vino,
883 2612 918 2641 et
944 2604 1089 2640 accendi

100 2671 247 2706 corpora
262 2659 307 2694 ad
323 2657 522 2698 libidinem.

744 96 1012 138 P111L1PP1,
1039 95 1495 136 MELANTHONIS.

2069 102 2143 138 458

1236 180 1384 219 ἴπλισμαι
1399 182 1478 221 πρὸς
1493 181 1591 223 ἔρωτα
1607 184 1672 223 περὶ
1687 183 1837 224 στέρνοισι
1851 185 2009 225 λογισμὸν,

1280 223 1354 254 οὐδέ
1370 236 1409 261 με
1433 224 1545 263 νικήσει
1561 228 1676 263 μοῦνος
1691 224 1749 256 {clm
1766 227 1845 266 πρὸς
1858 227 1919 264 ἕνα,

1232 265 1351 304 θνητὸς
1368 265 1394 295 ιδ’
1410 265 1563 309 ἀθανάτῳ
1581 267 1803 306 σιψλεῑῗσομαι,
1828 268 1866 307 ἣν
1882 269 1915 300 δὲ
1929 269 2055 308 βοηθὸν

1275 307 1393 347 βάκχον
1409 307 1479 349 ἔχῃ,
1504 310 1531 339 τὶ
1550 315 1644 341 ποιεῖν
1662 310 1742 351 πρὸς
1757 309 1808 341 δύ’
1827 311 1885 352 ἐγώ
1900 310 2044 350 δύναμαι.

1554 370 1632 405 Hoc
1664 378 1730 405 est:

1251 428 1327 460 Sum
1344 431 1412 460 satis
1430 432 1579 461 illecebras
1597 440 1699 462 contra
1714 436 1848 463 munitus
1865 437 1985 472 amoris,

1300 480 1345 510 Ne
1366 484 1464 510 solum
1480 485 1560 512 solus
1576 494 1623 512 me
1642 495 1779 522 superare
1795 492 1894 524 queat.

1252 530 1314 562 Nec
1332 534 1463 562 formido
1482 533 1600 571 Deum,
1629 537 1765 574 quamvis
1782 537 1933 573 mortalis,
1961 541 1990 565 at
2006 537 2060 565 iste

1303 582 1337 612 Si
1355 582 1466 613 Bacchi
1484 585 1624 624 adiunget
1642 587 1767 614 numina
1785 596 1891 624 magua
1910 587 1978 622 sibi,

1251 632 1321 663 Non
1341 634 1443 665 hostes
1462 642 1563 665 contra
1581 638 1715 674 geminos
1732 636 1912 665 contendere
1930 646 2065 675 possum,

1301 684 1339 714 Et
1358 688 1454 725 spolia
1476 698 1514 716 ex
1533 698 1593 716 uno
1609 693 1650 715 est
1668 698 1727 715 uon
1746 697 1832 725 grave
1850 687 1925 715 ferre
1940 687 2024 716 duos.

1224 738 1283 772 35.
1314 739 1371 773 Ad
1396 739 1480 775 haec
1497 741 1629 775 Seneca
1655 742 1724 782 ait,
1753 742 1908 775 ebriosos
1933 742 2036 775 etiam
2062 752 2141 774 cum

1148 801 1220 823 non
1237 791 1425 830 biberunt,
1454 799 1570 826 tamen
1586 793 1712 825 furere.
1754 791 1864 836 quue
1882 793 1995 826 voluit
2010 791 2142 824 Paulus

1147 852 1226 873 cum
1257 841 1322 874 ait:
1359 841 1411 875 Ne
1442 843 1668 875 inebriemini
1699 843 1805 882 vino,
1848 855 1936 887 quae
1967 855 2022 876 res
2052 842 2144 885 parit

1148 888 1326 927 ἀσωτίαν.
1378 891 1425 925 Id
1445 894 1670 926 defendimus
1685 900 1777 927 recte
1796 899 1828 927 et
1847 892 1991 940 physice
2008 892 2142 926 dictum

1147 953 1231 977 esse.

1147 1057 1250 1103 (XI.)
1269 1056 1674 1104 Confirmationes
1690 1062 1963 1094 sententiae
1980 1060 2141 1093 Pauli:

1172 1109 1266 1144 Fide
1289 1108 1552 1156 iustificantur.
1606 1112 1707 1152 (Opp.
1725 1112 1818 1144 Basil.
1837 1112 1876 1144 T.
1894 1111 1953 1143 ΙΙΙ.
1979 1124 2009 1152 p.
2027 1113 2119 1151 328.)

1146 1186 1258 1226 Pauli
1293 1198 1499 1234 argumenta
1523 1190 1629 1225 Rom.
1644 1190 1679 1225 4.
1703 1198 1795 1225 recte
1817 1198 1851 1225 et
1876 1199 1955 1235 apte
1978 1192 2142 1236 probant,

1147 1244 1242 1288 quod
1260 1255 1331 1275 non
1349 1248 1494 1285 propter
1509 1249 1646 1275 nostras
1670 1242 1816 1275 virtutes
1842 1250 1902 1276 aut
1927 1254 2032 1287 opera
2059 1254 2143 1286 pro—

1147 1293 1360 1326 nunciemur
1377 1292 1479 1331 iusti,
1508 1290 1573 1325 hoc
1591 1299 1659 1332 est,
1685 1293 1818 1336 accepti
1836 1305 1953 1326 coram
1965 1292 2054 1332 Deo,
2081 1294 2142 1325 sed

1148 1349 1286 1376 tantum
1313 1353 1377 1385 per
1399 1341 1676 1374 misericordiam
1702 1348 1846 1386 propter
1867 1340 2070 1382 Christum,
2113 1342 2142 1375 si

1150 1400 1267 1426 tamen
1284 1389 1376 1424 hanc
1395 1391 1462 1424 fide
1477 1389 1789 1435 apprehendimus.

1254 1442 1286 1474 1.
1318 1441 1478 1474 Primum
1503 1448 1658 1474 sumtum
1685 1449 1735 1475 est
1758 1444 1803 1475 ab
1826 1443 2032 1484 autoritate,
2073 1441 2141 1477 hoc

1149 1498 1216 1531 est,
1238 1503 1277 1524 ex
1293 1491 1495 1523 testimonio
1512 1490 1734 1534 Scripturae‚
1761 1493 1798 1524 in
1815 1505 1887 1537 quo
1905 1494 1997 1527 clare
2014 1494 2141 1527 defini-

1149 1548 1225 1580 tur,
1252 1541 1431 1585 quomodo
1450 1546 1654 1583 reputemur
1672 1541 1766 1577 iusti.

1250 1590 1365 1624 Locus
1390 1590 1428 1622 in
1447 1589 1580 1623 Genesi
1603 1591 1696 1624 clare
1720 1592 1825 1634 dicit,
1851 1591 2035 1627 Abraham
2058 1606 2142 1638 pro-

1148 1641 1313 1674 nunciari
1331 1641 1481 1681 iustum,
1504 1641 1586 1685 quia
1604 1642 1802 1676 crediderit.
1849 1643 1962 1686 Igitur
1979 1656 2142 1689 pronun-

1149 1692 1284 1725 ciamur
1316 1691 1418 1731 iusti,
1469 1703 1542 1724 non
1577 1699 1723 1736 propter
1753 1700 1891 1727 nostras
1924 1695 2071 1729 virtutes
2106 1702 2142 1729 et

1147 1754 1274 1786 opera,
1300 1743 1358 1775 sed
1378 1754 1440 1786 per
1457 1741 1758 1785 misericordiam,
1784 1757 1864 1778 cum
1883 1743 1974 1779 hanc
1994 1747 2060 1779 fide
2077 1757 2141 1789 ap-

1146 1790 1413 1837 prehendimus,

1248 1844 1283 1878 2.
1317 1843 1521 1877 Secundum
1537 1850 1691 1877 sumtum
1717 1852 1767 1879 est
1790 1858 1830 1879 ex
1854 1846 2060 1880 definitione
2085 1846 2141 1879 iu-

1148 1893 1389 1934 stificationis,
1414 1905 1503 1937 quae
1520 1894 1556 1926 in
1574 1893 1716 1928 Psalmo
1734 1897 1897 1932 traditur.
1950 1904 1953 1905 ’

1250 1943 1454 1977 lustificatio
1482 1951 1531 1977 est
1554 1946 1697 1988 proprie
1722 1947 1882 1980 remissio
1907 1953 2142 1991 peccatorum,

1148 1994 1242 2027 iuxta
1268 1994 1375 2027 illud:
1403 1992 1531 2027 Beatus
1554 1994 1609 2027 vir
1627 1996 1683 2028 cui
1702 2008 1775 2029 non
1795 1997 1946 2041 imputat
1962 1996 2139 2030 Dominus

1146 2051 1338 2088 peccatum.
1366 2043 1470 2077 Item:
1497 2043 1598 2078 Beati
1615 2057 1766 2089 qnorum
1785 2048 1949 2081 remissae
1966 2054 2047 2081 sunt
2064 2047 2138 2080 ini-

1151 2095 1313 2140 quitates.
1354 2093 1468 2138 Igitur
1483 2096 1763 2138 pronunciamur
1779 2097 1879 2139 iusti,
1904 2110 1977 2131 non
1996 2104 2140 2142 propter

1146 2152 1284 2179 nostras
1300 2145 1468 2187 virtutes,
1496 2147 1554 2179 sed
1575 2158 1638 2190 per
1654 2148 1946 2183 misericordiam.

1249 2196 1284 2230 3.
1319 2195 1484 2230 Tertium
1506 2203 1661 2230 sumtum
1683 2205 1735 2232 est
1751 2210 1791 2232 ex
1807 2199 1934 2233 ordine
1951 2210 2137 2233 causarum

1145 2254 1179 2282 et
1196 2247 1396 2281 effectuum.

1245 2295 1428 2332 Abraham
1460 2297 1717 2342 pronunciatur
1747 2299 1859 2334 iustus
1882 2307 1964 2335 ante
1985 2300 2137 2335 circum-

1144 2348 1332 2393 cisionem,
1355 2348 1467 2392 Igitur
1483 2348 1703 2382 circumcisio
1721 2361 1794 2383 non
1811 2350 1982 2386 iustificat.

1246 2398 1282 2435 4.
1322 2399 1496 2443 Quartum
1521 2406 1676 2433 sumtum
1701 2408 1752 2435 est
1776 2412 1816 2435 ex
1840 2414 1942 2436 causa
1967 2401 2136 2436 iustifica-

1143 2449 1269 2491 tionis,
1293 2450 1424 2484 scilicet
1441 2462 1482 2482 ex
1498 2450 1751 2493 promissione,
1776 2458 1810 2487 et
1826 2454 1862 2487 lit
1885 2460 2134 2498 argumentum

1148 2512 1189 2534 ex
1206 2509 1330 2536 natura
1347 2500 1590 2534 relativorum.

1244 2550 1375 2587 Omnis
1391 2551 1580 2595 promissio
1600 2551 1670 2586 fide
1693 2552 1875 2598 accipitur.
1929 2554 2133 2589 Iustilicatio

1140 2609 1191 2637 est
1213 2615 1268 2637 res
1292 2602 1489 2649 promissa,
1519 2602 1628 2646 igitur
1648 2615 1788 2639 necesse
1811 2612 1861 2640 est
1885 2618 1961 2640 eam
1985 2607 2052 2639 fide
2072 2616 2130 2638 ac—

1139 2654 1221 2699 cipi,
