2324 2955
141 106 214 144 969
688 106 715 140 1.

141 198 175 225 et
193 196 269 235 post
285 187 501 224 Dalmatium
517 188 660 223 Orienti
677 191 853 234 praefecit.
903 190 1008 225 Hunc
1033 204 1121 236 quo-

140 253 207 286 que
234 241 422 274 crudeliter
453 241 693 274 dominantem
721 240 948 276 Constantius
972 241 1121 275 interfici
1147 262 1148 271 1

140 290 249 324 iussit.
310 290 467 324 lulianus
492 297 568 334 post
593 289 863 332 Constantium,
896 291 1121 325 Constantini

138 341 273 381 filium,
299 341 488 383 imperator
507 341 617 374 sactus
641 349 702 375 est.
756 341 840 376 Post
863 340 960 376 hunc
985 353 1120 376 succes-

138 402 197 424 sor
226 388 446 423 Iovinianus
477 390 683 424 Pannonius
709 404 748 424 ex
777 392 846 425 alia
877 392 1010 426 familia
1038 392 1116 425 fnit.

138 440 299 485 Suntque
322 441 406 473 anni
430 441 474 474 ab
498 442 600 474 initio
621 442 843 476 Constantini
860 442 983 486 Magni
1008 454 1117 487 usque

137 491 180 524 ad
199 497 346 524 mortem
365 489 514 531 Iuliani,
541 492 795 537 quinquaginta
814 499 903 527 octo.

239 539 320 574 Post
351 540 522 574 Maxentii
550 543 731 575 interitum
764 543 854 577 rexit
884 540 1114 576 Occidentem

136 590 400 627 Constantinus.
433 591 592 624 Licinius
610 605 691 625 vero
703 591 901 633 Orientem,
928 593 988 637 qui
1000 592 1116 626 Maxi-

133 640 251 675 minos
266 641 451 675 deleverat.
505 640 642 676 Deinde
658 655 724 687 pax
742 643 809 677 fuit
824 643 860 676 in
878 643 1025 687 imperio
1039 642 1116 676 Ro-

134 702 257 731 mano,
293 698 326 725 et
351 692 601 735 imperatorum
629 694 817 727 concordia
842 694 981 726 circiter
1007 693 1115 737 quin-

134 741 341 785 quennium.
394 740 483 776 Cum
507 754 589 776 vero
614 742 774 777 Licinius
799 744 967 787 paulatim
991 743 1113 776 odium

133 792 300 824 adversus
317 788 536 826 Christianos
553 795 769 834 ostenderet,
796 800 829 827 et
849 795 985 838 aliquot
1008 793 1113 826 nohi-

132 841 183 874 les
206 841 321 882 viros,
363 849 545 887 propterea
569 844 664 889 quod
690 845 840 877 abiicere
862 844 1112 888 professionem

132 889 371 926 Christianam
392 894 598 934 noluerant,
634 894 881 934 interfecisset,
916 894 1112 928 multorum

133 942 237 975 etiarn
261 949 397 986 raperet
413 944 592 977 facultates
607 950 638 977 et
654 945 840 986 coniuges,
867 944 969 976 multi
994 943 1112 976 exules

132 992 176 1024 ad
202 991 471 1026 Constantinum
504 993 730 1035 confugiunt,
770 999 802 1026 et
830 999 953 1036 petunt
983 993 1113 1037 suscipi

132 1042 374 1075 defensionem
389 1040 682 1076 Christianorum.
734 1042 846 1076 Erant
861 1043 1001 1076 foedera
1019 1043 1112 1077 inter

131 1091 299 1135 collegas,
325 1091 503 1125 Licinium
524 1100 557 1125 et
573 1091 865 1133 Constantinum,
901 1099 933 1125 et
952 1092 1110 1126 Licinius
1136 1118 1137 1124 ,

131 1142 314 1185 coniugem
338 1139 490 1175 habebat
517 1153 674 1175 sororem
692 1142 917 1175 Constantini
935 1141 1111 1176 Constan-

129 1192 228 1225 tiam.
282 1190 441 1225 Primum
470 1192 579 1235 igitur
603 1190 765 1225 hortatur
782 1191 1032 1226 Constantinus
1048 1193 1110 1226 Li-

129 1241 279 1281 cinium,
306 1248 345 1274 ut
363 1242 457 1276 iuxta
477 1243 606 1282 edicta,
642 1255 730 1287 quae
747 1249 847 1276 antea
867 1243 972 1276 simul
990 1243 1109 1276 edide—

128 1298 225 1331 rant,
251 1298 369 1335 parcat
387 1290 606 1326 Christianis.
660 1292 723 1325 llle
743 1299 862 1326 contra
880 1294 1029 1336 superbe
1053 1305 1110 1326 re-

129 1342 294 1386 spondet:
338 1353 373 1374 se
405 1354 476 1375 non
505 1343 772 1386 impediendum
795 1354 867 1375 esse
890 1343 927 1375 in
949 1355 988 1376 ea
1013 1351 1108 1387 parte

126 1391 286 1436 imperii,
329 1404 433 1437 qnam
467 1400 610 1435 regeret.
665 1391 711 1426 Et
744 1393 876 1426 bellum
913 1393 1107 1428 minitatur.

127 1440 216 1476 Cum
234 1449 350 1476 autem
368 1443 436 1475 iam
452 1442 610 1476 Licinius
628 1443 759 1475 violato
777 1443 886 1487 priori
903 1444 1016 1487 edicto
1033 1445 1108 1477 soe-

126 1492 193 1526 dus
222 1492 392 1536 rupisset,
431 1500 464 1526 et
486 1493 576 1526 iusta
603 1494 646 1527 sit
670 1493 825 1526 defensio
857 1494 961 1527 etiam
985 1501 1107 1527 contra

125 1541 260 1583 socios,
311 1543 355 1575 ad
385 1543 629 1586 depellendam
661 1544 881 1577 manifestam
910 1544 1107 1585 saeviciam,

125 1591 378 1627 Constantinus
399 1604 477 1625 cum
496 1592 568 1625 filio
586 1592 711 1636 Crispo
729 1594 916 1626 exercitum
936 1594 972 1626 in
991 1592 1104 1628 Thra-

125 1642 216 1676 ciam
241 1642 356 1680 ducit,
389 1642 451 1675 ubi
475 1643 516 1675 ad
540 1643 663 1676 urbem
688 1641 981 1687 Adrianopolim‚
1017 1656 1105 1688 quae

125 1703 221 1726 nunc
252 1702 394 1736 quoque
427 1699 508 1724 nota
540 1699 611 1732 est,
659 1693 796 1737 fuitque
829 1694 915 1725 olim
944 1692 1106 1731 Odrissa‚

123 1753 252 1784 magno
269 1741 400 1785 praelio
417 1741 524 1773 vincit
535 1740 724 1779 Licinium,
740 1743 782 1774 de
799 1755 868 1787 quo
886 1749 918 1775 et
936 1744 1105 1776 miracula

123 1798 332 1826 narrantur:
361 1798 561 1834 conspectas
584 1802 655 1824 esse
679 1791 715 1822 in
733 1799 812 1825 aere
828 1793 986 1824 flammas
1001 1804 1104 1836 supra

132 1842 321 1877 exercitum
347 1840 582 1875 Constantini.
659 1840 788 1874 Scribit
812 1840 1041 1875 Marcellinus
1068 1844 1104 1875 in

89 1916 93 1918 -
124 1892 279 1927 exercitu
292 1890 537 1931 Constantini,
565 1891 624 1936 qui
642 1897 764 1924 contra
783 1890 960 1924 Licinium
980 1893 1105 1926 ductus

124 1950 193 1984 est,
225 1942 331 1975 fuisse
349 1941 566 1975 Francorum
582 1941 730 1982 auxilia,
763 1952 831 1986 qua
851 1952 890 1974 ex
911 1953 947 1974 re
963 1943 1106 1986 adparet

123 1992 395 2029 Constantinum
414 1991 631 2025 Francorum
652 1992 817 2024 virtutem
835 1992 953 2034 magni
971 1993 1104 2027 fecisse.

224 2042 330 2085 Fugit
355 2054 394 2075 ex
412 2040 555 2085 Europa
573 2042 731 2075 Licinius
756 2042 792 2074 in
813 2039 1037 2087 Bithyniam,
1071 2051 1104 2077 et

123 2105 245 2129 rursus
262 2093 451 2126 exercitum
469 2092 618 2135 collegit.
669 2091 738 2125 Sed
759 2092 808 2125 ibi
826 2104 966 2137 quoque
990 2094 1103 2127 victus

122 2156 244 2189 pacem
276 2144 381 2187 petit,
427 2143 530 2176 missa
560 2143 602 2175 ad
638 2143 806 2175 victorem
837 2154 956 2176 sorore
992 2144 1101 2188 ipsius

121 2193 350 2235 Constantia,
381 2205 469 2239 quae
493 2193 599 2226 vitam
624 2192 763 2226 Licinio
786 2193 912 2226 marito
937 2194 1102 2238 impetra-

121 2243 189 2280 vit:
217 2245 277 2278 sed
295 2243 361 2285 ita,
387 2251 427 2278 ut
444 2244 602 2288 privatus
617 2241 888 2277 Thessalonicae
911 2256 991 2277 curn
1016 2257 1100 2278 con—

120 2296 201 2340 iuge
220 2294 364 2328 viveret.

223 2342 417 2390 Aliquanto
435 2350 513 2388 post
529 2343 705 2385 Licinius,
737 2357 816 2378 cum
831 2356 885 2378 res
900 2356 1008 2378 novas
1023 2357 1099 2379 mo-

121 2397 268 2435 liretur,
293 2406 312 2428 a
328 2393 552 2429 Constantini
573 2393 1026 2439 praesidioThessalonicac
1045 2397 1099 2429 in-

122 2446 286 2481 terfectus
300 2451 361 2480 est.
413 2443 584 2479 Extinctis
608 2446 714 2488 igitur
740 2446 896 2491 quinque
922 2448 1098 2491 tyrannis:

120 2496 364 2536 Diocletiano,
396 2493 633 2536 Maximiano,
667 2495 866 2535 Maxentio,
900 2495 1098 2531 Maximino

122 2555 156 2582 et
170 2546 322 2587 Licinio,
345 2551 437 2579 tenet
455 2544 693 2580 monarchiam
715 2547 809 2580 solus
820 2542 1099 2589 Conslanlinus,

123 2597 185 2644 qui
212 2609 291 2632 cum
318 2597 410 2639 leges
433 2603 466 2630 et
489 2597 616 2630 iudicia
642 2598 753 2630 deleta
786 2604 917 2635 essent,
960 2605 992 2631 et
1024 2610 1097 2632 non

123 2649 236 2683 solum
254 2647 357 2680 bellis
374 2646 557 2688 civilibus,
584 2649 642 2680 sed
665 2648 769 2683 etiam
791 2648 957 2686 saevicia,
993 2661 1097 2694 quam

169 2701 346 2733 mama.
373 2699 474 2733 Orza,
503 2699 583 2732 Vot.
600 2699 676 2732 XII.

769 103 1060 142 CHRONICON
1093 103 1338 142 CARIOMS.
1392 104 1517 143 PARS
1546 106 1591 144 11.

2085 116 2158 149 970

1177 192 1319 235 tyranni
1345 199 1465 225 contra
1483 190 1703 228 Christianos
1727 204 1968 238 exercuerant,
2003 206 2154 232 vastatae

1176 249 1287 275 essent
1312 243 1531 286 provinciae,
1568 244 1679 278 victor
1701 243 1954 280 Constantinus
1978 255 2010 282 et
2031 247 2153 282 Eccle-

1174 291 1240 324 sias
1256 299 1287 325 et
1305 293 1493 336 imperium
1513 294 1695 328 restituere
1711 296 1835 340 coepit.

1268 340 1401 387 Estque
1430 343 1515 376 haec
1544 346 1692 378 mutatio
1725 358 1796 378 una
1828 347 1920 380 inter
1944 349 2150 392 praecipuas

1171 392 1306 433 generis
1329 391 1473 425 humani
1494 396 1724 436 mutationes,
1752 396 1930 430 difficilior
1954 411 2057 442 quam
2083 400 2150 433 suit

1170 440 1320 484 Augusti
1346 443 1436 476 victo
1457 444 1634 483 Antonio,
1669 452 1727 478 aut
1749 446 1832 478 Iulii
1857 448 1947 481 victo
1966 448 2148 493 Pompeio.

1169 490 1308 524 Bellum
1328 500 1418 525 certe
1435 506 1513 526 cum
1533 494 1672 527 Licinio
1688 495 1790 537 longe
1807 497 1920 530 maius
1938 498 2019 539 fuit,
2044 511 2149 544 quam

1169 542 1224 573 vel
1241 542 1323 575 lulii
1351 543 1405 575 vel
1424 543 1573 586 Augusti
1599 545 1702 580 bella.
1760 545 1850 578 Nam
1876 554 1909 580 et
1933 549 2061 581 ducum
2087 562 2149 592 par

1166 591 1233 625 suit
1250 593 1457 635 magnitudo
1477 594 1606 634 animi,
1633 601 1666 627 et
1679 596 1832 638 potentia
1855 603 1888 629 et
1910 608 2011 631 causa
2036 601 2148 632 maior

1167 641 1250 681 fuit,
1276 655 1380 687 quam
1400 642 1483 675 Iulii
1508 644 1563 676 vel
1587 643 1750 687 Augusti.
1804 644 2027 682 Dimicarunt
2052 650 2145 681 enim

1167 691 1203 723 in
1219 699 1334 726 utram
1351 700 1483 736 partem
1501 693 1597 726 fieret
1612 694 1795 728 inclinatio
1807 722 1815 735 ,
1849 708 1894 728 an
1911 697 2073 741 deinceps
2090 706 2146 731 to—

1166 748 1221 774 tus
1239 743 1334 775 orbis
1355 750 1489 785 pareret
1505 741 1717 777 Christianis
1743 745 1979 789 principibus,
2013 748 2146 781 deletu-

1165 792 1212 824 ris
1232 791 1387 825 ethnicas
1405 793 1607 836 religiones:
1644 806 1688 827 an
1712 806 1795 828 vero
1820 803 1955 839 pareret
1970 795 2144 838 Ethnicis‚

1166 841 1331 876 deleturis
1356 841 1586 876 Christianos.
1651 843 1698 877 Et
1722 845 1826 878 multi
1853 855 1951 881 erant
1976 849 2080 881 duces
2113 856 2144 882 et

1165 893 1294 925 milites
1315 893 1528 925 nobilissimi
1552 894 1588 925 in
1613 895 1765 928 exercitu
1779 894 2024 937 Constantini,
2056 911 2144 943 quo-

1165 954 1243 974 rum
1262 950 1377 986 patres
1403 950 1435 975 ct
1459 950 1586 976 matres
1608 946 1847 979 crudelissime
1870 947 2042 981 interfecti
2068 950 2144 981 sue-

1164 999 1254 1026 rant.
1307 992 1388 1024 Fnit
1409 992 1515 1033 igitur
1533 1004 1634 1026 cansa
1651 994 1755 1037 longe
1776 997 1905 1037 maior,
1941 1010 2045 1042 quam
2071 1000 2142 1031 ulla

1164 1042 1200 1074 in
1218 1042 1373 1084 imperiis
1391 1054 1545 1086 nuquam
1563 1043 1640 1083 suit,
1668 1051 1699 1077 et
1715 1043 1865 1078 habehat
1881 1048 1989 1080 robur
2004 1048 2143 1090 imperii

1162 1089 1436 1132 Constantinus,
1469 1099 1506 1124 ut
1524 1093 1566 1124 de
1586 1105 1624 1125 eo
1648 1094 1717 1126 dici
1744 1095 1871 1138 possit:
1906 1094 1952 1130 Et
1973 1108 2143 1142 causaque

1163 1142 1273 1181 valet,
1301 1153 1510 1186 causamque
1529 1144 1710 1176 tuentibus
1729 1145 1847 1180 armis.

1264 1191 1311 1225 Ut
1330 1198 1446 1225 autem
1461 1191 1557 1225 Deus
1575 1194 1757 1227 victoriam
1779 1196 1875 1228 dedit
1892 1193 2142 1231 Constantino:

1162 1241 1208 1274 ita
1232 1249 1351 1284 postea
1376 1253 1454 1275 eum
1480 1243 1614 1276 adiuvit
1646 1244 1683 1276 in
1717 1245 1969 1278 constitutione
1992 1247 2143 1291 imperii.

1161 1289 1330 1325 Restituit
1355 1292 1445 1335 leges
1469 1299 1501 1326 et
1525 1293 1674 1335 iudicia,
1713 1301 1747 1328 et
1769 1296 1896 1329 multas
1920 1308 2028 1329 novas
2052 1299 2143 1340 leges

1162 1342 1341 1383 condidit,
1387 1343 1592 1387 praesertim
1623 1345 1664 1377 de
1694 1345 1867 1388 coniugiis
1900 1353 1932 1379 et
1966 1348 2140 1390 pudicicia

1160 1392 1292 1430 sanxit,
1320 1399 1359 1425 ut
1374 1392 1514 1436 capitali
1539 1394 1712 1438 supplicio
1737 1396 1968 1430 adficerentur
1993 1396 2142 1438 moechi,

1161 1448 1193 1474 et
1216 1454 1338 1475 omnes
1361 1443 1420 1487 qui
1445 1454 1480 1476 se
1502 1444 1666 1488 deinceps
1701 1446 1899 1488 polluerent
1929 1447 2140 1481 libidinibus

1161 1498 1279 1525 contra
1299 1499 1481 1533 naturam,
1509 1500 1542 1527 et
1564 1502 1677 1528 scorta
1705 1497 1857 1529 mascula
1885 1498 1985 1530 iussit
2010 1499 2141 1543 ubique

1159 1542 1317 1577 interfici.
1358 1540 1546 1577 Prohibuit
1566 1551 1598 1577 et
1617 1545 1753 1579 civibus
1771 1547 2016 1592 polygamiam.
2052 1547 2142 1582 San-

1159 1592 1227 1632 xit,
1255 1605 1299 1626 ne
1316 1590 1510 1626 Christiani
1531 1595 1602 1627 ulla
1628 1595 1758 1628 iniuria
1781 1605 1926 1640 propter
1951 1599 2140 1641 professio-

1160 1653 1242 1674 nem
1261 1643 1513 1685 adficerentur,
1547 1651 1579 1677 et
1604 1652 1643 1678 ut
1666 1648 1710 1678 ad
1736 1643 1887 1680 honores
1910 1648 2139 1682 admitteren-

1160 1698 1228 1726 tur¹
1263 1691 1480 1725 Nominatim
1499 1706 1581 1726 vero
1600 1696 1732 1738 excepit
1751 1694 1953 1731 haereticos.
1994 1697 2139 1732 Curavit

1158 1752 1279 1774 rursus
1298 1742 1454 1775 adificari
1471 1741 1757 1778 Christianorum
1776 1748 1923 1791 templa,
1949 1754 1981 1782 et
2006 1749 2138 1782 reditus

1157 1792 1319 1825 attribuit
1335 1791 1552 1827 Pastoribus.

1259 1841 1329 1875 Pro
1352 1843 1506 1876 militum
1524 1844 1674 1877 utilitate
1691 1847 1823 1887 sanxit,
1850 1854 1889 1880 ut
1907 1848 2064 1891 praedia,
2099 1860 2136 1880 ex
2183 1860 2195 1872 .

1158 1891 1286 1935 quibus
1303 1899 1403 1925 antea
1421 1893 1550 1926 milites
1571 1892 1767 1929 habuerant
1787 1897 1980 1940 stipendia,
2009 1899 2137 1930 transi-

1157 1948 1235 1974 rent
1253 1943 1296 1975 ad
1321 1940 1505 1984 haeredes,
1541 1950 1574 1977 et
1600 1944 1723 1979 fierent
1746 1948 1887 1990 propria
1911 1948 2136 1987 familiarum,

1156 1992 1214 2024 sed
1233 1992 1298 2033 ita,
1325 1999 1363 2026 ut
1380 1999 1511 2026 certum
1531 2005 1717 2028 numerum
1735 1997 1888 2030 militum
1914 1998 2134 2040 praeberent.

1156 2041 1196 2074 Id
1218 2042 1357 2076 initium
1375 2050 1425 2076 est
1448 2044 1523 2076 eius
1547 2045 1674 2085 mori5‚
1707 2047 1767 2091 qui
1795 2059 1890 2080 nunc
1914 2055 2072 2081 servatur
2098 2049 2134 2080 in

1155 2091 1303 2133 Feudis,
1329 2101 1366 2126 ut
1384 2094 1627 2134 nominamus,
1655 2096 1689 2128 id
1707 2103 1755 2130 est
1773 2098 1924 2140 praediis
1943 2098 2107 2131 militum.

1256 2142 1334 2176 lloc
1361 2144 1529 2178 beneficio
1554 2146 1666 2180 tenuit
1683 2145 1936 2181 Constantinus
1961 2149 2132 2191 obligatos

1153 2204 1275 2226 omnes
1298 2191 1464 2228 honestos
1484 2196 1625 2232 milites,
1695 2195 1847 2242 Ideoque
1873 2196 1966 2231 hunc
1996 2211 2131 2232 morem

1152 2243 1326 2285 instituit,
1353 2252 1391 2278 nt
1409 2246 1553 2280 mallent
1577 2247 1613 2279 in
1639 2248 1812 2291 coniugiis
1836 2246 1982 2282 honeste
2004 2250 2129 2286 vivere,

1153 2301 1185 2328 et
1203 2306 1385 2338 procreare
1402 2296 1557 2329 sobolem
1569 2321 1577 2335 ,
1605 2310 1710 2342 quam
1728 2298 1846 2341 vagari
1864 2306 1901 2333 ut
1917 2306 2030 2333 antea.

1202 2376 1308 2412 Anno
1327 2377 1450 2410 mundi
1471 2385 1593 2422 quater
1609 2378 1796 2412 millesimo
1810 2379 2048 2414 ducentesimo
2066 2394 2130 2415 no-

1357 2428 1534 2471 nagesimo
1552 2430 1712 2472 septimo.

1201 2475 1308 2511 Anno
1325 2477 1459 2513 Romae
1476 2479 1662 2513 millesimo
1681 2481 1915 2523 octuagesimo
1933 2482 2067 2527 quinto.

1202 2529 1308 2562 Anno
1325 2528 1548 2563 Constantini
1568 2531 1731 2564 vicesimo
1750 2538 1855 2566 sexto.

1252 2596 1439 2630 Pacatiana
1460 2604 1492 2631 ct
1510 2596 1675 2631 Mecellio
1693 2597 1788 2632 Coss.
1809 2597 1970 2632 inchoata
1999 2606 2047 2632 cst
2073 2600 2126 2630 in-

1150 2648 1332 2682 stannatio
1349 2659 1530 2682 murorum
1549 2647 1729 2693 Byzantii,
1757 2651 1817 2695 qni
1837 2662 1855 2684 a
1874 2650 2001 2682 Severo
2019 2650 2126 2693 impe-

1573 2698 1620 2733 62
