2324 2955
191 108 263 142 459

297 191 331 227 5.
373 191 545 234 Quintum
563 192 716 220 sumtum
734 192 784 220 est
802 196 842 219 ex
858 184 1002 230 proprio
1019 186 1103 230 legis
1121 188 1172 221 ef-

192 245 295 277 fectu.

296 293 365 325 Lex
389 300 523 333 semper
545 293 682 321 accusat
703 286 950 327 conscientias,
988 291 1021 320 et
1042 287 1086 320 ad
1111 288 1173 321 de-

194 342 424 387 sperationem
442 338 561 381 adigit.
600 337 711 381 Igitur
727 337 781 371 lex
795 349 868 371 non
887 336 1068 378 iustificat,
1093 338 1174 383 quia

194 391 405 427 conscientia
427 390 614 433 desperans
636 387 726 432 fugit
749 394 782 422 et
805 388 882 421 odit
904 387 1074 421 iudicium
1097 387 1175 430 Dei,

193 454 265 477 non
281 441 396 484 diligit
415 440 536 474 Deum.

294 492 329 525 6.
367 490 510 525 Sextum
528 496 578 524 est
593 489 754 534 repetitio
770 489 904 534 quarti,
932 495 965 522 et
981 489 1175 533 explicatio,

193 556 232 578 ac
261 549 423 576 naturam
455 541 538 574 fidei
567 541 679 574 multo
704 540 832 573 clarius
858 540 1030 580 ostendit,
1066 546 1099 573 et
1127 546 1176 573 est

192 593 299 627 huius
316 592 423 626 totius
440 591 697 624 controversiae
719 587 895 634 σύνεχον,
924 602 993 635 quo
1021 601 1094 623 non
1119 590 1176 623 in-

192 645 350 684 tellecto,
384 654 457 675 non
478 648 590 686 potest
605 641 707 674 Pauli
733 641 904 674 sententia
932 640 1055 675 teneri.
1108 640 1177 674 Su-

193 695 303 728 mitur
320 700 436 727 autem
451 690 517 726 hoc
532 698 777 735 argumentum
795 703 834 724 ex
851 702 952 724 causa
972 690 1177 734 promissio-

192 746 267 785 nis,
301 744 478 776 videlicet:
516 740 642 776 Utrum
674 748 793 775 nostra
823 741 947 774 merita
975 741 1046 775 sint
1077 752 1177 774 causa

190 793 455 840 promissionis,
479 804 524 825 an
539 793 611 825 sola
626 792 695 825 Dei
711 791 964 827 misericordia.

267 844 302 880 7,
327 844 364 878 Si
377 843 561 887 promissio
578 843 746 886 penderet
761 854 800 875 ex
817 842 1020 876 conditione
1037 848 1178 875 nostro—

192 907 272 930 rum
289 894 508 933 meritorum,
535 899 623 926 esset
638 893 772 926 incerta
789 899 822 926 et
838 892 948 927 irrita.
984 891 1175 937 Nunquam

192 946 286 980 enim
314 942 484 977 habemus
510 943 717 976 sufficientia
742 943 888 983 merita,
922 949 1066 987 propter
1089 954 1176 988 quae

194 995 409 1030 conscientia
439 1000 592 1026 statuere
618 993 746 1036 possit,
790 1004 854 1025 nos
878 993 1001 1035 dignos
1024 1004 1095 1026 esse
1122 1005 1177 1026 re-

193 1046 361 1080 missione
377 1050 616 1087 peccatorum,
641 1043 766 1085 dignos
790 1053 881 1083 esse,
909 1055 996 1087 quos
1011 1041 1105 1075 Deus
1122 1055 1177 1075 re-

192 1102 293 1142 putet
315 1095 422 1128 iustos
443 1100 475 1126 et
498 1099 670 1137 acceptos:
719 1092 821 1132 item,
860 1093 986 1135 dignos
1010 1103 1081 1125 esse
1106 1092 1177 1125 vita

194 1154 346 1180 aeterna.
410 1143 519 1186 Igitur
545 1154 681 1175 necesse
705 1149 772 1186 est,
808 1142 1076 1185 promissionem
1098 1153 1177 1185 gra-

192 1196 318 1232 tuitam
339 1206 428 1235 esse,
454 1200 487 1226 et
503 1205 576 1226 non
593 1193 746 1236 pendere
765 1204 804 1225 ex
819 1193 1023 1226 conditione
1038 1200 1178 1225 nostro—

192 1259 274 1280 rum
292 1245 521 1283 meritorum‚
548 1243 680 1287 alioqui
696 1242 789 1275 enim
815 1243 881 1276 erit
907 1243 1039 1276 incerta
1063 1250 1096 1277 et
1122 1243 1178 1275 in-

193 1297 303 1331 utilis.
356 1294 429 1327 Iam
445 1294 474 1326 si
490 1294 619 1337 pendet
641 1293 815 1336 reputatio
840 1293 1017 1332 iusticiae,
1042 1304 1117 1325 non
1139 1305 1179 1325 ex

194 1345 398 1381 conditione
423 1350 626 1376 nostrorum
651 1353 818 1386 operum,
853 1342 913 1374 sed
936 1353 976 1374 ex
998 1342 1071 1375 sola
1095 1354 1178 1385 pro-

193 1396 378 1435 missione,
401 1393 558 1438 sequitur
581 1392 793 1432 necessario,
820 1390 993 1424 Homines
1019 1404 1179 1436 pronun-

194 1447 280 1481 ciari
295 1446 423 1485 iustos,
450 1444 522 1477 sola
542 1443 626 1483 fide,
652 1442 843 1485 accipiente
862 1442 960 1474 illam
975 1442 1180 1485 promissio-

194 1509 275 1532 nem
286 1521 296 1536 ,
322 1507 396 1528 non
412 1499 555 1538 propter
571 1498 706 1525 nostras
720 1492 868 1525 virtutes
883 1498 943 1524 aut
961 1503 1078 1535 opera.

296 1544 374 1579 Hoc
405 1551 455 1578 est
483 1543 577 1587 quod
604 1542 720 1587 inquit
745 1540 891 1573 Paulus:
945 1540 1030 1574 Ideo
1051 1552 1092 1574 ex
1113 1541 1180 1573 fide

196 1596 325 1642 gratis,
357 1601 395 1629 ut
413 1595 457 1627 sit
473 1593 573 1626 firma
590 1590 789 1636 promissio·
839 1591 946 1623 Item:
982 1590 1021 1624 Si
1045 1602 1084 1624 ex
1107 1591 1181 1632 lege

197 1655 491 1692 consequeremur
515 1641 784 1682 haereditatem,
811 1641 948 1675 sublata
974 1647 1061 1675 esset
1085 1641 1182 1681 fides,

195 1706 229 1733 et
246 1697 345 1731 irrita
358 1694 556 1740 promissio.

297 1746 410 1790 Impia
431 1742 608 1779 calumnia
626 1748 694 1783 est,
719 1742 877 1775 cavillari
892 1741 1058 1775 Paulum:
1087 1741 1182 1786 quod

197 1800 363 1834 abutatur
397 1795 598 1839 Scripturae
632 1793 864 1834 testimoniis,
908 1798 942 1825 et
980 1790 1184 1837 hyperbolis

199 1848 411 1895 quibusdam
429 1846 532 1878 fidem
550 1844 736 1876 immodice
758 1849 880 1883 ornet,
906 1848 945 1875 ut
969 1841 1007 1874 in
1029 1854 1066 1875 re
1092 1853 1184 1874 nova

198 1899 336 1933 facilius
352 1896 482 1931 alliciat
498 1893 659 1928 homines
675 1894 717 1926 ad
734 1890 980 1935 Evangelium.

302 1948 337 1983 8,
372 1946 494 1991 ltaque
510 1944 682 1983 defendo,
712 1949 744 1976 et
760 1942 960 1976 testimonia
977 1940 1116 1974 aPaulo
1135 1940 1185 1973 ci-

200 2006 269 2035 tata
286 2004 365 2043 apte
382 1997 554 2042 quadrare
571 1994 612 2026 ad
630 1991 720 2026 hanc
742 2004 879 2026 causam
892 2019 901 2033 ,
927 1998 959 2025 et
976 1992 1085 2035 ipsam
1104 2002 1185 2024 cau-

200 2062 274 2085 sam
294 2047 350 2082 his
366 2044 579 2090 argumentis
594 2043 676 2077 satis
692 2043 865 2076 munitam
881 2049 985 2087 atque
1000 2042 1187 2075 confirma-

199 2108 272 2136 tam
287 2111 369 2134 esse.

304 2150 339 2185 9.
378 2146 539 2182 Defendo
565 2145 649 2178 item
673 2143 825 2177 Paulum
848 2142 1042 2185 intelligere
1070 2142 1186 2182 fidem,

202 2200 366 2234 fiduciam
392 2195 670 2236 misericordiae,
712 2206 784 2227 non
812 2193 980 2227 noticiam
1007 2190 1186 2230 historiae,

203 2258 262 2285 aut
282 2255 557 2294 praeceptorum.

308 2301 365 2334 10.
398 2297 557 2331 Defendo
579 2303 612 2330 et
637 2293 722 2335 hoc,
758 2295 850 2340 quod
877 2291 1037 2327 detrahat
1063 2292 1187 2325 iustifi-

205 2352 376 2387 cationem
406 2360 478 2380 non
513 2353 650 2379 tantum
678 2344 903 2383 ceremoniis,
938 2345 997 2377 sed
1022 2342 1188 2376 omnibus

206 2401 396 2436 virtutibus
426 2409 464 2430 ac
492 2397 658 2440 operibus
688 2396 899 2435 moralibus,
941 2401 974 2427 et
1004 2393 1188 2427 transferat

207 2465 281 2486 eam
299 2452 340 2484 ad
357 2447 643 2485 misericordiam,
670 2459 758 2491 quae
774 2458 846 2479 non
864 2451 915 2478 est
930 2445 1076 2485 incerta,
1093 2450 1133 2478 ut
1150 2443 1187 2476 in

206 2502 338 2538 iudicio
355 2498 528 2537 humano,
555 2498 614 2530 sed
632 2503 723 2530 certa
742 2497 836 2530 iuxta
853 2494 1133 2540 promissionem.

312 2551 370 2586 11.
417 2547 513 2581 Haec
547 2546 726 2587 doctrina,
771 2558 876 2592 quam
909 2546 954 2579 sit
984 2544 1188 2583 necessaria,

208 2614 312 2650 quam
327 2601 430 2645 plena
446 2597 711 2637 consolationis,
734 2597 780 2630 ita
805 2603 895 2632 recte
920 2596 1069 2630 iudicari
1091 2601 1188 2640 pote-

207 2656 271 2694 rit,
299 2652 325 2686 si
345 2661 419 2685 eam
436 2647 666 2693 experiamur.

954 99 1438 138 DISPUTATIONES

2128 107 2202 143 460

1330 188 1387 222 12.
1427 185 1524 221 Haec
1550 194 1665 223 autem
1690 189 1774 223 fides
1795 191 1992 235 concipitur
2015 193 2053 226 in
2081 193 2206 237 poeni-

1225 238 1350 279 tentia,
1386 237 1465 271 ideo
1489 237 1608 282 impii,
1643 251 1756 285 neque
1781 242 1867 286 quid
1892 242 1935 276 sit
1956 244 2057 285 fides,
2092 255 2206 288 neque

1226 301 1315 334 quae
1331 288 1376 323 sit
1392 288 1475 322 fidei
1488 288 1541 321 vis
1555 289 1769 333 intelligunt.

1315 401 1437 448 (XH.)
1479 404 1584 439 Alia
1618 402 1907 449 disputatio:
1950 407 1996 442 de
2015 407 2117 442 Fide,

1226 481 1353 523 Etiam
1379 499 1458 521 cum
1484 489 1568 522 fides
1592 495 1746 532 expectat
1766 489 2012 524 liberationem
2043 502 2209 535 corpora-

1227 539 1313 577 lem,
1349 544 1390 572 ut
1412 539 1496 571 fides
1519 538 1612 572 Mosi
1638 540 1682 572 ad
1706 551 1801 572 mare
1831 541 1997 581 rubrum,
2037 548 2096 575 aut
2123 542 2209 574 fides

1227 588 1340 629 Noae,
1368 595 1430 622 aut
1446 587 1610 622 Abrahae
1629 590 1841 633 expectantis
1864 591 2118 633 posteritatem:
2158 598 2210 624 ta-

1228 651 1309 672 men
1326 637 1411 672 haec
1428 639 1512 672 fides
1529 639 1673 673 existere
1690 652 1763 673 non
1780 647 1912 683 potest,
1939 640 2009 674 nisi
2023 640 2113 674 adsit
2128 640 2211 673 fides

1230 690 1372 723 credens
1391 689 1632 722 remissionem
1652 698 1888 734 peccatorum.

1330 741 1367 773 2.
1401 739 1483 773 Ideo
1502 739 1633 773 Paulus
1654 747 1745 773 recte
1768 742 2008 775 accommodat
2025 740 2213 774 sententias

1230 790 1369 830 citatas,
1394 797 1451 831 ut,
1479 790 1627 823 credidit
1643 788 1826 823 Abraham
1841 790 1916 824 Deo
1935 799 1998 826 etc.
2049 789 2096 824 Et
2120 797 2213 824 recte

1229 841 1315 874 dicit
1342 838 1544 876 1.C0rinth.
1558 843 1632 875 10.:
1668 839 1805 874 Omnes
1824 853 1887 885 per
1906 841 2033 876 Mosen
2048 841 2212 885 baptizati

1229 898 1310 924 sunt
1327 891 1364 923 in
1382 892 1476 924 nube
1493 898 1525 924 et
1540 892 1640 926 mari.

1332 942 1365 974 3.
1399 941 1518 986 Itaque
1535 953 1609 974 non
1627 942 1830 984 intelligunt
1846 942 1930 986 quid
1955 941 1999 975 sit
2023 942 2126 981 fides,
2152 941 2214 985 qui

1230 992 1352 1026 dicunt
1368 991 1517 1025 Paulum
1539 993 1688 1025 abusum
1706 1003 1779 1025 esse
1794 992 2018 1026 testimoniis.

1230 1107 1374 1152 (XIII.)
1414 1109 1518 1142 Alia
1554 1108 1846 1153 disputatio:
1895 1109 1940 1144 de
1962 1112 2154 1144 sententia
2178 1113 2215 1142 et

1231 1157 1572 1207 confirmationibus
1587 1161 1710 1194 Pauli.
1764 1161 1865 1202 (Opp.
1882 1162 1976 1193 Bastl.
1992 1161 2052 1193 111.
2083 1174 2112 1202 p.
2128 1162 2218 1200 330.)

1232 1236 1342 1285 Quod
1366 1238 1540 1283 Origenes
1571 1247 1603 1273 et
1636 1241 1695 1273 alii
1731 1241 2024 1285 interpretantur,
2066 1241 2219 1274 Paulum

1231 1294 1400 1333 abrogare
1418 1291 1632 1322 ceremonias
1644 1290 1837 1329 Mosaicas,
1864 1304 1943 1324 cum
1959 1292 2132 1335 disputat,
2156 1302 2220 1323 ne-

1233 1342 1363 1374 minem
1381 1352 1496 1374 coram
1508 1339 1583 1373 Deo
1600 1340 1820 1374 iustum·esse
1835 1348 1980 1386 propter
1994 1342 2117 1384 legem,
2145 1352 2217 1373 non

1231 1392 1414 1425 falluntur.

1333 1442 1368 1476 2.
1405 1440 1474 1474 Sed
1496 1439 1629 1473 Paulus
1652 1441 1760 1483 magis
1784 1441 2014 1484 belligeratur
2040 1453 2119 1474 cum
2141 1441 2220 1484 opi-

1232 1491 1358 1527 nione,
1386 1501 1491 1534 quam
1514 1491 1556 1522 de
1577 1490 1651 1532 lege
1676 1488 1854 1523 habebant
1877 1491 2086 1529 adversarii,
2113 1503 2219 1536 quam

1233 1552 1312 1574 cum
1338 1540 1422 1583 ipsis
1445 1540 1672 1579 ceremoniis,
1703 1546 1737 1572 et
1764 1552 1900 1573 causam
1927 1541 2112 1584 abrogatae
2133 1540 2219 1583 legis

1233 1589 1387 1635 quaerit,
1426 1589 1521 1634 quod
1552 1589 1712 1622 videlicet
1736 1589 1815 1623 ideo
1839 1590 1973 1624 reiiciat
1995 1591 2221 1629 ceremonias,

1234 1641 1315 1686 quia
1336 1651 1440 1672 nemo
1460 1639 1504 1672 sit
1518 1638 1631 1673 iustus
1648 1651 1764 1672 coram
1780 1638 1856 1673 Deo
1873 1647 2017 1684 propter
2033 1641 2157 1684 legem.

1336 1689 1370 1723 3.
1405 1688 1545 1734 Itaque,
1588 1690 1682 1734 quod
1709 1687 1883 1732 Origenes
1915 1690 2048 1724 interea
2071 1691 2220 1736 affingit,

1235 1738 1394 1773 homines
1413 1739 1522 1772 iustos
1541 1751 1612 1772 esse
1628 1747 1773 1783 propter
1790 1752 1896 1783 opera
1914 1741 2075 1781 moralia,
2100 1743 2219 1777 obruit

1235 1790 1442 1823 beneficium
1461 1787 1616 1830 Christi,
1643 1796 1675 1823 et
1692 1790 1922 1824 conscientias
1936 1791 2080 1825 adducit
2097 1792 2136 1826 in
2152 1794 2219 1827 du-

1237 1840 1456 1874 bitationem.

1339 1889 1374 1925 4.
1417 1889 1600 1924 Dubitatio
1633 1897 1683 1924 est
1710 1898 1907 1935 peccatum,
1945 1904 2053 1937 quare
2080 1904 2218 1927 necesse

1237 1948 1297 1982 est,
1324 1940 1572 1974 conscientiam
1590 1947 1682 1975 certo
1702 1948 1862 1984 statuere,
1889 1944 1982 1988 quod
1999 1943 2108 1978 simus
2125 1944 2219 1985 iusti,

1237 1989 1302 2025 hoc
1318 1997 1384 2031 est,
1411 1991 1541 2035 accepti
1557 1989 1646 2025 Deo.

1340 2041 1374 2076 5.
1415 2040 1480 2074 Illa
1506 2041 1677 2075 certitudo
1703 2042 1803 2076 nullo
1829 2043 1935 2077 modo
1958 2046 2068 2078 teneri
2094 2053 2219 2090 potest,

1237 2091 1266 2124 si
1283 2092 1410 2135 pendet
1426 2091 1624 2125 iustificatio
1650 2105 1690 2126 ex
1715 2092 1919 2128 conditione
1941 2102 2081 2130 nostrae
2103 2097 2219 2140 digni-

1237 2142 1317 2176 tatis
1333 2154 1393 2175 seu
1408 2154 1553 2186 operum
1569 2143 1770 2178 moralium.

1342 2192 1377 2228 6.
1417 2190 1648 2227 Defendimus
1671 2194 1781 2237 igitur
1802 2192 1893 2229 hanc
1917 2207 1989 2229 esse
2013 2194 2115 2229 Pauli
2139 2208 2219 2230 sen-

1238 2243 1401 2277 tentiam:
1426 2242 1531 2286 Quod
1555 2245 1832 2288 pronunciamur
1846 2246 1928 2280 iusti
1944 2258 2006 2290 per
2022 2246 2220 2281 misericor-

1238 2293 1351 2335 diam,
1384 2305 1457 2327 non
1480 2302 1624 2339 propter
1647 2302 1764 2329 nostra
1791 2307 1911 2339 opera,
1942 2303 2004 2330 aut
2028 2297 2219 2332 novitatem

1238 2350 1415 2385 nostram,
1443 2346 1501 2378 sed
1528 2346 1652 2388 gratis,
1684 2353 1717 2380 et
1742 2353 1855 2380 tamen
1880 2346 1947 2380 fide
1968 2344 2066 2392 hanc*
2083 2349 2219 2382 miseri-

1240 2394 1396 2428 cordiam
1412 2395 1523 2439 accipi
1541 2403 1690 2440 oportet.

1340 2446 1375 2480 7.
1419 2444 1525 2479 Fides
1554 2447 1725 2490 significat
1752 2446 2219 2491 fiduciam'misericordiae‚

1239 2495 1437 2530 iustificatio
1462 2496 1672 2540 intelligitur
1693 2496 1856 2539 relative,
1888 2511 1951 2542 pro
1975 2501 2220 2544 acceptatione,

1239 2557 1312 2579 non
1327 2559 1390 2590 pro
1408 2547 1583 2580 infusione
1597 2544 1748 2582 habitus.
1791 2547 1930 2583 Iusticia
1947 2548 2004 2583 hic
2021 2563 2095 2584 non
2111 2551 2219 2594 signi-

1240 2595 1317 2630 ficat
1340 2594 1499 2631 habitum
1523 2597 1561 2629 in
1587 2597 1708 2641 nobis,
1747 2605 1786 2632 ut
1811 2599 1849 2632 in
1872 2598 2120 2645 Philosophia,
2161 2603 2217 2635 sed

1241 2646 1413 2689 significat
1428 2647 1571 2681 relative
1589 2649 1874 2693 acceptationem.
