2324 2955
179 118 245 153 151

178 213 279 240 nam,
314 207 351 232 nt
381 199 538 231 nominat
559 196 704 235 Daniel,
740 195 814 229 vult
839 195 987 238 intelligi
1011 207 1075 228 nos
1099 208 1154 229 re-

180 251 359 284 conciliari
379 257 409 281 et
428 249 560 291 placere
576 245 649 278 Deo
667 246 732 278 fide
750 253 893 289 propter
915 246 1155 287 media-torem,

180 313 252 333 non
279 306 418 344 propter
446 303 562 329 nostra
587 296 693 335 facta,
727 303 787 329 aut
810 296 889 328 illos
912 303 1043 339 gestus,
1079 296 1155 329 vult

180 362 244 383 nos
269 358 469 390 agnoscere,
497 346 596 387 diligi
620 357 683 378 nos
706 346 740 377 in
763 346 908 384 dilecto,
934 346 1026 390 quod
1047 345 1156 387 signi-

182 399 336 432 ficantius
355 396 487 429 Graece
505 396 633 428 dicitur
648 408 665 427 a
683 394 808 434 Paulo,
842 407 906 428 nos
925 408 996 428 esse
1011 407 1155 441 κεχαρι-

180 447 364 491 Ίυψίιόυς
381 446 419 480 ἐν
436 448 488 486 τῷ
504 444 738 492 &fanu-ufvo),
756 446 790 478 id
809 453 868 486 est,
884 458 946 489 per
956 446 1155 478 misericor-

179 500 271 530 iliam
292 498 426 540 placere
444 502 584 539 propter
602 495 732 536 filium,
761 496 821 540 qui
846 503 971 529 natura
987 496 1155 538 diligitur.

178 548 266 580 Vult
288 547 454 589 intelligi,
481 546 594 579 Deum
613 557 685 578 sese
702 546 804 578 nobis
823 546 1097 586 communicare,
1123 552 1158 579 et

179 609 242 630 nos
258 598 331 629 fieri
350 597 476 640 templa
494 595 577 637 Dei,
603 608 681 629 cum
702 597 793 628 filius
812 593 918 642 λόγος
941 596 1071 628 aeterni
1095 607 1157 639 pa-

179 648 241 680 tris
267 648 421 679 ostendit
451 646 556 689 patris
582 646 878 686 misericordiam,
914 653 946 679 et
978 646 1086 679 effuso
1120 645 1157 677 in

178 709 243 730 nos
259 697 392 740 Spiritu
411 703 528 729 sancto
545 697 783 729 accenduntur
800 696 974 729 invocatio
992 694 1075 735 Dei,
1103 695 1158 728 di-

178 748 300 787 lectio,
328 754 360 780 et
376 747 435 779 alii
453 753 566 779 motus
586 747 689 786 tales,
717 746 830 791 qualis
849 753 896 778 est
918 746 989 789 ipse
1005 745 1158 789 Spiritus

178 804 327 830 sanctus.
385 795 467 828 vult
486 795 681 836 sciriDeus‚
708 797 796 829 velle
815 808 848 828 se
864 795 953 836 coli,
980 795 1068 828 sicut
1086 796 1157 839 ipse

177 847 370 889 praecepit,
398 858 470 877 non
488 846 613 879 ritibus
630 847 828 888 excogitatis
854 852 974 878 nostro
999 845 1157 878 consilio.

178 897 312 929 Harum
329 896 558 928 maximarum
576 907 691 928 rerum
709 897 868 929 doctriua
884 895 1059 936 obruitur,
1078 907 1156 928 cum

177 948 402 979 abducuntur
427 945 519 977 oculi
541 952 574 978 et
592 952 725 979 mentes
747 947 791 979 ad
816 946 877 978 illa
906 946 1001 978 varia
1027 952 1158 989 specta—

178 997 254 1029 cula
283 996 548 1032 sacrificiorum,
580 995 811 1036 ieiuniorum,
838 995 1039 1028 Platonicae
1063 1007 1158 1027 com-

177 1045 425 1078 municationis
451 1052 485 1078 et
509 1045 646 1077 similia.
707 1046 787 1087 Quo
819 1046 912 1078 enim
936 1045 1159 1088 progreditur

177 1094 331 1129 humana
349 1095 511 1134 audacia,
539 1107 616 1127 cum
634 1096 731 1137 fingit
748 1095 886 1129 cultus?
929 1095 1158 1129 Mactationes

178 1144 362 1178 hominum
406 1145 550 1178 usitatae
593 1145 736 1179 fuerunt
779 1146 944 1178 omnibus
985 1145 1156 1187 gentibus.

177 1194 314 1228 Omitto
334 1195 400 1227 alia
418 1195 546 1233 multa,
575 1207 662 1238 quae
683 1197 877 1228 verecunde
895 1195 964 1228 dici
984 1194 1056 1227 non
1077 1205 1158 1238 pos-

179 1252 270 1278 sunt.
324 1244 442 1287 Quare
464 1243 559 1277 Deus
584 1256 647 1277 nos
674 1246 717 1277 ad
742 1257 839 1277 suam
863 1256 983 1277 vocem
1007 1250 1159 1284 revocat,

176 1307 250 1327 non
274 1295 350 1328 vult
377 1296 535 1328 doctores
567 1295 605 1326 in
637 1292 791 1326 Ecclesia
817 1295 946 1326 addere
967 1294 1033 1326 alia
1057 1305 1158 1336 prae-

177 1351 274 1388 cepta
292 1350 351 1377 aut
365 1345 539 1385 dogmata,
565 1344 640 1375 vult
656 1343 759 1375 etiam
777 1343 946 1384 intelligi,
973 1343 1070 1374 aliud
1087 1353 1158 1373 esse

177 1394 367 1437 imperium
400 1392 605 1436 politicum,
646 1392 743 1424 aliud
776 1391 1012 1424 ministerium
1039 1388 1159 1423 Evan-

178 1444 280 1487 gelii,
308 1443 344 1475 in
372 1455 440 1486 quo
468 1442 586 1474 efficax
611 1448 661 1474 est
685 1441 758 1483 ipse
784 1442 876 1473 filius
897 1440 962 1474 Dei
990 1437 1095 1486 Myos
1120 1441 1156 1471 in

176 1493 365 1528 mentibus,
416 1491 584 1525 Doctores
617 1497 754 1524 tantum
791 1497 873 1524 sunt
906 1501 1036 1532 organa
1065 1489 1159 1522 vocis

181 1544 334 1577 divinae.

282 1592 418 1625 videtis
437 1590 657 1634 gravissimas
678 1602 796 1624 causas
813 1601 894 1630 esse,
923 1601 1030 1634 quare
1046 1600 1159 1633 neque

180 1643 285 1676 condi
309 1653 421 1686 neque
442 1641 550 1685 recipi
576 1652 686 1673 novos
713 1641 826 1674 cultus
841 1638 935 1672 Deus
960 1639 1055 1672 velit.
1108 1638 1159 1671 Ac

179 1700 292 1727 totum
322 1690 387 1724 hoc
420 1691 607 1723 discrimen
635 1691 864 1733 imperiorum
903 1695 934 1721 et
968 1688 1159 1730 evangelici

180 1742 366 1775 ministerii
385 1741 535 1784 conspici
557 1741 704 1772 maxime
721 1739 953 1773 necessarium
973 1746 1039 1778 est,
1064 1738 1156 1782 quod

181 1804 260 1826 cum
278 1792 476 1834 ignoratur,
504 1797 699 1835 sequuntur
724 1797 757 1823 et
778 1790 928 1822 fanatica
953 1788 1093 1828 deliria,
1127 1794 1159 1821 et

182 1841 337 1876 seditiosi
354 1842 531 1874 clamores.
585 1839 747 1873 Vidimus
769 1841 916 1880 multos,
940 1839 1001 1883 qui
1020 1850 1098 1871 cum
1122 1838 1158 1870 in

181 1904 292 1925 unum
318 1889 422 1924 chaos
448 1891 703 1923 confunderent
726 1890 902 1934 politicam
935 1888 1158 1931 gubernatio-

182 1954 262 1975 nem
290 1948 322 1973 et
346 1939 597 1983 Evangelium,
624 1940 829 1974 reiiciebant
851 1939 1031 1974 Romanas
1056 1938 1158 1980 leges,

182 1999 216 2025 et
247 1992 409 2024 dicebant
441 2003 475 2023 se
507 1991 695 2033 scripturos
726 2002 796 2023 esse
830 2001 936 2022 novas
964 1987 1157 2030 Evangelio

184 2048 424 2084 congruentes,
500 2039 546 2072 Hi
579 2052 642 2072 nec
673 2040 824 2073 officium
859 2052 922 2072 nec
953 2039 1157 2081 dignitatem

183 2092 445 2134 magistratuum
475 2090 734 2131 intelligebant,
771 2102 857 2134 quos
880 2089 973 2122 Deus
998 2087 1061 2121 hac
1085 2088 1157 2131 ipsa

184 2148 350 2185 potestate
373 2141 537 2179 armavit,
577 2140 750 2172 condendi
772 2140 880 2182 leges,
922 2139 1048 2171 rationi
1075 2150 1155 2170 con-

185 2197 362 2234 gruentes,
390 2191 430 2222 ad
450 2190 687 2222 defensionem
705 2187 869 2223 honestae
888 2189 1071 2221 societatis.
1112 2189 1159 2222 At

185 2239 416 2281 Evangeliuin
440 2241 482 2272 ‹le
507 2239 578 2272 filio
600 2240 687 2279 Dei,
721 2240 763 2272 de
789 2239 1089 2279 reconciliatione,
1117 2239 1158 2271 de

186 2290 404 2323 restitutione
429 2290 518 2321 xitae
540 2296 720 2329 aeternae,
754 2297 787 2323 et
811 2290 853 2322 de
876 2289 1070 2331 praesentia
1093 2286 1157 2321 Dei

187 2341 225 2373 in
255 2340 355 2371 nobis
380 2339 616 2372 concionatur.
685 2338 736 2372 Ac
763 2347 799 2373 ut
825 2339 876 2371 illi
902 2339 985 2371 novi
1008 2338 1157 2382 Lycurgi

187 2390 364 2423 seditiosas
381 2388 564 2429 opiniones
580 2397 761 2431 spargunt,
788 2390 835 2422 ita
853 2389 910 2421 alii
930 2388 1157 2431 superstitiosi

187 2442 323 2482 lingunt
345 2438 569 2481 perfectiones
586 2450 672 2477 esse,
698 2440 928 2479 coelibatum,
956 2437 1157 2470 discrimina

186 2491 344 2523 ciborum
359 2515 366 2527 ,
394 2495 425 2520 et
450 2488 589 2532 cynicos
612 2500 734 2521 mores.
786 2489 903 2531 Quare
919 2501 996 2521 cum
1016 2486 1082 2520 Dei
1099 2488 1159 2519 be-

188 2540 311 2572 neficio
334 2539 370 2570 in
398 2536 460 2569 hac
484 2535 619 2577 schola,
662 2550 762 2582 saepe
793 2539 901 2583 repeti
930 2545 962 2571 et
990 2537 1158 2570 illustrari

187 2589 374 2623 discrimen
391 2588 502 2629 legum
519 2587 738 2629 politicarum
756 2595 788 2621 et
798 2587 980 2631 Evangelii
998 2587 1158 2627 audiatis,

187 2639 276 2673 hanc
294 2638 487 2672 doctrinam
506 2637 732 2671 necessariam
757 2646 847 2673 recte
867 2639 1005 2680 discite,
1032 2644 1065 2672 et
1082 2636 1156 2671 Deo

553 110 705 147 DECL.
745 110 817 146 DE
857 110 1207 148 DISCRIMINE
1248 111 1456 148 LEGUM
1490 112 1680 152 POLIT.
1716 124 1797 150 ETc.

2108 113 2179 150 152

1205 198 1330 240 gratias
1350 196 1456 239 agite,
1483 198 1576 240 quod
1595 195 1686 231 hanc
1703 209 1799 231 suam
1816 199 1928 231 lucem
1946 199 2045 233 vobis
2061 200 2180 240 donat,

1206 249 1299 291 quod
1319 247 1434 280 munit
1454 257 1516 278 vos
1534 254 1653 281 contra
1670 249 1852 282 seditiosas
1870 256 1902 282 et
1920 249 2085 282 fanaticas
2102 249 2179 292 opi-

1206 298 1340 330 niones.
1400 294 1527 329 Curate
1551 297 1672 336 etiam,
1706 305 1745 332 ut
1769 305 1918 344 utroque
1942 310 2066 341 genere
2088 305 2179 332 recte

1206 346 1371 383 utamini,
1405 352 1516 378 amate
1542 346 1634 388 leges
1652 348 1828 390 politicaS,
1856 355 1889 382 et
1911 355 2109 382 reverenter
2132 348 2180 381 eis

1209 397 1461 440 obtemperate,
1502 407 1677 430 memores
1702 394 1808 431 huius
1829 399 1927 432 dicti:
1963 398 2108 432 Necesse
2130 405 2182 431 est

1207 447 1350 479 obedire
1371 452 1514 489 propter
1537 446 1795 481 conscientiam.
1855 448 1953 482 Laeti
1979 449 2082 482 etiam
2107 447 2182 481 Deo

1207 497 1333 539 gratias
1358 496 1465 538 agite,
1506 497 1600 540 quod
1624 496 1661 528 in
1686 494 1878 539 Evangelio
1904 499 2057 532 ostendit
2082 509 2181 531 veros

1209 547 1340 587 cultus,
1368 552 1400 578 et
1424 546 1582 580 libertate
1604 546 1653 579 sic
1677 547 1843 587 utamini,
1870 555 1909 581 ut
1934 555 2085 582 crescant
2109 548 2183 580 veri

1209 597 1320 630 cultus
1354 596 1391 628 in
1420 596 1637 639 pectoribuS,
1679 608 1761 629 cura
1794 597 1967 638 discendi,
2006 598 2182 631 invocatio

1208 646 1291 687 Dei,
1325 646 1464 679 dolores
1488 652 1631 689 propter
1653 653 1771 680 nostra
1798 647 1943 687 delicta,
1983 648 2185 687 consolatio,

1209 697 1276 729 fide
1293 696 1465 739 accipiens
1483 696 1740 737 remissionem,
1766 697 1906 730 dilectio
1925 697 1990 731 Dei
2014 705 2047 731 et
2061 696 2183 730 Eccle-

1210 747 1290 787 siae,
1317 746 1471 779 studium
1488 746 1705 786 concordiae,
1730 748 1877 788 castium,
1893 754 1925 780 et
1941 755 2094 781 caeterae
2111 747 2183 779 vir-

1210 804 1314 835 tutes,
1341 808 1429 840 quae
1448 803 1528 829 sunt
1544 803 1576 829 et
1592 807 1695 839 opera
1711 794 1797 836 Dei,
1823 804 1855 830 et
1870 798 2067 831 testimonia
2083 808 2184 841 prae-

1210 847 1340 880 sentiae
1360 845 1425 878 Dei
1446 846 1483 878 in
1510 846 1619 879 vobis.
1679 844 1731 878 Ac
1749 858 1969 891 nequaquam
1994 849 2185 881 existimate

1212 897 1406 929 libertatem
1422 907 1493 928 esse
1512 895 1586 929 sine
1601 896 1700 928 freno
1720 908 1839 937 ruere,
1867 910 1935 941 quo
1953 910 2069 930 caecae
2087 897 2186 941 cupi-

1209 947 1334 979 ditates
1352 946 1559 990 impellunt,
1585 946 1702 978 vivere
1718 946 1793 979 sine
1812 959 1894 979 cura
1912 948 2086 988 discendi,
2111 948 2186 980 sine

1210 996 1419 1038 cogitatione
1436 997 1477 1028 de
1494 997 1591 1036 Deo,
1616 996 1690 1028 sine
1712 996 1947 1030 invocatione.
2001 997 2097 1040 Quid
2121 997 2187 1029 mi-

1210 1058 1276 1079 nus
1300 1046 1464 1089 congruit
1495 1047 1536 1078 ad
1566 1046 1801 1088 evangelican
1826 1047 2041 1088 libertatem,
2082 1058 2187 1091 quam

1210 1108 1273 1129 nec
1296 1096 1402 1136 scire,
1444 1108 1507 1128 nec
1529 1096 1674 1129 recitare
1697 1096 1848 1140 symboli
1873 1098 2001 1130 verba?
2062 1097 2187 1129 Talem

1210 1158 1292 1179 vero
1316 1158 1387 1178 esse
1411 1147 1602 1178 multorum
1629 1146 1897 1188 negligentiam,
1925 1159 2026 1190 saepe
2051 1146 2187 1190 experi-

1210 1208 1300 1230 mur.
1346 1195 1436 1228 Usus
1453 1196 1570 1227 lumen
1589 1202 1639 1228 est
1655 1196 1813 1228 omnium
1832 1197 2083 1230 doctrinarum.
2130 1196 2188 1229 Sic

1210 1246 1318 1287 igitur
1348 1245 1473 1277 rectius
1505 1246 1706 1287 intelligetis
1737 1253 1769 1279 et
1801 1243 1892 1279 hanc
1921 1247 2115 1279 doctrinam
2146 1247 2188 1277 de

1211 1295 1413 1327 discrimine
1435 1295 1549 1335 legum
1577 1295 1798 1335 politicarum
1822 1304 1854 1329 et
1878 1295 2083 1338 Evangelii,
2110 1307 2188 1328 cum

1211 1351 1360 1386 utroque
1377 1354 1499 1383 genere
1517 1349 1606 1375 recte
1621 1343 1781 1376 utemini.
1836 1343 1940 1386 Quod
1958 1352 1997 1378 ut
2012 1346 2189 1384 faciamus,

1212 1400 1243 1426 te
1263 1393 1373 1424 filium
1385 1391 1467 1432 Dei,
1492 1391 1685 1425 Dominum
1702 1398 1860 1425 nostrum
1872 1393 1985 1427 Iesum
1998 1393 2190 1435 Christum,

1212 1443 1392 1474 custodem
1410 1440 1605 1481 Ecclesiae,
1633 1440 1712 1485 (qui
1731 1454 1810 1474 cum
1827 1455 1974 1476 massam
1995 1445 2106 1477 nostri
2130 1456 2189 1487 ge-

1212 1491 1304 1523 neris
1321 1491 1574 1534 adsumpseris,
1601 1497 1633 1524 et
1650 1503 1714 1534 pro
1732 1491 1835 1524 nobis
1852 1493 1962 1527 factus
1977 1494 2022 1526 sis
2040 1495 2189 1534 victima,

1212 1541 1367 1574 ostendis
1392 1547 1424 1572 te
1449 1541 1626 1573 verissime
1649 1541 1750 1574 adfici
1773 1553 1855 1575 cura
1881 1542 2013 1589 nostri)
2036 1556 2117 1582 oro,
2151 1551 2190 1577 ut

1213 1597 1349 1633 pectora
1367 1597 1483 1623 nostra
1501 1592 1689 1632 gubernes,
1716 1598 1748 1624 et
1769 1592 1874 1626 facias
1895 1606 1958 1627 nos
1982 1606 2061 1627 vasa
2085 1595 2189 1627 mise-

1213 1641 1398 1681 ricordiae,
1426 1647 1458 1674 et
1477 1652 1604 1683 organa
1623 1641 1786 1675 salutaria
1810 1649 1842 1675 et
1864 1644 1966 1677 nobis
1986 1651 2018 1677 et
2041 1645 2188 1678 univer-

1211 1703 1266 1724 sae
1282 1689 1468 1725 Ecclesiae.

1313 1740 1407 1773 Haec
1426 1753 1560 1774 mecum
1580 1753 1719 1786 quoque
1737 1744 1870 1785 precari
1896 1756 1956 1777 vos
1981 1757 2103 1778 omnes
2128 1747 2188 1780 de-

1212 1797 1281 1829 cet,
1309 1791 1516 1833 cogitantes,
1544 1803 1607 1824 nos
1624 1799 1788 1837 tanquam
1804 1791 1950 1827 chorum
1975 1797 2067 1839 apud
2093 1808 2188 1830 sum-

1212 1853 1307 1873 mum
1332 1842 1545 1874 sacerdotem
1570 1849 1728 1875 nostrum
1749 1843 1860 1875 filium
1886 1843 1951 1877 Dei
1977 1853 2085 1884 stare,
2127 1860 2188 1890 pe-

1211 1898 1340 1925 tentem
1359 1891 1402 1923 al)
1417 1898 1556 1924 aeterno
1581 1900 1692 1935 patre,
1718 1900 1757 1926 ut
1781 1894 1914 1938 aliquas
1938 1896 2103 1940 reliquias
2120 1896 2189 1931 Ec-

1212 1942 1333 1975 clesiae
1350 1948 1479 1980 servet,
1508 1949 1540 1975 et
1555 1943 1694 1987 quidem
1714 1943 1749 1975 in
1770 1941 1835 1976 hoc
1852 1945 1925 1988 ipso
1944 1953 2043 1980 coetu
2065 1955 2187 1988 servet,

1212 1992 1273 2026 ubi
1291 1991 1404 2025 studia
1424 1999 1505 2025 sunt
1521 1992 1578 2036 pia
1596 2005 1696 2026 verae
1714 1994 1902 2028 doctrinae.
1955 1994 2048 2031 Dixi.

1211 2134 1275 2169 No.
1297 2133 1378 2170 151.

2026 2153 2072 2173 an.
2092 2142 2187 2172 1556.

2012 2186 2179 2198 Μ

1368 2236 1442 2277 De
1475 2236 1708 2289 dignitate
1737 2239 1880 2280 studii
1908 2239 2028 2279 iuris.

1278 2305 1308 2331 ln
1323 2305 1415 2331 select.
1427 2305 1550 2332 Declam.
1566 2306 1595 2331 T.
1612 2306 1656 2333 lV.
1681 2316 1706 2340 p.
1721 2308 1755 2332 90
1766 2317 1822 2341 sqq.
1834 2326 1841 2339 ,
1872 2307 1987 2335 Servesi.
2002 2309 2032 2336 Τ.
2049 2309 2092 2335 lV.
2108 2319 2130 2342 p.
2146 2312 2186 2336 89,

1314 2340 1401 2364 Etiam
1423 2340 1564 2372 separatim
1586 2340 1700 2373 prodiit,
1730 2341 1839 2366 Witeb.
1864 2342 1936 2368 1556.
1966 2343 1988 2368 8.
2033 2342 2075 2369 Cf.
2094 2344 2184 2369 Strob.

1314 2373 1380 2399 bibl.
1397 2373 1463 2399 Mel.
1483 2373 1534 2398 ΝΟ.
1549 2374 1608 2400 474.
1647 2375 1807 2401 inscribitur
1822 2376 1882 2401 hic:

1212 2437 1338 2471 Oratio
1365 2436 1409 2470 de
1438 2435 1625 2481 dignitate
1650 2436 1768 2471 studia·
1804 2440 1921 2482 im·is‚·
1968 2442 2131 2474 recitata
2162 2453 2184 2475 a

1213 2488 1404 2533 Geor-92¹0
1442 2487 1676 2530 Uracovio,
1722 2491 1770 2519 sed
1794 2500 1834 2521 est
1861 2493 1896 2521 ad
1921 2494 2041 2522 verbum
2073 2494 2183 2532 eadem,

1212 2550 1299 2579 quam
1318 2552 1332 2569 e
1347 2539 1445 2569 Tomo
1462 2539 1486 2569 1.
1512 2538 1646 2571 Declam.
1664 2543 1723 2569 iam
1741 2541 1875 2571 dedimus
1892 2554 1978 2582 supra
1994 2554 2070 2572 anno
2090 2545 2181 2574 1543.

1210 2589 1340 2627 N0.75.,
1368 2592 1419 2619 ubi
1437 2592 1622 2620 inscribitur:
1648 2590 1693 2619 De
1713 2591 1860 2628 dignitate
1878 2593 1983 2630 legum.
2037 2593 2182 2624 Videatur

1210 2642 1300 2679 igitur
1316 2639 1449 2674 Declam.
1464 2640 1523 2673 No.
1538 2640 1589 2670 75.
