<?xml version="1.0" encoding="UTF-8"?>
<!DOCTYPE html PUBLIC "-//W3C//DTD XHTML 1.0 Transitional//EN"
    "http://www.w3.org/TR/xhtml1/DTD/xhtml1-transitional.dtd">
<html xmlns="http://www.w3.org/1999/xhtml" xml:lang="en" lang="en">
 <head>
  <title>
</title>
<meta http-equiv="Content-Type" content="text/html;charset=utf-8" />
  <meta name='ocr-system' content='tesseract 3.04.00' />
  <meta name='ocr-capabilities' content='ocr_page ocr_carea ocr_par ocr_line ocrx_word'/>
</head>
<body>
  <div class='ocr_page' id='page_1' title='image "./operaquaesupersu12melauoft/operaquaesupersu12melauoft_0022.png"; bbox 0 0 2324 2955; ppageno 0'>
   <div class='ocr_carea' id='block_1_1' title="bbox 158 120 206 155">
    <p class='ocr_par' dir='ltr' id='par_1_1' title="bbox 158 120 206 155">
     <span class='ocr_line' id='line_1_1' title="bbox 158 120 206 155; baseline 0.021 -1"><span class='ocrx_word' id='word_1_1' title='bbox 158 120 206 155; x_wconf 75' lang='lat'>27</span> 
     </span>
    </p>
   </div>
   <div class='ocr_carea' id='block_1_2' title="bbox 165 187 1157 643">
    <p class='ocr_par' dir='ltr' id='par_1_2' title="bbox 165 187 1157 643">
     <span class='ocr_line' id='line_1_2' title="bbox 165 187 1149 249; baseline -0.021 -10"><span class='ocrx_word' id='word_1_2' title='bbox 165 201 419 249; x_wconf 75' lang='lat' dir='ltr'>gubernatione</span> <span class='ocrx_word' id='word_1_3' title='bbox 433 209 520 243; x_wconf 91' lang='lat' dir='ltr'>opus</span> <span class='ocrx_word' id='word_1_4' title='bbox 537 196 580 229; x_wconf 87' lang='lat' dir='ltr'>sit</span> <span class='ocrx_word' id='word_1_5' title='bbox 594 191 806 230; x_wconf 78' lang='lat' dir='ltr'>eruditione,</span> <span class='ocrx_word' id='word_1_6' title='bbox 828 187 991 222; x_wconf 89' lang='lat' dir='ltr'>instruite</span> <span class='ocrx_word' id='word_1_7' title='bbox 1007 193 1149 231; x_wconf 80' lang='lat' dir='ltr'>pectora</span> 
     </span>
     <span class='ocr_line' id='line_1_3' title="bbox 168 237 1151 289; baseline -0.021 0"><span class='ocrx_word' id='word_1_8' title='bbox 168 267 250 288; x_wconf 73' lang='lat' dir='ltr'>vcra</span> <span class='ocrx_word' id='word_1_9' title='bbox 274 252 432 286; x_wconf 88' lang='lat' dir='ltr'>doctrina</span> <span class='ocrx_word' id='word_1_10' title='bbox 447 275 455 289; x_wconf 93' lang='lat'>,</span> <span class='ocrx_word' id='word_1_11' title='bbox 489 254 522 279; x_wconf 81' lang='lat' dir='ltr'>et</span> <span class='ocrx_word' id='word_1_12' title='bbox 543 253 741 289; x_wconf 84' lang='lat' dir='ltr'>quanquam</span> <span class='ocrx_word' id='word_1_13' title='bbox 765 240 802 272; x_wconf 90' lang='lat' dir='ltr'>in</span> <span class='ocrx_word' id='word_1_14' title='bbox 828 239 933 272; x_wconf 90' lang='lat' dir='ltr'>tantis</span> <span class='ocrx_word' id='word_1_15' title='bbox 953 238 1066 271; x_wconf 90' lang='lat' dir='ltr'>ruinis</span> <span class='ocrx_word' id='word_1_16' title='bbox 1085 237 1151 269; x_wconf 87' lang='lat' dir='ltr'>im-</span> 
     </span>
     <span class='ocr_line' id='line_1_4' title="bbox 169 286 1151 350; baseline -0.02 -12"><span class='ocrx_word' id='word_1_17' title='bbox 169 305 347 350; x_wconf 85' lang='lat' dir='ltr'>periorum</span> <span class='ocrx_word' id='word_1_18' title='bbox 381 300 545 332; x_wconf 81' lang='lat' dir='ltr'>videntur</span> <span class='ocrx_word' id='word_1_19' title='bbox 577 292 613 326; x_wconf 91' lang='lat' dir='ltr'>hi</span> <span class='ocrx_word' id='word_1_20' title='bbox 644 293 781 324; x_wconf 85' lang='lat' dir='ltr'>labores</span> <span class='ocrx_word' id='word_1_21' title='bbox 808 301 932 334; x_wconf 90' lang='lat' dir='ltr'>parum</span> <span class='ocrx_word' id='word_1_22' title='bbox 958 286 1151 332; x_wconf 81' lang='lat' dir='ltr'>profuturi:</span> 
     </span>
     <span class='ocr_line' id='line_1_5' title="bbox 171 340 1152 389; baseline -0.02 -1"><span class='ocrx_word' id='word_1_23' title='bbox 171 364 287 389; x_wconf 86' lang='lat' dir='ltr'>tamen</span> <span class='ocrx_word' id='word_1_24' title='bbox 305 351 367 384; x_wconf 91' lang='lat' dir='ltr'>hac</span> <span class='ocrx_word' id='word_1_25' title='bbox 386 359 464 380; x_wconf 90' lang='lat' dir='ltr'>vera</span> <span class='ocrx_word' id='word_1_26' title='bbox 481 343 719 378; x_wconf 81' lang='lat' dir='ltr'>consolatione</span> <span class='ocrx_word' id='word_1_27' title='bbox 738 352 798 373; x_wconf 79' lang='lat' dir='ltr'>vos</span> <span class='ocrx_word' id='word_1_28' title='bbox 815 340 1027 378; x_wconf 79' lang='lat' dir='ltr'>confirmate,</span> <span class='ocrx_word' id='word_1_29' title='bbox 1047 349 1152 381; x_wconf 80' lang='lat' dir='ltr'>quam</span> 
     </span>
     <span class='ocr_line' id='line_1_6' title="bbox 171 388 1156 438; baseline -0.019 -1"><span class='ocrx_word' id='word_1_30' title='bbox 171 404 303 438; x_wconf 86' lang='lat' dir='ltr'>Paulus</span> <span class='ocrx_word' id='word_1_31' title='bbox 330 398 432 432; x_wconf 89' lang='lat' dir='ltr'>nobis</span> <span class='ocrx_word' id='word_1_32' title='bbox 452 395 614 433; x_wconf 84' lang='lat' dir='ltr'>tradidit,</span> <span class='ocrx_word' id='word_1_33' title='bbox 648 391 826 437; x_wconf 84' lang='lat' dir='ltr'>inquiens:</span> <span class='ocrx_word' id='word_1_34' title='bbox 860 390 943 422; x_wconf 75' lang='lat' dir='ltr'>Non</span> <span class='ocrx_word' id='word_1_35' title='bbox 964 388 1030 421; x_wconf 91' lang='lat' dir='ltr'>erit</span> <span class='ocrx_word' id='word_1_36' title='bbox 1054 388 1156 419; x_wconf 87' lang='lat' dir='ltr'>labor</span> 
     </span>
     <span class='ocr_line' id='line_1_7' title="bbox 173 444 1156 486; baseline -0.018 0"><span class='ocrx_word' id='word_1_37' title='bbox 173 460 286 486; x_wconf 70' lang='lat' dir='ltr'>vester</span> <span class='ocrx_word' id='word_1_38' title='bbox 313 448 426 482; x_wconf 83' lang='lat' dir='ltr'>inanis</span> <span class='ocrx_word' id='word_1_39' title='bbox 452 447 488 478; x_wconf 90' lang='lat' dir='ltr'>in</span> <span class='ocrx_word' id='word_1_40' title='bbox 503 444 675 483; x_wconf 88' lang='lat' dir='ltr'>Domino,</span> <span class='ocrx_word' id='word_1_41' title='bbox 699 453 800 486; x_wconf 89' lang='lat' dir='ltr'>quem</span> <span class='ocrx_word' id='word_1_42' title='bbox 824 446 896 473; x_wconf 89' lang='lat' dir='ltr'>toto</span> <span class='ocrx_word' id='word_1_43' title='bbox 919 445 1056 483; x_wconf 86' lang='lat' dir='ltr'>pectore</span> <span class='ocrx_word' id='word_1_44' title='bbox 1083 449 1156 476; x_wconf 92' lang='lat' dir='ltr'>oro,</span> 
     </span>
     <span class='ocr_line' id='line_1_8' title="bbox 173 490 1156 537; baseline -0.018 -1"><span class='ocrx_word' id='word_1_45' title='bbox 173 510 212 537; x_wconf 86' lang='lat' dir='ltr'>ut</span> <span class='ocrx_word' id='word_1_46' title='bbox 227 500 329 534; x_wconf 80' lang='lat' dir='ltr'>saciat</span> <span class='ocrx_word' id='word_1_47' title='bbox 346 510 400 531; x_wconf 89' lang='lat' dir='ltr'>me</span> <span class='ocrx_word' id='word_1_48' title='bbox 422 503 454 530; x_wconf 86' lang='lat' dir='ltr'>ct</span> <span class='ocrx_word' id='word_1_49' title='bbox 477 506 540 528; x_wconf 77' lang='lat' dir='ltr'>vos</span> <span class='ocrx_word' id='word_1_50' title='bbox 561 505 641 526; x_wconf 71' lang='lat' dir='ltr'>vasa</span> <span class='ocrx_word' id='word_1_51' title='bbox 663 490 940 528; x_wconf 73' lang='lat' dir='ltr'>misericordiae,</span> <span class='ocrx_word' id='word_1_52' title='bbox 974 495 1005 521; x_wconf 86' lang='lat' dir='ltr'>et</span> <span class='ocrx_word' id='word_1_53' title='bbox 1028 499 1156 530; x_wconf 84' lang='lat' dir='ltr'>organa</span> 
     </span>
     <span class='ocr_line' id='line_1_9' title="bbox 175 537 1157 588; baseline -0.017 -2"><span class='ocrx_word' id='word_1_54' title='bbox 175 550 338 587; x_wconf 88' lang='lat' dir='ltr'>salutaria</span> <span class='ocrx_word' id='word_1_55' title='bbox 354 547 456 581; x_wconf 86' lang='lat' dir='ltr'>nobis</span> <span class='ocrx_word' id='word_1_56' title='bbox 473 552 505 578; x_wconf 90' lang='lat' dir='ltr'>et</span> <span class='ocrx_word' id='word_1_57' title='bbox 525 544 655 588; x_wconf 88' lang='lat' dir='ltr'>patriae</span> <span class='ocrx_word' id='word_1_58' title='bbox 667 569 675 582; x_wconf 84' lang='lat'>,</span> <span class='ocrx_word' id='word_1_59' title='bbox 702 550 734 576; x_wconf 89' lang='lat' dir='ltr'>et</span> <span class='ocrx_word' id='word_1_60' title='bbox 751 540 890 579; x_wconf 76' lang='lat' dir='ltr'>moestis</span> <span class='ocrx_word' id='word_1_61' title='bbox 905 537 1070 573; x_wconf 83' lang='lat' dir='ltr'>Ecclesiis</span> <span class='ocrx_word' id='word_1_62' title='bbox 1090 537 1157 570; x_wconf 88' lang='lat' dir='ltr'>cle-</span> 
     </span>
     <span class='ocr_line' id='line_1_10' title="bbox 176 592 741 643; baseline -0.021 -7"><span class='ocrx_word' id='word_1_63' title='bbox 176 608 313 636; x_wconf 78' lang='lat' dir='ltr'>menter</span> <span class='ocrx_word' id='word_1_64' title='bbox 332 607 459 643; x_wconf 90' lang='lat' dir='ltr'>poenas</span> <span class='ocrx_word' id='word_1_65' title='bbox 478 595 595 628; x_wconf 88' lang='lat' dir='ltr'>leniat.</span> <span class='ocrx_word' id='word_1_66' title='bbox 647 592 741 627; x_wconf 76' lang='lat' dir='ltr'>Dixi.</span> 
     </span>
    </p>
   </div>
   <div class='ocr_carea' id='block_1_3' title="bbox 184 789 359 827">
    <p class='ocr_par' dir='ltr' id='par_1_3' title="bbox 184 789 359 827">
     <span class='ocr_line' id='line_1_11' title="bbox 184 789 359 827; baseline -0.011 0"><span class='ocrx_word' id='word_1_67' title='bbox 184 793 248 827; x_wconf 71' lang='lat' dir='ltr'>No.</span> <span class='ocrx_word' id='word_1_68' title='bbox 276 789 359 826; x_wconf 78' lang='lat'>135.</span> 
     </span>
    </p>
   </div>
   <div class='ocr_carea' id='block_1_4' title="bbox 190 838 359 853">
    <p class='ocr_par' dir='ltr' id='par_1_4' title="bbox 190 838 359 853">
     <span class='ocr_line' id='line_1_12' title="bbox 190 838 359 853; baseline -0.018 0"><span class='ocrx_word' id='word_1_69' title='bbox 190 838 359 853; x_wconf 57' lang='lat' dir='ltr'><em>W</em></span> 
     </span>
    </p>
   </div>
   <div class='ocr_carea' id='block_1_5' title="bbox 979 784 1143 814">
    <p class='ocr_par' dir='ltr' id='par_1_5' title="bbox 979 784 1143 814">
     <span class='ocr_line' id='line_1_13' title="bbox 979 784 1143 814; baseline 0.006 -1"><span class='ocrx_word' id='word_1_70' title='bbox 979 795 1026 813; x_wconf 78' lang='lat' dir='ltr'>an.</span> <span class='ocrx_word' id='word_1_71' title='bbox 1052 784 1143 814; x_wconf 79' lang='grc'>1553.</span> 
     </span>
    </p>
   </div>
   <div class='ocr_carea' id='block_1_6' title="bbox 500 887 851 929">
    <p class='ocr_par' dir='ltr' id='par_1_6' title="bbox 500 887 851 929">
     <span class='ocr_line' id='line_1_14' title="bbox 500 887 851 929; baseline -0.017 1"><span class='ocrx_word' id='word_1_72' title='bbox 500 889 574 929; x_wconf 83' lang='lat' dir='ltr'>De</span> <span class='ocrx_word' id='word_1_73' title='bbox 605 887 851 927; x_wconf 74' lang='lat' dir='ltr'>anatomia.</span> 
     </span>
    </p>
   </div>
   <div class='ocr_carea' id='block_1_7' title="bbox 253 966 1170 1110">
    <p class='ocr_par' dir='ltr' id='par_1_7' title="bbox 253 966 1170 1110">
     <span class='ocr_line' id='line_1_15' title="bbox 253 966 1167 1010; baseline -0.013 -5"><span class='ocrx_word' id='word_1_74' title='bbox 253 980 283 1005; x_wconf 82' lang='lat' dir='ltr'>In</span> <span class='ocrx_word' id='word_1_75' title='bbox 309 978 399 1004; x_wconf 75' lang='lat' dir='ltr'>select.</span> <span class='ocrx_word' id='word_1_76' title='bbox 424 976 573 1002; x_wconf 83' lang='lat' dir='ltr'>Declamat.</span> <span class='ocrx_word' id='word_1_77' title='bbox 600 975 631 999; x_wconf 88' lang='lat' dir='ltr'>T.</span> <span class='ocrx_word' id='word_1_78' title='bbox 655 974 700 1000; x_wconf 86' lang='lat' dir='ltr'>lV.</span> <span class='ocrx_word' id='word_1_79' title='bbox 722 982 748 1007; x_wconf 81' lang='lat' dir='ltr'>p.</span> <span class='ocrx_word' id='word_1_80' title='bbox 769 973 820 998; x_wconf 67' lang='lat'>980</span> <span class='ocrx_word' id='word_1_81' title='bbox 836 981 908 1006; x_wconf 84' lang='lat' dir='ltr'>sqq.‚</span> <span class='ocrx_word' id='word_1_82' title='bbox 940 969 1066 1010; x_wconf 65' lang='lat' dir='ltr'>liicbortl.</span> <span class='ocrx_word' id='word_1_83' title='bbox 1087 967 1118 994; x_wconf 86' lang='grc' dir='ltr'>Τ.</span> <span class='ocrx_word' id='word_1_84' title='bbox 1135 966 1167 990; x_wconf 84' lang='grc' dir='ltr'>Η-</span> 
     </span>
     <span class='ocr_line' id='line_1_16' title="bbox 286 1001 1169 1046; baseline -0.014 -9"><span class='ocrx_word' id='word_1_85' title='bbox 286 1023 313 1046; x_wconf 79' lang='lat' dir='ltr'>p.</span> <span class='ocrx_word' id='word_1_86' title='bbox 332 1012 388 1037; x_wconf 74' lang='lat'>152.</span> <span class='ocrx_word' id='word_1_87' title='bbox 424 1011 539 1036; x_wconf 71' lang='lat' dir='ltr'>Servest.</span> <span class='ocrx_word' id='word_1_88' title='bbox 564 1009 596 1036; x_wconf 87' lang='lat' dir='ltr'>T.</span> <span class='ocrx_word' id='word_1_89' title='bbox 619 1009 664 1034; x_wconf 81' lang='lat' dir='ltr'>lV.</span> <span class='ocrx_word' id='word_1_90' title='bbox 683 1008 788 1046; x_wconf 44' lang='lat'>1:3955.</span> <span class='ocrx_word' id='word_1_91' title='bbox 808 1020 840 1025; x_wconf 89' lang='lat'>—</span> <span class='ocrx_word' id='word_1_92' title='bbox 877 1005 979 1043; x_wconf 67' lang='lat' dir='ltr'>M&gt;l=us</span> <span class='ocrx_word' id='word_1_93' title='bbox 999 1013 1025 1028; x_wconf 84' lang='lat' dir='ltr'>m</span> <span class='ocrx_word' id='word_1_94' title='bbox 1047 1001 1169 1027; x_wconf 84' lang='lat' dir='ltr'>chronol.</span> 
     </span>
     <span class='ocr_line' id='line_1_17' title="bbox 287 1035 1170 1110; baseline -0.012 -5"><span class='ocrx_word' id='word_1_95' title='bbox 287 1043 807 1110; x_wconf 43' lang='lat' dir='ltr'>25122‘20250‘1&#39;013‘223ffessssssffissssss.</span> <span class='ocrx_word' id='word_1_96' title='bbox 820 1039 913 1098; x_wconf 46' lang='lat'>22¹3?</span> <span class='ocrx_word' id='word_1_97' title='bbox 934 1039 966 1063; x_wconf 64' lang='lat'>³⁶</span> <span class='ocrx_word' id='word_1_98' title='bbox 983 1047 1025 1063; x_wconf 78' lang='lat'>³¹¹&#39;</span> <span class='ocrx_word' id='word_1_99' title='bbox 1043 1035 1116 1062; x_wconf 47' lang='lat'>¹⁵⁵³</span> <span class='ocrx_word' id='word_1_100' title='bbox 1136 1047 1170 1053; x_wconf 66' lang='lat'>—</span> 
     </span>
    </p>
   </div>
   <div class='ocr_carea' id='block_1_8' title="bbox 189 1150 1173 1245">
    <p class='ocr_par' dir='ltr' id='par_1_8' title="bbox 189 1150 1173 1245">
     <span class='ocr_line' id='line_1_18' title="bbox 190 1150 1173 1195; baseline -0.013 -1"><span class='ocrx_word' id='word_1_101' title='bbox 190 1161 317 1195; x_wconf 75' lang='lat' dir='ltr'>oratio</span> <span class='ocrx_word' id='word_1_102' title='bbox 337 1157 381 1192; x_wconf 79' lang='lat' dir='ltr'>de</span> <span class='ocrx_word' id='word_1_103' title='bbox 397 1156 519 1191; x_wconf 77' lang='lat' dir='ltr'>studio</span> <span class='ocrx_word' id='word_1_104' title='bbox 545 1154 739 1189; x_wconf 78' lang='lat' dir='ltr'>doctrinae</span> <span class='ocrx_word' id='word_1_105' title='bbox 763 1154 1021 1192; x_wconf 79' lang='lat' dir='ltr'>anatomicae,</span> <span class='ocrx_word' id='word_1_106' title='bbox 1048 1160 1070 1185; x_wconf 81' lang='lat' dir='ltr'>a</span> <span class='ocrx_word' id='word_1_107' title='bbox 1094 1150 1173 1182; x_wconf 83' lang='lat' dir='ltr'>Se-</span> 
     </span>
     <span class='ocr_line' id='line_1_19' title="bbox 189 1202 1172 1245; baseline -0.014 -1"><span class='ocrx_word' id='word_1_108' title='bbox 189 1211 408 1245; x_wconf 64' lang='lat' dir='ltr'>bassiano</span> <span class='ocrx_word' id='word_1_109' title='bbox 434 1205 672 1241; x_wconf 79' lang='lat' dir='ltr'>Theodoro</span> <span class='ocrx_word' id='word_1_110' title='bbox 699 1202 972 1238; x_wconf 72' lang='lat' dir='ltr'>Winshemio</span> <span class='ocrx_word' id='word_1_111' title='bbox 997 1202 1172 1234; x_wconf 76' lang='lat' dir='ltr'>recitata.</span> 
     </span>
    </p>
   </div>
   <div class='ocr_carea' id='block_1_9' title="bbox 193 1286 1195 2683">
    <p class='ocr_par' dir='ltr' id='par_1_9' title="bbox 193 1286 1189 2228">
     <span class='ocr_line' id='line_1_20' title="bbox 193 1286 1173 1329; baseline -0.014 -1"><span class='ocrx_word' id='word_1_112' title='bbox 193 1287 292 1329; x_wconf 79' lang='lat' dir='ltr'>Cum</span> <span class='ocrx_word' id='word_1_113' title='bbox 315 1291 493 1326; x_wconf 89' lang='lat' dir='ltr'>doctrinae</span> <span class='ocrx_word' id='word_1_114' title='bbox 518 1289 631 1324; x_wconf 87' lang='lat' dir='ltr'>studia</span> <span class='ocrx_word' id='word_1_115' title='bbox 654 1288 798 1321; x_wconf 86' lang='lat' dir='ltr'>colenda</span> <span class='ocrx_word' id='word_1_116' title='bbox 821 1286 907 1326; x_wconf 83' lang='lat' dir='ltr'>sint,</span> <span class='ocrx_word' id='word_1_117' title='bbox 940 1297 1011 1317; x_wconf 88' lang='lat' dir='ltr'>non</span> <span class='ocrx_word' id='word_1_118' title='bbox 1040 1290 1173 1316; x_wconf 86' lang='lat' dir='ltr'>tantum</span> 
     </span>
     <span class='ocr_line' id='line_1_21' title="bbox 193 1334 1176 1379; baseline -0.013 -3"><span class='ocrx_word' id='word_1_119' title='bbox 193 1351 233 1378; x_wconf 93' lang='lat' dir='ltr'>ut</span> <span class='ocrx_word' id='word_1_120' title='bbox 250 1343 320 1376; x_wconf 89' lang='lat' dir='ltr'>sint</span> <span class='ocrx_word' id='word_1_121' title='bbox 345 1341 423 1374; x_wconf 87' lang='lat' dir='ltr'>usui</span> <span class='ocrx_word' id='word_1_122' title='bbox 443 1341 550 1379; x_wconf 69' lang='lat' dir='ltr'>vitae,</span> <span class='ocrx_word' id='word_1_123' title='bbox 576 1350 613 1371; x_wconf 87' lang='lat' dir='ltr'>ac</span> <span class='ocrx_word' id='word_1_124' title='bbox 638 1343 843 1370; x_wconf 84' lang='lat' dir='ltr'>ornamento</span> <span class='ocrx_word' id='word_1_125' title='bbox 868 1334 1068 1378; x_wconf 79' lang='lat' dir='ltr'>tranquillis</span> <span class='ocrx_word' id='word_1_126' title='bbox 1090 1340 1176 1364; x_wconf 91' lang='lat' dir='ltr'>tem-</span> 
     </span>
     <span class='ocr_line' id='line_1_22' title="bbox 193 1384 1155 1438; baseline -0.017 -12"><span class='ocrx_word' id='word_1_127' title='bbox 193 1393 351 1438; x_wconf 83' lang='lat' dir='ltr'>poribus,</span> <span class='ocrx_word' id='word_1_128' title='bbox 393 1390 461 1423; x_wconf 90' lang='lat' dir='ltr'>Sed</span> <span class='ocrx_word' id='word_1_129' title='bbox 481 1389 584 1421; x_wconf 90' lang='lat' dir='ltr'>etiam</span> <span class='ocrx_word' id='word_1_130' title='bbox 600 1394 637 1420; x_wconf 93' lang='lat' dir='ltr'>ut</span> <span class='ocrx_word' id='word_1_131' title='bbox 654 1387 691 1418; x_wconf 89' lang='lat' dir='ltr'>in</span> <span class='ocrx_word' id='word_1_132' title='bbox 709 1386 843 1427; x_wconf 85' lang='lat' dir='ltr'>magnis</span> <span class='ocrx_word' id='word_1_133' title='bbox 859 1384 1041 1417; x_wconf 85' lang='lat' dir='ltr'>doloribus</span> <span class='ocrx_word' id='word_1_134' title='bbox 1059 1389 1155 1412; x_wconf 84' lang='lat' dir='ltr'>osten</span> 
     </span>
     <span class='ocr_line' id='line_1_23' title="bbox 195 1430 1176 1477; baseline -0.017 0"><span class='ocrx_word' id='word_1_135' title='bbox 195 1445 282 1477; x_wconf 87' lang='lat' dir='ltr'>dant</span> <span class='ocrx_word' id='word_1_136' title='bbox 301 1451 399 1473; x_wconf 73' lang='lat' dir='ltr'>veras</span> <span class='ocrx_word' id='word_1_137' title='bbox 422 1437 677 1472; x_wconf 78' lang='lat' dir='ltr'>consolationes</span> <span class='ocrx_word' id='word_1_138' title='bbox 702 1434 873 1467; x_wconf 74' lang='lat' dir='ltr'>divinitus</span> <span class='ocrx_word' id='word_1_139' title='bbox 895 1430 1108 1476; x_wconf 83' lang='lat' dir='ltr'>propositas,</span> <span class='ocrx_word' id='word_1_140' title='bbox 1143 1435 1176 1461; x_wconf 83' lang='lat' dir='ltr'>ct</span> 
     </span>
     <span class='ocr_line' id='line_1_24' title="bbox 195 1478 1178 1534; baseline -0.016 -8"><span class='ocrx_word' id='word_1_141' title='bbox 195 1493 331 1534; x_wconf 82' lang='lat' dir='ltr'>erigant</span> <span class='ocrx_word' id='word_1_142' title='bbox 364 1489 517 1528; x_wconf 82' lang='lat' dir='ltr'>animos,</span> <span class='ocrx_word' id='word_1_143' title='bbox 551 1498 624 1519; x_wconf 92' lang='lat' dir='ltr'>non</span> <span class='ocrx_word' id='word_1_144' title='bbox 656 1485 837 1518; x_wconf 89' lang='lat' dir='ltr'>omisimus</span> <span class='ocrx_word' id='word_1_145' title='bbox 867 1480 928 1515; x_wconf 89' lang='lat' dir='ltr'>has</span> <span class='ocrx_word' id='word_1_146' title='bbox 959 1478 1178 1513; x_wconf 80' lang='lat' dir='ltr'>scholasticas</span> 
     </span>
     <span class='ocr_line' id='line_1_25' title="bbox 195 1527 1177 1586; baseline -0.016 -10"><span class='ocrx_word' id='word_1_147' title='bbox 195 1552 338 1586; x_wconf 81' lang='lat' dir='ltr'>operas,</span> <span class='ocrx_word' id='word_1_148' title='bbox 372 1549 572 1584; x_wconf 82' lang='lat' dir='ltr'>quanquam</span> <span class='ocrx_word' id='word_1_149' title='bbox 599 1547 724 1577; x_wconf 81' lang='lat' dir='ltr'>magno</span> <span class='ocrx_word' id='word_1_150' title='bbox 754 1534 790 1566; x_wconf 91' lang='lat' dir='ltr'>in</span> <span class='ocrx_word' id='word_1_151' title='bbox 813 1534 911 1566; x_wconf 90' lang='lat' dir='ltr'>luctu</span> <span class='ocrx_word' id='word_1_152' title='bbox 934 1541 1066 1564; x_wconf 78' lang='lat' dir='ltr'>sumus,</span> <span class='ocrx_word' id='word_1_153' title='bbox 1126 1527 1177 1561; x_wconf 86' lang='lat' dir='ltr'>Ac</span> 
     </span>
     <span class='ocr_line' id='line_1_26' title="bbox 198 1576 1179 1633; baseline -0.016 -7"><span class='ocrx_word' id='word_1_154' title='bbox 198 1593 260 1627; x_wconf 88' lang='lat' dir='ltr'>tali</span> <span class='ocrx_word' id='word_1_155' title='bbox 277 1598 431 1633; x_wconf 87' lang='lat' dir='ltr'>tempore</span> <span class='ocrx_word' id='word_1_156' title='bbox 447 1587 595 1621; x_wconf 82' lang='lat' dir='ltr'>maxime</span> <span class='ocrx_word' id='word_1_157' title='bbox 611 1586 761 1619; x_wconf 84' lang='lat' dir='ltr'>salutare</span> <span class='ocrx_word' id='word_1_158' title='bbox 777 1590 846 1621; x_wconf 87' lang='lat' dir='ltr'>est,</span> <span class='ocrx_word' id='word_1_159' title='bbox 875 1589 908 1615; x_wconf 90' lang='lat' dir='ltr'>et</span> <span class='ocrx_word' id='word_1_160' title='bbox 928 1583 969 1614; x_wconf 89' lang='lat' dir='ltr'>de</span> <span class='ocrx_word' id='word_1_161' title='bbox 987 1580 1097 1613; x_wconf 89' lang='lat' dir='ltr'>causis</span> <span class='ocrx_word' id='word_1_162' title='bbox 1113 1576 1179 1611; x_wconf 90' lang='lat' dir='ltr'>hu-</span> 
     </span>
     <span class='ocr_line' id='line_1_27' title="bbox 199 1629 1180 1676; baseline -0.014 -1"><span class='ocrx_word' id='word_1_163' title='bbox 199 1651 384 1676; x_wconf 88' lang='lat' dir='ltr'>manarum</span> <span class='ocrx_word' id='word_1_164' title='bbox 408 1637 661 1676; x_wconf 83' lang='lat' dir='ltr'>calamitatum,</span> <span class='ocrx_word' id='word_1_165' title='bbox 693 1641 726 1667; x_wconf 91' lang='lat' dir='ltr'>et</span> <span class='ocrx_word' id='word_1_166' title='bbox 746 1635 787 1666; x_wconf 92' lang='lat' dir='ltr'>de</span> <span class='ocrx_word' id='word_1_167' title='bbox 814 1632 993 1666; x_wconf 85' lang='lat' dir='ltr'>Remediis</span> <span class='ocrx_word' id='word_1_168' title='bbox 1017 1629 1180 1672; x_wconf 86' lang='lat' dir='ltr'>cogitare,</span> 
     </span>
     <span class='ocr_line' id='line_1_28' title="bbox 201 1679 1180 1729; baseline -0.014 -4"><span class='ocrx_word' id='word_1_169' title='bbox 201 1699 234 1726; x_wconf 92' lang='lat' dir='ltr'>et</span> <span class='ocrx_word' id='word_1_170' title='bbox 252 1691 410 1725; x_wconf 81' lang='lat' dir='ltr'>conferre</span> <span class='ocrx_word' id='word_1_171' title='bbox 428 1687 625 1726; x_wconf 84' lang='lat' dir='ltr'>doctrinas,</span> <span class='ocrx_word' id='word_1_172' title='bbox 651 1696 735 1729; x_wconf 88' lang='lat' dir='ltr'>quas</span> <span class='ocrx_word' id='word_1_173' title='bbox 753 1694 890 1721; x_wconf 84' lang='lat' dir='ltr'>causas,</span> <span class='ocrx_word' id='word_1_174' title='bbox 916 1693 1004 1727; x_wconf 89' lang='lat' dir='ltr'>quae</span> <span class='ocrx_word' id='word_1_175' title='bbox 1028 1679 1180 1713; x_wconf 89' lang='lat' dir='ltr'>remedia</span> 
     </span>
     <span class='ocr_line' id='line_1_29' title="bbox 198 1730 1182 1780; baseline -0.014 -5"><span class='ocrx_word' id='word_1_176' title='bbox 198 1745 397 1776; x_wconf 83' lang='lat' dir='ltr'>monstrent</span> <span class='ocrx_word' id='word_1_177' title='bbox 413 1734 664 1780; x_wconf 82' lang='lat' dir='ltr'>Philosophia,</span> <span class='ocrx_word' id='word_1_178' title='bbox 690 1742 723 1768; x_wconf 86' lang='lat' dir='ltr'>ct</span> <span class='ocrx_word' id='word_1_179' title='bbox 742 1734 848 1767; x_wconf 90' lang='lat' dir='ltr'>altera</span> <span class='ocrx_word' id='word_1_180' title='bbox 867 1733 979 1765; x_wconf 88' lang='lat' dir='ltr'>maior</span> <span class='ocrx_word' id='word_1_181' title='bbox 989 1730 1182 1774; x_wconf 84' lang='lat' dir='ltr'>Sapientia,</span> 
     </span>
     <span class='ocr_line' id='line_1_30' title="bbox 200 1780 1181 1838; baseline -0.013 -13"><span class='ocrx_word' id='word_1_182' title='bbox 200 1803 305 1838; x_wconf 90' lang='lat' dir='ltr'>quam</span> <span class='ocrx_word' id='word_1_183' title='bbox 334 1790 428 1822; x_wconf 85' lang='lat' dir='ltr'>filius</span> <span class='ocrx_word' id='word_1_184' title='bbox 453 1788 520 1822; x_wconf 86' lang='lat' dir='ltr'>Dei</span> <span class='ocrx_word' id='word_1_185' title='bbox 552 1799 591 1820; x_wconf 85' lang='lat' dir='ltr'>ex</span> <span class='ocrx_word' id='word_1_186' title='bbox 621 1786 700 1818; x_wconf 87' lang='lat' dir='ltr'>sinu</span> <span class='ocrx_word' id='word_1_187' title='bbox 723 1784 856 1818; x_wconf 90' lang='lat' dir='ltr'>aeterni</span> <span class='ocrx_word' id='word_1_188' title='bbox 889 1782 997 1827; x_wconf 90' lang='lat' dir='ltr'>patris</span> <span class='ocrx_word' id='word_1_189' title='bbox 1024 1780 1181 1826; x_wconf 83' lang='lat' dir='ltr'>protulit,</span> 
     </span>
     <span class='ocr_line' id='line_1_31' title="bbox 201 1834 1182 1887; baseline -0.013 -12"><span class='ocrx_word' id='word_1_190' title='bbox 201 1853 290 1887; x_wconf 89' lang='lat' dir='ltr'>quae</span> <span class='ocrx_word' id='word_1_191' title='bbox 312 1851 392 1873; x_wconf 79' lang='lat' dir='ltr'>vere</span> <span class='ocrx_word' id='word_1_192' title='bbox 411 1845 461 1872; x_wconf 83' lang='lat' dir='ltr'>est</span> <span class='ocrx_word' id='word_1_193' title='bbox 476 1849 569 1871; x_wconf 86' lang='lat' dir='ltr'>sacra</span> <span class='ocrx_word' id='word_1_194' title='bbox 587 1847 733 1876; x_wconf 86' lang='lat' dir='ltr'>ancora,</span> <span class='ocrx_word' id='word_1_195' title='bbox 761 1847 829 1880; x_wconf 90' lang='lat' dir='ltr'>qua</span> <span class='ocrx_word' id='word_1_196' title='bbox 855 1834 946 1866; x_wconf 89' lang='lat' dir='ltr'>inter</span> <span class='ocrx_word' id='word_1_197' title='bbox 972 1839 1042 1866; x_wconf 86' lang='lat' dir='ltr'>tam</span> <span class='ocrx_word' id='word_1_198' title='bbox 1065 1841 1182 1864; x_wconf 78' lang='lat' dir='ltr'>saevas</span> 
     </span>
     <span class='ocr_line' id='line_1_32' title="bbox 201 1881 1185 1935; baseline -0.013 -9"><span class='ocrx_word' id='word_1_199' title='bbox 201 1897 433 1935; x_wconf 85' lang='lat' dir='ltr'>tempestates,</span> <span class='ocrx_word' id='word_1_200' title='bbox 460 1888 567 1922; x_wconf 91' lang='lat' dir='ltr'>animi</span> <span class='ocrx_word' id='word_1_201' title='bbox 585 1886 728 1920; x_wconf 88' lang='lat' dir='ltr'>firmitas</span> <span class='ocrx_word' id='word_1_202' title='bbox 747 1892 778 1918; x_wconf 91' lang='lat' dir='ltr'>et</span> <span class='ocrx_word' id='word_1_203' title='bbox 795 1883 987 1918; x_wconf 87' lang='lat' dir='ltr'>constantia</span> <span class='ocrx_word' id='word_1_204' title='bbox 1004 1881 1185 1916; x_wconf 89' lang='lat' dir='ltr'>retinetur.</span> 
     </span>
     <span class='ocr_line' id='line_1_33' title="bbox 203 1931 1186 1976; baseline -0.012 -1"><span class='ocrx_word' id='word_1_205' title='bbox 203 1941 258 1976; x_wconf 93' lang='lat' dir='ltr'>Ac</span> <span class='ocrx_word' id='word_1_206' title='bbox 276 1941 318 1973; x_wconf 91' lang='lat' dir='ltr'>de</span> <span class='ocrx_word' id='word_1_207' title='bbox 335 1939 445 1973; x_wconf 85' lang='lat' dir='ltr'>causis</span> <span class='ocrx_word' id='word_1_208' title='bbox 462 1936 688 1971; x_wconf 88' lang='lat' dir='ltr'>horribilium</span> <span class='ocrx_word' id='word_1_209' title='bbox 705 1935 950 1968; x_wconf 81' lang='lat' dir='ltr'>confusionum</span> <span class='ocrx_word' id='word_1_210' title='bbox 969 1933 1006 1965; x_wconf 89' lang='lat' dir='ltr'>in</span> <span class='ocrx_word' id='word_1_211' title='bbox 1030 1931 1186 1976; x_wconf 89' lang='lat' dir='ltr'>imperiis</span> 
     </span>
     <span class='ocr_line' id='line_1_34' title="bbox 203 1979 1186 2031; baseline -0.01 -7"><span class='ocrx_word' id='word_1_212' title='bbox 203 1991 350 2025; x_wconf 91' lang='lat' dir='ltr'>omnino</span> <span class='ocrx_word' id='word_1_213' title='bbox 369 2001 489 2022; x_wconf 75' lang='lat' dir='ltr'>verum</span> <span class='ocrx_word' id='word_1_214' title='bbox 508 1994 575 2027; x_wconf 89' lang='lat' dir='ltr'>est,</span> <span class='ocrx_word' id='word_1_215' title='bbox 602 1986 694 2031; x_wconf 90' lang='lat' dir='ltr'>quod</span> <span class='ocrx_word' id='word_1_216' title='bbox 713 1985 828 2030; x_wconf 87' lang='lat' dir='ltr'>inquit</span> <span class='ocrx_word' id='word_1_217' title='bbox 845 1981 1115 2020; x_wconf 77' lang='lat' dir='ltr'>Demosthenes,</span> <span class='ocrx_word' id='word_1_218' title='bbox 1143 1979 1186 2015; x_wconf 81' lang='grc' dir='ltr'>οὐ</span> 
     </span>
     <span class='ocr_line' id='line_1_35' title="bbox 204 2031 1187 2085; baseline -0.01 -10"><span class='ocrx_word' id='word_1_219' title='bbox 204 2038 304 2085; x_wconf 73' lang='grc' dir='ltr'><em>παρὰ</em></span> <span class='ocrx_word' id='word_1_220' title='bbox 346 2038 384 2074; x_wconf 71' lang='grc' dir='ltr'>ἓν</span> <span class='ocrx_word' id='word_1_221' title='bbox 418 2035 503 2073; x_wconf 75' lang='grc' dir='ltr'><em>οὐδὲ</em></span> <span class='ocrx_word' id='word_1_222' title='bbox 547 2033 615 2072; x_wconf 69' lang='grc' dir='ltr'>δύο</span> <span class='ocrx_word' id='word_1_223' title='bbox 657 2033 703 2069; x_wconf 83' lang='grc' dir='ltr'>τὰ</span> <span class='ocrx_word' id='word_1_224' title='bbox 746 2031 947 2082; x_wconf 74' lang='grc' dir='ltr'>πράγματα</span> <span class='ocrx_word' id='word_1_225' title='bbox 988 2033 1036 2071; x_wconf 73' lang='grc' dir='ltr'>εἷς</span> <span class='ocrx_word' id='word_1_226' title='bbox 1077 2033 1187 2066; x_wconf 79' lang='grc' dir='ltr'><strong><em>τοῦτο</em></strong></span> 
     </span>
     <span class='ocr_line' id='line_1_36' title="bbox 206 2085 1188 2136; baseline -0.011 -10"><span class='ocrx_word' id='word_1_227' title='bbox 206 2090 370 2136; x_wconf 79' lang='grc' dir='ltr'><strong><em>ἀφῖκται.</em></strong></span> <span class='ocrx_word' id='word_1_228' title='bbox 422 2085 632 2131; x_wconf 83' lang='lat' dir='ltr'>Philosophi</span> <span class='ocrx_word' id='word_1_229' title='bbox 655 2092 829 2131; x_wconf 91' lang='lat' dir='ltr'>quaerunt</span> <span class='ocrx_word' id='word_1_230' title='bbox 853 2085 972 2119; x_wconf 81' lang='lat' dir='ltr'>fatales</span> <span class='ocrx_word' id='word_1_231' title='bbox 996 2093 1133 2123; x_wconf 66' lang='lat' dir='ltr'>causam,</span> <span class='ocrx_word' id='word_1_232' title='bbox 1156 2089 1188 2115; x_wconf 92' lang='lat' dir='ltr'>et</span> 
     </span>
     <span class='ocr_line' id='line_1_37' title="bbox 207 2133 1189 2185; baseline -0.008 -11"><span class='ocrx_word' id='word_1_233' title='bbox 207 2141 385 2184; x_wconf 87' lang='lat' dir='ltr'>disputant</span> <span class='ocrx_word' id='word_1_234' title='bbox 401 2139 564 2185; x_wconf 88' lang='lat' dir='ltr'>periodos</span> <span class='ocrx_word' id='word_1_235' title='bbox 585 2147 656 2170; x_wconf 87' lang='lat' dir='ltr'>esse</span> <span class='ocrx_word' id='word_1_236' title='bbox 678 2136 884 2170; x_wconf 87' lang='lat' dir='ltr'>constitutas</span> <span class='ocrx_word' id='word_1_237' title='bbox 911 2141 944 2168; x_wconf 87' lang='lat' dir='ltr'>et</span> <span class='ocrx_word' id='word_1_238' title='bbox 966 2133 1127 2177; x_wconf 86' lang='lat' dir='ltr'>gentibus</span> <span class='ocrx_word' id='word_1_239' title='bbox 1155 2139 1189 2166; x_wconf 85' lang='lat' dir='ltr'>et</span> 
     </span>
     <span class='ocr_line' id='line_1_38' title="bbox 205 2191 365 2228; baseline -0.013 -3"><span class='ocrx_word' id='word_1_240' title='bbox 205 2191 365 2228; x_wconf 85' lang='lat' dir='ltr'>urbibus.</span> 
     </span>
    </p>

    <p class='ocr_par' dir='ltr' id='par_1_10' title="bbox 210 2232 1195 2683">
     <span class='ocr_line' id='line_1_39' title="bbox 309 2232 1189 2273; baseline -0.008 0"><span class='ocrx_word' id='word_1_241' title='bbox 309 2239 380 2273; x_wconf 90' lang='lat' dir='ltr'>Sed</span> <span class='ocrx_word' id='word_1_242' title='bbox 410 2237 585 2273; x_wconf 87' lang='lat' dir='ltr'>Ecclesiae</span> <span class='ocrx_word' id='word_1_243' title='bbox 617 2235 777 2272; x_wconf 88' lang='lat' dir='ltr'>doctrina</span> <span class='ocrx_word' id='word_1_244' title='bbox 812 2235 971 2269; x_wconf 79' lang='lat' dir='ltr'>adfirmat</span> <span class='ocrx_word' id='word_1_245' title='bbox 1003 2232 1189 2267; x_wconf 89' lang='lat' dir='ltr'>hominum</span> 
     </span>
     <span class='ocr_line' id='line_1_40' title="bbox 210 2283 1191 2332; baseline -0.008 -8"><span class='ocrx_word' id='word_1_246' title='bbox 210 2290 400 2325; x_wconf 84' lang='lat' dir='ltr'>sceleribus</span> <span class='ocrx_word' id='word_1_247' title='bbox 421 2286 549 2322; x_wconf 87' lang='lat' dir='ltr'>attrahi</span> <span class='ocrx_word' id='word_1_248' title='bbox 570 2299 710 2332; x_wconf 90' lang='lat' dir='ltr'>poenas.</span> <span class='ocrx_word' id='word_1_249' title='bbox 762 2285 811 2320; x_wconf 89' lang='lat' dir='ltr'>Et</span> <span class='ocrx_word' id='word_1_250' title='bbox 828 2293 944 2320; x_wconf 87' lang='lat' dir='ltr'>tamen</span> <span class='ocrx_word' id='word_1_251' title='bbox 959 2283 1023 2318; x_wconf 89' lang='lat' dir='ltr'>has</span> <span class='ocrx_word' id='word_1_252' title='bbox 1038 2284 1191 2327; x_wconf 87' lang='lat' dir='ltr'>mitigari</span> 
     </span>
     <span class='ocr_line' id='line_1_41' title="bbox 210 2334 1191 2382; baseline -0.008 -8"><span class='ocrx_word' id='word_1_253' title='bbox 210 2353 229 2374; x_wconf 86' lang='lat' dir='ltr'>a</span> <span class='ocrx_word' id='word_1_254' title='bbox 251 2340 324 2374; x_wconf 82' lang='lat' dir='ltr'>filio</span> <span class='ocrx_word' id='word_1_255' title='bbox 338 2338 406 2374; x_wconf 88' lang='lat' dir='ltr'>Dei</span> <span class='ocrx_word' id='word_1_256' title='bbox 419 2344 562 2382; x_wconf 85' lang='lat' dir='ltr'>propter</span> <span class='ocrx_word' id='word_1_257' title='bbox 579 2336 791 2376; x_wconf 84' lang='lat' dir='ltr'>Ecclesiam,</span> <span class='ocrx_word' id='word_1_258' title='bbox 818 2343 851 2370; x_wconf 88' lang='lat' dir='ltr'>et</span> <span class='ocrx_word' id='word_1_259' title='bbox 865 2334 955 2369; x_wconf 90' lang='lat' dir='ltr'>hanc</span> <span class='ocrx_word' id='word_1_260' title='bbox 969 2336 1060 2369; x_wconf 91' lang='lat' dir='ltr'>inter</span> <span class='ocrx_word' id='word_1_261' title='bbox 1080 2335 1191 2378; x_wconf 89' lang='lat' dir='ltr'>impe-</span> 
     </span>
     <span class='ocr_line' id='line_1_42' title="bbox 211 2383 1192 2428; baseline -0.005 -5"><span class='ocrx_word' id='word_1_262' title='bbox 211 2391 346 2424; x_wconf 89' lang='lat' dir='ltr'>riorum</span> <span class='ocrx_word' id='word_1_263' title='bbox 376 2390 497 2423; x_wconf 88' lang='lat' dir='ltr'>ruinas</span> <span class='ocrx_word' id='word_1_264' title='bbox 521 2388 672 2428; x_wconf 87' lang='lat' dir='ltr'>servari,</span> <span class='ocrx_word' id='word_1_265' title='bbox 708 2400 745 2422; x_wconf 89' lang='lat' dir='ltr'>ac</span> <span class='ocrx_word' id='word_1_266' title='bbox 770 2387 865 2420; x_wconf 90' lang='lat' dir='ltr'>iubet</span> <span class='ocrx_word' id='word_1_267' title='bbox 886 2397 951 2420; x_wconf 89' lang='lat' dir='ltr'>nos</span> <span class='ocrx_word' id='word_1_268' title='bbox 973 2383 1038 2419; x_wconf 91' lang='lat' dir='ltr'>hac</span> <span class='ocrx_word' id='word_1_269' title='bbox 1062 2392 1192 2419; x_wconf 88' lang='lat' dir='ltr'>erectos</span> 
     </span>
     <span class='ocr_line' id='line_1_43' title="bbox 212 2433 1193 2479; baseline -0.006 -5"><span class='ocrx_word' id='word_1_270' title='bbox 212 2440 470 2479; x_wconf 87' lang='lat' dir='ltr'>consolatione,</span> <span class='ocrx_word' id='word_1_271' title='bbox 509 2450 582 2471; x_wconf 87' lang='lat' dir='ltr'>non</span> <span class='ocrx_word' id='word_1_272' title='bbox 612 2438 761 2471; x_wconf 82' lang='lat' dir='ltr'>abiicere</span> <span class='ocrx_word' id='word_1_273' title='bbox 795 2437 933 2471; x_wconf 89' lang='lat' dir='ltr'>labores</span> <span class='ocrx_word' id='word_1_274' title='bbox 955 2433 1130 2470; x_wconf 83' lang='lat' dir='ltr'>Ecclesiae</span> <span class='ocrx_word' id='word_1_275' title='bbox 1160 2441 1193 2469; x_wconf 89' lang='lat' dir='ltr'>et</span> 
     </span>
     <span class='ocr_line' id='line_1_44' title="bbox 213 2485 1193 2524; baseline -0.006 0"><span class='ocrx_word' id='word_1_276' title='bbox 213 2490 393 2524; x_wconf 90' lang='lat' dir='ltr'>communi</span> <span class='ocrx_word' id='word_1_277' title='bbox 420 2488 577 2523; x_wconf 85' lang='lat' dir='ltr'>societati</span> <span class='ocrx_word' id='word_1_278' title='bbox 601 2488 822 2524; x_wconf 84' lang='lat' dir='ltr'>necessarios.</span> <span class='ocrx_word' id='word_1_279' title='bbox 883 2486 1063 2521; x_wconf 84' lang='lat' dir='ltr'>Promittit</span> <span class='ocrx_word' id='word_1_280' title='bbox 1089 2485 1193 2519; x_wconf 88' lang='lat' dir='ltr'>etiam</span> 
     </span>
     <span class='ocr_line' id='line_1_45' title="bbox 214 2537 1194 2585; baseline -0.005 -12"><span class='ocrx_word' id='word_1_281' title='bbox 214 2538 290 2580; x_wconf 82' lang='lat' dir='ltr'>his,</span> <span class='ocrx_word' id='word_1_282' title='bbox 316 2540 377 2585; x_wconf 90' lang='lat' dir='ltr'>qui</span> <span class='ocrx_word' id='word_1_283' title='bbox 398 2539 489 2572; x_wconf 89' lang='lat' dir='ltr'>veris</span> <span class='ocrx_word' id='word_1_284' title='bbox 514 2538 699 2583; x_wconf 85' lang='lat' dir='ltr'>gemitibus</span> <span class='ocrx_word' id='word_1_285' title='bbox 716 2537 829 2571; x_wconf 90' lang='lat' dir='ltr'>Deum</span> <span class='ocrx_word' id='word_1_286' title='bbox 855 2538 1036 2576; x_wconf 85' lang='lat' dir='ltr'>invocant,</span> <span class='ocrx_word' id='word_1_287' title='bbox 1063 2542 1096 2569; x_wconf 85' lang='lat' dir='ltr'>et</span> <span class='ocrx_word' id='word_1_288' title='bbox 1118 2547 1194 2569; x_wconf 88' lang='lat' dir='ltr'>mo-</span> 
     </span>
     <span class='ocr_line' id='line_1_46' title="bbox 215 2585 1194 2633; baseline -0.005 -9"><span class='ocrx_word' id='word_1_289' title='bbox 215 2592 312 2625; x_wconf 87' lang='lat' dir='ltr'>deste</span> <span class='ocrx_word' id='word_1_290' title='bbox 331 2590 527 2633; x_wconf 86' lang='lat' dir='ltr'>gubernant</span> <span class='ocrx_word' id='word_1_291' title='bbox 547 2599 679 2627; x_wconf 91' lang='lat' dir='ltr'>mores,</span> <span class='ocrx_word' id='word_1_292' title='bbox 705 2588 957 2631; x_wconf 85' lang='lat' dir='ltr'>mitigationem</span> <span class='ocrx_word' id='word_1_293' title='bbox 974 2585 1194 2632; x_wconf 88' lang='lat' dir='ltr'>publicarum</span> 
     </span>
     <span class='ocr_line' id='line_1_47' title="bbox 218 2636 1195 2683; baseline -0.003 -8"><span class='ocrx_word' id='word_1_294' title='bbox 218 2640 471 2681; x_wconf 83' lang='lat' dir='ltr'>calamitatum3</span> <span class='ocrx_word' id='word_1_295' title='bbox 510 2639 601 2679; x_wconf 89' lang='lat' dir='ltr'>imo,</span> <span class='ocrx_word' id='word_1_296' title='bbox 635 2639 674 2672; x_wconf 89' lang='lat' dir='ltr'>in</span> <span class='ocrx_word' id='word_1_297' title='bbox 695 2636 762 2673; x_wconf 88' lang='lat' dir='ltr'>hoc</span> <span class='ocrx_word' id='word_1_298' title='bbox 783 2638 858 2683; x_wconf 87' lang='lat' dir='ltr'>ipso</span> <span class='ocrx_word' id='word_1_299' title='bbox 882 2645 982 2673; x_wconf 84' lang='lat' dir='ltr'>coetu</span> <span class='ocrx_word' id='word_1_300' title='bbox 1003 2643 1136 2672; x_wconf 83' lang='lat' dir='ltr'>moesto</span> <span class='ocrx_word' id='word_1_301' title='bbox 1161 2643 1195 2672; x_wconf 90' lang='lat' dir='ltr'>et</span> 
     </span>
    </p>
   </div>
   <div class='ocr_carea' id='block_1_10' title="bbox 847 96 1485 137">
    <p class='ocr_par' dir='ltr' id='par_1_11' title="bbox 847 96 1485 137">
     <span class='ocr_line' id='line_1_48' title="bbox 847 96 1485 137; baseline -0.013 1"><span class='ocrx_word' id='word_1_302' title='bbox 847 101 1006 137; x_wconf 85' lang='lat' dir='ltr'>DECL.</span> <span class='ocrx_word' id='word_1_303' title='bbox 1046 100 1122 136; x_wconf 90' lang='lat' dir='ltr'>DE</span> <span class='ocrx_word' id='word_1_304' title='bbox 1155 96 1485 134; x_wconf 69' lang='lat' dir='ltr'>ANATOMIA.</span> 
     </span>
    </p>
   </div>
   <div class='ocr_carea' id='block_1_11' title="bbox 1189 1085 1227 2513">
    <p class='ocr_par' dir='ltr' id='par_1_12' title="bbox 1189 1085 1227 2513">
     <span class='ocr_line' id='line_1_49' title="bbox 1189 1085 1222 1193; baseline 0 0"><span class='ocrx_word' id='word_1_305' title='bbox 1189 1085 1222 1193; x_wconf 95' lang='lat' dir='ltr'>  </span> 
     </span>
     <span class='ocr_line' id='line_1_50' title="bbox 1194 1193 1227 2513; baseline 0 0"><span class='ocrx_word' id='word_1_306' title='bbox 1194 1193 1227 2513; x_wconf 95' lang='lat' dir='ltr'>  </span> 
     </span>
    </p>
   </div>
   <div class='ocr_carea' id='block_1_12' title="bbox 2135 97 2183 131">
    <p class='ocr_par' dir='ltr' id='par_1_13' title="bbox 2135 97 2183 131">
     <span class='ocr_line' id='line_1_51' title="bbox 2135 97 2183 131; baseline -0.021 0"><span class='ocrx_word' id='word_1_307' title='bbox 2135 97 2183 131; x_wconf 75' lang='lat'>28</span> 
     </span>
    </p>
   </div>
   <div class='ocr_carea' id='block_1_13' title="bbox 1204 181 2231 2631">
    <p class='ocr_par' dir='ltr' id='par_1_14' title="bbox 1204 181 2194 525">
     <span class='ocr_line' id='line_1_52' title="bbox 1204 181 2185 226; baseline -0.003 -9"><span class='ocrx_word' id='word_1_308' title='bbox 1204 193 1412 217; x_wconf 90' lang='lat' dir='ltr'>aerumnoso</span> <span class='ocrx_word' id='word_1_309' title='bbox 1424 209 1432 222; x_wconf 94' lang='lat'>‚</span> <span class='ocrx_word' id='word_1_310' title='bbox 1460 181 1644 216; x_wconf 88' lang='lat' dir='ltr'>invocante</span> <span class='ocrx_word' id='word_1_311' title='bbox 1661 182 1788 226; x_wconf 89' lang='lat' dir='ltr'>ipsum,</span> <span class='ocrx_word' id='word_1_312' title='bbox 1814 182 1910 216; x_wconf 86' lang='lat' dir='ltr'>velut</span> <span class='ocrx_word' id='word_1_313' title='bbox 1927 181 1963 214; x_wconf 91' lang='lat' dir='ltr'>in</span> <span class='ocrx_word' id='word_1_314' title='bbox 1978 182 2107 226; x_wconf 88' lang='lat' dir='ltr'>templo</span> <span class='ocrx_word' id='word_1_315' title='bbox 2123 192 2185 214; x_wconf 88' lang='lat' dir='ltr'>suo</span> 
     </span>
     <span class='ocr_line' id='line_1_53' title="bbox 1205 231 2189 276; baseline -0.003 -9"><span class='ocrx_word' id='word_1_316' title='bbox 1205 232 1440 267; x_wconf 87' lang='lat' dir='ltr'>habitaturem</span> <span class='ocrx_word' id='word_1_317' title='bbox 1459 242 1530 264; x_wconf 84' lang='lat' dir='ltr'>esse</span> <span class='ocrx_word' id='word_1_318' title='bbox 1545 231 1677 273; x_wconf 85' lang='lat' dir='ltr'>Deum,</span> <span class='ocrx_word' id='word_1_319' title='bbox 1704 232 1830 276; x_wconf 88' lang='lat' dir='ltr'>inquit.</span> <span class='ocrx_word' id='word_1_320' title='bbox 1884 231 1980 274; x_wconf 87' lang='lat' dir='ltr'>Quid</span> <span class='ocrx_word' id='word_1_321' title='bbox 1997 233 2040 265; x_wconf 90' lang='lat' dir='ltr'>ad</span> <span class='ocrx_word' id='word_1_322' title='bbox 2063 243 2189 264; x_wconf 89' lang='lat' dir='ltr'>conso-</span> 
     </span>
     <span class='ocr_line' id='line_1_54' title="bbox 1207 281 2189 328; baseline -0.004 -11"><span class='ocrx_word' id='word_1_323' title='bbox 1207 285 1373 318; x_wconf 84' lang='lat' dir='ltr'>lationem</span> <span class='ocrx_word' id='word_1_324' title='bbox 1402 281 1540 315; x_wconf 86' lang='lat' dir='ltr'>dulcius</span> <span class='ocrx_word' id='word_1_325' title='bbox 1565 282 1634 314; x_wconf 90' lang='lat' dir='ltr'>dici</span> <span class='ocrx_word' id='word_1_326' title='bbox 1664 283 1800 328; x_wconf 71' lang='lat' dir='ltr'>potest?</span> <span class='ocrx_word' id='word_1_327' title='bbox 1845 281 1897 315; x_wconf 87' lang='lat' dir='ltr'>Te</span> <span class='ocrx_word' id='word_1_328' title='bbox 1922 282 2028 324; x_wconf 88' lang='lat' dir='ltr'>igitur</span> <span class='ocrx_word' id='word_1_329' title='bbox 2052 289 2189 314; x_wconf 85' lang='lat' dir='ltr'>aeterne</span> 
     </span>
     <span class='ocr_line' id='line_1_55' title="bbox 1207 329 2190 376; baseline -0.004 -9"><span class='ocrx_word' id='word_1_330' title='bbox 1207 335 1322 374; x_wconf 89' lang='lat' dir='ltr'>Deus,</span> <span class='ocrx_word' id='word_1_331' title='bbox 1349 339 1447 376; x_wconf 87' lang='lat' dir='ltr'>pater</span> <span class='ocrx_word' id='word_1_332' title='bbox 1461 329 1609 364; x_wconf 88' lang='lat' dir='ltr'>Domini</span> <span class='ocrx_word' id='word_1_333' title='bbox 1623 333 1733 365; x_wconf 89' lang='lat' dir='ltr'>nostri</span> <span class='ocrx_word' id='word_1_334' title='bbox 1751 331 1828 365; x_wconf 88' lang='lat' dir='ltr'>Iesu</span> <span class='ocrx_word' id='word_1_335' title='bbox 1843 329 1992 374; x_wconf 88' lang='lat' dir='ltr'>Christi,</span> <span class='ocrx_word' id='word_1_336' title='bbox 2028 332 2190 364; x_wconf 89' lang='lat' dir='ltr'>conditor</span> 
     </span>
     <span class='ocr_line' id='line_1_56' title="bbox 1209 379 2192 424; baseline -0.004 -7"><span class='ocrx_word' id='word_1_337' title='bbox 1209 384 1297 418; x_wconf 90' lang='lat' dir='ltr'>coeli</span> <span class='ocrx_word' id='word_1_338' title='bbox 1321 390 1354 416; x_wconf 89' lang='lat' dir='ltr'>et</span> <span class='ocrx_word' id='word_1_339' title='bbox 1378 390 1490 415; x_wconf 86' lang='lat' dir='ltr'>terrae</span> <span class='ocrx_word' id='word_1_340' title='bbox 1518 388 1551 415; x_wconf 90' lang='lat' dir='ltr'>et</span> <span class='ocrx_word' id='word_1_341' title='bbox 1573 379 1777 422; x_wconf 88' lang='lat' dir='ltr'>hominum,</span> <span class='ocrx_word' id='word_1_342' title='bbox 1801 382 1890 415; x_wconf 90' lang='lat' dir='ltr'>veris</span> <span class='ocrx_word' id='word_1_343' title='bbox 1907 381 2094 424; x_wconf 84' lang='lat' dir='ltr'>gemitibus</span> <span class='ocrx_word' id='word_1_344' title='bbox 2112 392 2192 414; x_wconf 87' lang='lat' dir='ltr'>ora-</span> 
     </span>
     <span class='ocr_line' id='line_1_57' title="bbox 1210 430 2194 475; baseline -0.004 -8"><span class='ocrx_word' id='word_1_345' title='bbox 1210 445 1305 472; x_wconf 88' lang='lat' dir='ltr'>mus,</span> <span class='ocrx_word' id='word_1_346' title='bbox 1340 440 1379 466; x_wconf 88' lang='lat' dir='ltr'>ut</span> <span class='ocrx_word' id='word_1_347' title='bbox 1405 443 1469 465; x_wconf 88' lang='lat' dir='ltr'>nos</span> <span class='ocrx_word' id='word_1_348' title='bbox 1490 432 1681 475; x_wconf 83' lang='lat' dir='ltr'>gubernes,</span> <span class='ocrx_word' id='word_1_349' title='bbox 1722 439 1754 465; x_wconf 91' lang='lat' dir='ltr'>et</span> <span class='ocrx_word' id='word_1_350' title='bbox 1778 432 1815 464; x_wconf 88' lang='lat' dir='ltr'>in</span> <span class='ocrx_word' id='word_1_351' title='bbox 1841 432 1942 465; x_wconf 86' lang='lat' dir='ltr'>nobis</span> <span class='ocrx_word' id='word_1_352' title='bbox 1968 430 2122 471; x_wconf 87' lang='lat' dir='ltr'>habites,</span> <span class='ocrx_word' id='word_1_353' title='bbox 2161 436 2194 463; x_wconf 90' lang='lat' dir='ltr'>et</span> 
     </span>
     <span class='ocr_line' id='line_1_58' title="bbox 1211 482 2023 525; baseline -0.002 -8"><span class='ocrx_word' id='word_1_354' title='bbox 1211 483 1296 518; x_wconf 84' lang='lat' dir='ltr'>haec</span> <span class='ocrx_word' id='word_1_355' title='bbox 1313 483 1426 515; x_wconf 85' lang='lat' dir='ltr'>studia</span> <span class='ocrx_word' id='word_1_356' title='bbox 1444 489 1476 515; x_wconf 87' lang='lat' dir='ltr'>et</span> <span class='ocrx_word' id='word_1_357' title='bbox 1493 482 1700 515; x_wconf 89' lang='lat' dir='ltr'>discentium</span> <span class='ocrx_word' id='word_1_358' title='bbox 1720 488 1836 515; x_wconf 85' lang='lat' dir='ltr'>coctus</span> <span class='ocrx_word' id='word_1_359' title='bbox 1853 489 2023 525; x_wconf 74' lang='lat' dir='ltr'>protegas-</span> 
     </span>
    </p>

    <p class='ocr_par' dir='ltr' id='par_1_15' title="bbox 1214 530 2219 1815">
     <span class='ocr_line' id='line_1_59' title="bbox 1313 530 2195 575; baseline -0.005 -9"><span class='ocrx_word' id='word_1_360' title='bbox 1313 532 1403 566; x_wconf 90' lang='lat' dir='ltr'>Cum</span> <span class='ocrx_word' id='word_1_361' title='bbox 1421 539 1534 565; x_wconf 88' lang='lat' dir='ltr'>autem</span> <span class='ocrx_word' id='word_1_362' title='bbox 1554 532 1589 564; x_wconf 89' lang='lat' dir='ltr'>in</span> <span class='ocrx_word' id='word_1_363' title='bbox 1609 530 1674 565; x_wconf 91' lang='lat' dir='ltr'>hoc</span> <span class='ocrx_word' id='word_1_364' title='bbox 1692 532 1833 575; x_wconf 90' lang='lat' dir='ltr'>publico</span> <span class='ocrx_word' id='word_1_365' title='bbox 1857 543 2042 574; x_wconf 84' lang='lat' dir='ltr'>congressu</span> <span class='ocrx_word' id='word_1_366' title='bbox 2059 530 2195 575; x_wconf 89' lang='lat' dir='ltr'>aliquid</span> 
     </span>
     <span class='ocr_line' id='line_1_60' title="bbox 1214 580 2196 626; baseline -0.005 -8"><span class='ocrx_word' id='word_1_367' title='bbox 1214 584 1401 618; x_wconf 90' lang='lat' dir='ltr'>dicendum</span> <span class='ocrx_word' id='word_1_368' title='bbox 1420 590 1526 620; x_wconf 84' lang='lat' dir='ltr'>esset,</span> <span class='ocrx_word' id='word_1_369' title='bbox 1554 589 1586 616; x_wconf 90' lang='lat' dir='ltr'>et</span> <span class='ocrx_word' id='word_1_370' title='bbox 1605 580 1671 615; x_wconf 90' lang='lat' dir='ltr'>hoc</span> <span class='ocrx_word' id='word_1_371' title='bbox 1689 583 1762 626; x_wconf 88' lang='lat' dir='ltr'>ipso</span> <span class='ocrx_word' id='word_1_372' title='bbox 1782 589 1937 626; x_wconf 78' lang='lat' dir='ltr'>tempore</span> <span class='ocrx_word' id='word_1_373' title='bbox 1964 582 2019 614; x_wconf 76' lang='lat' dir='ltr'>vir</span> <span class='ocrx_word' id='word_1_374' title='bbox 2037 580 2196 614; x_wconf 89' lang='lat' dir='ltr'>doctissi-</span> 
     </span>
     <span class='ocr_line' id='line_1_61' title="bbox 1215 631 2196 674; baseline -0.004 -7"><span class='ocrx_word' id='word_1_375' title='bbox 1215 645 1291 668; x_wconf 91' lang='lat' dir='ltr'>mus</span> <span class='ocrx_word' id='word_1_376' title='bbox 1315 633 1446 666; x_wconf 89' lang='lat' dir='ltr'>Paulus</span> <span class='ocrx_word' id='word_1_377' title='bbox 1467 631 1603 665; x_wconf 90' lang='lat' dir='ltr'>Eberus</span> <span class='ocrx_word' id='word_1_378' title='bbox 1632 632 1863 665; x_wconf 84' lang='lat' dir='ltr'>anatomicam</span> <span class='ocrx_word' id='word_1_379' title='bbox 1895 632 2091 665; x_wconf 87' lang='lat' dir='ltr'>doctrinam</span> <span class='ocrx_word' id='word_1_380' title='bbox 2115 643 2196 674; x_wconf 93' lang='lat' dir='ltr'>pro-</span> 
     </span>
     <span class='ocr_line' id='line_1_62' title="bbox 1216 681 2194 729; baseline -0.005 -12"><span class='ocrx_word' id='word_1_381' title='bbox 1216 695 1345 729; x_wconf 85' lang='lat' dir='ltr'>ponere</span> <span class='ocrx_word' id='word_1_382' title='bbox 1367 683 1515 726; x_wconf 86' lang='lat' dir='ltr'>ceperit,</span> <span class='ocrx_word' id='word_1_383' title='bbox 1541 683 1584 715; x_wconf 84' lang='lat' dir='ltr'>de</span> <span class='ocrx_word' id='word_1_384' title='bbox 1603 694 1671 726; x_wconf 88' lang='lat' dir='ltr'>qua</span> <span class='ocrx_word' id='word_1_385' title='bbox 1689 695 1742 715; x_wconf 92' lang='lat' dir='ltr'>me</span> <span class='ocrx_word' id='word_1_386' title='bbox 1760 683 1917 715; x_wconf 87' lang='lat' dir='ltr'>deditum</span> <span class='ocrx_word' id='word_1_387' title='bbox 1941 682 2006 715; x_wconf 88' lang='lat' dir='ltr'>arti</span> <span class='ocrx_word' id='word_1_388' title='bbox 2022 681 2194 718; x_wconf 83' lang='lat' dir='ltr'>Medicae,</span> 
     </span>
     <span class='ocr_line' id='line_1_63' title="bbox 1218 732 2200 777; baseline -0.004 -10"><span class='ocrx_word' id='word_1_389' title='bbox 1218 735 1367 777; x_wconf 85' lang='lat' dir='ltr'>cogitare</span> <span class='ocrx_word' id='word_1_390' title='bbox 1384 745 1483 776; x_wconf 83' lang='lat' dir='ltr'>saepe</span> <span class='ocrx_word' id='word_1_391' title='bbox 1503 744 1639 765; x_wconf 86' lang='lat' dir='ltr'>necesse</span> <span class='ocrx_word' id='word_1_392' title='bbox 1662 739 1729 772; x_wconf 92' lang='lat' dir='ltr'>est,</span> <span class='ocrx_word' id='word_1_393' title='bbox 1754 733 1891 765; x_wconf 88' lang='lat' dir='ltr'>omissis</span> <span class='ocrx_word' id='word_1_394' title='bbox 1913 732 1990 765; x_wconf 86' lang='lat' dir='ltr'>aliis</span> <span class='ocrx_word' id='word_1_395' title='bbox 2014 742 2200 774; x_wconf 81' lang='lat' dir='ltr'>argumen-</span> 
     </span>
     <span class='ocr_line' id='line_1_64' title="bbox 1218 780 2201 824; baseline -0.004 -7"><span class='ocrx_word' id='word_1_396' title='bbox 1218 786 1281 824; x_wconf 87' lang='lat' dir='ltr'>tis,</span> <span class='ocrx_word' id='word_1_397' title='bbox 1315 783 1434 817; x_wconf 90' lang='lat' dir='ltr'>censui</span> <span class='ocrx_word' id='word_1_398' title='bbox 1458 780 1739 816; x_wconf 86' lang='lat' dir='ltr'>adhortationem</span> <span class='ocrx_word' id='word_1_399' title='bbox 1763 783 2012 816; x_wconf 84' lang='lat' dir='ltr'>instituendam</span> <span class='ocrx_word' id='word_1_400' title='bbox 2040 793 2128 821; x_wconf 87' lang='lat' dir='ltr'>esse,</span> <span class='ocrx_word' id='word_1_401' title='bbox 2162 786 2201 814; x_wconf 91' lang='lat' dir='ltr'>ut</span> 
     </span>
     <span class='ocr_line' id='line_1_65' title="bbox 1220 832 2201 878; baseline -0.004 -11"><span class='ocrx_word' id='word_1_402' title='bbox 1220 836 1255 867; x_wconf 92' lang='lat' dir='ltr'>in</span> <span class='ocrx_word' id='word_1_403' title='bbox 1273 834 1433 878; x_wconf 88' lang='lat' dir='ltr'>pluribus</span> <span class='ocrx_word' id='word_1_404' title='bbox 1449 834 1670 866; x_wconf 84' lang='lat' dir='ltr'>accenderem</span> <span class='ocrx_word' id='word_1_405' title='bbox 1688 833 1866 866; x_wconf 84' lang='lat' dir='ltr'>doctrinae</span> <span class='ocrx_word' id='word_1_406' title='bbox 1891 832 2106 865; x_wconf 86' lang='lat' dir='ltr'>anatomicae</span> <span class='ocrx_word' id='word_1_407' title='bbox 2128 837 2201 864; x_wconf 90' lang='lat' dir='ltr'>stu-</span> 
     </span>
     <span class='ocr_line' id='line_1_66' title="bbox 1221 882 2201 927; baseline -0.004 -10"><span class='ocrx_word' id='word_1_408' title='bbox 1221 886 1336 927; x_wconf 79' lang='lat' dir='ltr'>dium,</span> <span class='ocrx_word' id='word_1_409' title='bbox 1360 884 1446 916; x_wconf 92' lang='lat' dir='ltr'>utile</span> <span class='ocrx_word' id='word_1_410' title='bbox 1470 895 1541 916; x_wconf 92' lang='lat' dir='ltr'>non</span> <span class='ocrx_word' id='word_1_411' title='bbox 1566 883 1679 915; x_wconf 90' lang='lat' dir='ltr'>solum</span> <span class='ocrx_word' id='word_1_412' title='bbox 1703 883 1745 915; x_wconf 90' lang='lat' dir='ltr'>ad</span> <span class='ocrx_word' id='word_1_413' title='bbox 1771 883 2005 915; x_wconf 86' lang='lat' dir='ltr'>valetudinem</span> <span class='ocrx_word' id='word_1_414' title='bbox 2025 882 2201 920; x_wconf 87' lang='lat' dir='ltr'>tuendam,</span> 
     </span>
     <span class='ocr_line' id='line_1_67' title="bbox 1222 931 2203 977; baseline -0.006 -8"><span class='ocrx_word' id='word_1_415' title='bbox 1222 945 1254 969; x_wconf 89' lang='lat' dir='ltr'>et</span> <span class='ocrx_word' id='word_1_416' title='bbox 1271 936 1312 968; x_wconf 89' lang='lat' dir='ltr'>ad</span> <span class='ocrx_word' id='word_1_417' title='bbox 1334 935 1475 967; x_wconf 88' lang='lat' dir='ltr'>morbos</span> <span class='ocrx_word' id='word_1_418' title='bbox 1493 933 1736 977; x_wconf 79' lang='lat' dir='ltr'>depellendos,</span> <span class='ocrx_word' id='word_1_419' title='bbox 1762 934 1819 965; x_wconf 89' lang='lat' dir='ltr'>sed</span> <span class='ocrx_word' id='word_1_420' title='bbox 1844 933 1948 965; x_wconf 82' lang='lat' dir='ltr'>etiarn</span> <span class='ocrx_word' id='word_1_421' title='bbox 1971 933 2013 964; x_wconf 90' lang='lat' dir='ltr'>ad</span> <span class='ocrx_word' id='word_1_422' title='bbox 2035 931 2203 973; x_wconf 81' lang='lat' dir='ltr'>regendos</span> 
     </span>
     <span class='ocr_line' id='line_1_68' title="bbox 1223 981 2205 1025; baseline -0.006 -7"><span class='ocrx_word' id='word_1_423' title='bbox 1223 996 1355 1024; x_wconf 87' lang='lat' dir='ltr'>mores,</span> <span class='ocrx_word' id='word_1_424' title='bbox 1390 985 1434 1016; x_wconf 89' lang='lat' dir='ltr'>ad</span> <span class='ocrx_word' id='word_1_425' title='bbox 1457 984 1670 1025; x_wconf 83' lang='lat' dir='ltr'>agnitionem</span> <span class='ocrx_word' id='word_1_426' title='bbox 1697 981 1784 1023; x_wconf 88' lang='lat' dir='ltr'>Dei,</span> <span class='ocrx_word' id='word_1_427' title='bbox 1815 989 1848 1016; x_wconf 89' lang='lat' dir='ltr'>et</span> <span class='ocrx_word' id='word_1_428' title='bbox 1872 983 1914 1015; x_wconf 91' lang='lat' dir='ltr'>ad</span> <span class='ocrx_word' id='word_1_429' title='bbox 1941 981 2205 1024; x_wconf 85' lang='lat' dir='ltr'>intelligendam</span> 
     </span>
     <span class='ocr_line' id='line_1_69' title="bbox 1223 1030 2206 1076; baseline -0.006 -8"><span class='ocrx_word' id='word_1_430' title='bbox 1223 1034 1397 1068; x_wconf 87' lang='lat' dir='ltr'>Ecclesiae</span> <span class='ocrx_word' id='word_1_431' title='bbox 1412 1034 1621 1068; x_wconf 84' lang='lat' dir='ltr'>doctrinam.</span> <span class='ocrx_word' id='word_1_432' title='bbox 1673 1031 1788 1066; x_wconf 88' lang='lat' dir='ltr'>Rudis</span> <span class='ocrx_word' id='word_1_433' title='bbox 1810 1040 1899 1066; x_wconf 83' lang='lat' dir='ltr'>aetas</span> <span class='ocrx_word' id='word_1_434' title='bbox 1926 1044 1970 1065; x_wconf 91' lang='lat' dir='ltr'>ne</span> <span class='ocrx_word' id='word_1_435' title='bbox 1994 1038 2106 1076; x_wconf 87' lang='lat' dir='ltr'>potest</span> <span class='ocrx_word' id='word_1_436' title='bbox 2125 1030 2206 1075; x_wconf 87' lang='lat' dir='ltr'>qui-</span> 
     </span>
     <span class='ocr_line' id='line_1_70' title="bbox 1225 1080 2203 1125; baseline -0.006 -8"><span class='ocrx_word' id='word_1_437' title='bbox 1225 1086 1303 1118; x_wconf 91' lang='lat' dir='ltr'>dem</span> <span class='ocrx_word' id='word_1_438' title='bbox 1320 1082 1445 1117; x_wconf 85' lang='lat' dir='ltr'>harum</span> <span class='ocrx_word' id='word_1_439' title='bbox 1464 1084 1654 1117; x_wconf 89' lang='lat' dir='ltr'>utilitatum</span> <span class='ocrx_word' id='word_1_440' title='bbox 1669 1083 1946 1125; x_wconf 86' lang='lat' dir='ltr'>magnitudinem</span> <span class='ocrx_word' id='word_1_441' title='bbox 1964 1093 2124 1119; x_wconf 87' lang='lat' dir='ltr'>cernere,</span> <span class='ocrx_word' id='word_1_442' title='bbox 2146 1080 2203 1112; x_wconf 86' lang='lat' dir='ltr'>sed</span> 
     </span>
     <span class='ocr_line' id='line_1_71' title="bbox 1225 1133 2208 1173; baseline -0.004 -6"><span class='ocrx_word' id='word_1_443' title='bbox 1225 1148 1243 1168; x_wconf 91' lang='lat' dir='ltr'>a</span> <span class='ocrx_word' id='word_1_444' title='bbox 1268 1134 1370 1167; x_wconf 91' lang='lat' dir='ltr'>nobis</span> <span class='ocrx_word' id='word_1_445' title='bbox 1395 1135 1505 1167; x_wconf 88' lang='lat' dir='ltr'>bonae</span> <span class='ocrx_word' id='word_1_446' title='bbox 1530 1140 1664 1166; x_wconf 90' lang='lat' dir='ltr'>mentes</span> <span class='ocrx_word' id='word_1_447' title='bbox 1689 1133 2054 1166; x_wconf 86' lang='lat' dir='ltr'>commonefaciendae</span> <span class='ocrx_word' id='word_1_448' title='bbox 2079 1138 2118 1173; x_wconf 55' lang='lat' dir='ltr'>,et</span> <span class='ocrx_word' id='word_1_449' title='bbox 2148 1142 2208 1163; x_wconf 79' lang='lat' dir='ltr'>ex-</span> 
     </span>
     <span class='ocr_line' id='line_1_72' title="bbox 1227 1179 2209 1227; baseline -0.004 -10"><span class='ocrx_word' id='word_1_450' title='bbox 1227 1185 1425 1218; x_wconf 82' lang='lat' dir='ltr'>uscitandae</span> <span class='ocrx_word' id='word_1_451' title='bbox 1443 1191 1543 1223; x_wconf 88' lang='lat' dir='ltr'>sunt,</span> <span class='ocrx_word' id='word_1_452' title='bbox 1570 1190 1607 1216; x_wconf 83' lang='lat' dir='ltr'>ut</span> <span class='ocrx_word' id='word_1_453' title='bbox 1622 1195 1677 1216; x_wconf 87' lang='lat' dir='ltr'>eas</span> <span class='ocrx_word' id='word_1_454' title='bbox 1694 1184 1900 1227; x_wconf 83' lang='lat' dir='ltr'>adspiciam,</span> <span class='ocrx_word' id='word_1_455' title='bbox 1927 1189 1958 1216; x_wconf 91' lang='lat' dir='ltr'>et</span> <span class='ocrx_word' id='word_1_456' title='bbox 1974 1180 2064 1215; x_wconf 86' lang='lat' dir='ltr'>hanc</span> <span class='ocrx_word' id='word_1_457' title='bbox 2078 1179 2209 1214; x_wconf 85' lang='lat' dir='ltr'>doctri-</span> 
     </span>
     <span class='ocr_line' id='line_1_73' title="bbox 1228 1231 2211 1277; baseline -0.005 -10"><span class='ocrx_word' id='word_1_458' title='bbox 1228 1248 1307 1268; x_wconf 83' lang='lat' dir='ltr'>nam</span> <span class='ocrx_word' id='word_1_459' title='bbox 1323 1235 1466 1267; x_wconf 86' lang='lat' dir='ltr'>discant.</span> <span class='ocrx_word' id='word_1_460' title='bbox 1519 1232 1571 1267; x_wconf 83' lang='lat' dir='ltr'>Ac</span> <span class='ocrx_word' id='word_1_461' title='bbox 1597 1245 1775 1277; x_wconf 90' lang='lat' dir='ltr'>speramus</span> <span class='ocrx_word' id='word_1_462' title='bbox 1802 1231 1864 1266; x_wconf 89' lang='lat' dir='ltr'>has</span> <span class='ocrx_word' id='word_1_463' title='bbox 1889 1240 2024 1266; x_wconf 89' lang='lat' dir='ltr'>nostras</span> <span class='ocrx_word' id='word_1_464' title='bbox 2048 1238 2211 1275; x_wconf 86' lang='lat' dir='ltr'>paternas</span> 
     </span>
     <span class='ocr_line' id='line_1_74' title="bbox 1228 1279 2211 1325; baseline -0.007 -6"><span class='ocrx_word' id='word_1_465' title='bbox 1228 1293 1261 1319; x_wconf 89' lang='lat' dir='ltr'>et</span> <span class='ocrx_word' id='word_1_466' title='bbox 1290 1285 1506 1317; x_wconf 83' lang='lat' dir='ltr'>fidelissimas</span> <span class='ocrx_word' id='word_1_467' title='bbox 1538 1284 1799 1316; x_wconf 87' lang='lat' dir='ltr'>admonitiones</span> <span class='ocrx_word' id='word_1_468' title='bbox 1824 1290 1857 1316; x_wconf 89' lang='lat' dir='ltr'>et</span> <span class='ocrx_word' id='word_1_469' title='bbox 1881 1282 2052 1325; x_wconf 87' lang='lat' dir='ltr'>profuisse</span> <span class='ocrx_word' id='word_1_470' title='bbox 2079 1279 2211 1319; x_wconf 88' lang='lat' dir='ltr'>multis,</span> 
     </span>
     <span class='ocr_line' id='line_1_75' title="bbox 1230 1330 2213 1377; baseline -0.006 -10"><span class='ocrx_word' id='word_1_471' title='bbox 1230 1342 1261 1367; x_wconf 86' lang='lat' dir='ltr'>et</span> <span class='ocrx_word' id='word_1_472' title='bbox 1289 1332 1403 1366; x_wconf 88' lang='lat' dir='ltr'>adhuc</span> <span class='ocrx_word' id='word_1_473' title='bbox 1434 1334 1608 1377; x_wconf 83' lang='lat' dir='ltr'>prodesse.</span> <span class='ocrx_word' id='word_1_474' title='bbox 1669 1331 1786 1373; x_wconf 84' lang='lat' dir='ltr'>Quare</span> <span class='ocrx_word' id='word_1_475' title='bbox 1812 1343 1868 1364; x_wconf 88' lang='lat' dir='ltr'>eas</span> <span class='ocrx_word' id='word_1_476' title='bbox 1891 1342 1990 1374; x_wconf 91' lang='lat' dir='ltr'>saepe</span> <span class='ocrx_word' id='word_1_477' title='bbox 2013 1330 2213 1373; x_wconf 88' lang='lat' dir='ltr'>repetimus,</span> 
     </span>
     <span class='ocr_line' id='line_1_76' title="bbox 1229 1379 2212 1423; baseline -0.003 -10"><span class='ocrx_word' id='word_1_478' title='bbox 1229 1384 1363 1414; x_wconf 65' lang='lat' dir='ltr'>etiamsi</span> <span class='ocrx_word' id='word_1_479' title='bbox 1387 1383 1448 1423; x_wconf 79' lang='lat' dir='ltr'>qui</span> <span class='ocrx_word' id='word_1_480' title='bbox 1473 1384 1557 1411; x_wconf 78' lang='lat' dir='ltr'>adeo</span> <span class='ocrx_word' id='word_1_481' title='bbox 1578 1382 1643 1410; x_wconf 80' lang='lat' dir='ltr'>feri</span> <span class='ocrx_word' id='word_1_482' title='bbox 1669 1387 1768 1418; x_wconf 84' lang='lat' dir='ltr'>sunt,</span> <span class='ocrx_word' id='word_1_483' title='bbox 1795 1388 1833 1411; x_wconf 83' lang='lat' dir='ltr'>ut</span> <span class='ocrx_word' id='word_1_484' title='bbox 1860 1379 1950 1410; x_wconf 87' lang='lat' dir='ltr'>hanc</span> <span class='ocrx_word' id='word_1_485' title='bbox 1973 1379 2212 1412; x_wconf 85' lang='lat' dir='ltr'>dulcissimam</span> 
     </span>
     <span class='ocr_line' id='line_1_77' title="bbox 1229 1427 2211 1472; baseline -0.004 -9"><span class='ocrx_word' id='word_1_486' title='bbox 1229 1430 1425 1463; x_wconf 87' lang='lat' dir='ltr'>doctrinam</span> <span class='ocrx_word' id='word_1_487' title='bbox 1451 1440 1494 1461; x_wconf 88' lang='lat' dir='ltr'>ne</span> <span class='ocrx_word' id='word_1_488' title='bbox 1519 1434 1656 1470; x_wconf 87' lang='lat' dir='ltr'>gustare</span> <span class='ocrx_word' id='word_1_489' title='bbox 1682 1427 1824 1471; x_wconf 89' lang='lat' dir='ltr'>quidem</span> <span class='ocrx_word' id='word_1_490' title='bbox 1849 1427 1969 1460; x_wconf 89' lang='lat' dir='ltr'>velint.</span> <span class='ocrx_word' id='word_1_491' title='bbox 2034 1427 2211 1472; x_wconf 87' lang='lat' dir='ltr'>Alloquor</span> 
     </span>
     <span class='ocr_line' id='line_1_78' title="bbox 1231 1476 2216 1521; baseline -0.005 -7"><span class='ocrx_word' id='word_1_492' title='bbox 1231 1487 1344 1514; x_wconf 88' lang='lat' dir='ltr'>autem</span> <span class='ocrx_word' id='word_1_493' title='bbox 1363 1491 1436 1511; x_wconf 91' lang='lat' dir='ltr'>non</span> <span class='ocrx_word' id='word_1_494' title='bbox 1455 1484 1670 1510; x_wconf 88' lang='lat' dir='ltr'>monstrosas</span> <span class='ocrx_word' id='word_1_495' title='bbox 1687 1484 1847 1518; x_wconf 84' lang='lat' dir='ltr'>naturas,</span> <span class='ocrx_word' id='word_1_496' title='bbox 1871 1478 1929 1510; x_wconf 86' lang='lat' dir='ltr'>sed</span> <span class='ocrx_word' id='word_1_497' title='bbox 1947 1477 2051 1516; x_wconf 88' lang='lat' dir='ltr'>tales,</span> <span class='ocrx_word' id='word_1_498' title='bbox 2078 1478 2117 1509; x_wconf 87' lang='lat' dir='ltr'>in</span> <span class='ocrx_word' id='word_1_499' title='bbox 2135 1476 2216 1521; x_wconf 89' lang='lat' dir='ltr'>qui-</span> 
     </span>
     <span class='ocr_line' id='line_1_79' title="bbox 1231 1527 2216 1574; baseline -0.004 -10"><span class='ocrx_word' id='word_1_500' title='bbox 1231 1533 1295 1564; x_wconf 89' lang='lat' dir='ltr'>bus</span> <span class='ocrx_word' id='word_1_501' title='bbox 1310 1530 1426 1574; x_wconf 86' lang='lat' dir='ltr'>aliqua</span> <span class='ocrx_word' id='word_1_502' title='bbox 1445 1534 1527 1561; x_wconf 89' lang='lat' dir='ltr'>sunt</span> <span class='ocrx_word' id='word_1_503' title='bbox 1543 1528 1712 1560; x_wconf 88' lang='lat' dir='ltr'>virtutum</span> <span class='ocrx_word' id='word_1_504' title='bbox 1728 1527 1860 1560; x_wconf 82' lang='lat' dir='ltr'>semina</span> <span class='ocrx_word' id='word_1_505' title='bbox 1873 1551 1882 1566; x_wconf 95' lang='lat'>,</span> <span class='ocrx_word' id='word_1_506' title='bbox 1909 1534 1942 1561; x_wconf 91' lang='lat' dir='ltr'>et</span> <span class='ocrx_word' id='word_1_507' title='bbox 1961 1527 1999 1560; x_wconf 89' lang='lat' dir='ltr'>in</span> <span class='ocrx_word' id='word_1_508' title='bbox 2018 1527 2145 1572; x_wconf 90' lang='lat' dir='ltr'>quibus</span> <span class='ocrx_word' id='word_1_509' title='bbox 2160 1527 2216 1560; x_wconf 91' lang='lat' dir='ltr'>lu-</span> 
     </span>
     <span class='ocr_line' id='line_1_80' title="bbox 1232 1575 2217 1614; baseline -0.004 0"><span class='ocrx_word' id='word_1_510' title='bbox 1232 1587 1281 1614; x_wconf 80' lang='lat' dir='ltr'>cet</span> <span class='ocrx_word' id='word_1_511' title='bbox 1302 1579 1455 1613; x_wconf 88' lang='lat' dir='ltr'>scintilla</span> <span class='ocrx_word' id='word_1_512' title='bbox 1475 1584 1674 1610; x_wconf 88' lang='lat' dir='ltr'>monstrans</span> <span class='ocrx_word' id='word_1_513' title='bbox 1697 1577 1887 1610; x_wconf 89' lang='lat' dir='ltr'>discrimen</span> <span class='ocrx_word' id='word_1_514' title='bbox 1911 1575 2137 1611; x_wconf 87' lang='lat' dir='ltr'>honestarum</span> <span class='ocrx_word' id='word_1_515' title='bbox 2161 1588 2217 1610; x_wconf 89' lang='lat' dir='ltr'>re-</span> 
     </span>
     <span class='ocr_line' id='line_1_81' title="bbox 1232 1625 2218 1672; baseline -0.004 -8"><span class='ocrx_word' id='word_1_516' title='bbox 1232 1643 1311 1664; x_wconf 92' lang='lat' dir='ltr'>rum</span> <span class='ocrx_word' id='word_1_517' title='bbox 1339 1636 1372 1663; x_wconf 93' lang='lat' dir='ltr'>et</span> <span class='ocrx_word' id='word_1_518' title='bbox 1397 1628 1565 1672; x_wconf 87' lang='lat' dir='ltr'>turpium.</span> <span class='ocrx_word' id='word_1_519' title='bbox 1617 1627 1690 1660; x_wconf 66' lang='lat' dir='ltr'>Vos</span> <span class='ocrx_word' id='word_1_520' title='bbox 1706 1627 1813 1670; x_wconf 87' lang='lat' dir='ltr'>igitur</span> <span class='ocrx_word' id='word_1_521' title='bbox 1831 1625 1967 1661; x_wconf 89' lang='lat' dir='ltr'>honesti</span> <span class='ocrx_word' id='word_1_522' title='bbox 1984 1628 2218 1661; x_wconf 88' lang='lat' dir='ltr'>adolescentes</span> 
     </span>
     <span class='ocr_line' id='line_1_82' title="bbox 1234 1676 2218 1718; baseline -0.003 -5"><span class='ocrx_word' id='word_1_523' title='bbox 1234 1691 1356 1714; x_wconf 93' lang='lat' dir='ltr'>omnes</span> <span class='ocrx_word' id='word_1_524' title='bbox 1381 1676 1550 1712; x_wconf 89' lang='lat' dir='ltr'>adhortor</span> <span class='ocrx_word' id='word_1_525' title='bbox 1573 1684 1606 1712; x_wconf 84' lang='lat' dir='ltr'>et</span> <span class='ocrx_word' id='word_1_526' title='bbox 1631 1678 1804 1718; x_wconf 88' lang='lat' dir='ltr'>obtestor,</span> <span class='ocrx_word' id='word_1_527' title='bbox 1845 1685 1885 1712; x_wconf 89' lang='lat' dir='ltr'>ut</span> <span class='ocrx_word' id='word_1_528' title='bbox 1910 1678 2011 1712; x_wconf 89' lang='lat' dir='ltr'>initia</span> <span class='ocrx_word' id='word_1_529' title='bbox 2038 1678 2218 1712; x_wconf 85' lang='lat' dir='ltr'>doctrinae</span> 
     </span>
     <span class='ocr_line' id='line_1_83' title="bbox 1234 1728 2219 1774; baseline -0.003 -10"><span class='ocrx_word' id='word_1_530' title='bbox 1234 1729 1469 1770; x_wconf 82' lang='lat' dir='ltr'>anatomicae,</span> <span class='ocrx_word' id='word_1_531' title='bbox 1511 1740 1599 1774; x_wconf 91' lang='lat' dir='ltr'>quae</span> <span class='ocrx_word' id='word_1_532' title='bbox 1629 1728 1728 1762; x_wconf 91' lang='lat' dir='ltr'>vobis</span> <span class='ocrx_word' id='word_1_533' title='bbox 1752 1740 1825 1762; x_wconf 92' lang='lat' dir='ltr'>non</span> <span class='ocrx_word' id='word_1_534' title='bbox 1854 1729 1995 1762; x_wconf 87' lang='lat' dir='ltr'>sordide</span> <span class='ocrx_word' id='word_1_535' title='bbox 2020 1729 2219 1766; x_wconf 81' lang='lat' dir='ltr'>traduntur,</span> 
     </span>
     <span class='ocr_line' id='line_1_84' title="bbox 1237 1780 1557 1815; baseline -0.013 0"><span class='ocrx_word' id='word_1_536' title='bbox 1237 1781 1391 1815; x_wconf 87' lang='lat' dir='ltr'>studiose</span> <span class='ocrx_word' id='word_1_537' title='bbox 1407 1780 1557 1813; x_wconf 86' lang='lat' dir='ltr'>discatis.</span> 
     </span>
    </p>

    <p class='ocr_par' dir='ltr' id='par_1_16' title="bbox 1237 1826 2224 2124">
     <span class='ocr_line' id='line_1_85' title="bbox 1338 1826 2220 1874; baseline -0.003 -10"><span class='ocrx_word' id='word_1_538' title='bbox 1338 1830 1443 1873; x_wconf 88' lang='lat' dir='ltr'>Quod</span> <span class='ocrx_word' id='word_1_539' title='bbox 1469 1830 1561 1864; x_wconf 92' lang='lat' dir='ltr'>enim</span> <span class='ocrx_word' id='word_1_540' title='bbox 1580 1828 1689 1874; x_wconf 90' lang='lat' dir='ltr'>aliqui</span> <span class='ocrx_word' id='word_1_541' title='bbox 1711 1835 1853 1871; x_wconf 87' lang='lat' dir='ltr'>putant,</span> <span class='ocrx_word' id='word_1_542' title='bbox 1878 1826 1974 1862; x_wconf 93' lang='lat' dir='ltr'>hunc</span> <span class='ocrx_word' id='word_1_543' title='bbox 1995 1829 2150 1862; x_wconf 90' lang='lat' dir='ltr'>laborem</span> <span class='ocrx_word' id='word_1_544' title='bbox 2175 1828 2220 1861; x_wconf 88' lang='lat' dir='ltr'>ad</span> 
     </span>
     <span class='ocr_line' id='line_1_86' title="bbox 1237 1877 2221 1923; baseline -0.004 -8"><span class='ocrx_word' id='word_1_545' title='bbox 1237 1882 1328 1915; x_wconf 91' lang='lat' dir='ltr'>solos</span> <span class='ocrx_word' id='word_1_546' title='bbox 1346 1880 1505 1914; x_wconf 89' lang='lat' dir='ltr'>Medicos</span> <span class='ocrx_word' id='word_1_547' title='bbox 1523 1879 1714 1923; x_wconf 89' lang='lat' dir='ltr'>pertinere,</span> <span class='ocrx_word' id='word_1_548' title='bbox 1742 1877 1837 1912; x_wconf 89' lang='lat' dir='ltr'>hunc</span> <span class='ocrx_word' id='word_1_549' title='bbox 1855 1891 2016 1912; x_wconf 89' lang='lat' dir='ltr'>errorum</span> <span class='ocrx_word' id='word_1_550' title='bbox 2034 1879 2143 1913; x_wconf 84' lang='lat' dir='ltr'>taxari</span> <span class='ocrx_word' id='word_1_551' title='bbox 2159 1890 2221 1911; x_wconf 86' lang='lat' dir='ltr'>ne-</span> 
     </span>
     <span class='ocr_line' id='line_1_87' title="bbox 1238 1929 2221 1973; baseline -0.005 -7"><span class='ocrx_word' id='word_1_552' title='bbox 1238 1943 1328 1966; x_wconf 88' lang='lat' dir='ltr'>cesse</span> <span class='ocrx_word' id='word_1_553' title='bbox 1346 1938 1405 1964; x_wconf 84' lang='lat' dir='ltr'>est.</span> <span class='ocrx_word' id='word_1_554' title='bbox 1459 1929 1599 1963; x_wconf 89' lang='lat' dir='ltr'>Medico</span> <span class='ocrx_word' id='word_1_555' title='bbox 1617 1941 1704 1973; x_wconf 84' lang='lat' dir='ltr'>opus</span> <span class='ocrx_word' id='word_1_556' title='bbox 1722 1936 1771 1963; x_wconf 87' lang='lat' dir='ltr'>est</span> <span class='ocrx_word' id='word_1_557' title='bbox 1787 1930 1992 1973; x_wconf 86' lang='lat' dir='ltr'>perfectiore</span> <span class='ocrx_word' id='word_1_558' title='bbox 2010 1929 2221 1972; x_wconf 87' lang='lat' dir='ltr'>cognitione,</span> 
     </span>
     <span class='ocr_line' id='line_1_88' title="bbox 1239 1978 2223 2028; baseline -0.005 -12"><span class='ocrx_word' id='word_1_559' title='bbox 1239 1994 1342 2028; x_wconf 86' lang='lat' dir='ltr'>quam</span> <span class='ocrx_word' id='word_1_560' title='bbox 1362 1981 1439 2014; x_wconf 91' lang='lat' dir='ltr'>aliis</span> <span class='ocrx_word' id='word_1_561' title='bbox 1457 1978 1674 2014; x_wconf 88' lang='lat' dir='ltr'>hominibus.</span> <span class='ocrx_word' id='word_1_562' title='bbox 1727 1978 1862 2013; x_wconf 79' lang='lat' dir='ltr'>Interea</span> <span class='ocrx_word' id='word_1_563' title='bbox 1879 1991 2017 2013; x_wconf 88' lang='lat' dir='ltr'>necesse</span> <span class='ocrx_word' id='word_1_564' title='bbox 2034 1987 2083 2013; x_wconf 92' lang='lat' dir='ltr'>est</span> <span class='ocrx_word' id='word_1_565' title='bbox 2101 1990 2223 2012; x_wconf 90' lang='lat' dir='ltr'>omnes</span> 
     </span>
     <span class='ocr_line' id='line_1_89' title="bbox 1239 2029 2224 2076; baseline -0.004 -10"><span class='ocrx_word' id='word_1_566' title='bbox 1239 2031 1400 2066; x_wconf 91' lang='lat' dir='ltr'>homines</span> <span class='ocrx_word' id='word_1_567' title='bbox 1442 2031 1560 2076; x_wconf 89' lang='lat' dir='ltr'>aliquo</span> <span class='ocrx_word' id='word_1_568' title='bbox 1597 2030 1703 2063; x_wconf 89' lang='lat' dir='ltr'>modo</span> <span class='ocrx_word' id='word_1_569' title='bbox 1741 2030 1898 2074; x_wconf 88' lang='lat' dir='ltr'>corporis</span> <span class='ocrx_word' id='word_1_570' title='bbox 1937 2031 1992 2063; x_wconf 91' lang='lat' dir='ltr'>sui</span> <span class='ocrx_word' id='word_1_571' title='bbox 2026 2029 2224 2064; x_wconf 88' lang='lat' dir='ltr'>aedificium</span> 
     </span>
     <span class='ocr_line' id='line_1_90' title="bbox 1241 2080 1715 2124; baseline -0.008 -8"><span class='ocrx_word' id='word_1_572' title='bbox 1241 2095 1355 2117; x_wconf 88' lang='lat' dir='ltr'>nosse.</span> <span class='ocrx_word' id='word_1_573' title='bbox 1395 2080 1491 2124; x_wconf 89' lang='lat' dir='ltr'>Quas</span> <span class='ocrx_word' id='word_1_574' title='bbox 1509 2082 1555 2114; x_wconf 93' lang='lat' dir='ltr'>ob</span> <span class='ocrx_word' id='word_1_575' title='bbox 1571 2080 1715 2113; x_wconf 82' lang='lat' dir='ltr'>causas?</span> 
     </span>
    </p>

    <p class='ocr_par' dir='ltr' id='par_1_17' title="bbox 1242 2129 2230 2520">
     <span class='ocr_line' id='line_1_91' title="bbox 1342 2129 2224 2173; baseline -0.005 -7"><span class='ocrx_word' id='word_1_576' title='bbox 1342 2132 1499 2166; x_wconf 85' lang='lat' dir='ltr'>Multum</span> <span class='ocrx_word' id='word_1_577' title='bbox 1522 2131 1614 2164; x_wconf 92' lang='lat' dir='ltr'>valet</span> <span class='ocrx_word' id='word_1_578' title='bbox 1643 2130 1830 2164; x_wconf 88' lang='lat' dir='ltr'>mediocris</span> <span class='ocrx_word' id='word_1_579' title='bbox 1855 2129 2038 2173; x_wconf 85' lang='lat' dir='ltr'>diligentia</span> <span class='ocrx_word' id='word_1_580' title='bbox 2063 2129 2100 2162; x_wconf 90' lang='lat' dir='ltr'>in</span> <span class='ocrx_word' id='word_1_581' title='bbox 2129 2129 2224 2162; x_wconf 86' lang='lat' dir='ltr'>victu</span> 
     </span>
     <span class='ocr_line' id='line_1_92' title="bbox 1242 2180 2225 2224; baseline -0.005 -6"><span class='ocrx_word' id='word_1_582' title='bbox 1242 2190 1275 2218; x_wconf 89' lang='lat' dir='ltr'>et</span> <span class='ocrx_word' id='word_1_583' title='bbox 1297 2182 1523 2216; x_wconf 90' lang='lat' dir='ltr'>moderandis</span> <span class='ocrx_word' id='word_1_584' title='bbox 1548 2181 1809 2224; x_wconf 86' lang='lat' dir='ltr'>voluptatibus,</span> <span class='ocrx_word' id='word_1_585' title='bbox 1836 2181 1880 2214; x_wconf 90' lang='lat' dir='ltr'>ad</span> <span class='ocrx_word' id='word_1_586' title='bbox 1904 2181 2069 2214; x_wconf 89' lang='lat' dir='ltr'>tuendam</span> <span class='ocrx_word' id='word_1_587' title='bbox 2088 2180 2225 2213; x_wconf 84' lang='lat' dir='ltr'>valetu-</span> 
     </span>
     <span class='ocr_line' id='line_1_93' title="bbox 1243 2230 2226 2274; baseline -0.005 -7"><span class='ocrx_word' id='word_1_588' title='bbox 1243 2234 1379 2274; x_wconf 86' lang='lat' dir='ltr'>dinem,</span> <span class='ocrx_word' id='word_1_589' title='bbox 1428 2238 1461 2266; x_wconf 87' lang='lat' dir='ltr'>et</span> <span class='ocrx_word' id='word_1_590' title='bbox 1491 2232 1535 2265; x_wconf 86' lang='lat' dir='ltr'>ad</span> <span class='ocrx_word' id='word_1_591' title='bbox 1566 2231 1774 2274; x_wconf 89' lang='lat' dir='ltr'>depellenda</span> <span class='ocrx_word' id='word_1_592' title='bbox 1807 2230 1907 2264; x_wconf 89' lang='lat' dir='ltr'>initia</span> <span class='ocrx_word' id='word_1_593' title='bbox 1942 2230 2226 2263; x_wconf 87' lang='lat' dir='ltr'>saevissimorum</span> 
     </span>
     <span class='ocr_line' id='line_1_94' title="bbox 1243 2279 2228 2324; baseline -0.005 -7"><span class='ocrx_word' id='word_1_594' title='bbox 1243 2284 1460 2318; x_wconf 88' lang='lat' dir='ltr'>morborum.</span> <span class='ocrx_word' id='word_1_595' title='bbox 1512 2279 1570 2315; x_wconf 92' lang='lat' dir='ltr'>Ad</span> <span class='ocrx_word' id='word_1_596' title='bbox 1589 2279 1680 2315; x_wconf 89' lang='lat' dir='ltr'>hanc</span> <span class='ocrx_word' id='word_1_597' title='bbox 1696 2280 1914 2324; x_wconf 87' lang='lat' dir='ltr'>diligentiam</span> <span class='ocrx_word' id='word_1_598' title='bbox 1936 2292 2072 2314; x_wconf 87' lang='lat' dir='ltr'>necesse</span> <span class='ocrx_word' id='word_1_599' title='bbox 2089 2287 2138 2314; x_wconf 88' lang='lat' dir='ltr'>est</span> <span class='ocrx_word' id='word_1_600' title='bbox 2155 2280 2228 2313; x_wconf 88' lang='lat' dir='ltr'>sin-</span> 
     </span>
     <span class='ocr_line' id='line_1_95' title="bbox 1245 2329 2228 2378; baseline -0.004 -10"><span class='ocrx_word' id='word_1_601' title='bbox 1245 2335 1345 2378; x_wconf 89' lang='lat' dir='ltr'>gulos</span> <span class='ocrx_word' id='word_1_602' title='bbox 1361 2334 1480 2378; x_wconf 90' lang='lat' dir='ltr'>aliquo</span> <span class='ocrx_word' id='word_1_603' title='bbox 1504 2333 1608 2365; x_wconf 89' lang='lat' dir='ltr'>modo</span> <span class='ocrx_word' id='word_1_604' title='bbox 1634 2342 1735 2365; x_wconf 89' lang='lat' dir='ltr'>nosse</span> <span class='ocrx_word' id='word_1_605' title='bbox 1757 2342 1818 2364; x_wconf 89' lang='lat' dir='ltr'>sua</span> <span class='ocrx_word' id='word_1_606' title='bbox 1842 2331 2019 2370; x_wconf 88' lang='lat' dir='ltr'>membra,</span> <span class='ocrx_word' id='word_1_607' title='bbox 2050 2329 2228 2371; x_wconf 88' lang='lat' dir='ltr'>humores,</span> 
     </span>
     <span class='ocr_line' id='line_1_96' title="bbox 1243 2378 2229 2431; baseline -0.005 -12"><span class='ocrx_word' id='word_1_608' title='bbox 1243 2386 1396 2431; x_wconf 80' lang='grc' dir='ltr'><strong><em>κρᾶσιν,</em></strong></span> <span class='ocrx_word' id='word_1_609' title='bbox 1427 2383 1667 2416; x_wconf 88' lang='lat' dir='ltr'>membrorum</span> <span class='ocrx_word' id='word_1_610' title='bbox 1697 2381 1870 2425; x_wconf 90' lang='lat' dir='ltr'>positum,</span> <span class='ocrx_word' id='word_1_611' title='bbox 1902 2387 1936 2415; x_wconf 85' lang='lat' dir='ltr'>et</span> <span class='ocrx_word' id='word_1_612' title='bbox 1958 2378 2148 2415; x_wconf 91' lang='lat' dir='ltr'>humorum</span> <span class='ocrx_word' id='word_1_613' title='bbox 2171 2392 2229 2415; x_wconf 89' lang='lat' dir='ltr'>ca-</span> 
     </span>
     <span class='ocr_line' id='line_1_97' title="bbox 1245 2431 2230 2477; baseline -0.003 -9"><span class='ocrx_word' id='word_1_614' title='bbox 1245 2435 1351 2468; x_wconf 85' lang='lat' dir='ltr'>nales.</span> <span class='ocrx_word' id='word_1_615' title='bbox 1378 2433 1552 2477; x_wconf 84' lang='lat' dir='ltr'>Eligenda</span> <span class='ocrx_word' id='word_1_616' title='bbox 1571 2439 1653 2467; x_wconf 89' lang='lat' dir='ltr'>sunt</span> <span class='ocrx_word' id='word_1_617' title='bbox 1669 2431 1935 2473; x_wconf 80' lang='lat' dir='ltr'>convenientia,</span> <span class='ocrx_word' id='word_1_618' title='bbox 1961 2432 2127 2475; x_wconf 87' lang='lat' dir='ltr'>fugienda</span> <span class='ocrx_word' id='word_1_619' title='bbox 2143 2443 2230 2465; x_wconf 89' lang='lat' dir='ltr'>con-</span> 
     </span>
     <span class='ocr_line' id='line_1_98' title="bbox 1245 2484 1365 2520; baseline 0.008 -1"><span class='ocrx_word' id='word_1_620' title='bbox 1245 2484 1365 2520; x_wconf 86' lang='lat' dir='ltr'>traria.</span> 
     </span>
    </p>

    <p class='ocr_par' dir='ltr' id='par_1_18' title="bbox 1246 2530 2231 2631">
     <span class='ocr_line' id='line_1_99' title="bbox 1345 2530 2230 2577; baseline -0.005 -9"><span class='ocrx_word' id='word_1_621' title='bbox 1345 2532 1493 2577; x_wconf 88' lang='lat' dir='ltr'>Quoties</span> <span class='ocrx_word' id='word_1_622' title='bbox 1506 2532 1631 2567; x_wconf 88' lang='lat' dir='ltr'>accidit</span> <span class='ocrx_word' id='word_1_623' title='bbox 1646 2538 1685 2565; x_wconf 91' lang='lat' dir='ltr'>ut</span> <span class='ocrx_word' id='word_1_624' title='bbox 1700 2530 1862 2565; x_wconf 88' lang='lat' dir='ltr'>laborent</span> <span class='ocrx_word' id='word_1_625' title='bbox 1878 2530 2038 2566; x_wconf 87' lang='lat' dir='ltr'>homines</span> <span class='ocrx_word' id='word_1_626' title='bbox 2054 2530 2230 2565; x_wconf 87' lang='lat' dir='ltr'>insomnia</span> 
     </span>
     <span class='ocr_line' id='line_1_100' title="bbox 1246 2579 2231 2631; baseline -0.002 -13"><span class='ocrx_word' id='word_1_627' title='bbox 1246 2590 1390 2631; x_wconf 87' lang='lat' dir='ltr'>propter</span> <span class='ocrx_word' id='word_1_628' title='bbox 1417 2584 1644 2623; x_wconf 85' lang='lat' dir='ltr'>cruditatem,</span> <span class='ocrx_word' id='word_1_629' title='bbox 1675 2579 1730 2615; x_wconf 88' lang='lat' dir='ltr'>his</span> <span class='ocrx_word' id='word_1_630' title='bbox 1761 2583 1844 2615; x_wconf 89' lang='lat' dir='ltr'>dare</span> <span class='ocrx_word' id='word_1_631' title='bbox 1872 2582 1999 2626; x_wconf 84' lang='lat' dir='ltr'>frigida</span> <span class='ocrx_word' id='word_1_632' title='bbox 2024 2581 2231 2626; x_wconf 85' lang='lat' dir='ltr'>soporifera,</span> 
     </span>
    </p>
   </div>
   <div class='ocr_carea' id='block_1_14' title="bbox 1215 2618 2231 2682">
    <p class='ocr_par' dir='ltr' id='par_1_19' title="bbox 1215 2618 2231 2682">
     <span class='ocr_line' id='line_1_101' title="bbox 1215 2618 2231 2682; baseline -0.005 -12"><span class='ocrx_word' id='word_1_633' title='bbox 1215 2618 1483 2682; x_wconf 62' lang='lat' dir='ltr'>{perniciosum</span> <span class='ocrx_word' id='word_1_634' title='bbox 1511 2639 1573 2671; x_wconf 86' lang='lat' dir='ltr'>est.</span> <span class='ocrx_word' id='word_1_635' title='bbox 1625 2631 1775 2676; x_wconf 85' lang='lat' dir='ltr'>Quoties</span> <span class='ocrx_word' id='word_1_636' title='bbox 1806 2632 1942 2668; x_wconf 86' lang='lat' dir='ltr'>subitae</span> <span class='ocrx_word' id='word_1_637' title='bbox 1973 2632 2231 2668; x_wconf 82' lang='lat' dir='ltr'>obstructiones</span> 
     </span>
    </p>
   </div>
  </div>
 </body>
</html>
