2324 2955
114 139 183 172 137

106 233 192 255 num
225 227 259 254 et
288 220 463 253 nobilium
494 219 681 260 uxoribus,
714 233 802 265 quae
835 233 902 254 una
933 220 1089 252 inclusae

106 277 225 312 erant,
252 271 356 304 salvis
374 271 469 303 abire
490 270 609 310 liceat,
637 279 669 304 et
687 277 822 304 tantum
841 273 884 304 de
899 270 970 304 suis
985 271 1089 303 rebus

105 328 266 366 portare,
292 327 461 365 quantum
480 332 712 366 unaquaeque
725 329 850 365 posset.
885 321 990 364 Quod
1009 332 1087 353 cum

105 384 125 405 a
149 371 416 405 clementissimo
441 372 650 414 imperatore
666 371 830 405 Conrado
855 372 956 405 facile
977 371 1089 414 impe—

105 428 272 461 trassent,
307 421 461 454 coniunx
493 420 649 465 Guelphi
680 422 867 456 consilium
893 421 1030 465 pietatis
1056 428 1088 455 et

104 471 186 505 fidei
210 471 404 514 coniugalis
430 472 573 515 plenum
599 472 676 506 init.
729 471 817 504 Nam
843 470 1013 506 hortatrix
1038 478 1087 505 est

104 521 247 556 caeteris
270 521 459 560 matronis,
483 529 521 555 ut
540 523 705 554 omnibus
727 522 804 554 aliis
823 523 927 556 rebus
945 522 1086 560 relictis,

104 583 185 606 suos
206 572 352 605 maritos
377 572 414 604 in
440 570 604 605 humeros
625 572 830 615 imponant,
858 580 890 606 et
915 573 1002 605 urbe
1027 583 1086 604 ex-

102 629 255 668 portent.
309 621 385 666 Ipsa
407 623 476 654 dux
498 622 647 663 agminis
678 634 739 665 per
771 624 904 656 medias
932 621 1085 655 hostium

103 673 192 706 acies
211 680 242 706 et
260 672 518 705 circumstantia
539 672 605 704 tela
622 673 788 705 maritum
807 674 923 713 effert,
949 684 987 706 ac
1005 684 1084 705 cum

102 735 144 757 eo
166 722 306 767 quidvis
333 721 477 765 periculi
503 722 621 755 subire
652 723 787 766 potius,
820 732 853 758 et
883 723 989 756 semel
1013 734 1084 755 una

100 773 216 818 perire
237 773 349 815 cupit,
375 783 478 816 quam
503 772 576 804 sine
601 785 640 806 eo
664 773 850 807 incolumis
866 781 897 807 et
917 773 1084 817 opulenta

100 824 237 857 florere.
292 821 406 855 Tanta
425 829 539 855 autem
563 824 748 857 admiratio
768 825 834 858 suit
852 822 956 857 huius
974 823 1084 867 pieta-—

99 874 143 908 tis
174 880 207 907 et
238 873 317 905 fidei
341 873 549 905 matronalis
574 875 666 917 apud
684 874 929 918 imperatorem
947 872 1083 907 Conra-

99 925 195 964 dum,
222 931 260 957 ut
277 923 418 956 remissa
435 923 614 956 iracundia
634 925 776 958 maritos
790 937 939 958 uxorum
958 924 1082 957 virtuti

99 975 258 1012 donaret,
286 979 318 1006 et
336 985 455 1016 pacem
473 985 510 1006 ac
527 974 717 1007 amicitiam
733 987 811 1008 cum
829 976 877 1008 eis
893 976 1030 1009 faceret.

200 1023 335 1058 Similis
358 1023 438 1055 fidei
464 1024 661 1066 exemplum
689 1025 733 1058 ab
750 1024 932 1058 Herodoto
958 1025 1082 1058 recita—

99 1082 157 1109 tur
173 1074 217 1107 de
243 1072 448 1118 Minyarum
473 1074 662 1115 uxoribus,
693 1087 842 1120 quarum
868 1075 983 1108 mariti
1014 1088 1081 1108 nu-

99 1136 195 1158 mero
211 1124 349 1157 circiter
366 1123 507 1166 triginta
524 1136 602 1157 cum
619 1125 664 1158 ob
680 1126 914 1170 suspicionem
932 1126 1081 1159 affectati

97 1175 196 1219 regni
226 1186 244 1207 a
268 1173 554 1207 Lacedaemoniis
586 1175 622 1207 in
653 1187 824 1209 carcerem
849 1176 1014 1213 coniecti,
1050 1183 1082 1209 et

97 1225 269 1270 supplicio
288 1224 428 1267 capitali
444 1232 556 1258 essent
573 1226 758 1269 plectendi,
783 1227 971 1270 impetrant
987 1227 1082 1270 ipsae

97 1288 116 1310 a
143 1275 345 1309 custodibus
365 1275 512 1307 carceris
537 1276 736 1309 facultatem
760 1277 937 1319 adeundi,
965 1283 997 1309 et
1019 1278 1081 1309 ad-

98 1324 167 1358 huc
190 1324 295 1357 semel
320 1324 524 1366 alloquendi
541 1325 684 1356 maritos
702 1326 888 1367 perituros.
943 1325 1081 1367 Ingres-

98 1387 154 1409 sae
178 1380 291 1406 autem
314 1384 392 1405 suas
418 1378 528 1404 vestes
552 1373 686 1406 maritis
717 1375 928 1414 induerunt,
962 1375 1080 1418 eisque

98 1437 158 1470 per
181 1422 438 1456 simulationem
467 1422 600 1453 doloris
631 1423 741 1465 capita
767 1424 942 1462 velarunt,
974 1430 1013 1455 ut
1043 1424 1078 1455 in

97 1472 251 1508 tenebris
271 1469 394 1503 habitu
410 1470 576 1502 muliebri
592 1472 820 1512 egredientes,
848 1473 966 1504 minus
982 1484 1000 1503 a
1020 1484 1079 1504 cu-

96 1523 256 1559 stodibus
280 1526 562 1565 agnoscerentur.
618 1521 715 1565 Ipsae
741 1522 898 1554 virorum
925 1521 1079 1554 vestibus

96 1572 298 1617 assumptis,
331 1578 364 1605 et
386 1582 447 1604 sua
474 1583 619 1615 corpora
642 1583 705 1615 pro
736 1572 944 1605 maritorum
969 1572 1079 1605 salute

96 1622 270 1671 praesenti
287 1621 378 1656 vitae
403 1621 559 1664 periculo
576 1621 780 1663 offerentes,
808 1620 872 1655 hac
898 1623 1078 1666 ingeniosa

95 1673 324 1721 philostorgia
350 1679 384 1706 et
406 1672 471 1705 fide
490 1683 568 1714 erga
593 1672 776 1717 coniuges,
801 1673 867 1705 sibi
889 1680 921 1707 et
943 1673 1079 1706 maritis

96 1724 374 1759 incolumitatem
402 1722 646 1765 impetrarunt.

197 1773 355 1808 Celebris
377 1779 426 1806 est
450 1771 686 1816 Hipsicratea,
721 1785 810 1818 quae
832 1771 1077 1807 Mithridatem

96 1826 199 1861 Ponti
217 1836 332 1867 regem
349 1823 532 1865 coniugem
554 1835 655 1856 suum
674 1824 792 1857 effusis
810 1822 990 1858 charitatis
1015 1821 1077 1856 ha-

94 1877 195 1912 benis
211 1875 360 1915 amavit,
385 1874 471 1907 adeo
490 1880 529 1906 ut
544 1873 709 1907 omnibus
736 1875 844 1918 ipsius
861 1875 1026 1918 periculis
1046 1880 1078 1906 et

97 1925 379 1971 expeditionibus
403 1925 603 1962 interesset,
635 1931 668 1958 et
692 1925 824 1958 victum
849 1938 867 1958 a
886 1924 951 1960 Cn.
972 1924 1078 1957 Pom-

95 1979 174 2023 peio
200 1983 232 2010 et
256 1988 317 2021 per
348 1975 471 2008 efferas
496 1980 613 2016 gentes
643 1975 832 2018 fugientem
866 1974 1077 2017 infatigabili

95 2029 212 2062 animo
229 2034 260 2060 et
280 2037 426 2069 corpore
442 2031 661 2070 sequeretur,
687 2033 719 2060 et
735 2038 796 2059 sua
813 2026 879 2059 fide
900 2038 937 2059 ac
955 2025 1080 2059 officiis

96 2086 130 2112 et
152 2077 389 2121 sapientibus,
415 2082 447 2108 et
470 2075 717 2109 amantissimis
738 2077 976 2114 sermonibus,
1005 2088 1078 2109 ma—

96 2130 164 2163 rito
181 2128 274 2160 exilii
293 2137 477 2159 aerumnas
495 2126 629 2159 levarit.

178 2177 410 2211 Bleminimus
427 2182 544 2209 nostra
560 2182 669 2209 aetate
684 2176 834 2209 similem
852 2177 953 2209 sidem
971 2173 1079 2209 Chri-

98 2230 230 2264 stierno
245 2227 428 2261 Danorum
455 2226 527 2267 regi
559 2226 757 2269 praestitam
780 2239 870 2267 esse,
896 2239 913 2259 a
932 2227 1078 2269 coniuge

97 2279 294 2319 Elizabeta,
320 2289 408 2322 quae
430 2277 589 2309 omnium
613 2277 729 2310 mariti
752 2289 1019 2318 aerumnarum,
1046 2285 1078 2311 et

98 2331 282 2364 exiliorum
307 2339 439 2366 comes,
471 2334 504 2360 ct
525 2328 617 2360 socia
645 2338 717 2360 esse
739 2328 878 2369 maluit,
911 2340 1015 2373 quam
1043 2328 1078 2360 in

98 2392 206 2424 regno
222 2378 411 2424 tranquilla
436 2384 467 2411 et
489 2378 675 2410 incolumis
703 2377 777 2410 sine
801 2378 927 2412 marito
944 2379 1078 2413 llorere.

201 2429 289 2463 Nota
315 2435 395 2462 sunt
417 2429 571 2470 exempla
599 2428 749 2467 'l'uriae,
787 2435 819 2461 et
841 2428 885 2470 Q.
913 2429 1079 2468 Lucretii,

101 2482 210 2515 luliae
233 2487 265 2513 et
284 2478 459 2522 Pompeii,
486 2478 657 2522 Sulpitiae
681 2484 713 2511 et
731 2478 891 2518 Lentuli,
917 2491 954 2511 ac
978 2480 1079 2512 valde,
1103 2501 1106 2510 .

100 2531 270 2577 prolixius
299 2529 473 2571 catalogus
512 2529 704 2562 multorum
740 2529 1006 2570 coniugiorum,
1042 2530 1076 2562 in
1102 2514 1105 2568 i

101 2583 228 2627 quibus
253 2592 331 2612 vera
361 2580 444 2611 sides
470 2585 503 2612 et
527 2579 771 2612 benevolentia
795 2580 982 2620 coniugum
1001 2592 1079 2612 mu-
1102 2577 1105 2625 j

101 2640 157 2666 tua
178 2631 322 2664 illustris
343 2630 454 2670 imago
478 2637 527 2662 est
544 2630 617 2662 veri
641 2630 770 2664 amoris
790 2630 880 2663 inter
895 2626 1077 2664 Christum
1101 2665 1105 2680 ι

101 2691 131 2716 et
152 2681 340 2716 Ecclesiam
367 2680 500 2713 institui
520 2687 644 2724 posset.

652 134 811 171 DECL.
852 135 923 170 DE
956 134 1207 171 IUDICIIS
1242 136 1578 175 ECCLESIAE.

2057 145 2126 178 138

1240 220 1310 254 Sed
1336 222 1402 255 iam
1422 223 1557 267 Sponsa
1575 226 1686 266 adest,
1715 238 1802 270 quae
1818 226 1946 260 illustri
1966 229 2123 270 exemplo

1142 282 1245 304 verae
1280 272 1435 315 pietatis,
1470 276 1599 308 amoris
1631 277 1786 309 ardentis
1816 289 1894 320 erga
1929 278 2126 319 coniugem,

1140 321 1240 361 fidei,
1267 323 1451 363 castitatiS,
1483 327 1690 367 modestiae,
1725 328 1944 369 diligentiae,
1973 340 2124 361 oecono-

1142 372 1269 412 micae,
1298 379 1330 405 et
1347 374 1505 407 omnium
1527 376 1696 410 virtutum
1715 378 1985 419 matronalium,
2013 386 2124 412 caete-

1140 421 1187 454 ris
1204 422 1308 455 etiam
1326 425 1417 467 apud
1438 426 1675 467 posteritatem
1693 428 1917 470 praelucebit.

1240 480 1342 514 Nunc
1374 483 1483 516 filium
1508 483 1572 517 Dei
1594 484 1790 518 Dominum
1824 493 1984 519 nostrum
2009 485 2123 519 lesum

1138 528 1338 572 Christum,
1373 540 1529 567 autorem
1557 535 1709 567 mirandi
1742 536 1891 569 foederis
1921 537 2125 579 coniugalis,

1139 588 1173 615 et
1193 593 1360 626 sponsum
1380 581 1556 617 Ecclesiae
1580 596 1681 622 suae,
1709 586 1913 618 ardentibus
1931 587 2019 619 votis
2045 598 2122 630 pre—

1138 644 1273 672 cemur,
1302 639 1341 666 ut
1365 632 1500 677 Spiritu
1522 643 1640 668 sancto
1665 646 1745 674 suo,
1779 636 1839 679 qui
1865 647 1974 668 nexus
1998 643 2066 676 est,
2091 643 2125 669 et

1138 682 1319 716 vinculum
1342 685 1455 717 mutui
1478 686 1607 718 amoris
1632 686 1724 718 inter
1740 693 1920 718 aeternum
1936 692 2069 729 patrem
2087 697 2124 718 ac

1137 733 1270 774 filium,
1297 735 1416 777 sponsi
1434 742 1466 768 et
1484 746 1630 778 sponsae
1649 742 1785 778 pectora
1804 736 2040 778 conglutinet,
2065 747 2123 768 co-

1137 784 1233 827 pulet
1252 790 1281 816 et
1301 785 1419 825 uniat,
1447 792 1485 818 ut
1502 798 1603 826 vern,
1630 786 1788 823 ardenti,
1817 786 1951 819 sincero
1976 792 2006 818 et
2023 786 2122 818 suavi

1136 845 1255 867 amore
1275 834 1310 866 in
1327 847 1467 868 omnem
1486 836 1744 876 aeternitatem,
1773 842 1803 868 et
1823 848 1894 869 sese
1917 843 2062 876 mutuo,
2090 843 2124 869 et

1136 882 1248 917 Deum
1265 892 1398 928 patrem
1416 897 1485 918 una
1504 898 1581 919 cum
1600 887 1671 919 filio
1688 893 1720 919 et
1739 886 1874 931 Spiritu
1894 894 2013 920 sancto
2029 898 2124 919 corn-

1136 934 1347 978 plectantur.

1235 991 1390 1026 Oremus
1406 993 1522 1033 etiam,
1540 991 1778 1027 utEcclesiam
1799 1002 1831 1029 et
1849 995 2006 1038 politiam
2025 1001 2125 1027 tran-

1136 1042 1282 1087 quillam
1300 1043 1466 1076 omnibus
1486 1044 1552 1087 piis
1571 1045 1782 1088 coniugibus
1799 1052 1922 1085 servet,
1947 1052 1979 1078 et
1996 1056 2124 1088 sponso

1135 1094 1242 1126 vitam
1260 1100 1434 1137 proroget,
1452 1101 1489 1127 ut
1508 1095 1754 1128 eruditissimis
1773 1108 1810 1129 ac
1826 1095 2024 1129 utilissimis
2041 1107 2125 1138 ope-

1135 1139 1233 1177 ribus
1248 1144 1319 1177 suis
1338 1143 1543 1185 Ecclesiam,
1571 1158 1660 1189 quae
1674 1154 1723 1180 est
1739 1158 1865 1190 sponsa
1882 1143 2034 1186 Christi,
2062 1146 2125 1178 ad-

1134 1194 1229 1227 iuvet
1255 1202 1287 1228 et
1317 1201 1430 1229 ornet.
1483 1194 1673 1229 Benedicat
1706 1197 1871 1240 coniugio
1907 1203 1940 1230 et
1971 1195 2124 1228 familiae

1135 1245 1266 1288 ipsius,
1293 1252 1330 1277 ut
1349 1245 1404 1277 liat
1429 1243 1550 1278 hortus
1579 1248 1754 1288 coelestis,
1784 1248 1818 1280 in
1839 1259 1908 1292 quo
1937 1258 2123 1290 procreen-

1134 1302 1201 1334 tur,
1229 1296 1415 1327 foveantur
1432 1303 1464 1329 et
1483 1297 1678 1330 educentur
1696 1298 1873 1341 plantulae
1892 1297 2063 1335 coelestes,
2091 1303 2123 1328 et

1136 1351 1250 1375 sancta
1277 1344 1463 1376 seminaria
1486 1343 1681 1386 Ecclesiae,
1707 1348 1922 1381 celebratura
1943 1346 2057 1379 Deum
2085 1346 2120 1377 in

1134 1390 1197 1425 hac
1213 1392 1283 1426 vita
1300 1400 1332 1426 et
1351 1393 1447 1425 omni
1466 1395 1679 1431 aeternitate.
1733 1396 1828 1433 Dixi.

1132 1589 1197 1624 No.
1220 1588 1302 1623 149.
1954 1609 1999 1626 au.
2019 1598 2111 1630 1556.

1943 1642 2114 1655 m

1336 1699 1410 1739 De
1447 1698 1628 1740 iudiciis
1657 1699 1899 1743 Ecclesiae.

1200 1785 1321 1811 Prodiit:
1342 1785 1408 1816 „De
1424 1784 1529 1810 iudiciis
1545 1785 1679 1811 Ecclesiae
1695 1792 1718 1811 et
1735 1788 1767 1812 de
1783 1788 1939 1815 discrimine
1954 1800 2057 1824 poenae
2073 1802 2120 1818 ec-

1233 1820 1396 1845 clesiasticae
1419 1824 1442 1843 et
1460 1819 1585 1852 politicae
1601 1821 1703 1852 oratio,
1726 1822 1800 1848 recil.
1817 1824 1849 1848 ab
1865 1824 1969 1849 Aulon.
1988 1826 2120 1855 waltero,

1236 1854 1348 1880 NViteb.
1367 1854 1460 1879 1556.”
1480 1854 1506 1878 8.
1524 1853 1566 1879 91¹³
1589 1854 1626 1887 pl.
1645 1870 1678 1873 »-
1716 1855 1816 1881 ttecusa
1838 1858 1863 1882 in
1882 1859 1973 1884 select.
1995 1859 2118 1887 nectam.

1230 1888 1261 1947 21⁸.
1279 1888 1324 1947 ὓς.
1344 1896 1368 1920 p.
1386 1890 1489 1947 igqq„
1520 1888 1634 1914 Servest.
1654 1888 1686 1915 T.
1706 1889 1751 1915 lV.
1772 1900 1796 1924 [ι.
1813 1892 1835 1916 1.
1856 1896 1882 1916 et
1903 1893 1973 1926 apud
1993 1893 2119 1920 ltichard.

1132 2004 1260 2036 Oratio
1289 2001 1335 2035 de
1364 2001 1518 2035 tudiciis
1535 2002 1744 2045 Ecclesiae,
1773 2007 1809 2036 et
1830 2003 1876 2038 de
1898 2004 2118 2040 discr-imme

1129 2064 1272 2098 poenae
1306 2053 1590 2086 ecclesiasticae
1624 2057 1659 2085 ct
1693 2054 1891 2098 110loe'licae3
1934 2058 2036 2091 revit.
2072 2056 2118 2091 ab

1130 2105 1285 2138 Anton
1307 2104 1530 2145 Wultero,
1558 2104 1715 2137 Decano
1738 2105 1890 2151 collegii
1910 2104 2114 2151 philosoph.

1401 2156 1439 2187 in
1466 2153 1579 2187 Acad.
1605 2154 1824 2200 Witenbery.

1129 2220 1221 2260 Non
1258 2226 1370 2259 voluit
1402 2226 1592 2270 antiquitas
1629 2225 1692 2259 lios
1720 2238 1923 2269 congressus
1950 2235 2045 2261 muta
2082 2235 2115 2261 et

1133 2278 1247 2321 inepta
1264 2278 1457 2319 spectacula
1475 2288 1565 2316 esse,
1594 2278 1652 2309 sed
1670 2289 1747 2310 cnm
1764 2278 1850 2310 utile
1866 2277 1910 2310 sit
1928 2279 2114 2312 renuncia-

1131 2328 1262 2361 tionem
1282 2327 1472 2360 testimonii
1491 2327 1629 2370 publice
1647 2328 1731 2367 lieri,
1758 2328 1990 2372 frequentiam
2010 2336 2043 2362 et
2060 2341 2114 2362 se-

1134 2380 1272 2411 niorum
1291 2385 1322 2411 ct
1342 2378 1520 2410 iuniorum
1540 2375 1700 2411 adhiberi
1719 2378 1917 2414 voluerunt.
1972 2378 2114 2413 Rectis—

1132 2430 1257 2461 simum
1274 2435 1324 2461 est
1340 2435 1453 2461 autem
1473 2428 1508 2459 in
1533 2435 1631 2461 coetu
1659 2426 1805 2462 honesto
1826 2429 1897 2461 lieri
1917 2437 1946 2462 et
1968 2430 2112 2462 iuvoca—

1133 2481 1264 2512 tionem
1281 2479 1365 2517 Dei,
1392 2485 1420 2510 et
1443 2478 1516 2521 pias
1534 2479 1905 2517 commonesartiones,
1934 2488 1968 2513 ut
1987 2481 2028 2512 ad
2051 2478 2112 2512 hos

1134 2537 1273 2563 nostros
1306 2539 1510 2569 congressus
1538 2529 1641 2561 etiam
1671 2536 1838 2571 congruat
1861 2529 2009 2563 dictum:
2044 2529 2110 2563 t'bi

1133 2582 1203 2612 ‹luo
1221 2586 1278 2612 ant
1298 2586 1364 2611 tres
1379 2578 1595 2612 conveniunt
1614 2580 1649 2612 in
1667 2580 1810 2612 nomine
1828 2591 1916 2619 meo,
1944 2581 1979 2613 in
1997 2580 2111 2612 medio

1130 2643 1250 2663 eorum
1270 2640 1357 2661 sum.
1414 2628 1502 2661 Volo
1521 2629 1646 2671 igitur,
1672 2637 1709 2664 ut
1728 2630 1818 2663 veris
1833 2632 2018 2673 gemitibus
2037 2641 2110 2661 mc-

1101 2711 1103 2716 ,
1129 2693 1207 2714 cum
1226 2678 1308 2712 baec
1327 2679 1430 2712 xerba
1448 2679 1610 2716 recitetis.
