2324 2955
109 121 182 157 289

209 205 371 238 Pontifex
396 203 570 239 Iohannes
591 204 785 238 Vicesimus
808 205 980 238 secundus
1004 216 1089 236 con-

107 256 220 291 tendit
245 268 279 289 se
307 256 456 289 iudicem
479 267 550 289 esse
575 253 681 288 huius
706 255 974 290 controversiae.
1045 253 1091 288 [t

107 307 207 341 Luna
224 319 242 340 a
256 306 338 340 Sole
355 307 474 339 lumen
489 306 631 350 accipit,
659 307 705 340 ita
724 308 920 340 ordinatam
939 317 1010 339 esse
1026 302 1090 338 ho-

107 357 243 391 minum
278 357 588 400 gubernationem,
629 365 668 391 ut
696 370 714 390 a
747 369 883 390 summo
913 357 1090 389 sacerdote

109 407 304 452 Imperator
325 408 547 441 autoritatem
569 408 727 452 accipiat.
782 407 880 440 Velle
897 406 1010 440 Deum
1035 419 1090 440 ca-

108 465 170 502 put
203 469 275 491 esse
305 469 479 491 summum
514 459 549 491 in
575 459 693 497 terris,
729 457 823 491 Petri
847 469 1090 496 successorem,

107 509 163 542 cui
187 508 319 541 dictum
343 516 408 542 est:
437 508 520 542 Tibi
543 509 633 542 dabo
653 509 766 541 claves
784 508 881 551 regni
899 509 1089 542 coelorum.

107 558 213 592 Item:
240 558 346 593 Pasce
370 571 451 592 oves
476 571 579 593 meas.
632 558 728 592 Haec
749 559 919 603 pontificii
935 566 1090 592 oratores

107 610 144 642 in
160 609 298 653 Regum
317 617 349 643 et
365 611 403 642 in
418 609 624 654 Principum
641 610 798 643 consiliis
814 609 967 644 Periclea
984 621 1088 652 gran-

105 661 322 706 diloquentia
340 661 517 693 tonabant.

206 710 306 744 Abiit
329 711 511 743 biennium
533 718 609 754 post
628 710 832 744 electionem
849 710 923 743 sine
942 710 1088 742 dimica-

105 762 217 794 tione:
242 764 301 794 sed
325 774 419 794 anno
448 762 634 794 millesimo
655 761 897 795 trecentesimo
914 761 1088 793 sedecimo

104 811 303 845 Fridericus
335 823 499 855 magnum
525 813 714 846 exercitum
740 813 781 844 ad
807 812 976 855 oppidum
1002 811 1088 845 Sue-

104 862 180 895 viae
199 861 378 905 Eslingam
404 863 568 903 adducit,
596 865 689 908 quod
716 869 753 895 ut
771 862 858 894 aliae
875 863 979 895 urbes
998 862 1088 894 infra

104 911 245 946 Ulmam
272 914 375 953 sitae,
409 915 553 958 parebat
578 913 767 946 Ludovico.
823 912 966 946 Accedit
992 925 1031 945 eo
1057 919 1087 945 et

103 962 306 997 Ludovicus
332 965 521 997 instructus
537 964 646 1007 copiis
666 964 862 997 vicinorum
882 963 1087 1006 Principum

104 1021 138 1048 et
168 1014 307 1047 auxiliis
330 1013 541 1048 Bohemicis.
604 1014 657 1047 lbi
682 1026 759 1047 cum
785 1014 926 1059 utrique
950 1015 991 1046 ad
1018 1013 1087 1047 Ne-

103 1062 247 1098 charum
271 1066 439 1098 accedunt
457 1072 642 1109 aquatum,
668 1065 841 1109 praelium
858 1065 973 1098 subita
990 1076 1089 1097 occa-

103 1115 202 1148 sione
224 1116 473 1155 committitur,
502 1117 538 1148 in
563 1128 632 1161 quo
657 1115 777 1148 multis
800 1116 979 1148 nobilibus
1004 1115 1089 1147 viris

104 1167 272 1211 utrinque
296 1167 422 1210 partim
446 1167 571 1211 captis,
599 1167 726 1211 partim
743 1166 951 1204 interfectis,
979 1178 1088 1210 aequo

104 1224 214 1250 marte
231 1217 418 1250 discessum
439 1225 498 1252 est.
551 1217 646 1250 Haec
660 1217 771 1260 prima
791 1213 959 1261 σύῤῥαξις
977 1223 1008 1249 et
1025 1218 1090 1248 do-

104 1268 213 1300 lorem
239 1268 456 1310 sapientibus
481 1268 594 1305 auxit,
621 1268 680 1309 qui
699 1266 888 1299 Cadmeam
906 1267 1088 1299 victoriam

103 1318 325 1355 metuebant,
353 1318 380 1347 si
399 1316 535 1358 saepius
552 1314 800 1351 dimicaretur,
825 1321 857 1346 et
872 1312 987 1346 Duces
1005 1326 1088 1346 con—

103 1366 273 1399 tantiores
292 1367 332 1398 ad
354 1366 597 1409 praeliandum
613 1364 703 1398 fecit.
758 1363 878 1408 ltaque
896 1364 1009 1397 soluta
1027 1365 1090 1397 ob-

104 1417 241 1449 sidione
264 1414 464 1457 Eslingensi
495 1415 729 1459 quadriennio
759 1415 899 1447 nullum
925 1426 1088 1456 magnum

103 1466 274 1510 praelium
290 1465 419 1497 factum
438 1471 501 1497 est.
553 1464 621 1497 Sed
639 1476 732 1496 anno
748 1464 935 1497 millesimo
955 1471 1090 1497 trecen-

102 1516 226 1551 tesimo
244 1522 277 1549 et
296 1515 460 1548 vicesimo
478 1513 679 1547 Fridericus
698 1512 903 1547 Austriacus
920 1514 1090 1548 maiorem

104 1567 292 1601 exercitum
322 1566 365 1598 ad
390 1564 617 1608 Argentorati
641 1564 807 1597 viciniam
832 1565 994 1604 adducit,
1029 1565 1090 1597 ubi

104 1617 274 1651 dissensio
298 1624 370 1650 erat
394 1617 486 1650 inter
501 1614 715 1660 Episcopum
736 1621 769 1648 et
787 1615 889 1649 cives.
942 1614 1090 1659 Episco-

104 1681 169 1713 pus
185 1667 368 1702 Austriaco
392 1679 427 1700 se
448 1668 660 1705 adunxerat,
686 1666 778 1698 cives
796 1665 1016 1699 Ludovicum
1035 1679 1090 1699 re—

105 1726 285 1764 ceperant,
313 1718 375 1763 qui
397 1730 440 1751 ne
465 1718 535 1751 suis
557 1718 705 1756 deesset,
734 1716 830 1750 ducit
849 1723 882 1750 et
902 1717 974 1760 ipse
993 1729 1091 1750 exer-

105 1771 212 1804 citum
237 1770 278 1802 ad
306 1769 381 1802 loca
403 1769 517 1802 vicina
542 1768 661 1801 castris
685 1767 851 1802 hostium.
912 1766 983 1801 Ubi
1008 1769 1090 1813 quia

105 1823 210 1855 duces
238 1820 405 1865 utrinque
432 1820 601 1852 nolebant
632 1816 772 1851 haurire
798 1825 984 1862 cognatum
1009 1831 1090 1852 san-

104 1873 262 1915 guinem,
290 1878 412 1905 neutra
438 1882 518 1914 pars
542 1870 584 1902 ad
608 1869 849 1902 dimicandum
871 1871 1090 1914 properabat.

107 1922 149 1956 ln
173 1921 228 1956 bis
253 1922 350 1968 quasi
371 1921 523 1954 induciis
542 1920 793 1965 colloquuntur
810 1921 913 1953 etiam
930 1922 1033 1953 multi
1051 1934 1089 1954 ex

106 1981 255 2019 utraque
277 1980 395 2016 parte,
417 1980 448 2006 et
471 1973 513 2005 de
536 1983 619 2016 pace
648 1978 680 2004 et
702 1972 744 2003 de
768 1971 941 2014 coniugiis
959 1972 1091 2005 delibe-

107 2032 214 2059 ratur.
267 2023 337 2058 Sed
354 2023 555 2057 Ludovicus
574 2022 785 2055 confirmatis
803 2034 946 2055 suorum
964 2023 1091 2056 animis

106 2074 353 2118 Argentorati,
391 2075 534 2107 adducit
561 2073 749 2106 exercitum
780 2085 841 2117 per
867 2073 993 2106 saltum
1018 2073 1091 2106 Ha-

107 2137 313 2169 gaoensem,
343 2132 377 2158 et
401 2125 557 2158 civitates
588 2124 632 2156 ad
658 2121 824 2158 Rhenum
849 2124 965 2157 munit
990 2137 1091 2169 prae-

107 2177 218 2211 sidiis.

142 2231 146 2236 '
208 2226 348 2262 Rursus
376 2226 559 2259 biennium
585 2225 658 2257 sine
681 2226 812 2269 praelio
841 2227 972 2259 maiore
994 2225 1092 2260 abiit.

107 2278 175 2312 Sed
201 2290 294 2311 anno
319 2277 506 2310 millesimo
529 2277 770 2310 trecentesimo
790 2284 823 2310 et
840 2277 1005 2310 vicesimo
1024 2284 1092 2310 ter-

108 2329 159 2362 tio
182 2327 382 2362 fridericus
406 2328 610 2361 Austriacus
635 2327 752 2360 decem
775 2328 885 2360 millia
903 2327 1092 2371 Hungaro-

110 2391 187 2413 rum
212 2386 246 2413 et
267 2379 392 2423 viginti
418 2379 529 2411 millia
549 2376 815 2411 Austriacorum
844 2379 880 2411 in
907 2378 1092 2412 Bavariam

108 2431 151 2463 ad
178 2429 356 2463 Muldorsf
385 2436 418 2463 et
442 2427 626 2471 ottingam
651 2429 766 2468 ducit,
802 2430 863 2462 ubi
890 2430 1093 2474 peregrinae

109 2488 228 2525 gentes
246 2481 375 2525 oppida
397 2487 428 2514 et
444 2492 550 2524 pagos
566 2480 781 2523 diripiebant
800 2487 833 2513 et
848 2480 1093 2520 incendebant,

109 2538 144 2565 et.
167 2531 336 2565 inermem
361 2531 496 2564 turbam
516 2531 757 2570 trucidabant,
784 2537 816 2564 et
835 2528 996 2564 honestas
1014 2543 1093 2564 mu-

110 2583 212 2616 lieres
233 2594 272 2616 ac
296 2582 448 2625 virgines
471 2582 662 2625 rapiebant.
719 2580 789 2613 Iam
815 2593 885 2614 non
909 2594 987 2614 cum
1008 2582 1094 2614 civi-

111 2634 178 2667 bus
205 2645 278 2666 non
309 2632 431 2678 procul
462 2644 480 2665 a
504 2633 633 2676 patria,
669 2632 727 2664 sed
752 2644 830 2664 cum
854 2631 1034 2675 Huugaris
1062 2640 1095 2667 et

112 2684 341 2718 vastationem
372 2683 589 2716 barbaricam
626 2683 662 2715 in
689 2683 804 2716 media
830 2683 939 2727 patria
963 2684 1094 2718 facien-

163 2737 338 2768 MELAxt-u.
366 2736 466 2767 Orsa.
495 2735 576 2765 Vnt.
594 2734 668 2766 Ml.

664 117 824 154 DECL.
859 118 934 153 DE
970 117 1274 153 LUDOVICO
1311 119 1567 156 BAxARO.

2055 128 2128 163 290

1143 203 1235 236 tibus
1258 204 1389 237 bellum
1413 214 1495 240 erat.
1550 207 1629 240 Nou
1652 208 1759 251 igitur
1783 217 1944 243 contatur
1968 211 2125 244 Ludoxi-

1143 265 1218 293 cus,
1246 262 1284 287 ut
1298 262 1397 288 antea
1411 283 1419 295 ,
1446 259 1503 289 sed
1523 266 1692 302 quantum
1712 266 1840 303 potest,
1865 269 2046 304 properat,
2070 276 2124 296 ac-

1143 304 1244 338 cersit
1269 306 1396 338 auxilia
1422 307 1552 344 vicina,
1581 317 1612 342 et
1635 317 1747 343 armat
1765 323 1854 343 suos.
1908 313 2065 346 Veniunt
2082 316 2122 346 ad

1142 366 1221 387 eum
1253 353 1427 389 lohannes
1451 356 1526 391 Rex
1550 358 1746 401 Boiemiae,
1786 361 1986 395 fridericus
2010 362 2124 407 Burg—

1141 405 1281 448 gravius
1304 405 1570 451 Noribergensis
1595 418 1626 443 et
1649 409 1822 446 Henricus
1840 412 1965 447 Comes
1980 412 2126 447 Henne-

1142 456 1320 499 bergensis
1352 470 1430 490 cum
1461 461 1594 502 magnis
1626 462 1782 504 equitum
1811 463 1921 506 copiis
1945 476 1983 496 ex
2010 465 2123 498 vicina

1143 505 1289 539 Francia
1308 514 1339 540 et
1357 506 1529 542 Rbennna
1547 523 1606 543 ora
1624 511 1794 549 collectis,
1824 511 1916 545 hunc
1936 516 2123 548 exercitum

1142 557 1237 590 ducit
1255 557 1457 592 Ludovicus
1481 562 1522 593 ad
1543 561 1784 604 reprimendos
1805 561 2009 606 Hungaros,
2037 578 2124 610 quo-

1142 620 1220 640 rum
1239 609 1425 642 crudelitas
1444 611 1592 643 maxime
1610 612 1776 644 terribilis
1794 620 1876 647 erat.

1242 656 1457 703 Expectabat
1476 668 1590 694 autem
1609 662 1814 695 Austriacus
1832 664 1973 697 fratrem
1990 664 2123 707 Lupol-

1142 709 1226 741 dum
1255 711 1486 743 adducentem
1512 709 1648 745 Rhetos
1671 720 1701 745 et
1725 712 1870 748 Suevos.
1938 713 1991 747 Eo
2015 716 2124 758 magis

1143 761 1351 804 properabat
1372 761 1573 794 [udovicus
1598 774 1670 795 non
1697 775 1735 795 eo
1761 771 1915 803 tantum,
1943 766 2023 809 quia
2051 778 2125 798 ma-

1142 811 1196 843 ius
1212 812 1406 854 periculum
1425 813 1582 846 futurum
1600 821 1690 851 erat,
1718 814 1745 846 si
1761 813 1945 858 Lupoldus
1963 816 2016 848 vir
2032 817 2125 860 peri-

1142 867 1197 894 tus
1212 862 1261 894 rei
1278 862 1439 895 militaris
1455 862 1799 897 adduxissetRbetos
1815 872 1847 898 et
1859 866 2009 906 Suevos,
2036 879 2143 911 quo-1

1142 924 1220 944 rum
1250 924 1322 945 non
1353 920 1424 946 erat
1455 916 1750 947 contemnendum
1776 917 1899 949 robur:
1937 918 1995 949 sed
2023 918 2125 950 etiam

1142 963 1223 1007 quia
1242 962 1403 1005 Hungari
1425 962 1539 996 adbuc
1562 965 1673 997 securi
1708 966 1799 999 inter
1823 968 2066 1011 populationes
2095 975 2127 1000 et

1142 1011 1258 1046 adbuc
1282 1021 1546 1048 contemnentes
1570 1013 1703 1048 hostem
1730 1016 1867 1049 facilius
1891 1018 2044 1061 opprimi
2065 1030 2128 1061 po-

1143 1071 1269 1098 terant.
1321 1064 1408 1097 Cum
1434 1065 1540 1107 igitur
1563 1066 1759 1100 accessisset
1776 1068 1818 1099 ad
1837 1065 1953 1100 hostes
1971 1068 2127 1100 Ludovi-

1143 1125 1220 1154 cus,
1255 1126 1318 1146 nec
1350 1115 1485 1148 cederet
1514 1114 1719 1148 Austriacus
1748 1117 1898 1150 confisus
1923 1117 2126 1160 Hungarico

1143 1165 1286 1204 robore,
1313 1166 1461 1209 opponit
1478 1165 1680 1199 Ludovicus
1696 1166 1907 1210 Hungarieis
1932 1169 2128 1211 legionibus

1142 1215 1340 1248 Boiemicas
1376 1224 1408 1249 et
1446 1217 1623 1260 equitibus
1662 1216 1874 1261 Hungaricis
1910 1219 2128 1252 fridericum

1143 1265 1399 1308 Burggravium
1425 1274 1455 1298 et
1482 1266 1768 1309 Hennebergium
1793 1281 1873 1301 cum
1896 1269 2073 1302 francicis
2097 1277 2129 1302 et

1143 1313 1326 1347 Rhenanis
1351 1317 1539 1358 equitibus.
1595 1317 1724 1358 Magna
1748 1320 1868 1351 caedes
1893 1320 2060 1364 utrinque
2078 1321 2129 1352 fa—

1145 1371 1195 1396 cta
1227 1371 1295 1403 est,
1331 1366 1442 1397 donec
1468 1365 1628 1408 Hungari
1663 1368 1753 1410 pulsi
1785 1376 1816 1401 et
1842 1370 1999 1413 dissipati
2034 1377 2127 1403 sunt.

1143 1413 1266 1446 Postea
1284 1415 1416 1459 equites
1434 1414 1608 1449 Austriaci
1627 1417 1880 1462 aliquantisper
1897 1421 2128 1454 defenderunt

1144 1463 1384 1505 fridericum,
1412 1468 1470 1498 sed
1491 1478 1530 1499 eo
1551 1476 1649 1510 capto
1669 1469 1804 1513 reliqua
1824 1471 2012 1504 multitudo
2031 1472 2129 1516 equi-

1144 1520 1218 1546 tum
1235 1521 1267 1546 et
1285 1515 1440 1557 peditum
1459 1517 1558 1556 sugit.
1612 1516 1751 1550 fratres
1769 1520 1839 1551 duo
1857 1520 2038 1564 Principes
2053 1522 2130 1554 Au-

1143 1564 1278 1603 striaci‚
1306 1563 1507 1598 fridericus
1529 1566 1726 1609 Imperator
1758 1576 1788 1600 et
1812 1569 2004 1607 Hem-icus,
2040 1573 2128 1614 capti

1144 1622 1236 1648 sunt.
1271 1614 2131 1666 fridericumAustriacumcepissedicitureques,

1144 1665 1204 1710 qui
1229 1677 1306 1698 eum
1334 1679 1413 1698 mox
1438 1668 1480 1699 ad
1506 1667 1760 1710 Burggravium
1787 1672 1942 1704 adduxit.
1998 1672 2131 1716 Lupol-

1144 1718 1210 1749 dus
1231 1717 1349 1750 audita
1378 1718 1466 1751 fama
1491 1719 1600 1751 cladis
1622 1731 1747 1763 magno
1767 1733 1844 1754 cum
1864 1724 1985 1755 dolore
2004 1731 2035 1756 et
2053 1735 2131 1756 suas

1144 1768 1260 1810 copias
1285 1774 1316 1800 et
1338 1768 1522 1813 reliquias,
1551 1782 1638 1814 quae
1664 1772 1705 1803 ad
1733 1784 1810 1804 eum
1830 1774 2074 1807 confluxerunt
2095 1775 2129 1806 in

1144 1818 1218 1851 loca
1243 1824 1316 1851 tuta
1344 1820 1492 1853 reduxit.
1550 1820 1693 1854 Factum
1720 1829 1770 1855 est
1794 1821 1860 1856 hoc
1886 1825 2058 1867 praelium
2077 1825 2132 1858 die

1145 1869 1309 1901 vicesimo
1335 1876 1456 1903 octavo
1483 1870 1716 1914 Septembris,
1751 1886 1844 1906 anno
1864 1873 2133 1909 MCCCXXlIl.

1145 1931 1238 1952 anno
1270 1927 1346 1962 post
1377 1921 1582 1954 electionem
1607 1924 1790 1968 utriusque
1815 1932 1949 1958 octavo.
2002 1925 2130 1959 Henri-

1145 1982 1204 2003 cus
1220 1970 1299 2003 Dux
1316 1970 1478 2004 Austriae
1501 1970 1648 2004 lobanni
1667 1972 1754 2014 Regi
1774 1974 1952 2008 Boiemiae
1970 1976 2130 2011 traditur.

1145 2020 1348 2054 fridericus
1376 2022 1529 2055 triennio
1555 2023 1711 2065 captivus
1736 2032 1890 2058 retentus
1916 2033 1965 2058 est
1993 2027 2026 2058 in
2054 2039 2130 2059 arce

1145 2072 1258 2104 vicina
1275 2072 1405 2116 oppido
1422 2073 1548 2105 celebri
1567 2074 1722 2116 Naburg.

1246 2121 1330 2156 Post
1354 2123 1536 2156 victoriam
1558 2124 1759 2157 Ludovicus
1784 2137 1899 2168 pacem
1927 2127 1961 2159 in
1982 2128 2130 2161 Germa-

1145 2175 1203 2206 nia
1226 2174 1438 2208 constituere
1462 2182 1607 2208 conatus
1630 2182 1695 2212 est,
1723 2176 1903 2210 coufirmat
1929 2190 2049 2211 eorum
2069 2180 2129 2212 be-

1146 2224 1401 2261 nevolentiam,
1428 2226 1487 2270 qui
1513 2233 1612 2259 antea
1638 2238 1714 2258 cum
1740 2239 1778 2258 eo
1796 2227 1974 2261 coniuncti
1992 2230 2130 2262 fuerant

1146 2283 1178 2309 et
1209 2276 1331 2319 recipit
1364 2276 1598 2314 adversarios,
1634 2277 1692 2320 qui
1726 2288 1760 2309 se
1792 2278 1985 2316 dedebant,
2021 2282 2128 2313 sancit

1146 2324 1355 2370 ἀμνηστίαν
1373 2327 1531 2359 omnium
1552 2327 1782 2367 iniuriarum,
1810 2334 1842 2361 et
1861 2330 1971 2363 edicta
1989 2331 2031 2363 de
2051 2343 2131 2374 pace

1146 2377 1324 2421 proponit.
1377 2375 1453 2410 Etsi
1473 2384 1586 2411 autem
1607 2377 1787 2421 Lupoldus
1807 2391 1870 2412 uec
1890 2381 2048 2414 animum
2067 2380 2130 2414 lio-

1146 2429 1258 2462 stilem
1285 2428 1448 2472 deponit,
1476 2440 1537 2461 nec
1564 2429 1728 2473 quiescit,
1755 2436 1870 2463 tamen
1889 2433 2060 2476 compesci
2081 2434 2129 2465 sa-

1147 2479 1209 2512 cile
1234 2486 1388 2522 poterat,
1423 2491 1500 2511 cum
1528 2478 1738 2512 Germaniae
1765 2493 1842 2524 pars
1870 2483 1981 2515 maior
2006 2484 2070 2515 iani
2099 2491 2126 2514 et

1147 2530 1335 2574 tranquilla
1353 2537 1452 2566 esset,
1481 2537 1511 2562 et
1529 2542 1605 2562 cum
1618 2530 1800 2564 Ludovico
1818 2533 2014 2566 coniuncta.
2061 2534 2126 2565 Sed

1146 2581 1256 2614 suriae
1287 2580 1485 2623 pontificiae
1515 2593 1593 2613 mox
1624 2593 1663 2614 eo
1697 2594 1790 2614 anuo
1825 2590 1925 2626 capto
1952 2584 2127 2616 friderico

1146 2629 1318 2664 Ecclesias
1347 2631 1596 2665 distraxerunt.
1670 2631 1720 2666 Ea
1754 2634 1930 2666 calamitas
1962 2635 2126 2666 maiorem

1148 2682 1305 2715 dolorem
1332 2688 1362 2714 et
1383 2682 1562 2716 Ludovico
1589 2689 1620 2715 et
1647 2684 1811 2716 omuibus
1833 2682 1986 2716 bonestis
2002 2684 2129 2720 attulit,

1573 2733 1617 2768 19
