2324 2955
192 119 265 153 985

221 203 467 238 Ecclesiae
503 196 770 230 certamina
811 196 919 237 post
954 196 1143 228 mortem

423 247 730 283 Constantini
765 245 942 289 Magni.

322 329 440 364 Etiam
468 328 664 372 sapientum
694 333 726 359 et
763 327 938 358 bonorum
966 324 1172 368 principum

199 381 310 417 animi
335 387 415 414 sunt
439 379 635 412 mutabiles.
689 376 739 409 lta
756 375 1010 409 Constantinus
1025 374 1174 416 Magnus

200 431 345 467 biennio
371 437 450 463 ante
474 435 622 461 mortem
640 439 658 460 a
676 438 794 459 sorore
809 424 1014 459 Constantia
1033 435 1175 467 persua—

200 495 275 522 sus,
302 481 500 514 exulantem
519 476 646 511 Arium
670 476 864 515 revocavit,
891 483 924 509 et
940 473 1174 508 Athanasium

199 531 376 575 relegavit.
424 528 475 562 Ea
495 529 641 561 mutatio
659 526 848 559 voluntatis
868 525 904 558 in
923 525 1081 570 principe
1098 535 1177 556 rur-

201 595 259 616 sus
283 580 441 614 accendit
459 578 590 612 Ariana
617 578 816 611 certamina.
871 575 959 608 Nam
977 587 1054 608 cum
1074 574 1174 617 pulso

201 630 398 666 Athanasio
422 640 580 662 reversus
608 636 692 661 esset
712 626 959 660 Alexandriam
979 624 1096 663 Arius,
1119 635 1178 655 ve-

200 683 265 716 luti
291 678 529 723 triumphans:
559 679 658 711 valde
681 676 902 710 confirmavit
930 687 1027 708 suam
1051 673 1174 707 factio—

201 744 301 770 nem,
335 738 368 764 et
385 730 487 762 multi
503 727 669 772 Episcopi
687 728 745 772 qni
764 733 862 759 antea
883 732 975 758 metu
992 730 1180 764 tacuerant,

202 788 319 826 aperte
336 781 409 813 eius
429 779 634 811 sententiam
649 788 869 821 propugnare
886 782 1062 820 ceperunt,
1080 786 1179 818 prae-

202 832 321 865 sertim
339 837 417 874 post
434 828 659 862 Constantini
685 834 847 860 mortem.

306 889 426 923 Latuit
442 894 557 920 autem
576 887 655 920 exul
673 884 886 919 Athanasius
903 884 994 926 apud
1012 882 1181 916 Maximi-

205 952 291 973 num
310 937 524 983 Episcopum
543 937 772 970 Trevirorum
792 946 901 968 annos
918 936 1006 967 duos
1031 940 1065 966 et
1082 945 1181 964 men-

205 1002 258 1023 ses
276 996 436 1034 quatuor.
488 987 576 1020 Nam
595 987 686 1019 filius
700 985 953 1019 Constantinus
970 983 1023 1015 vir
1039 994 1181 1024 magna-

204 1041 342 1078 nimus,
369 1038 429 1082 qui
453 1049 492 1069 ex
519 1042 724 1069 testamento
750 1036 857 1078 patris
876 1033 1010 1066 Gallias
1031 1033 1181 1071 tenebat,

206 1089 351 1134 perfecit
377 1094 416 1120 ut
432 1083 645 1119 Athanasius
670 1086 705 1116 in
723 1083 971 1117 Alexandriam
996 1082 1182 1113 reducere-
1206 1099 1208 1107 ι

204 1148 273 1174 tur.
335 1137 476 1181 lamque
500 1135 606 1168 Arius
631 1141 790 1167 mortuus
816 1140 905 1172 erat,
942 1137 981 1163 ut
1003 1137 1103 1163 antea
1127 1130 1183 1162 di—

207 1197 304 1224 ctum
339 1194 404 1220 est:
445 1193 479 1219 et
520 1186 720 1218 adolescens
755 1182 983 1216 Constantius
1021 1181 1181 1213 nondum

207 1245 327 1283 aperte
354 1237 518 1270 tuebatur
539 1235 708 1275 Arianos,
735 1234 797 1268 etsi
823 1232 1010 1266 familiares
1035 1231 1065 1263 ei
1085 1236 1183 1263 erant

204 1287 371 1333 Episcopi
391 1286 533 1330 quidam
551 1283 687 1319 Ariani,

309 1344 485 1387 Receptus
502 1339 714 1375 Athanasius
740 1341 892 1374 triennio
914 1340 1041 1373 retinet
1055 1339 1182 1381 guber-

207 1397 399 1430 nationem.
453 1393 588 1426 Interea
614 1392 767 1425 artificiis
789 1390 934 1424 Eusebii
950 1389 1185 1422 Nicomeden-

210 1448 256 1480 εἰς
275 1453 308 1478 et
326 1445 475 1478 aliorum
494 1443 601 1485 magis
626 1443 797 1475 alienatus
814 1440 1040 1474 Constantius
1057 1440 1100 1472 ab
1127 1451 1184 1472 or-

205 1495 389 1534 thodoxiS,
418 1494 517 1537 pellit
541 1505 579 1525 ex
604 1491 913 1535 Constantinopoli
938 1487 1120 1527 Paulum,
1150 1497 1183 1523 et

208 1559 247 1580 ex
267 1544 479 1579 Alexandria
492 1539 742 1575 Athanasium
760 1549 849 1574 recte
866 1541 1065 1575 sentientes.
1093 1539 1182 1573 Cum
1207 1551 1208 1568 t

208 1596 360 1630 exercitu
391 1593 565 1636 Georgius
599 1594 741 1637 qnidam
779 1592 978 1635 praeficitur
1007 1588 1182 1623 Ecclesiae
1207 1617 1208 1628 ,

208 1645 480 1680 Alexandrinae.
508 1643 657 1675 Abdidit
678 1643 783 1685 igitur
801 1654 834 1674 se
856 1642 892 1673 in
910 1641 1059 1674 latebras
1069 1637 1183 1672 Atha-

207 1697 337 1729 nasius.
372 1693 532 1737 Cumque
550 1693 592 1724 ab
609 1692 813 1724 adversariis
831 1692 873 1722 ad
890 1701 1008 1721 necem
1029 1689 1182 1720 studiose
1206 1704 1208 1732 ;

208 1751 445 1791 quaereretur,
462 1743 642 1786 aliquanto
661 1748 737 1784 post
752 1740 919 1781 effugiens
929 1738 1079 1771 Romam
1102 1749 1182 1780 pro-
1206 1736 1207 1774 ζ

455 1791 592 1825 Rursus
617 1791 722 1833 igitur
744 1790 875 1822 exulat:
905 1795 937 1820 et
960 1787 1095 1822 Rornae
1118 1787 1183 1820 ali·
1206 1804 1207 1809 =

211 1844 417 1890 quantisper
442 1848 585 1874 manent
609 1842 698 1883 apud
723 1839 850 1872 lulium
874 1837 1106 1881 Episcopum,
1151 1844 1182 1870 et
1207 1832 1208 1860 Ῐ

975 1886 1112 1920 Deinde
1139 1888 1179 1919 ad
1207 1923 1209 1933 .

209 1797 319 1830 fectus
342 1800 402 1826 est.

210 1897 283 1939 ipse
300 1900 332 1926 et
351 1892 482 1924 Paulus
497 1890 922 1933 Constantinopolitanus.

208 1946 435 1979 Constantem
470 1941 713 1983 imperatorem
746 1940 930 1977 accedunt,

209 1994 439 2029 Occidentem
465 1992 616 2024 tenebat.

209 2043 412 2081 deducitur,

979 1938 1040 1981 qui
1073 1937 1183 1970 victor

212 2243 498 2290 quinquagesimo
517 2241 641 2285 primo.
671 2239 923 2273 Convenerunt
940 2238 975 2270 in
996 2239 1082 2271 urbe
1101 2237 1182 2272 Sar—

212 2296 287 2328 dica
312 2293 451 2326 ducenti
483 2291 737 2336 quinquaginta
761 2287 938 2333 Episcopi.

213 2346 355 2378 fuerunt
371 2340 585 2375 Athanasius
601 2349 633 2374 et
643 2339 781 2373 Hosius
791 2339 1027 2373 Cordubensis
1037 2337 1182 2383 Episco-

212 2406 298 2439 pus,
333 2404 433 2436 quem
460 2393 602 2435 epistola
626 2391 760 2435 Synodi
783 2390 867 2423 dicit
896 2390 1063 2431 grandem
1098 2395 1182 2422 natu
1206 2402 1209 2421 ι

212 2445 338 2483 fuisse,
365 2439 629 2488 εὖγηρότατον,
658 2448 691 2474 et
708 2441 854 2473 maxime
878 2440 1022 2482 dignum
1048 2436 1182 2472 honore

212 2500 358 2540 propter
391 2499 590 2534 perpetuam
631 2490 862 2525 constantiam
896 2490 932 2522 in
965 2489 1183 2522 consessione

214 2543 369 2578 veritatis
389 2542 480 2574 inter
498 2541 622 2574 multas
638 2541 853 2574 afflictiones.
908 2539 1001 2572 Haec
1019 2539 1183 2584 Synodus

213 2600 333 2629 testata
358 2598 424 2632 est,
457 2602 491 2624 se
516 2590 676 2633 amplecti
698 2590 870 2623 Nicenum
897 2589 1120 2634 Symbolum:
1151 2596 1184 2623 et

215 2650 358 2679 damnat
370 2643 414 2676 ab
432 2653 472 2675 eo
489 2640 742 2676 dissentientes.
795 2639 899 2675 Extat
911 2640 1045 2684 Synodi
1063 2641 1183 2674 decre-

432 112 637 150 SCRIPTA
665 110 738 143 ΡΠ,
766 106 881 142 MEL.
909 107 973 141 AD
1000 106 1126 142 HIST.
1154 104 1296 142 PROF.
1324 103 1388 139 ET
1416 102 1608 139 PHILOS.
1634 101 1949 140 SPECTANTIA.

668 1991 773 2033 Apud
797 1987 891 2021 hunc
915 1989 1054 2020 tandem
1074 1999 1127 2019 res
1143 2000 1181 2019 eo
1206 1994 1208 1998 ⁴

454 2048 494 2074 ut
530 2051 699 2073 consensu
732 2040 878 2072 fratrum
903 2034 1120 2071 Constantis
1151 2028 1209 2082 et{

207 2091 423 2129 Constantii
437 2091 601 2136 Synodus
626 2090 754 2122 indicta
778 2090 838 2127 sit,
873 2100 960 2132 quae
987 2088 1022 2120 in
1043 2087 1182 2132 Illyrico
1207 2084 1208 2095 ¹

209 2147 247 2179 in
264 2145 351 2177 urbe
367 2140 525 2174 δαν-ἀίω
544 2141 718 2180 convenit,
735 2151 826 2172 anno
844 2139 977 2171 decimo
996 2145 1072 2181 post
1086 2150 1182 2171 mor·
1207 2138 1208 2143 ’

210 2203 279 2230 tem
289 2192 513 2227 Constantini
530 2191 664 2233 Magni,
689 2202 781 2223 anno
792 2187 923 2222 Christi
941 2188 1182 2221 trecentesimo
1206 2180 1208 2203 ³

992 2287 1088 2321 Inter
1119 2286 1182 2321 hos
1206 2310 1207 2331 t

2116 103 2191 139 984

1220 197 1294 224 tum
1310 190 1401 233 apud
1419 187 1682 222 Theodoretum
1695 216 1704 229 ‚
1732 189 1768 221 in
1786 201 1855 233 quo
1874 186 1958 222 haec
1974 188 2080 222 verba
2095 193 2192 222 sunt:

1222 237 1335 284 ΆΙηὸέ
1348 252 1433 273 ποτε
1458 237 1596 284 πατέρα
1609 237 1724 284 χωρὶς
1738 238 1841 273 υἱοῦι
1865 235 1954 283 μήτε
1977 237 2058 272 υἱὸν
2082 235 2194 283 χωρὶς

1223 288 1370 336 πατρὸς.
1405 285 1494 334 μήτε
1508 287 1696 335 γενέσθαι,
1719 286 1807 333 μήτε
1825 286 1917 323 εἶναι
1934 285 2135 322 δύνασθαι.

1323 340 1438 373 Tanta
1463 340 1529 372 fuit
1553 346 1668 372 autem
1693 340 1766 371 eius
1790 339 1910 372 aetatis
1936 338 2132 377 calamitas,
2157 344 2196 370 ut

1224 391 1344 423 eodem
1369 397 1529 433 tempore
1552 385 1792 427 ἀντισύνοδος
1816 389 1853 421 in
1870 386 2022 422 Thracia
2046 387 2083 419 in
2109 387 2196 419 urbe

1224 439 1466 484 Philippopoli
1488 439 1709 479 convenerit,
1737 439 1831 483 quod
1854 438 1998 479 accidit,
2025 437 2107 482 quia
2125 448 2198 469 non

1226 491 1291 524 suit
1307 491 1432 523 unicus
1449 490 1684 532 gubernator,
1709 496 1749 522 ut
1763 489 1877 522 fuerat
1892 488 2043 521 Nicenae
2062 486 2196 532 Synodi

1226 541 1494 575 Constantinus:
1523 546 1556 572 et
1580 540 1648 571 iam
1676 551 1748 571 non
1765 545 1836 571 erat
1853 539 2101 580 imperatorum
2114 548 2199 569 con-

1228 602 1362 625 sensus:
1399 597 1432 623 et
1463 590 1661 622 adolescens
1685 588 1910 623 Constantius
1938 600 1970 633 a⁴
1987 586 2058 620 suis
2081 597 2197 618 assen-

1229 642 1400 675 tatoribus
1416 640 1684 684 depravabatur.
1737 639 1838 671 'I‘alia
1861 638 1950 670 mala
1975 637 2139 670 oriuntur
2155 636 2200 668 ab

1228 692 1291 730 iis,
1333 691 1392 736 qui
1427 690 1627 734 principum
1663 689 1859 722 voluntates
1891 684 2102 721 distrahunt.
2154 683 2201 718 Et

1229 748 1352 786 quarto
1370 753 1462 774 anno
1481 746 1559 784 post
1574 738 1664 772 hanc
1674 738 1856 784 Synodum
1868 745 2012 783 sequuta
2028 743 2078 770 est
2086 735 2201 780 Syno-

1229 794 1294 825 dus
1320 791 1550 837 Syrmiensis,
1575 790 1631 823 cui
1657 790 1815 823 interfuit
1839 787 2085 827 Constantius,
2117 797 2201 818 con-

1230 842 1335 876 traria
1351 841 1562 875 Sardicensi.
1606 839 1841 882 Cogitandum
1859 845 1974 872 autem
1991 844 2053 876 est,
2071 842 2200 880 quanta

1231 892 1407 925 calamitas
1425 891 1542 930 suerit,
1563 902 1642 923 cum
1657 890 1806 923 subinde
1823 893 2071 922 concurrerent
2087 885 2202 930 Syno-

1232 943 1287 982 di,
1314 941 1547 986 Antisynodi‚
1573 948 1605 973 et
1631 940 1891 973 retractationes
1913 938 2070 982 priorum
2087 935 2202 980 Syno-

1232 994 1370 1024 (lorum.
1411 991 1569 1023 Fuerunt
1586 991 1679 1022 enim
1697 989 1823 1032 impiae
1834 988 1969 1034 Synodi
1985 985 2203 1031 frequentio-

1232 1053 1286 1073 res
1308 1046 1386 1083 post
1408 1040 1651 1072 Sardicensem
1674 1051 1732 1071 sex
1754 1044 2015 1081 corrumpentes
2030 1036 2202 1069 Nicenum

1233 1089 1458 1135 Symbolum,
1486 1089 1662 1120 videlicet:
1691 1088 1729 1121 in
1745 1088 1896 1132 Syrmio‚
1924 1086 2097 1125 Arimino,
2124 1083 2204 1117 'Me-

1234 1140 1389 1179 diolano,
1416 1138 1574 1172 Seleucia
1591 1136 1757 1177 Isauriae,
1783 1135 2104 1179 Constantinopoli,
2128 1133 2205 1166 An·

1233 1187 1362 1222 tiochia
1375 1216 1383 1229 ,
1409 1190 1451 1221 de
1469 1188 1597 1233 quibus
1615 1199 1695 1220 mox
1713 1198 1820 1231 pauca
1837 1187 1962 1226 dicam,
1989 1192 2028 1219 ut
2047 1183 2205 1217 conside-

1234 1246 1356 1272 rentur
1379 1236 1554 1271 Ecclesiae
1577 1237 1800 1272 calamitates.
1853 1235 1957 1269 Prius
1982 1235 2075 1268 enim
2091 1232 2204 1274 Atha-

1233 1290 1323 1323 nasii
1341 1287 1520 1323 historiam
1537 1288 1690 1321 breviter
1707 1287 1928 1330 complectar.

1335 1339 1418 1372 Post
1434 1339 1675 1373 Sardicensem
1693 1336 1877 1382 Synodum
1900 1335 2070 1370 Constans
2093 1334 2205 1378 impe-

1234 1396 1329 1423 rator
1344 1401 1362 1422 a
1377 1390 1484 1422 fratre
1501 1387 1706 1422 Constantio
1730 1387 1848 1431 petiit,
1875 1392 1915 1420 ut
1932 1383 2125 1419 Athanasio
2143 1395 2206 1427 gu-

1233 1440 1477 1474 bernationem
1511 1438 1745 1471 Alexandriae
1781 1436 1956 1470 Ecclesiae
1991 1435 2202 1468 restitueret:

1235 1498 1268 1525 et
1290 1491 1406 1534 palam
1422 1488 1606 1522 minitatus
1629 1494 1694 1528 est,
1722 1499 1756 1520 se
1783 1499 1861 1521 eum
1877 1487 2106 1519 reducturum
2125 1495 2207 1523 esse,

1235 1541 1261 1574 si
1278 1542 1386 1574 frater
1405 1552 1477 1572 non
1494 1540 1662 1572 restituat.
1698 1537 1751 1570 Ibi
1768 1548 1968 1582 quanquam
1984 1535 2045 1568 diu
2063 1546 2116 1567 res
2134 1542 2206 1567 arte

1234 1591 1411 1624 differtur:
1439 1597 1555 1622 tamen
1571 1587 1769 1621 Constantii
1792 1587 1894 1619 amici
1919 1591 2111 1618 metuentes
2134 1585 2205 1617 fra-

1234 1648 1320 1673 trem
1347 1640 1511 1678 suadent,
1543 1645 1583 1671 ut
1604 1638 1721 1681 potius
1738 1637 1890 1669 reditum
1908 1632 2104 1668 Athanasio
2122 1645 2206 1666 eon-

1233 1691 1344 1731 cedat,
1363 1700 1466 1732 quam
1484 1688 1616 1720 bellum
1633 1687 1734 1718 civile
1751 1683 1911 1718 attrahat.
1964 1683 2124 1716 Tandem
2142 1683 2208 1727 igi-

1234 1746 1290 1772 tur
1308 1737 1468 1770 concedit
1485 1735 1677 1769 Athanasio
1702 1735 1855 1768 reditum
1875 1733 2122 1774 Constantius,
2148 1735 2208 1767 sed

1234 1789 1415 1832 aliquanto
1432 1793 1509 1829 post
1523 1792 1660 1818 mortuo
1671 1783 1861 1818 Constante
1877 1795 1997 1817 rursus
2014 1784 2111 1817 iubet
2127 1795 2207 1816 eum

1234 1838 1313 1870 eiici
1336 1836 1583 1875 Constantius,
1617 1835 1699 1879 quia
1723 1834 1830 1868 suerit
1853 1834 1953 1867 fratri
1976 1834 2138 1867 incitator
2162 1835 2206 1867 ad

1235 1888 1367 1921 bellum
1386 1887 1611 1919 movendum.
1662 1883 1793 1918 Exulat
1813 1884 1919 1927 igitur
1935 1884 2037 1917 tertio
2047 1882 2206 1918 Athana-

1206 1939 1209 1984 }
1234 1939 1322 1978 sins,
1349 1937 1490 1970 latitans
1508 1936 1545 1968 in
1562 1935 1674 1980 Libya
1690 1947 1746 1969 sex
1765 1946 1896 1973 annos,
1922 1945 2032 1979 usque
2049 1935 2092 1968 ad
2111 1947 2207 1968 mor-

1234 1995 1303 2021 tem
1328 1986 1539 2021 Constantii.

1337 2036 1471 2071 Interea
1498 2047 1659 2078 magnam
1684 2036 1924 2070 crudelitatem
1948 2035 2100 2069 exercuit
2121 2033 2206 2069 Ale-

1234 2088 1400 2121 xandriae
1433 2085 1629 2131 Episcopus
1663 2085 1850 2129 Georgius.
1911 2085 2073 2128 Virgines
2106 2086 2205 2119 duxit

1234 2139 1276 2171 ad
1302 2139 1418 2181 ignes,
1454 2137 1622 2169 minitans
1647 2137 1695 2170 eis
1715 2148 1852 2177 necem,
1893 2136 1963 2169 nisi
1989 2136 2145 2170 iurarent
2172 2147 2205 2169 se

1234 2189 1429 2222 abiecturas
1446 2198 1517 2220 esse
1533 2187 1728 2220 doctrinam
1746 2184 1944 2220 Athanasii.

1335 2237 1457 2271 Rediit
1490 2244 1606 2270 autem
1640 2236 1770 2272 Iuliani
1804 2243 1961 2280 tempore
1983 2233 2206 2270 Athanasius,

1232 2287 1279 2322 Et
1303 2294 1421 2332 postea
1438 2299 1638 2333 quanquam
1657 2286 1814 2321 Iulianus
1831 2298 1910 2320 eum
1931 2285 2078 2319 interfici
2097 2286 2205 2319 iusse-

1206 2363 1208 2387 ἓ
1234 2345 1303 2379 rat,
1329 2345 1445 2372 tamen
1468 2339 1597 2371 mansit
1615 2338 1651 2370 in
1668 2337 1920 2380 gubernatione
1935 2334 2205 2369 EcclesiaeAle-

1233 2389 1425 2422 xandrinae
1458 2399 1567 2432 usque
1600 2389 1644 2421 ad
1676 2400 1807 2421 annum
1832 2386 2018 2430 septimum
2043 2385 2205 2419 Valenti-

1234 2439 1343 2472 niani.
1394 2438 1555 2482 Suntque
1573 2438 1657 2471 anni
1675 2450 1732 2471 sex
1747 2444 1778 2470 et
1797 2436 2030 2481 quadraginta.
2043 2437 2086 2469 ab
2101 2436 2202 2469 initio

1206 2519 1208 2527 ,
1233 2489 1498 2533 gubernationis
1521 2486 1705 2522 Athanasii
1734 2498 1844 2531 usque
1866 2487 1911 2520 ad
1943 2487 2016 2520 eius
2045 2493 2203 2521 mortem.

1206 2528 1209 2556 Ι
1235 2539 1372 2573 Interea
1398 2545 1545 2583 quantas
1569 2537 1695 2571 viderit
1717 2534 1893 2570 Ecclesiae
1916 2536 2144 2577 calamitates,
2171 2544 2203 2570 et

1206 2584 1208 2595 '
1234 2601 1320 2635 quas
1336 2600 1520 2623 aerumnas
1535 2589 1607 2632 ipse
1621 2586 1757 2627 tulerit,
1781 2587 1818 2619 in
1835 2588 1963 2632 quibus
1979 2593 2097 2620 tamen
2112 2587 2203 2621 divi-

1234 2641 1329 2674 nitus
1346 2646 1501 2674 servatus
1516 2645 1583 2676 est,
1611 2637 1715 2672 series
1731 2635 1897 2672 historiae
1914 2637 2079 2672 ostendit.
