2324 2955
188 134 261 169 883

445 234 509 266 De
537 227 766 264 Cimbrico
793 224 927 259 bello.

294 312 406 353 Supra
435 307 567 340 dictum
601 310 670 343 est,
703 302 835 334 infusas
866 311 937 332 esse
970 298 1008 330 in
1035 297 1171 332 Italiam

195 370 310 407 gentes
328 358 477 394 Celticas
502 364 657 398 tempore
676 351 837 391 Camilli,
863 361 943 383 cum
956 348 1042 381 urbe
1058 346 1173 381 Roma

196 418 336 447 incensa
380 415 448 447 est,
498 403 725 450 Olympiadis
764 400 1008 442 nonagesimae
1035 404 1174 431 octavae

196 474 289 497 anno
305 460 429 504 primo,
457 468 550 490 anuo
566 454 663 488 urbis
672 452 808 486 Romae
825 449 1064 484 trecentesimo
1080 458 1174 480 sexa·
1198 422 1202 480 l

197 512 327 556 gesimo
353 509 495 554 quinte,
521 506 558 538 in
584 516 651 548 qua
669 501 888 545 expeditione
904 506 938 532 et
953 496 1097 531 Brenni
1110 498 1176 530 du-

199 565 247 597 cis
265 561 396 594 mentio
416 559 451 590 fit
463 585 472 598 ,
499 563 531 589 et
545 552 747 590 Senonum,
774 563 861 595 quos
876 550 981 583 fuisse
998 548 1081 581 olim
1093 547 1178 581 Albi

198 612 333 645 vicinos
349 607 441 643 nihil
460 606 608 640 dubium
624 611 684 638 est.
741 601 872 645 Estque
890 600 974 633 urbs
991 597 1107 632 Roma
1122 597 1179 630 in-

201 673 303 696 censa
326 672 346 693 a
372 659 484 692 Gallis
511 663 589 689 ante
607 653 865 689 Alexandrum,
891 655 1059 693 regnante
1076 648 1180 680 Arta-

201 723 303 746 xerxe
326 710 423 743 cuius
443 717 635 749 cognomen
650 704 716 736 suit
734 698 929 746 JszLuwv,
958 710 1050 732 anuo
1067 709 1181 730 nono-

202 762 336 795 decimo
354 765 538 803 postquam
556 752 714 788 Athenae
731 764 748 784 a
761 751 942 796 Lysandro
958 755 1075 793 captae
1089 754 1181 783 sunt.

305 826 459 870 Sequuta
492 829 541 855 est
572 821 638 854 alia
668 817 845 852 Celtarum
875 816 1067 860 expeditio,
1115 826 1182 859 qua

204 876 387 912 Graeciam
405 877 602 911 vastarunt,
629 876 660 902 et
675 869 718 901 ad
734 865 888 911 Delphos
906 866 1077 899 interfecti
1093 872 1184 904 sunt,

204 924 428 970 Olvmpiadis
453 922 659 956 centesimae
678 919 821 963 quintae
839 928 931 949 anno
949 917 1120 954 secundo,
1147 922 1186 948 ut

205 967 324 1011 narrat
338 974 545 1012 Pausanias,
570 969 733 1003 videlicet
749 974 825 1011 post
842 967 1017 998 incensam
1034 964 1185 998 Romam

206 1039 300 1060 anno
332 1024 520 1058 centesimo
554 1020 714 1063 septimo,
767 1016 849 1049 Fuit
880 1016 985 1057 igitur
1015 1015 1104 1047 alius
1129 1012 1186 1047 hic

222 1078 390 1113 henum,
417 1073 476 1118 qui
495 1071 637 1104 Galatas
660 1069 697 1100 in
714 1066 897 1100 Graeciam
923 1064 1041 1104 duxit,
1066 1071 1098 1096 et
1112 1071 1188 1096 tru-

207 1126 338 1160 cidavit
353 1124 592 1157 Ptolemaeum
607 1115 809 1160 Κεραυνὸν.
866 1113 983 1146 Intnsa
1003 1119 1053 1146 est
1072 1120 1186 1146 autem

210 1184 243 1210 et
269 1177 306 1208 in
323 1175 443 1207 Asiam
463 1170 547 1205 haec
572 1168 780 1204 multitudo,
808 1172 842 1198 et
864 1175 942 1208 pars
966 1164 1016 1196 ibi
1035 1175 1052 1194 a
1070 1162 1189 1195 Ptole-

210 1238 308 1259 maeo
334 1224 504 1266 Evergete
526 1220 699 1253 trucidata
721 1223 788 1253 est,
820 1222 859 1248 ut
882 1214 1002 1247 scribit
1023 1211 1189 1246 Callima-

210 1275 294 1310 chus
307 1302 315 1315 ‚
343 1274 435 1317 apud
455 1282 558 1316 quem
578 1268 695 1312 iuquit
709 1264 890 1299 Phoebus:

261 1335 371 1365 Contra
388 1335 505 1362 hostem
522 1332 590 1359 sient
608 1328 776 1357 communia
795 1327 904 1364 praelia
922 1326 1018 1358 nobis,

263 1385 374 1415 Celtica
391 1394 459 1412 cum
475 1388 576 1410 contra
593 1377 719 1408 Graecos
736 1387 807 1415 gens
822 1377 899 1403 bella
916 1375 1057 1411 movebit,

262 1436 406 1464 Titanum
424 1433 539 1462 soboles
551 1452 558 1465 ‚
586 1436 718 1458 extr-»mo
734 1437 749 1455 a
767 1426 882 1455 cardine
898 1431 998 1453 terrae.

264 1486 382 1522 Effusa,
410 1484 566 1521 Hesperias
583 1487 610 1508 et
626 1479 706 1507 sedes
724 1478 812 1505 effera
828 1478 953 1515 linquet,

265 1536 423 1575 Densaque
439 1536 479 1562 sic
496 1533 616 1561 veniens
634 1532 689 1558 late
705 1528 798 1556 trahet
816 1528 949 1565 agmina,
977 1526 1050 1552 sicut

266 1586 385 1625 Spargit
402 1584 513 1614 Bruma
530 1583 613 1610 nives
629 1578 744 1608 Boreae
762 1577 938 1616 spirantibus
956 1576 1043 1602 auris.

316 1641 388 1674 Nec
412 1651 495 1672 vero
522 1636 668 1670 dubium
688 1640 737 1666 est
753 1633 845 1675 apud
862 1638 994 1663 veteres
1011 1627 1196 1669 scrIptores

216 1692 394 1726 Celtarum
411 1699 540 1721 nomen
557 1695 740 1718 commune
758 1683 863 1714 fnisse
877 1679 1038 1722 gentibus
1050 1678 1086 1708 in
1100 1682 1197 1707 utra-

219 1754 284 1787 que
306 1742 382 1784 ripa
398 1737 517 1773 Rheni
535 1746 642 1779 usque
661 1734 703 1766 ad
721 1730 903 1764 Oceanum
921 1725 1197 1781 Occidentalem‚

219 1800 252 1825 et
275 1802 384 1834 usque
402 1790 444 1821 ad
460 1785 656 1830 Harey-flios
676 1788 828 1820 montes,
855 1779 914 1823 qui
933 1789 1026 1810 nunc
1043 1774 1198 1808 Bulemi-

221 1843 271 1882 ci,
298 1838 483 1881 Turingici
501 1843 532 1868 et
549 1833 720 1878 Harcyuii
738 1831 976 1863 nominantur.

322 1900 353 1931 A
381 1897 478 1929 clade
501 1893 679 1927 Celtarum
704 1896 839 1931 accepta
865 1888 900 1919 in
919 1882 1065 1927 Delphis
1090 1894 1199 1926 usque

221 1951 264 1983 ad
280 1947 490 1983 Marcellum
507 1942 709 1980 Consulem,
737 1939 797 1983 qui
815 1936 987 1970 interfecit
1001 1933 1200 1966 Viridoma-

222 2012 318 2039 rum,
353 2004 435 2030 suut
455 1994 539 2028 anni
565 1991 749 2033 sexaginta.
809 1987 904 2020 Haec
926 1987 963 2018 in
988 1983 1126 2017 Italiam
1149 1994 1202 2015 se·
1226 1976 1229 2000 ¹

225 2051 338 2083 cunda
354 2047 531 2082 Celtarum
556 2041 728 2086 expeditio
753 2039 967 2073 celebratur,
995 2035 1032 2067 in
1052 2045 1121 2078 qua
1137 2044 1203 2064 no-

225 2112 305 2133 men
322 2098 420 2132 ducis
439 2094 675 2128 Teutonicum
695 2102 766 2123 esse
785 2087 1006 2121 manifestum
1025 2091 1084 2116 est.

329 2158 359 2189 A
382 2166 463 2187 nece
480 2149 694 2184 Viridomari
720 2158 828 2191 usque
852 2145 894 2177 ad
921 2143 1068 2186 primam
1093 2141 1204 2173 victo-

228 2208 314 2240 riam
338 2205 565 2239 Cimbrorum
591 2202 627 2233 in
654 2198 773 2237 Italia,
806 2195 950 2240 Syllano
971 2191 1123 2226 Consule
1148 2191 1205 2222 in-
1230 2222 1233 2251 Ι

228 2258 368 2290 terfecto
382 2283 389 2294 ‚
416 2260 497 2287 sunt
520 2251 602 2284 anni
621 2257 758 2282 centum
777 2254 809 2279 et
824 2244 1002 2278 tredecim.
1055 2240 1206 2274 Duravit
1230 2254 1234 2296 Ι

230 2314 343 2339 autem
367 2306 495 2338 bellum
513 2301 727 2336 Cimbricum
752 2310 769 2330 a
788 2295 922 2341 Syllani
942 2292 1125 2326 consulatu
1143 2303 1206 2322 an-
1231 2298 1239 2326 t

230 2368 293 2389 nos
325 2363 422 2395 octo,
455 2365 563 2397 usque
592 2352 633 2383 ad
659 2348 879 2382 consulatum
904 2343 1011 2377 Marii
1034 2342 1207 2386 quintum,

231 2420 249 2440 a
275 2418 344 2450 quo
370 2405 507 2437 tandem
530 2403 571 2434 ad
595 2402 726 2433 flumen
746 2395 894 2430 Athesin
911 2393 1016 2427 deleti
1030 2398 1111 2425 sunt
1126 2391 1208 2424 reli-

233 2458 291 2502 qui
315 2455 482 2489 exercitus
504 2452 747 2487 Cimbrorum,
776 2448 978 2480 Teutonum
1004 2449 1036 2476 et
1055 2442 1208 2475 Ambro-

233 2519 331 2541 num.
383 2504 437 2538 Sit
461 2503 566 2544 igitur
588 2499 672 2533 haec.
695 2499 796 2533 tertia
820 2498 858 2529 in
876 2495 1012 2529 Italiam
1035 2492 1208 2536 expeditio

234 2569 353 2591 earum
383 2553 557 2598 gentium,
592 2563 679 2594 quae
709 2557 818 2583 terras
844 2547 890 2580 ab
915 2544 1065 2588 Alpibus
1090 2552 1210 2575 versus

233 2619 329 2641 mare
363 2601 642 2648 Septentriuuale
679 2604 886 2635 tenuerunt,
927 2606 1014 2640 quae
1052 2593 1210 2626 omnium

235 2657 381 2691 maxime
400 2652 565 2689 terribilis
582 2650 658 2682 suit.

448 121 654 162 SCRIPTA
681 120 756 155 PII.
780 115 894 152 MEL.
921 114 988 151 AD
1013 114 1140 151 HlST.
1166 112 1308 150 PROF.
1334 110 1399 146 ET
1427 110 1615 146 PHILOS.
1638 109 1951 149 SPECTANTIA.

2125 112 2197 147 884

1323 195 1548 230 Cimbrorum
1566 208 1694 230 nomen
1711 198 1835 230 retinet
1851 195 2087 231 Chersonesus
2102 196 2197 231 Cim-

1224 247 1330 281 brica.
1382 246 1501 290 Itaque
1518 258 1590 278 non
1605 246 1790 281 obscurum
1807 254 1868 284 est,
1896 259 1983 291 quae
1997 258 2078 289 gens
2094 248 2199 280 fuerit

1225 297 1370 331 Cimbri.
1423 295 1492 329 Sed
1511 303 1593 329 tunc
1609 308 1770 339 magnam
1786 304 1917 341 partem
1934 297 2063 330 littoris
2078 303 2200 330 tenue-

1226 354 1319 381 runt.
1381 345 1507 380 Strabo
1532 357 1755 397 nomen-esse
1778 348 1862 380 dicit
1887 359 1905 379 a
1933 346 2128 380 Cimmeriis
2148 348 2201 379 fa-

1228 405 1340 436 ctum,
1380 408 1466 441 quos
1491 407 1594 439 supra
1620 393 1807 429 Thraciam
1832 395 1994 430 habuisse
2017 397 2113 429 sedes
2137 408 2203 428 no-

1228 459 1308 481 men
1333 444 1508 490 Bosphori
1531 445 1714 479 Cimmerii
1734 453 1890 479 testatur.
1941 446 1986 480 lit
2003 446 2204 479 Herodotus

1229 499 1289 531 lib.
1301 495 1336 532 4.
1352 497 1498 530 collocat
1514 508 1571 528 eos
1585 496 1626 529 ad
1637 496 1787 529 Araxem
1803 496 1962 530 fluvium.
2015 496 2057 529 In
2070 495 2097 530 Ι.
2112 496 2204 529 libro

1230 548 1364 592 inquit,
1399 547 1436 579 in
1462 545 1612 592 Lydiam
1640 547 1775 580 infusos
1804 558 1894 587 esse,
1928 552 1961 579 et
1985 558 2004 578 a
2026 545 2207 590 Lydorum

1232 610 1311 641 rege
1339 597 1467 630 iterum
1498 597 1581 629 inde
1612 597 1785 640 expulsos.
1845 595 2128 629 Consentaneum
2156 602 2208 628 est

1232 659 1363 682 nomen
1385 658 1456 680 esse
1479 659 1496 679 a
1521 645 1653 679 Gomer
1677 647 1749 679 filio
1776 644 1917 689 Iaphet‚
1944 653 1977 679 et
2000 658 2040 679 ex
2060 643 2208 678 Oriente

1234 708 1433 743 progressos
1455 708 1526 729 esse
1542 695 1752 730 Cimmerios
1772 697 1814 730 ad
1839 695 1905 729 hoc
1928 703 2086 729 nostrum
2103 696 2210 735 littus,

1236 750 1323 781 sicut
1347 754 1378 780 et
1403 747 1490 779 aliae
1508 753 1625 789 gentes
1644 747 1777 779 vicinae
1793 758 1992 790 progressae
2011 752 2108 779 sunt:
2138 745 2211 778 Ge-

1235 806 1307 837 tae,
1335 797 1422 837 Dai,
1448 797 1563 841 Syevi.
1615 795 1696 829 Non
1720 797 1813 829 enim
1838 798 1983 830 dubium
2010 803 2075 836 est,
2105 794 2212 829 Getas

1238 860 1308 881 esse
1326 845 1496 885 Gotthos‚
1524 846 1617 880 Daos
1633 845 1773 887 Dauos,
1804 853 1835 879 et
1852 847 1983 892 Syevos
2006 857 2092 891 quos
2117 857 2212 879 nunc

1238 898 1366 932 Suecos
1391 909 1448 929 seu
1471 896 1604 929 Suedos
1628 897 1864 929 nominamus.
1917 896 2078 929 Vetustas
2098 896 2214 928 nomi-

1238 948 1335 980 navit
1360 946 1493 980 Suevos
1519 954 1552 979 et
1573 946 1734 980 Suionas,
1795 947 1903 979 Getae
1927 947 2095 988 significat
2119 945 2215 977 mili-

1239 1005 1308 1038 tes,
1333 995 1401 1029 Dai
1419 996 1582 1036 scientes,
1608 995 1702 1029 Dani
1720 995 1874 1034 Iudices,
1902 996 2006 1030 Suevi
2024 1002 2190 1039 raptores.

1339 1059 1518 1093 Teutones
1540 1059 1598 1092 hic
1621 1062 1772 1103 primun]
1797 1063 2026 1095 nominantur
2051 1062 2087 1093 in
2105 1059 2216 1095 histo-

1366 1110 1404 1142 Id
1431 1122 1561 1142 nomen
1585 1110 1621 1142 in
1644 1117 1765 1143 nostra
1781 1112 1900 1152 lingua
1918 1123 2013 1143 nunc
2028 1111 2147 1144 multis
2165 1123 2218 1144 se-

1242 1161 1330 1194 culis
1362 1160 1490 1192 multas
1523 1166 1641 1202 gentes
1672 1161 1926 1205 complectitur.
1998 1159 2070 1193 Nec
2102 1167 2218 1193 tamen

1243 1217 1332 1244 rxtat
1353 1210 1535 1251 vestigium
1562 1211 1599 1242 in
1615 1217 1712 1244 tanto
1732 1211 1847 1253 spacio
1860 1238 1869 1252 ‚
1894 1211 1988 1243 unde
2005 1211 2084 1243 sciri
2102 1211 2220 1254 possit,

1244 1272 1331 1305 quae
1354 1260 1460 1293 fuerit
1483 1266 1616 1293 vetusta
1640 1267 1674 1293 et
1691 1261 1874 1304 praecipua
1891 1262 1988 1293 sedes
2005 1259 2219 1295 Teutonum.

1245 1312 1341 1343 Adeo
1367 1317 1447 1343 sunt
1470 1311 1650 1342 instabiles
1676 1317 1710 1343 et
1728 1312 1876 1343 caducae
1892 1322 1946 1342 res
1964 1308 2157 1349 humanae,
2183 1318 2222 1344 ut

1245 1361 1386 1392 mutatis
1411 1360 1567 1403 imperiis
1590 1371 1732 1402 magnae
1757 1366 1874 1402 gentes
1897 1361 1943 1393 ita
1965 1360 2148 1393 deleantur
2164 1367 2223 1393 aut

1246 1410 1476 1453 dissipentur,
1503 1417 1541 1443 ut
1561 1421 1625 1442 nec
1644 1417 1775 1442 veteres
1793 1422 1911 1443 earum
1929 1411 2026 1442 sedes
2044 1410 2123 1443 sciri
2142 1421 2224 1454 pos—

1247 1461 1327 1494 sint.
1379 1459 1447 1493 Setl
1473 1471 1511 1492 ex
1538 1458 1703 1493 Cornelio
1721 1459 1844 1493 Tacito
1868 1467 1900 1493 et
1917 1459 2115 1493 Ptolemaeo
2140 1472 2225 1492 con-

1248 1517 1331 1550 stat,
1359 1509 1536 1542 Teutones
1555 1508 1792 1544 W'cstvaliam
1813 1518 1845 1543 et
1862 1510 2028 1543 viciniam
2046 1511 2088 1542 ad
2101 1509 2225 1543 Visur-

1249 1560 1318 1601 gim
1342 1559 1503 1592 tenuisse.
1573 1558 1662 1591 Nam
1685 1558 1870 1592 Cornelius
1895 1559 2162 1602 Teutoburgum
2187 1560 2224 1591 in

1250 1609 1452 1641 'Sl-estvalia
1483 1609 1646 1648 collocat,
1681 1609 1742 1641 ubi
1769 1608 1936 1651 Quintilii
1964 1608 2048 1641 Yari
2074 1609 2226 1651 legiones

1250 1661 1292 1690 ab
1308 1658 1494 1690 Harminio
1515 1659 1705 1691 trucidatae
1724 1667 1813 1690 sunt.
1866 1658 1909 1690 Et
1929 1659 2010 1690 inde
2028 1664 2079 1691 est
2097 1670 2226 1692 nomen

1251 1708 1411 1740 suburbii
1430 1709 1470 1740 ad
1487 1706 1670 1741 Coloniam
1691 1706 1859 1750 Stubtt‘cl).

1240 1112 1311 1144 riis.

1353 1770 1464 1815 Origo
1492 1773 1646 1805 nominis
1669 1773 1734 1813 sit,
1759 1780 1797 1805 ut
1822 1773 1923 1806 multi
1941 1774 2158 1815 existimant,
2185 1775 2229 1808 ab

1251 1824 1430 1863 Ascnnes,
1471 1822 1685 1862 TuisconeS‚
1726 1823 1824 1867 quasi
1855 1824 1968 1864 dieas,
2002 1825 2049 1858 bie
2079 1824 2229 1866 memus.

1252 1873 1417 1915 Legimus
1433 1879 1548 1905 autem
1561 1872 1598 1904 in
1609 1873 1713 1905 sacris
1726 1872 1835 1913 libris,
1861 1874 1966 1906 fuisse
1977 1874 2086 1907 filium
2099 1874 2231 1908 Gomer

1254 1925 1417 1956 Ascanes.
1479 1920 1526 1956 Et
1556 1923 1742 1966 appellatio
1773 1923 1834 1955 diu
1858 1924 1985 1957 mansit
2008 1925 2045 1957 iu
2066 1922 2231 1970 Phrygia,

1254 1973 1317 2007 ubi
1340 1985 1468 2005 nomen
1491 1973 1656 2006 usitatum
1678 1973 1745 2006 fuit
1760 1971 1932 2011 Ascanii,
1960 1981 1999 2007 ut
2022 1987 2061 2007 ex
2075 1974 2231 2008 Homero

1256 2023 1405 2064 intelligi
1434 2029 1557 2066 potest.
1615 2022 1831 2066 Interpretor
1860 2036 1988 2057 nomen
2018 2025 2089 2057 sive
2121 2036 2231 2058 sacer-

1257 2076 1374 2107 dotem
1399 2073 1505 2115 ignis,
1534 2073 1605 2105 sive
1627 2074 1804 2106 custodem
1825 2074 1932 2117 ignis,
1956 2075 2118 2108 videlicet
2133 2075 2231 2108 sacri.

1258 2124 1434 2166 Significat
1458 2123 1562 2165 igitur
1585 2124 1687 2156 talem
1710 2124 1845 2163 virum,
1873 2124 1926 2156 cui
1952 2125 2118 2157 sacrificia
2139 2137 2233 2158 com-

1258 2175 1419 2206 mendata
1445 2174 1598 2208 fuerunt.
1658 2172 1733 2207 Hac
1757 2174 1990 2218 appellatione
2012 2175 2233 2211 delectemur,

1260 2232 1291 2258 et
1317 2225 1464 2256 sciamus
1490 2224 1720 2258 reverentiam
1745 2224 1955 2267 singularem
1978 2236 2094 2257 rerum
2119 2236 2234 2257 sacra—

1259 2286 1336 2308 rum
1356 2274 1393 2306 in
1411 2274 1480 2306 illis
1497 2275 1639 2307 vetustis
1656 2274 1848 2308 maioribus
1863 2274 1990 2308 nostris
2008 2274 2124 2310 fuisse.

1361 2338 1584 2373 Attibronum
1617 2353 1746 2374 nomen
1778 2352 1920 2385 prorsus
1952 2341 2097 2376 interiit.
2166 2341 2234 2376 Sed

1261 2391 1418 2424 existimo
1435 2390 1748 2433 significariRheni
1763 2391 1904 2430 accolas,
1931 2389 2116 2424 Clevenses
2133 2391 2234 2426 etlu-

1261 2442 1427 2474 liacenses
1461 2449 1494 2474 et
1519 2441 1725 2482 Tencteros,
1758 2441 1855 2485 quasi
1882 2441 1992 2482 dicas,
2028 2442 2236 2483 Ambrones,

1261 2503 1313 2526 am
1339 2492 1470 2535 {libem'
1504 2492 1546 2524 ad
1572 2490 1748 2525 Rhenum.
1814 2489 1861 2523 Et
1893 2492 2047 2525 fortassis
2076 2492 2159 2525 inde
2186 2499 2236 2525 est

1262 2543 1346 2575 urbs
1362 2541 1538 2575 Embrica.
1589 2541 1669 2574 Non
1685 2541 1807 2585 procul
1824 2541 1867 2574 ab
1882 2539 1994 2587 Aquis
2003 2541 2148 2581 Sextiis‚
2173 2542 2235 2576 ubi

1262 2592 1399 2626 Marius
1421 2592 1504 2625 vicit
1526 2591 1712 2624 exercitum
1731 2591 1933 2626 Teutonum
1957 2599 1987 2625 et
2003 2592 2236 2633 Arnhronum,

1263 2644 1346 2676 urbs
1366 2648 1414 2676 est
1433 2642 1622 2675 Ambrona.
