2324 2955
196 125 268 161 919

200 211 315 246 cundo
353 202 579 247 Vespasiani,
631 209 724 233 anno
756 193 889 230 Christi
927 190 1178 235 septuagesimo

200 258 372 295 secundo,
412 264 504 286 anno
538 256 615 295 post
637 246 927 282 resurrectionem
950 240 1081 277 Christi
1107 241 1179 274 fere

203 304 478 355 quadragesimo.

303 368 409 402 Initio
450 365 535 399 belli
567 362 771 397 Manaimus
801 358 974 393 occiderat
1006 366 1181 390 summum

204 420 428 455 Sacerdotem
451 415 627 449 Ananiam
658 424 735 445 cum
762 409 933 444 Romanis
962 406 1182 439 sentientem.

204 471 263 505 Sic
280 467 437 503 Ananias
461 465 521 510 qui
538 464 702 498 Iacobum
720 459 933 504 Episcopum
950 456 1183 501 lerosolymae

205 528 238 554 et
269 519 356 553 alios
381 523 518 551 sanctos
545 514 674 547 multos
699 510 894 549 interfecit,
925 517 1056 551 poenas
1078 505 1184 539 dedit.

205 568 378 605 Successit
399 567 430 599 ei
456 575 612 598 summus
640 561 808 597 Sacerdos
832 557 977 592 Ananus
1002 556 1184 590 Romano-

209 631 289 653 rum
313 616 440 656 hostis‚
468 614 562 648 hunc
585 613 715 646 zelotae
738 610 917 654 aliquanto
941 613 1020 651 post
1043 606 1186 639 interfe-

209 675 343 704 cerunt.
395 667 484 700 Nam
502 664 621 698 Iudaei
645 670 678 696 et
702 662 793 694 inter
816 670 887 692 sese
911 664 1036 690 etcum
1054 655 1187 689 Roma-

209 720 264 753 nis
289 718 510 752 dimicarunt.
563 714 715 753 Legatur
736 716 853 744 autem
877 709 1012 750 integra
1033 704 1190 744 historia,

210 777 243 803 et
268 780 340 801 non
362 767 474 800 solum
497 764 700 807 magnitudo
724 759 979 800 calamitatum,
1007 757 1067 788 sed
1086 755 1188 788 etiam

210 830 331 853 causae
351 816 624 850 considerentur.
679 809 844 844 Ostendit
859 806 953 840 Deus
974 807 1011 839 in
1028 804 1092 838 hac
1106 803 1190 837 hor-

211 869 322 902 rendo
342 865 497 909 exemplo
519 864 605 896 iram
625 873 722 895 suam
738 861 901 892 adversus
916 856 1035 889 omnia
1054 860 1190 899 peccata

212 926 244 952 et
269 917 452 961 praecipue
475 916 639 947 adversus
663 909 866 948 saeviciam,
902 918 990 951 quae
1016 911 1192 938 exercetur

213 974 335 1002 contra
350 977 467 999 veram
485 963 677 997 Ecclesiam
690 959 768 993 Dei.
822 957 1001 1001 vocatque
1015 954 1110 988 Deus
1127 952 1193 986 hoc

214 1017 306 1052 tristi
329 1014 523 1060 spectaculo
548 1022 669 1046 omnes
684 1008 846 1042 homines
860 1007 902 1040 ad
920 1005 1195 1058 conversionem,

215 1080 255 1102 ac
280 1065 471 1100 denunciat
495 1074 624 1107 poenas
641 1067 798 1094 aeternas
817 1064 849 1089 et
866 1061 1062 1099 praesentes
1079 1064 1195 1085 omm-

215 1119 301 1158 bus,
343 1115 404 1160 qui
429 1125 500 1146 non
523 1111 730 1153 confugiunt
754 1108 797 1140 ad
820 1105 1048 1138 mediatorem
1069 1101 1196 1134 Domi—

217 1179 303 1201 num
335 1171 494 1198 nostrum
526 1161 641 1195 Iesum
671 1157 871 1195 Christum,
906 1155 994 1187 sicut
1024 1151 1197 1185 secundus

217 1217 376 1251 Psalmus
394 1224 550 1257 expresse
567 1209 811 1244 concionatur:
838 1202 1059 1238 Osculamini
1076 1201 1198 1240 filium,

218 1279 263 1301 ue
280 1265 419 1312 quando
437 1263 633 1296 exardescat
648 1259 698 1292 ira
716 1258 789 1291 eius
808 1262 871 1290 etc.

320 1331 523 1374 Cogitemus
552 1334 666 1361 autem
694 1337 772 1358 cum
795 1323 890 1356 Deus
912 1333 985 1353 non
1008 1317 1200 1363 pepercerit

220 1384 274 1418 illi
307 1381 426 1425 stirpi,
461 1390 564 1424 quam
592 1383 691 1410 antea
715 1372 878 1418 praetulit
900 1370 1065 1403 omnibns
1088 1367 1201 1411 genti-

221 1436 304 1471 bus,
332 1433 369 1464 in
394 1442 462 1475 qua
486 1435 554 1461 tam
578 1427 688 1459 multa
712 1426 754 1457 de
775 1435 846 1456 sese
865 1419 1064 1455 testimonia
1083 1418 1201 1450 edide-

222 1491 288 1524 rat,
317 1494 356 1515 ex
373 1492 441 1526 qua
453 1468 1030 1514 natierantPatresetProphetae:
1060 1467 1202 1510 Quanto
1234 1495 1236 1499 ,

223 1535 339 1567 miuus
356 1536 473 1575 parcet
489 1529 565 1561 aliis
583 1526 698 1568 regnis
715 1532 746 1558 et
763 1522 943 1566 gentibus,
970 1530 1058 1563 quae
1073 1516 1205 1550 habent

225 1583 352 1617 similia
375 1580 519 1619 delicta,
543 1584 581 1611 ut
599 1583 632 1610 et
647 1574 777 1608 Paulus
792 1577 926 1604 monet:
952 1567 1041 1602 Cum
1061 1575 1206 1619 natura-

226 1635 318 1667 libus
338 1631 443 1664 ramis
459 1641 530 1661 non
549 1625 762 1671 pepercerit,
790 1634 852 1654 nec
869 1620 932 1653 tibi
952 1624 1080 1662 parcet.
1133 1615 1153 1647 Χ
1168 1628 1205 1647 o-

226 1684 293 1717 luit
315 1688 430 1714 autem
445 1678 540 1712 Deus
562 1684 594 1710 et
611 1676 678 1709 alia
694 1674 804 1707 multa
822 1669 1015 1713 significare
1034 1665 1207 1699 deletione

227 1732 370 1778 politiae
388 1728 557 1762 Iudaicae.

330 1797 488 1831 Primum
501 1819 509 1832 ‚
536 1793 611 1826 vult
636 1790 726 1824 hanc
744 1788 905 1822 ultimam
924 1783 1140 1817 eversionem
1159 1788 1209 1815 te-

233 1848 435 1885 stimonium
460 1855 549 1883 esse,
578 1842 670 1887 quod
691 1840 815 1872 missus
832 1837 876 1869 sit
892 1832 1079 1873 Messias,
1106 1843 1209 1876 quem

232 1907 342 1934 stante
367 1895 430 1929 hac
457 1893 577 1938 politia
603 1889 757 1933 conspici
782 1894 814 1921 et
838 1885 951 1919 audiri
976 1884 1158 1916 docentem
1179 1886 1211 1937 et

233 1949 472 1984 ostendentem
495 1941 694 1975 testimonia
718 1945 751 1971 et
772 1936 981 1970 morientem
1005 1940 1039 1966 et
1064 1942 1211 1964 resusci-

234 2007 344 2035 tatum
361 1994 535 2040 oportuit,
560 1999 598 2026 ut
613 1989 739 2024 Daniel
757 1986 986 2032 praedixerat.

338 2061 500 2097 Secundo
515 2086 523 2099 ‚
557 2055 641 2090 haec
671 2055 798 2088 rudera
822 2059 855 2085 et
877 2048 915 2083 hi
941 2049 1074 2082 cineres
1097 2053 1216 2080 osten-

238 2119 345 2153 dunt,
376 2111 543 2145 Messiam
567 2118 639 2140 non
666 2105 810 2137 missum
835 2113 906 2134 esse
931 2101 974 2133 ad
1000 2098 1217 2132 constituen-

238 2169 322 2200 dum
346 2172 492 2205 regnum
516 2157 714 2201 politicum:
741 2154 800 2187 sed
826 2152 870 2185 ad
893 2149 1105 2183 restituenda
1125 2148 1217 2180 bona

241 2223 396 2253 aeterna,
437 2217 476 2245 ut
509 2207 632 2242 Daniel
670 2204 801 2249 inquit:
845 2199 1052 2235 Adducetur
1082 2197 1217 2231 iusticia

242 2265 461 2309 sempiterna.

344 2329 483 2368 Tertio,
508 2324 594 2358 haec
618 2323 745 2356 rudera
768 2326 800 2352 et
823 2316 859 2352 hi
884 2317 1016 2350 cineres
1030 2314 1221 2348 ostendunt

245 2379 455 2416 ceremonias
480 2384 512 2410 et
538 2376 690 2407 forenses
716 2372 807 2413 leges
832 2368 941 2402 Moisi
964 2378 1038 2399 non
1060 2371 1221 2408 oportere

244 2430 383 2475 imponi
399 2425 592 2464 Ecclesiae,
618 2429 657 2456 ut
680 2428 712 2454 et
734 2428 817 2455 tunc
833 2418 935 2451 multi
953 2415 1224 2453 contendebant,

247 2489 280 2515 et
303 2490 401 2522 saepe
423 2476 499 2509 aliis
522 2472 737 2517 temporibus
759 2482 797 2503 ea
814 2467 968 2514 quaestio
988 2464 1149 2510 praebuit
1165 2475 1223 2496 oc-

249 2531 423 2565 casionem
441 2524 575 2566 magnis
592 2521 810 2556 tumultibus.

350 2595 417 2629 Die
453 2592 510 2624 10.
536 2587 683 2630 Augusti
713 2586 842 2628 templo
874 2583 964 2627 ignis
996 2582 1143 2616 iniectus
1165 2587 1226 2621 est,

252 2660 321 2693 quo
345 2640 592 2685 conflagravit,
626 2649 687 2669 nec
711 2642 825 2679 postea
848 2645 1010 2680 unquam·
1028 2633 1225 2666 restitutum

455 113 662 156 scr-urm
689 112 764 148 pn.
786 107 902 144 MEL.
928 106 995 144 AD
1021 105 1148 142 ntsr.
1174 103 1316 141 Prior.
1342 101 1407 138 ET
1435 100 1624 138 muros,
1646 99 1959 141 SPECTANTIA.

1235 446 1290 480 bis
1311 446 1487 490 reliquum
1512 444 1596 485 fuit,
1626 445 1845 478 combustum
1867 452 1928 479 est.

1237 497 1321 530 anni
1348 496 1392 529 ab
1413 495 1507 528 exitu
1531 506 1571 528 ex
1587 493 1745 540 Aegypto
1761 506 1870 539 usque
1886 496 1929 528 ad
1946 493 2037 528 hanc
2052 494 2214 527 ultimam

1237 546 1380 591 politiae
1410 543 1572 579 Iudaicae
1601 545 1874 579 destructionem
1907 545 2003 577 mille
2033 543 2216 588 quingenti

2133 101 2205 138 920

1233 196 1304 229 est,
1331 188 1392 222 etsi
1407 187 1526 222 Iudaei
1548 187 1705 231 politiam
1725 200 1820 222 suam
1838 194 1870 221 et
1888 188 2054 232 templum
2073 187 2208 231 magnis

1233 239 1465 272 seditionibus
1497 238 1601 271 motis
1630 249 1730 283 saepe
1759 238 1940 271 restituere
1971 238 2085 272 conati
2114 244 2208 273 sunt.

1234 290 1302 322 Sed
1332 295 1475 321 eventus
1505 288 1676 328 ostendit,
1714 300 1835 321 omnes
1862 286 2036 321 humanos
2065 294 2210 321 conatus

1235 345 1356 373 contra
1374 339 1551 371 decretum
1566 335 1631 370 Dei
1652 338 1829 372 infoelices
1847 344 1880 371 et
1897 338 2014 372 irritos
2031 348 2113 371 esse.

1336 394 1473 429 Deinde
1494 394 1551 428 die
1571 401 1692 428 octavo
1710 394 1941 438 Septembris,
1967 402 2137 440 quantum
2153 406 2213 427 ur-

1985 445 2076 479 Sunt
2096 450 2214 477 autem

1239 596 1438 639 octuaginta
1463 596 1545 628 duo.
1611 593 1679 628 Hic
1703 606 1872 628 numerus
1893 595 2079 638 diligenter
2101 593 2216 626 consi-

1240 647 1416 680 derandus
1440 652 1509 686 est,
1534 651 1573 678 ut
1596 657 1692 678 nunc
1714 657 1853 690 quoque
1870 657 1943 678 non
1961 643 2084 688 procul
2100 644 2218 676 abesse

1241 704 1376 740 tempus
1399 695 1606 738 cogitemus,
1633 707 1702 740 quo
1721 695 1813 728 filius
1829 693 1896 728 Dei
1912 705 2031 728 rursus
2048 705 2083 726 se
2100 691 2220 735 generi

1242 745 1397 780 humano
1421 746 1598 784 ostendet,
1626 752 1660 778 et
1684 745 1802 778 omnia
1827 756 1932 788 regna
1957 745 2063 787 impia
2079 742 2221 777 delebit.

1242 796 1318 830 Hae
1343 795 1695 829 commonefactiones
1716 795 1753 827 in
1771 792 1834 827 hac
1852 795 1981 838 insigni
1999 792 2144 826 historia
2160 793 2222 826 ad-

1243 847 1438 889 iungendae
1469 852 1551 879 sunt
1571 846 1613 878 ad
1639 844 1828 878 tristissimi
1852 844 2002 888 exempli
2026 843 2222 876 lectionem.

1244 897 1379 930 Interea
1401 903 1516 929 tamen
1538 902 1571 929 et
1589 893 1763 933 Ecclesia,
1790 906 1878 938 quae
1892 894 2124 938 Ierosolymae
2147 893 2223 925 fue-

1245 953 1319 981 rat.
1347 952 1481 978 servata
1505 952 1556 978 est
1579 952 1674 978 trans
1692 944 1889 979 Iordanem.
1941 942 1987 977 Et
2009 949 2126 987 postea
2144 953 2224 974 cum

1246 995 1432 1028 mediocris
1456 995 1692 1038 tranquillitas
1715 1005 1835 1027 rursus
1852 994 1889 1026 in
1906 993 2033 1028 Iudaea
2051 998 2156 1033 esset,
2182 991 2226 1024 ad

1249 1044 1480 1089 lerosolymae
1498 1044 1617 1076 ruinas
1634 1044 1749 1079 rediit.

1300 1141 1407 1177 Anno
1434 1143 1559 1176 mundi
1582 1149 1706 1188 quater
1727 1142 1931 1182 millesimo,
1964 1141 2234 1187 quadragesimo

1457 1193 1572 1228 tertio.

1302 1241 1408 1277 Anno
1424 1241 1560 1276 Romae
1577 1242 1863 1286 octingentesimo
1879 1242 2052 1276 tricesimo
2070 1239 2205 1286 primos

1303 1291 1409 1326 Anno
1427 1291 1555 1327 Christi
1571 1292 1803 1335 octuagesimo
1821 1293 1946 1336 primo.

1498 1387 1629 1419 Titus
1658 1386 1993 1429 Vespasianus.

1355 1455 1465 1491 Titus
1487 1457 1724 1502 Vespasianus
1755 1459 1846 1503 patri
1872 1457 2043 1492 successit.
2103 1455 2235 1489 Tenuit

1256 1509 1444 1552 imperium
1463 1520 1573 1541 annos
1589 1510 1696 1547 duos,
1723 1520 1857 1541 menses
1876 1509 1984 1549 duos,
2010 1506 2083 1540 dies
2101 1506 2235 1549 viginti.

1258 1557 1357 1591 Vixit
1370 1569 1481 1590 annos
1497 1558 1639 1600 triginta
1655 1570 1795 1599 novem,
1817 1569 1952 1591 menses
1968 1558 2136 1602 quinque,
2163 1556 2237 1588 dies

1260 1608 1384 1650 viginti
1406 1608 1572 1651 quinque.
1625 1607 1901 1641 Laudatissimus
1923 1607 2007 1646 fuit,
2034 1618 2071 1639 ac
2095 1612 2238 1649 propter

1261 1657 1433 1690 iusticiam
1458 1664 1489 1690 et
1511 1657 1776 1690 beneficentiam
1795 1658 1996 1689 nominatus
2013 1663 2064 1689 est
2080 1652 2192 1687 Amor
2208 1659 2238 1686 ct

1261 1704 1428 1738 Deliciae
1452 1706 1587 1748 generis
1609 1705 1765 1740 humani.
1816 1705 1955 1739 Patrem
1981 1706 2156 1739 xiventem
2180 1705 2240 1737 de-

1262 1757 1334 1789 hita
1358 1757 1485 1798 pietate
1507 1756 1633 1793 coluit,
1661 1762 1695 1788 et
1717 1762 1834 1788 tamen
1852 1756 1996 1789 consilia
2014 1755 2240 1798 gubernatio-

1263 1806 1318 1838 nis
1346 1805 1502 1846 adiuvit,
1535 1817 1683 1849 cumque
1714 1806 1862 1839 disertus
1890 1812 1976 1839 esset
1998 1805 2036 1838 in
2057 1804 2182 1838 Latina
2207 1811 2241 1837 et

1266 1856 1399 1888 Graeca
1423 1855 1559 1898 lingua,
1585 1855 1739 1899 plurima
1763 1856 1875 1888 edicta
1899 1855 2080 1895 formavit,
2107 1861 2139 1888 et
2162 1854 2242 1898 plu-

1265 1906 1371 1938 rimas
1386 1905 1563 1938 orationes
1578 1905 1614 1937 in
1630 1904 1761 1939 Senatu
1780 1905 1887 1948 patris
1906 1903 2200 1943 nomineghabuit.

1369 1962 1559 2007 Imperium
1585 1964 1658 1996 eius
1682 1964 1747 1997 suit
1764 1964 2008 2004 incruentum,
2034 1975 2097 1996 nec
2113 1962 2244 2006 recepit

1268 2014 1522 2048 accusationem
1553 2020 1673 2047 contra
1705 2026 1781 2054 eos,
1817 2014 1878 2058 qui
1907 2015 2114 2047 dicebantur
2135 2012 2244 2045 male-

1270 2064 1397 2097 dixisse
1419 2064 1640 2106 imperatori,
1667 2063 1848 2109 inquiens:
1876 2062 1949 2107 Ego
1975 2076 2053 2098 cum
2078 2060 2169 2096 nihil
2191 2062 2244 2094 sa-

1271 2114 1358 2147 ciam
1388 2114 1532 2156 dignum
1564 2120 1708 2158 propter
1739 2115 1833 2159 quod
1858 2114 2070 2147 contumelia
2093 2112 2246 2151 adficiat,

1272 2164 1452 2197 mendacia
1476 2162 1567 2196 nihil
1591 2176 1686 2199 curo,
1738 2163 1919 2198 Delatores
1938 2165 2058 2202 etiam,
2087 2162 2147 2207 qui
2164 2173 2246 2205 pro-

1272 2221 1347 2258 pter
1372 2214 1534 2258 praedam
1556 2215 1643 2247 alios
1665 2215 1892 2255 accusabant,
1918 2212 2019 2260 (nam
2039 2223 2116 2257 pars
2132 2213 2247 2245 bono-

1273 2276 1350 2297 rum
1375 2264 1479 2297 delati
1503 2264 1547 2297 ad
1570 2265 1760 2298 delatorem
1784 2262 2026 2309 perveniebat)
2051 2273 2165 2296 caesos
2183 2262 2247 2295 ssa-

1273 2314 1372 2357 gellis
1391 2321 1450 2347 aut
1471 2315 1622 2348 fustibus
1637 2315 1812 2358 deportari
1831 2314 1938 2349 iussit.
1992 2313 2108 2346 Fratri
2125 2311 2248 2346 Domi-

1274 2366 1370 2398 tiano
1394 2377 1473 2397 cum
1500 2365 1645 2397 insidias
1663 2365 1696 2399 ei
1712 2371 1873 2403 strueret,
1900 2364 2072 2407 pepercit,
2099 2373 2248 2407 eumque

1276 2416 1469 2460 lacrymans
1490 2412 1649 2449 hortatus
1666 2421 1715 2448 est
1731 2415 1774 2447 ad
1791 2420 1950 2447 mutuum
1969 2425 2121 2447 amorem
2133 2439 2141 2453 ,
2169 2424 2248 2445 cum

1276 2465 1418 2510 quidem
1444 2475 1674 2499 successorem
1698 2476 1774 2497 eum
1800 2464 1868 2496 iam
1892 2457 2115 2497 nominasset.
2179 2461 2249 2495 Sed

1276 2522 1391 2548 tamen
1416 2515 1536 2559 opinio
1560 2515 1645 2555 fuit,
1670 2525 1803 2546 veneno
1823 2514 2010 2549 extinctum
2028 2524 2098 2548 esse
2115 2512 2248 2553 Titum,

1277 2567 1370 2610 quod
1387 2566 1493 2599 frater
1507 2565 1582 2599 dari
1598 2565 1628 2598 ei
1647 2571 1806 2599 curasset.
