2324 2955
192 91 265 127 407

198 189 278 211 nem
304 182 441 219 accepto
467 173 602 217 Spiritu
626 178 763 210 sanct0,
799 172 1003 215 et'persona
1027 172 1097 206 iam
1121 180 1172 208 est

198 226 416 261 reconciliata
442 224 535 262 Deo,
573 228 624 254 est
646 221 685 253 in
708 220 835 263 gratia,
872 222 908 255 id
932 229 1000 262 est,
1035 231 1172 268 accepta

198 279 272 312 Deo
298 277 339 309 ad
365 275 470 306 vitam
488 278 663 305 aeternam
682 277 824 315 propter
839 272 971 313 filium,
1000 279 1033 306 et
1050 271 1172 307 haeres

198 329 288 359 vitae
324 330 493 356 aeternae.
545 321 638 354 Haec
675 322 794 355 omnia
827 322 1008 366 coniungit
1031 322 1173 365 Paulus,

203 378 349 419 loquens
367 374 409 405 de
426 372 629 405 remissione
648 379 880 415 peccatorum.
931 372 1003 406 Nec
1025 374 1173 408 dicimus

197 425 280 458 haec
310 424 424 456 ociosa
457 422 694 466 speculatione
725 422 818 463 fieri,
860 435 922 456 nec
955 424 1173 458 securitatem

198 474 443 508 confirmamus
467 473 504 505 in
520 473 594 513 his,
620 473 681 517 qui
697 484 768 504 non
785 480 892 518 agunt
910 474 1174 517 poenitentiam,

198 525 255 558 sed
280 524 384 557 simul
412 523 610 556 doctrinam
637 523 678 555 de
704 524 918 566 poenitentia
943 535 1004 557 seu
1028 537 1173 558 conver-

199 575 296 607 sione
313 581 405 607 recte
423 574 674 617 proponimuS,
700 580 731 606 et
760 574 927 615 dicimus,
955 581 1115 618 oportere
1137 576 1175 607 in

198 623 402 657 hominibus
420 636 518 656 veros
539 635 681 667 pavores
699 635 790 663 esse,
817 624 905 657 sicut
924 625 1091 668 scriptum
1107 632 1174 659 est:

198 674 255 708 Ad
272 686 373 718 quem
390 674 592 717 respiciam,
620 675 661 705 ad
683 675 872 707 contritum
891 675 1029 718 spiritu,
1056 682 1088 709 et
1106 682 1176 709 tre-

201 731 351 757 mentem
368 736 545 757 sermones
562 735 666 758 meos.
719 722 765 757 Et
782 725 945 758 addimus
963 726 1176 759 consolatio—

197 786 277 806 nem
302 775 337 805 in
364 786 446 806 voce
463 772 647 815 Evangelii
666 776 897 818 propositam,
923 787 992 819 qua
1010 788 1089 809 cum
1106 777 1176 809 eri-

197 831 326 866 guntur
345 824 448 856 corda
465 824 540 864 fide,
569 836 646 856 vere
664 832 913 867 regenerantur
931 823 1111 867 homines,
1140 833 1174 860 et

197 875 286 907 fiunt
301 874 519 906 domicilium
538 873 691 917 Spiritus
707 876 826 915 sancti,
846 876 939 908 iuxta
959 876 1089 909 dictum
1101 876 1175 910 Ga-

198 925 255 958 lat.
274 925 324 958 4.:
362 922 460 956 Misit
476 923 568 956 Deus
586 924 758 967 Spiritum
777 926 840 957 filii
867 926 919 958 sui
938 926 975 958 in
992 928 1096 959 corda
1111 939 1176 960 no-

199 980 286 1014 stra,
312 974 535 1006 clamantem:
564 972 664 1007 Abba
684 982 791 1017 pater.
844 974 890 1009 Et
907 976 1010 1008 simul
1029 984 1125 1020 pater
1143 982 1176 1010 et

199 1024 289 1056 filius
314 1023 448 1066 spirant
473 1023 644 1066 Spiritum
667 1031 824 1057 sanetum
848 1026 884 1058 in
915 1027 1019 1059 corda
1044 1034 1177 1067 nostra,

200 1074 293 1106 iuxta
312 1074 463 1113 dictum,
491 1070 612 1106 Iohan.
634 1074 705 1107 14:
740 1074 929 1108 Veniemus
955 1076 998 1108 ad
1018 1087 1114 1117 eum,
1142 1084 1175 1110 et

199 1124 417 1156 mansionem
435 1124 526 1166 apud
546 1135 624 1156 eum
649 1124 815 1157 faciemus
834 1132 897 1158 ete.

299 1173 411 1207 XXX.
447 1172 656 1217 Quanquam
683 1182 796 1206 autem
826 1174 937 1207 renati
961 1182 1043 1209 sunt
1060 1176 1174 1208 domi-

199 1223 316 1255 cilium
335 1221 421 1262 Dei,
453 1229 569 1255 tamen
596 1234 731 1266 semper
750 1224 785 1255 in
802 1222 865 1257 hac
882 1225 952 1257 vita
968 1226 1109 1258 mortali
1136 1226 1174 1257 in

198 1272 419 1312 hominibus,
448 1279 588 1305 manent
607 1273 822 1306 tristissimae
846 1274 1014 1318 reliquiae
1031 1277 1174 1318 peccati,

197 1320 380 1365 multiplex
397 1322 506 1363 caligo
519 1346 526 1358 ,
556 1329 589 1354 et
607 1323 780 1354 dubitatio
793 1349 801 1361 ,
829 1324 977 1355 carnalis
996 1325 1173 1364 securitas,

197 1371 383 1404 admiratio
402 1372 465 1409 sui,
492 1371 601 1413 frigus
620 1371 655 1402 in
675 1372 861 1405 dilectione
877 1371 954 1412 Dei,
979 1379 1012 1406 et
1028 1385 1173 1416 magnae

199 1422 316 1454 sordes
340 1421 568 1463 cupiditatum
596 1422 806 1461 errantium,
848 1429 880 1455 et
910 1422 1116 1456 omissiones
1141 1431 1174 1457 et

199 1479 323 1504 errata.
378 1470 460 1502 Ideo
489 1482 623 1512 semper
646 1471 806 1512 indigent
823 1471 940 1504 Sancti
968 1473 1173 1506 remissione

196 1527 428 1564 peccatorum,
455 1520 543 1552 sicut
561 1520 596 1551 in
613 1519 760 1552 Psalmis
777 1521 915 1558 dicitur,
939 1521 1078 1555 Psalmo
1096 1523 1172 1557 32:

196 1571 265 1603 Pro
283 1568 346 1602 bac
361 1569 474 1602 orabit
492 1570 533 1601 ad
551 1577 582 1603 te
601 1570 715 1601 omnis
725 1569 884 1604 Sanctus.
941 1570 1026 1603 Item
1044 1572 1172 1606 Psalm.

200 1620 299 1654 143.:
336 1619 415 1652 Non
440 1619 684 1652 iustificabitur
705 1619 740 1651 in
763 1628 949 1663 conspectu
973 1628 1032 1654 tuo
1058 1623 1173 1654 omnis

198 1671 330 1704 vivens.
383 1669 469 1702 Item
487 1668 549 1701 Iob
566 1671 616 1703 9.:
653 1669 732 1702 'Non
758 1670 964 1703 iustiiieatur
992 1669 1098 1704 homo
1115 1685 1174 1705 co-

199 1732 272 1753 ram
291 1719 364 1752 Deo
382 1726 444 1752 etc.
496 1718 642 1762 Semper
659 1719 764 1760 igitur
781 1720 863 1752 fides
885 1721 1032 1764 accipiat
1050 1723 1173 1755 remis-

200 1771 332 1803 sionem
356 1775 497 1812 propter
528 1769 776 1809 mediatorem,
811 1777 843 1803 et
866 1770 1008 1815 quidem
1031 1779 1174 1816 propter

198 1820 361 1852 meritum
386 1819 471 1854 eius.
523 1817 617 1851 Haec
643 1819 689 1852 ita
711 1819 894 1853 manifesta
921 1827 1019 1860 sunt,
1046 1829 1172 1855 utnon

197 1870 367 1908 dubitem,
392 1880 512 1901 omnes
528 1869 707 1902 veritatem
727 1876 760 1902 et
775 1870 1050 1904 consolationem
1066 1885 1174 1917 quae-

199 1926 314 1953 rentes
329 1918 499 1953 assentiri.

297 1967 428 2002 XXXI.
454 1966 543 2001 Cum
561 1967 682 2001 Petrus
706 1968 742 2000 in
762 1966 859 2001 Actis
883 1969 977 2010 dicit,
1005 1983 1077 2015 cap.
1099 1973 1172 2007 10.:

196 2018 286 2052 Huic
303 2015 627 2061 omnesProphetae
642 2018 880 2051 testimonium
896 2018 1093 2063 perhibent,
1117 2036 1172 2057 re-

197 2069 397 2101 missionem
422 2074 640 2112 peccatorum
666 2068 820 2110 accipere
853 2080 915 2111 per
943 2082 1072 2105 nomen
1099 2074 1171 2107 eius

198 2130 318 2152 omnes
333 2118 393 2162 qui
410 2118 557 2151 credunt
572 2118 609 2150 in
626 2130 721 2150 eum:
751 2117 831 2150 Non
855 2116 921 2152 hoc
938 2121 1028 2162 vult,
1057 2120 1173 2157 homi—

201 2180 260 2201 nes
275 2175 410 2201 tantum
427 2165 555 2200 habere
578 2168 818 2201 remissionem
841 2177 1079 2212 peccatorum,
1107 2187 1170 2217 po-

196 2225 264 2251 stea
281 2218 430 2260 propriis
448 2218 636 2251 virtutibus
652 2218 760 2251 iustos
776 2229 866 2256 esse,
894 2221 952 2252 sed
971 2233 1040 2254 una
1059 2224 1169 2258 sorma

199 2267 365 2311 loquendi
396 2268 636 2310 complectitur
665 2268 905 2302 remissionem
940 2279 1170 2315 peccatorum,

199 2319 232 2350 id
251 2323 312 2357 est,
327 2317 409 2349 mali
430 2314 602 2352 haerentis
621 2318 657 2350 in
674 2325 810 2359 natura,
825 2325 859 2352 et
873 2320 1042 2354 malarum
1060 2325 1168 2357 actio-

199 2379 281 2400 num
299 2366 574 2410 praeteritarum,
603 2375 634 2401 et
654 2380 821 2412 personae
838 2370 941 2402 totius
961 2375 1167 2415 acceptatio-

197 2430 293 2456 nem,
321 2428 398 2448 cum
422 2428 487 2460 qua
511 2429 645 2461 semper
666 2420 703 2452 fit
719 2420 861 2452 donatio
876 2419 1028 2463 Spiritus
1044 2425 1165 2465 sancti,

194 2476 227 2501 et
249 2466 400 2499 incoatio
425 2467 588 2500 novitatis
618 2469 653 2500 in
680 2470 795 2508 nohis,
831 2481 919 2514 quae
951 2478 1068 2514 postea
1100 2476 1163 2508 erit

193 2519 325 2560 integra
344 2516 379 2548 in
397 2515 463 2548 vita
480 2523 629 2550 aeterna.
684 2518 740 2551 Sic
757 2519 884 2552 Paulus
901 2520 1067 2565 quuitur,
1084 2537 1161 2557 cum

195 2568 351 2601 nominat
369 2566 684 2600 reconciliationem
702 2568 804 2604 Rom.
821 2571 854 2604 5.
898 2569 983 2603 Item
1001 2585 1077 2606 cum
1095 2586 1160 2607 no-

951 85 1452 134 PROPOSITIONES.
1502 102 1504 104 v

2127 96 2202 133 408

1223 173 1290 213 tia,
1315 171 1444 206 Roma.
1458 171 1495 206 6.
1518 174 1759 218 complectitur
1783 173 1878 209 haud
1902 178 2008 212 dubie
2024 181 2203 215 remissio-

1224 235 1305 257 nem
1322 229 1543 266 peccatorum
1559 230 1592 257 et
1606 225 1877 270 acceptationem
1902 228 2011 261 totius
2034 241 2203 273 personae

1224 280 1367 318 propter
1399 273 1682 317 propiciatorem.
1733 273 1796 310 Est
1828 276 1921 309 enim
1954 279 2202 315 umbraculum

1222 324 1314 357 filius
1336 322 1424 362 Dei,
1450 335 1524 356 non
1545 324 1659 357 solum
1685 331 1726 359 ut
1748 333 1893 371 propter
1917 339 1997 362 eum
2022 329 2124 362 detur
2146 342 2202 364 re—

1223 373 1360 414 missio,
1387 374 1447 406 sed
1472 381 1512 408 ut
1534 380 1605 407 tota
1628 385 1777 418 persona
1799 384 1944 421 propter
1964 390 2044 411 eum
2065 386 2204 423 accepta

1225 424 1287 464 sit,
1314 429 1403 457 tecta
1428 424 1659 468 imputatione
1684 424 1840 459 iusticiae
1862 428 1990 471 ipsius,
2017 435 2057 462 ut
2081 435 2202 473 postea

1223 475 1391 509 dicemus.
1419 473 1502 508 Ideo
1522 482 1555 509 et
1570 474 1675 509 Rom.
1690 472 1725 509 5.
1742 475 1886 510 dicitur:
1915 477 1983 512 Per
2000 478 2098 513 illius
2115 480 2202 513 obe-

1225 524 1392 558 dientiam
1409 524 1492 559 iusti
1508 526 1765 559 constituentur
1779 526 1894 559 multi.

1325 573 1477 610 XXXII.
1512 573 1613 609 Nihil
1638 576 1876 619 ambiguitatis
1900 582 1950 609 est
1968 576 2006 609 in
2023 578 2203 612 vocabulis

1226 624 1440 658 remissionis
1456 632 1676 669 peccatorum
1692 633 1725 660 et
1741 626 2058 669 reconciliationis,
2084 628 2145 660 sed
2160 629 2204 661 de

1226 675 1397 708 vocabulo
1424 675 1581 709 iusticiae
1604 682 1636 709 et
1654 676 1909 710 iustificationis
1927 683 2115 711 moventur
2129 689 2204 710 cer—

1226 726 1369 759 tamina.
1424 725 1496 767 Qui
1512 726 1561 759 sic
1585 726 1798 771 loquuntur,
1826 726 2010 761 Iustificari
2033 727 2205 771 significat

1227 787 1267 808 ex
1289 775 1421 808 iniusto
1446 776 1576 810 iustum
1605 776 1699 817 fieri,
1723 776 1758 809 id
1782 784 1848 817 est,
1882 789 1922 810 ex
1945 789 2019 810 non
2050 775 2203 812 habente

1227 826 1463 858 obedientiam
1493 827 1596 867 legis,
1636 826 1711 859 fieri
1740 824 1926 860 habentem
1955 828 2205 868 obedientiam,

1227 882 1260 909 et
1276 887 1348 908 non
1366 876 1470 909 simul
1487 877 1768 920 complectuntur
1790 877 2027 910 remissionem
2044 885 2203 922 peccato-

1226 937 1304 958 rum
1331 932 1362 958 et
1386 927 1728 967 reconciliationem,
1762 927 1797 959 id
1822 933 1890 967 est,
1927 928 2202 971 acceptationem

1226 986 1414 1019 personae,
1455 988 1529 1009 non
1559 984 1650 1010 recte
1679 977 1886 1021 loquuntur.
1940 976 2034 1019 Quia
2053 976 2205 1011 certissi-

1225 1037 1322 1058 mum
1342 1033 1402 1066 est,
1425 1025 1574 1060 Paulum
1594 1039 1667 1059 non
1684 1027 1781 1072 loqui
1800 1033 1934 1060 tantum
1950 1028 1993 1059 de
2008 1028 2204 1061 mutatione

1226 1076 1434 1118 qualitatum
1454 1077 1489 1108 in
1507 1077 1621 1120 nobis,
1649 1089 1729 1109 cum
1745 1077 1861 1121 inquit
1877 1075 2069 1111 Roma.3.:
2097 1076 2203 1110 Iusti-

1225 1125 1368 1157 ficamur
1384 1126 1490 1167 gratis
1507 1126 1615 1169 ipsius
1629 1126 1739 1168 gratia
1755 1138 1816 1170 per
1833 1127 2098 1167 redemtionem,
2114 1138 2204 1171 quae

1225 1181 1275 1207 est
1296 1174 1333 1206 in
1350 1172 1491 1207 Christo
1509 1174 1607 1216 Iesu,
1631 1188 1735 1220 quem
1759 1176 1941 1219 proposuit
1964 1175 2059 1209 Deus
2081 1176 2203 1220 propi-

1225 1224 1388 1256 ciatorem
1410 1236 1472 1268 per
1495 1225 1598 1257 fidem
1622 1225 1658 1257 in
1689 1226 1858 1268 sanguine
1888 1226 1972 1259 eius.
2025 1225 2094 1259 Hic
2122 1238 2202 1259 cum

1224 1273 1354 1306 Paulus
1379 1285 1462 1306 usus
1486 1275 1530 1307 sit
1548 1276 1655 1307 verbo
1674 1274 1923 1315 Iusfificamur,
1949 1282 1983 1309 et
1999 1276 2109 1314 dicat,
2136 1287 2201 1309 nos

1224 1323 1406 1355 iustificari
1424 1323 1490 1355 fide
1509 1335 1570 1367 per
1585 1324 1788 1367 sanguinem
1804 1322 1955 1366 Christi,
1981 1331 2074 1358 certe
2096 1325 2202 1359 intel—

1224 1372 1301 1414 ligit
1325 1373 1431 1405 simul
1455 1374 1697 1407 remissionem
1720 1380 1962 1417 peccatorum,
1984 1387 2048 1419 pro
2072 1376 2202 1420 quibus

1223 1423 1364 1463 sanguis
1381 1423 1532 1455 effensus
1551 1431 1613 1463 est,
1638 1431 1671 1456 et
1688 1424 2021 1464 reconciliationem,
2037 1437 2115 1458 cum
2133 1437 2201 1470 qua

1224 1483 1344 1503 verum
1361 1479 1410 1504 est
1427 1473 1647 1505 coniunctam
1664 1473 1701 1504 in
1718 1473 1821 1505 nobis
1838 1484 1909 1505 esse
1925 1474 2201 1515 renovationem,

1224 1532 1327 1563 quam
1354 1521 1458 1553 efficit
1481 1519 1537 1553 hic
1567 1522 1640 1565 ipse
1664 1519 1844 1562 Christus,
1884 1521 1979 1556 Deus
2014 1530 2047 1557 et
2076 1522 2198 1563 homo,

1223 1570 1310 1602 dans
1326 1569 1496 1612 Spiritum
1513 1578 1669 1605 sanctum
1685 1571 1723 1604 in
1741 1573 1844 1606 corda
1867 1579 1997 1608 nostra.
2051 1573 2119 1608 Sed
2147 1582 2199 1608 ta-

1223 1631 1303 1652 men
1334 1619 1489 1663 primum
1522 1618 1606 1654 haec
1637 1622 1829 1655 consolatio
1864 1623 2063 1667 quaeritur,
2103 1625 2199 1658 unde

1223 1676 1316 1702 certo
1332 1667 1471 1713 ¹habeas
1496 1671 1737 1704 remissionem
1761 1679 1990 1715 peccatorum.
2043 1671 2199 1708 Omitta-

1222 1731 1300 1752 mus
1316 1721 1517 1763 praestigias
1533 1719 1796 1765 sophismatum,
1813 1729 1845 1755 et
1861 1729 2062 1756 reverenter
2078 1730 2197 1758 tenea-

1223 1781 1301 1803 mus
1319 1768 1384 1803 hoc
1402 1771 1579 1804 decretum
1597 1771 1776 1811 divinum,
1803 1769 1860 1805 hic
1875 1772 1913 1805 in
1929 1772 2039 1806 Paulo
2058 1785 2198 1818 expres-

1223 1830 1319 1860 sum,
1346 1827 1378 1853 et
1393 1821 1474 1854 satis
1491 1821 1534 1854 ab
1561 1821 1635 1864 ipso
1661 1821 1887 1856 declaratum.
1930 1821 2019 1856 Nam
2036 1821 2104 1857 hoc
2119 1825 2197 1858 vult

1223 1868 1371 1908 Paulus,
1397 1877 1540 1915 propter
1563 1871 1671 1904 alium
1688 1869 1849 1905 homines
1872 1869 2000 1906 habere
2018 1875 2198 1908 remissio-

1222 1931 1314 1960 nem,
1340 1927 1459 1963 postea
1475 1933 1556 1954 vero
1572 1933 1636 1954 nos
1651 1933 1722 1954 esse
1737 1922 1847 1955 iustos
1860 1930 2005 1967 propter
2019 1925 2195 1968 propicia-

1223 1975 1333 2002 torem
1349 1970 1459 2003 filium
1478 1970 1542 2004 Dei
1560 1969 1754 2004 Dominum
1780 1979 1941 2006 nostrum
1958 1972 2072 2008 lesum
2087 1972 2196 2009 Chri-

1222 2026 1312 2053 stum
1325 2047 1334 2059 ,
1361 2021 1476 2053 Deum
1495 2028 1526 2054 et
1546 2033 1662 2054 semen
1686 2022 1854 2058 mulieris.

1323 2070 1492 2103 XXXIII.
1519 2070 1652 2105 Usitata
1666 2069 1802 2115 phrasis
1812 2070 1992 2108 estlohan.
2007 2073 2062 2110 14.
2076 2081 2108 2109 et
2119 2074 2192 2107 11.:

1221 2117 1295 2162 Ego
1312 2132 1387 2154 sum
1406 2120 1496 2162 Vita,
1517 2121 1592 2162 via,
1611 2120 1759 2163 Veritas,
1775 2121 2012 2164 Resurrectio,
2026 2131 2059 2157 et
2074 2131 2191 2158 tamen

1220 2171 1370 2203 discerni
1396 2178 1533 2215 oportet
1556 2172 1663 2205 vitam
1693 2173 1910 2206 essentialem
1941 2173 1978 2206 in
2003 2171 2142 2207 Christo
2171 2186 2191 2206 a

1220 2220 1288 2253 vita
1308 2228 1419 2254 creata
1440 2222 1476 2254 in
1494 2222 1633 2256 renatis,
1684 2221 1794 2256 Recte
1811 2223 1918 2265 igitur
1933 2223 2070 2263 dicitur,
2098 2221 2189 2256 hanc

1218 2268 1361 2313 phrasin
1387 2271 1540 2305 effective
1566 2272 1730 2315 intelligi:
1758 2271 1834 2315 Ego
1858 2284 1934 2306 sum
1954 2272 2044 2313 vita,
2078 2274 2114 2306 id
2129 2281 2190 2314 est,

1217 2321 1370 2354 efficiens
1392 2321 1510 2358 vitam.
1562 2321 1648 2363 Via,
1685 2323 1722 2355 id
1746 2329 1811 2363 est,
1845 2323 1974 2355 ducens
1999 2330 2032 2356 et
2055 2334 2188 2367 regen-5.

1218 2369 1372 2415 Veritas,
1400 2371 1436 2404 id
1461 2379 1528 2413 est,
1556 2373 1708 2406 efficiens
1730 2383 1886 2412 veraceS,
1921 2372 2040 2406 lumen
2066 2385 2186 2407 accen-

1215 2421 1300 2454 dens
1316 2421 1353 2454 in
1371 2429 1486 2455 mente
1508 2429 1540 2455 et
1557 2423 1680 2463 corde,
1707 2434 1775 2467 quo
1795 2422 1994 2464 agnoscitur
2015 2431 2050 2459 et
2066 2424 2185 2467 diligi-

1214 2477 1270 2504 tur
1286 2470 1392 2505 Deus.
1445 2472 1689 2512 Resurrectio,
1716 2472 1752 2505 id
1777 2479 1843 2513 est,
1867 2474 2075 2508 resuscitans
2097 2474 2185 2508 alios

1213 2522 1272 2565 qui
1288 2523 1510 2556 crediderunt
1526 2521 1728 2564 Evangelio.

1310 2572 1476 2608 XXXIV.
1521 2571 1573 2605 Ita
1597 2583 1733 2605 necesse
1757 2579 1807 2606 est
1830 2573 1980 2607 discerni
2011 2574 2182 2608 iusticiam

191 2619 298 2652 minat
317 2616 477 2660 gratiam:
506 2615 584 2650 Non
603 2618 682 2651 estis
707 2620 770 2652 sub
796 2619 888 2663 lege,
915 2622 973 2654 sed
994 2624 1059 2657 sub
1082 2636 1160 2668 gra-
1209 2623 1444 2663 essentialem,
1484 2633 1570 2667 quae
1598 2628 1646 2656 est
1674 2622 1710 2655 in
1743 2623 1833 2661 filio,
1872 2635 1890 2657 a
1918 2625 2053 2659 iusticia
2079 2624 2181 2658 nobis
