2324 2955
102 117 177 156 985
667 114 695 151 Ι.

203 200 357 237 Nicenae
378 200 516 248 Synodi
538 199 618 234 finis
639 199 795 235 incidit
784 213 821 234 1n
838 210 970 234 annum
987 197 1081 231 vice-

105 255 231 288 simum
256 253 410 296 primum
433 251 671 287 Constantini.
723 251 765 284 In
789 263 922 284 annum
947 245 1080 282 Christi

103 303 386 338 trecentesimum
403 301 607 335 vicesimum
627 313 774 336 nonum.

205 353 313 387 Anno
339 352 513 386 tricesimo
535 350 772 388 Constantini.
824 350 932 384 Anno
947 345 1081 383 Christi

101 403 345 439 trecentesimo
370 402 545 435 tricesimo
569 414 664 435 nono
689 401 755 436 fuit
773 400 939 447 Synodus
957 398 1080 444 Tyria,

102 462 135 488 et
159 459 319 497 receptus
343 459 393 486 est
410 452 536 493 Arius,
564 453 626 497 qui
650 459 767 486 tamen
791 452 974 496 aliquanto
1000 454 1080 492 post

100 503 413 547 Constantinopoli
429 510 588 537 mortuus
607 508 674 541 est,
703 514 781 536 cum
800 514 840 535 ex
855 501 952 546 Tyro
963 499 1079 545 Syno-

100 555 167 588 dus
187 565 227 587 eo
245 560 364 587 vocata
382 560 481 587 esset.

202 601 311 637 Anno
327 603 464 637 decimo
479 609 558 647 post
573 608 724 636 mortem
741 599 979 635 Constantini.

203 652 311 687 Anno
332 650 467 688 Christi
489 653 754 693 trecentesimo,
789 650 1078 697 quinquagesimo

99 703 225 748 primo.

200 752 308 787 Anno
327 760 406 798 post
421 753 590 787 Nicenam
608 753 794 800 Synodum
810 751 987 786 tricesimo
1006 749 1078 794 pri-

101 815 160 837 mo
184 804 251 839 fuit
277 803 443 850 Synodus
468 801 727 846 Sardicensis,
760 803 839 848 pia,
866 802 1078 836 confirmans

97 852 280 889 Nicenam.

201 902 310 938 Anno
337 904 540 939 Constantii
570 903 694 949 quinto
718 903 874 943 decimo,
916 900 1079 934 videlicet

98 955 225 1000 quinto
242 961 322 999 post
339 955 582 990 sardicensem
601 954 805 999 Synodum,
829 953 897 985 fuit
914 951 1078 996 Synodus

99 1003 344 1050 Syrmiensiss,
378 1005 417 1038 in
447 1016 515 1050 qua
539 1011 572 1037 et
599 1004 672 1047 ipse
696 1002 926 1037 Constantius
956 1001 1080 1041 adsuit,

99 1062 196 1089 moto
217 1054 312 1088 bello
337 1056 505 1088 adversus
522 1053 790 1097 Magnentium‚
817 1051 995 1086 contraria
1012 1050 1078 1083 Ni-

99 1115 215 1139 cenae.

202 1154 409 1199 Sequuntur
437 1153 678 1199 Syrmiensem
713 1153 846 1196 exiguis
884 1151 1080 1185 intervallis

99 1205 237 1251 Synodi
252 1204 396 1248 impiae:
425 1202 681 1244 Ariminensis,
708 1202 939 1237 Seleuciensis
955 1209 987 1235 et
1002 1200 1080 1235 An-

99 1253 272 1290 tiochena.

202 1302 353 1338 Occasio
382 1310 498 1338 autem
539 1304 786 1337 convocandae
821 1301 958 1348 Synodi
993 1300 1080 1347 Syr-

100 1354 245 1388 miensis
270 1352 354 1388 haec
380 1355 463 1388 suit:
497 1353 544 1388 Ut
566 1354 673 1386 semel
704 1353 809 1386 motis
842 1353 947 1386 rebus
975 1352 1080 1385 multi

100 1405 257 1449 exemplo
275 1405 364 1438 fiunt
380 1404 602 1445 audaciores,
624 1411 657 1438 et
680 1414 791 1437 novos
815 1403 986 1436 tumultus
1002 1414 1081 1435 rno-

99 1462 200 1494 vent,
234 1462 267 1488 et
296 1452 458 1500 ἀναρχία
481 1454 641 1488 concedit
665 1454 863 1492 licentiam,
905 1450 1080 1486 Photinus

100 1504 313 1551 Syrmiensis
330 1503 507 1539 Ecclesiae
524 1504 711 1550 Presbyter
734 1511 768 1537 et
785 1502 938 1537 Arianos
956 1509 988 1536 et
1005 1500 1079 1536 Or-

101 1553 275 1589 thodoxos
303 1556 503 1599 vituperare
533 1555 666 1598 coepit,
707 1560 742 1587 et
768 1554 900 1587 abiecta
932 1559 1080 1597 utraque

101 1606 275 1639 sententia
323 1604 508 1638 renovavit
553 1602 809 1648 blasphemiam
846 1603 1079 1637 Samosateni.

100 1654 248 1698 Negavit
270 1666 342 1688 esse
364 1656 450 1688 duas
473 1661 618 1688 naturas
634 1655 672 1687 in
690 1652 833 1688 Christo
847 1660 930 1687 nato
950 1665 989 1686 ex
1007 1653 1080 1685 vir-

100 1705 196 1749 gine.
248 1704 300 1737 Ac
315 1700 428 1751 λόγον
443 1703 481 1737 in
498 1702 656 1737 Iohanne
680 1705 930 1748 interpretatus
953 1709 1003 1735 est
1020 1703 1081 1734 de—

101 1761 235 1789 cretum
261 1755 304 1787 de
327 1753 569 1797 redemptione
593 1752 768 1793 hominis,
800 1759 835 1786 et
858 1752 1080 1786 restitutione

100 1806 194 1840 vitae
218 1811 380 1838 aeternae
408 1815 470 1847 per
492 1800 587 1836 hunc
609 1800 810 1840 hominem,
849 1814 952 1846 quem
978 1802 1019 1834 ad
1043 1801 1078 1833 id

101 1856 273 1889 missurus
295 1861 393 1889 esset.
453 1851 500 1886 Et
523 1853 724 1893 contendit,
762 1863 984 1896 nequaquam
1009 1863 1081 1884 esse

103 1903 216 1953 λόγον
241 1901 518 1951 ὑφιστάμενον,
560 1903 622 1947 qui
652 1903 774 1936 fuisset
805 1909 992 1947 antequam
1023 1899 1081 1934 hic

102 1954 211 1990 homo
228 1953 391 1989 Christus
407 1967 447 1988 ex
465 1953 602 1996 virgine
617 1959 720 1986 natus
736 1958 796 1985 est.

207 2005 290 2039 Fuit
307 2011 421 2040 autem
446 2010 543 2038 tanta
558 2001 703 2036 Photini
727 2001 958 2043 confidentia,
985 2008 1024 2036 ut
1049 2013 1084 2035 se

104 2055 222 2091 audiri
239 2067 354 2089 coram
378 2056 454 2100 ipso
470 2055 680 2098 imperatore
696 2051 902 2087 Constantio
929 2052 1084 2096 postula-

106 2107 163 2142 rit.
222 2104 381 2140 Aderant
402 2117 442 2138 ex
468 2104 550 2138 Asia
572 2103 749 2148 praecipui
771 2101 958 2149 Episcopi,
992 2103 1084 2136 inter

106 2167 196 2203 quos
219 2168 297 2190 cum
321 2156 503 2190 excelleret
520 2152 694 2188 Basilius
711 2154 872 2200 Ancyrae
897 2154 933 2186 in
950 2152 1085 2186 Galatis

106 2207 302 2252 Episcopus
316 2206 493 2245 Arianus‚
519 2203 578 2238 hic
592 2204 760 2238 acerrime
779 2204 942 2238 refutavit
959 2201 1085 2237 Photi-

107 2269 207 2293 num.
248 2256 290 2290 ln
308 2269 346 2290 ea
363 2268 464 2290 causa
482 2254 629 2289 Decreta
646 2256 733 2288 sacta
751 2261 832 2288 sunt
849 2255 952 2287 laude
969 2255 1027 2297 (lig
1016 2266 1087 2295 na,

109 2307 216 2351 Quod
236 2304 343 2355 λόγος
365 2308 408 2341 sit
425 2302 684 2353 ὑφισταίιεινος.
738 2305 868 2339 Extant
892 2316 929 2338 ea
949 2305 1086 2338 decreta

109 2358 148 2391 in
165 2357 308 2392 Socrate
333 2355 562 2399 scholastico,
589 2368 677 2402 quae
704 2357 811 2400 digna
827 2363 909 2390 sunt
927 2355 1089 2389 conside-

110 2408 258 2443 ratione.

450 2482 476 2514 Ῑ.
528 2483 748 2515 Decretum.

214 2556 263 2592 Εἴ
292 2568 363 2597 τις,
413 2554 454 2590 τὸ
490 2556 766 2604 Ποιήσοιιεν
794 2556 1071 2602 Λνθρωποι
1080 2582 1090 2597 ,

113 2607 164 2655 ιιὴ
182 2606 272 2643 τὸν
263 2605 403 2653 πατέρα
417 2605 508 2653 πρὸς
522 2606 588 2643 τὸν
604 2608 688 2644 υἱον
705 2607 765 2656 λε’)
768 2620 838 2649 ειν,
868 2606 911 2641 α)
915 2606 958 2641 λα
976 2606 1022 2641 αι’·
1029 2620 1090 2641 τοι

115 2658 205 2705 πρὸς
222 2655 356 2693 ἑαυτὸν
377 2655 444 2692 τόν
463 2656 554 2692 θεὸν
571 2658 710 2705 εἷρηκυ
714 2672 770 2702 αι,
799 2655 972 2693 ensem-‘ua
990 2657 1091 2692 eolw-

163 2709 346 2743 ΜκιΛΝτκ
374 2710 478 2743 Orza.
503 2710 586 2743 vot.
614 2711 690 2743 XII.

748 110 1039 152 CHRONICON
1065 109 1311 149 CARIONIS.
1364 111 1490 150 PARS
1516 112 1564 151 11.

2049 117 2122 154 986

1135 196 1213 231 Hoc
1239 205 1304 233 est:
1333 197 1370 233 Si
1396 197 1577 244 quisbue,
1604 197 1790 247 faciemus
1813 196 2014 239 hominem,
2044 213 2115 235 non

1134 247 1272 281 Patrem
1291 251 1332 283 ad
1345 249 1476 282 Filium
1494 250 1633 290 dixisse,
1657 251 1715 284 sed
1734 250 1847 294 ipsum
1859 252 1901 284 ad
1918 262 1990 284 sese
2000 250 2115 285 Deum

1133 298 1278 340 dixisse,
1305 297 1491 334 anathema
1510 300 1566 334 sit.

1472 396 1512 428 II.
1564 396 1787 428 Decretum.

1234 470 1283 504 Εἴ
1304 482 1356 509 τις
1376 471 1429 503 τιῦ
1442 466 1576 513 Ἰακώβ
1590 481 1640 514 m]
1658 468 1725 503 τὸν
1743 468 1826 504 [ἱὸν
1840 468 1889 509 οἷς
1907 470 1953 506 ἄι
1957 471 2113 517 Spumea!

1131 523 1342 554 καταπέττει).
1347 532 1502 554 almvm:
1538 517 1628 552 ἀλλὰ
1653 518 1719 553 τὸν
1742 533 1831 562 αγει
1835 534 1922 565 ἴτον
1946 521 2056 563 θεὸν,
2089 522 2112 568 ἢ

1132 583 1240 616 ιιερος
1265 569 1402 611 αὐτοῦ,
1445 569 1555 616 leym,
1591 567 1638 603 ἇι
1631 566 1800 613 άθειια
1789 572 1892 607 ε’.στω
1945 571 2021 605 Hoc
2045 580 2111 606 est:

1132 621 1169 654 Si
1188 621 1266 665 quis
1290 633 1369 653 cum
1387 620 1491 653 Iacob
1515 631 1586 652 non
1606 619 1717 652 filium
1740 626 1907 665 tanquam
1931 619 2112 656 hominem

1133 671 1357 705 colluctatum
1375 682 1446 703 esse
1463 670 1608 703 dixerit:
1637 670 1697 702 sed
1715 681 1787 703 non
1808 672 1966 713 gentium
1983 671 2111 713 Deum,

1132 729 1191 756 aut
1206 728 1340 765 partem
1360 718 1447 762 Dei,
1474 717 1660 754 anathema
1678 719 1732 754 sit.

1457 827 1516 860 III.
1568 827 1794 859 Decretum.

1235 902 1284 935 Et
1297 913 1350 940 τις
1365 899 1426 941 τὸ,
1447 900 1572 945 Εβρει,
1562 897 1742 945 εΚύριος
1765 898 1865 946 παοὰ
1888 913 1934 935 κι
1938 900 2037 947 οἵου,
2059 915 2111 947 w]

1133 950 1190 986 ἐπὶ
1217 954 1285 986 τοῦ
1313 949 1450 996 πατρὸς
1471 949 1533 984 καὶ
1554 953 1621 984 τοῦ
1646 951 1730 985 υἱοῦ
1760 949 1951 996 ἕκλαιιβάι
1954 964 2000 985 εις
2036 951 2110 986 ἀλλ’

1133 999 1250 1037 αὐτὸν
1272 999 1373 1044 παρὰ
1396 1000 1532 1034 ἑαυτοῦ
1558 998 1648 1044 λεγει
1671 1000 1907 1059 l3{130⁶Z⁶'2Vst¹
1934 1000 2112 1036 (ἷιάθειια

1133 1052 1235 1086 ἑᾝστω
1281 1050 1425 1097 Ἒβοεξε
1446 1048 1520 1096 γὰρ
1542 1047 1679 1094 Ktmo,
1701 1048 1720 1083 ὁ
1748 1050 1823 1088 ιὶως
1851 1050 1950 1095 naor}
1979 1051 2112 1095 κυρίου

1132 1104 1199 1136 τοῦ
1227 1099 1375 1146 πατρὸς.
1427 1099 1505 1133 Hoc
1529 1106 1593 1132 est:
1625 1099 1663 1133 Si
1685 1100 1764 1143 quis
1787 1098 1868 1133 hoc:
1905 1098 2008 1133 Pluit
2029 1099 2113 1135 Do-

1133 1163 1254 1184 smnus
1278 1163 1298 1184 a
1320 1149 1505 1189 Domino,
1538 1161 1611 1182 non
1630 1150 1672 1182 de
1692 1149 1795 1183 Pitre
1811 1157 1844 1184 et
1864 1150 1957 1183 Filio
1975 1152 2111 1196 accipit,

1133 1203 1191 1235 sed
1209 1202 1324 1246 ipsum
1348 1213 1368 1234 a
1385 1201 1498 1245 seipso
1523 1199 1653 1243 pluisse
1677 1200 1823 1239 dixerit,
1851 1198 2033 1235 anathema
2059 1202 2113 1236 sit.

1133 1252 1230 1286 Pluit
1246 1252 1341 1285 enim
1355 1252 1448 1284 filius
1464 1250 1640 1285 Dominus
1658 1262 1675 1282 a
1695 1258 1792 1293 patre
1808 1249 1976 1286 Domino.

1234 1301 1330 1335 Haec
1352 1302 1481 1341 recito,
1509 1300 1590 1345 quia
1617 1301 1827 1340 ostendunt,
1855 1307 1888 1334 et
1904 1307 2111 1335 vetustatem

1132 1351 1217 1386 haec
1233 1352 1324 1386 dicta
1342 1352 1380 1384 in
1396 1351 1511 1385 Moise
1529 1351 1571 1383 de
1591 1347 1697 1382 Filio
1721 1350 1942 1385 intellexisse.

1234 1402 1373 1446 Agitata
1392 1408 1442 1435 est
1457 1401 1562 1435 etiam
1580 1406 1663 1433 tunc
1682 1401 1838 1445 quaestio
1864 1402 1907 1434 de
1928 1399 1981 1434 his
1997 1401 2113 1434 modis

1132 1453 1318 1498 loquendi:
1347 1452 1451 1486 Pater
1465 1458 1589 1484 natura
1604 1450 1724 1493 genuit
1748 1451 1876 1492 filium,
1905 1463 1976 1484 non
1992 1451 2113 1494 genuit

1132 1504 1331 1542 voluntate,
1360 1502 1396 1536 id
1411 1509 1480 1542 est,
1508 1500 1772 1544 contingenter,
1800 1501 1886 1536 sicut
1904 1502 2113 1545 contingen-

1133 1561 1186 1588 ter
1201 1560 1375 1587 creaturas
1400 1552 1568 1586 condidit.

1234 1603 1287 1638 De
1310 1601 1365 1636 his
1388 1602 1504 1636 modis
1532 1603 1702 1647 loquendi
1735 1609 1852 1636 extant
1877 1603 2114 1635 commonefa-

1133 1654 1266 1688 ctiones
1289 1654 1326 1686 in
1351 1653 1571 1686 Nazianzeno
1596 1660 1629 1686 et
1658 1653 1694 1685 in
1712 1653 1949 1696 Longobardo
1966 1652 2058 1686 libro
2079 1653 2112 1686 1.

1132 1703 1223 1737 Dist.
1242 1704 1278 1738 6.

1235 1752 1378 1786 Caetera
1397 1757 1471 1785 acta
1487 1750 1621 1796 Synodi
1634 1750 1847 1796 Syrmiensis
1862 1751 1969 1794 impia
1988 1758 2021 1785 et
2035 1763 2116 1795 per-

1133 1803 1266 1836 niciosa
1283 1803 1439 1836 fuerunt.
1490 1800 1663 1835 Processit
1683 1801 1952 1846 enimSynodus
1970 1804 2011 1834 ad
2031 1813 2116 1834 con-

1134 1852 1340 1887 troversiam
1357 1848 1458 1892 Arii,
1485 1851 1540 1884 cui
1559 1858 1597 1884 ut
1614 1849 1768 1884 humano
1791 1851 1939 1884 consilio
1958 1852 2116 1884 medere-

1137 1911 1215 1943 tur,
1242 1909 1365 1935 conata
1392 1907 1442 1934 est
1458 1901 1597 1934 silentio
1616 1902 1763 1934 obruere
1778 1902 1994 1933 mentionem
2011 1912 2116 1934 voca—

1136 1953 1210 1987 buli
1228 1948 1442 1997 ὃμοούσιος,
1482 1957 1517 1984 et
1533 1951 1645 1984 voluit
1662 1951 1698 1983 in
1713 1951 1873 1996 symbolo
1889 1951 1972 1994 poni
1989 1948 2116 1994 ὁμοίος

1136 2016 1199 2048 pro
1216 2000 1422 2047 ὃμοούσιος,
1474 1999 1580 2034 Hunc
1596 1998 1811 2035 cothurnum
1830 2001 1857 2034 si
1873 2008 2020 2045 utraque
2036 2013 2115 2044 pars

1137 2054 1319 2098 accipeiet,
1336 2051 1581 2085 existimabant
1597 2051 1790 2085 discordiae
1808 2052 1912 2084 finem
1931 2052 2015 2091 sore,
2032 2052 2115 2108 {luia

1137 2112 1284 2149 utraque
1298 2114 1378 2147 pars
1393 2101 1505 2135 filiurn
1522 2112 1592 2134 esse
1611 2101 1788 2140 fateretur,
1805 2108 1836 2134 et
1854 2102 1996 2146 quidem
2014 2102 2115 2134 simi-

1138 2156 1205 2188 lem
1232 2154 1339 2198 patri,
1365 2152 1491 2186 omissa
1515 2152 1736 2196 quaestione,
1765 2164 1809 2185 an
1834 2153 1876 2185 sit
1897 2164 2011 2185 ωιιοωι
2005 2148 2115 2190 ‹51059

1138 2204 1353 2247 Subscripsit
1369 2200 1451 2236 huic
1469 2203 1608 2236 decreto
1626 2209 1657 2236 et
1675 2203 1752 2246 pius
1766 2214 1868 2235 senex
1878 2190 2016 2234 Hosms
2026 2201 2117 2235 Cor-

1141 2254 1308 2289 dubensis
1323 2252 1539 2297 EpiscopuS,
1566 2259 1704 2286 coactus
1719 2260 1757 2286 ut
1774 2259 1937 2291 narrant,
1965 2263 2041 2284 cum
2061 2259 2115 2285 ta-

1140 2318 1220 2340 men
1241 2312 1341 2338 antea
1369 2303 1549 2336 veritatem
1573 2309 1772 2336 constanter
1789 2303 2009 2336 defendisset.
2065 2301 2116 2335 Ita

1140 2357 1330 2389 discessum
1358 2360 1407 2386 est
1430 2364 1470 2385 ex
1493 2352 1644 2397 Syrmio‚
1711 2352 1779 2386 Sed
1805 2364 1885 2385 mox
1910 2352 2118 2395 ambiguitas

1141 2408 1184 2440 ab
1203 2403 1424 2439 orthodoxis
1442 2402 1623 2446 repudiata
1641 2409 1702 2443 est,
1719 2403 1813 2447 quod
1831 2403 1999 2436 insidiosa
2020 2410 2116 2437 esset.

1142 2456 1188 2491 Et
1217 2467 1353 2499 semper
1382 2455 1418 2486 in
1450 2454 1608 2486 docendo
1646 2453 1855 2497 ambiguitas
1884 2453 2117 2487 dissensiones

1143 2507 1243 2553 parit.

1244 2556 1328 2589 Post
1352 2554 1535 2588 biennium
1551 2551 1778 2587 Constantius
1796 2553 2039 2587 Mediolanum
2060 2564 2117 2583 ve-

1145 2608 1214 2647 nit,
1240 2619 1318 2639 cum
1336 2606 1403 2639 iam
1423 2605 1534 2638 victus
1551 2610 1636 2637 esset
1654 2602 1888 2645 Magnentius.
1943 2604 1987 2637 l‘t
2015 2602 2119 2644 igitur

1145 2657 1361 2703 Syrmiensia
1378 2657 1514 2689 decreta
1532 2654 1846 2689 confirmarentur,
1876 2655 2019 2686 incitant
2041 2664 2120 2685 eum

1437 2706 1485 2741 63
