2324 2955
189 112 262 147 476

956 91 1442 133 DISPUTATOINES

295 195 329 229 ὅ,
365 189 504 225 Tertius
521 187 646 229 gradus
664 189 820 216 versatur
838 182 876 215 in
901 183 1005 216 rebus
1026 184 1177 217 exterio·
1201 190 1207 200 ¹

198 248 314 285 ribus,
337 243 394 276 sed
416 239 521 273 habet
538 237 574 268 iu
591 234 831 278 superioribus
848 234 1012 277 gradibus
1027 245 1177 268 causam.
1201 228 1206 261 l
1230 232 1376 276 legibus.

201 297 261 331 Est
288 300 400 327 autem
428 289 589 327 libertas,
632 284 726 330 quod
753 296 825 316 non
850 295 988 317 necesse
1011 290 1079 326 est³
1112 295 1178 318 nos

202 347 351 379 retinere
368 337 582 373 ceremonias
599 343 631 369 et
649 335 806 379 politiam
829 334 948 368 Moisi.

304 391 396 434 Quia
420 395 625 433 reputamur
650 385 751 423 iusti,
781 397 850 417 non
885 391 1026 429 propter
1043 392 1180 418 nostras
1205 416 1207 424 Α

202 441 479 478 observationes,
515 438 573 471 sed
601 443 744 480 propter
767 433 967 473 Christum,
1004 435 1081 468 ideo
1107 448 1178 468 non
1205 425 1208 474 ἶ
1233 441 1281 467 tes
1297 432 1440 466 utimur.
1494 429 1583 464 Nam
1601 430 1832 475 Evangelium
1858 445 1931 466 non
1947 434 2130 468 constituit
2148 447 2211 478 po-

204 504 250 528 est
270 504 357 537 opus
374 488 678 525 observationibus
697 484 873 520 Mosaicis.

307 542 415 582 Item,
456 540 538 585 quia
572 537 804 580 Evangelium
835 538 934 570 docet
968 536 1012 568 de
1046 536 1182 569 iusticia

204 602 343 629 aeterna
364 604 402 626 ac
427 592 496 624 vita
523 596 661 622 aeterna
690 588 725 620 in
753 588 874 627 corde,
906 586 1013 629 igitur
1039 598 1111 620 non
1128 599 1184 620 re·-

206 645 317 691 quirit
336 641 551 677 ceremonias
578 646 636 672 aut
661 638 802 682 politica
822 636 928 672 Mosi.

309 696 343 728 4.
386 691 438 726 Ex
470 691 594 724 iisdem
626 688 821 722 rationibus
850 687 1009 733 sequitur
1041 694 1187 732 quartus

206 746 334 790 gradus
349 743 532 781 libertatis,
556 740 716 773 videlicet
731 739 824 784 quod
837 735 1012 771 humanae
1026 738 1187 772 traditio—

208 808 269 829 nes
288 806 359 828 non
376 800 458 827 sunt
475 791 722 825 existimandae
740 789 925 822 necessarii
942 789 1068 830 cultus,
1090 789 1188 821 ideo-

208 858 273 890 que
290 851 370 879 sunt
386 840 585 888 ἀδιάφορα,
604 848 637 875 et
653 840 767 874 omitti
785 840 859 873 sine
877 847 1015 884 peccato
1032 846 1188 885 possunt.

609 943 791 983 Quaestio.

311 1020 350 1054 Si
375 1030 394 1052 a
420 1019 494 1061 lege
513 1015 609 1050 Mosi
625 1015 765 1048 liberati
783 1026 903 1048 sumus
917 1041 926 1055 ‚
954 1026 1016 1048 cur
1034 1025 1107 1047 non
1123 1020 1155 1047 et
1172 1024 1191 1046 a

208 1071 387 1113 Decalogo
406 1067 547 1101 liberati
566 1078 702 1106 summ,
731 1077 809 1099 cum
836 1077 873 1098 ea
900 1076 980 1109 pars
1002 1064 1088 1107 legis
1111 1074 1190 1096 vere

211 1124 254 1156 sit
280 1118 501 1154 difficilium?

593 1216 798 1258 Responsio.

314 1290 372 1324 Sic
387 1300 507 1323 sumus
525 1300 544 1321 a
559 1294 632 1322 tota
650 1289 743 1329 lege,
770 1293 803 1320 et
820 1286 961 1330 quidem
980 1296 998 1317 a
1016 1282 1191 1325 Decalogo

211 1341 371 1380 liberati,
398 1339 492 1384 quod
509 1339 552 1371 ad
569 1337 853 1371 iustificationem
872 1335 1014 1374 attinet,
1040 1331 1107 1366 hoc
1132 1339 1192 1374 est,

212 1392 306 1437 quod
324 1397 465 1434 propter
480 1386 660 1422 Christum
676 1393 881 1430 reputamur
899 1385 992 1425 iusti,
1018 1396 1091 1416 non
1109 1395 1192 1427 pro-

212 1451 290 1487 pter
306 1440 471 1482 Decalogi
496 1438 786 1472 observationem.
840 1435 944 1475 Item,
972 1435 1065 1479 quod
1082 1433 1192 1466 Deca-

212 1494 312 1535 logus
328 1502 401 1523 non
420 1488 526 1522 habet
541 1489 596 1521 ius
614 1486 807 1520 damnandi
824 1483 905 1525 hos,
932 1486 993 1529 qui
1017 1483 1193 1527 accipiunt

213 1541 457 1576 remissionem
475 1544 696 1583 peccatorum
720 1542 862 1580 propter
878 1533 1069 1568 Clu-istum‘

315 1589 512 1630 Caeterum,
528 1600 600 1621 non
617 1585 729 1621 solum
750 1586 818 1618 vita
838 1584 1027 1628 corporalis
1042 1591 1092 1618 est
1109 1584 1193 1618 sub-

215 1644 303 1676 iecta
320 1641 407 1683 legi,
436 1640 493 1672 sed
512 1638 615 1671 etiam
639 1638 710 1670 vita
735 1636 938 1680 spiritualis.

317 1690 370 1724 De
391 1691 462 1724 vita
486 1688 660 1732 corporali
685 1699 723 1720 ac
751 1686 848 1718 civili
872 1697 944 1717 non
969 1691 1018 1717 est
1035 1684 1194 1718 dubium.

217 1742 317 1776 Sicut
334 1741 428 1774 enim
444 1738 676 1782 Evangelium
695 1748 767 1769 non
786 1736 878 1769 tollit
894 1742 1053 1768 naturam
1076 1732 1194 1767 homi-

216 1805 322 1832 num,
349 1792 396 1824 ita
414 1803 477 1823 nec
493 1791 569 1823 iura
587 1787 778 1827 naturalia,
808 1786 936 1831 quibus
961 1785 1106 1818 societas
1127 1783 1195 1818 hu-

217 1854 319 1875 mana
347 1841 507 1874 devincta
533 1847 601 1880 est,
630 1840 746 1882 itaque
763 1836 995 1879 Evangelium
1014 1847 1086 1868 non
1103 1835 1194 1869 tollit

215 1905 270 1926 res
287 1892 457 1937 politicas.

319 1942 394 1975 Imo
418 1939 649 1982 Evangelium
680 1937 820 1971 subiicit
850 1936 957 1969 vitam
990 1935 1195 1969 exteriorem

216 1992 369 2037 politicis
390 1992 506 2024 rebus.

319 2040 382 2076 Est
398 2048 430 2074 et
446 2040 515 2073 vita
532 2037 722 2083 spiritualis
739 2036 892 2070 subiecta
910 2036 991 2079 legi,
1013 2037 1094 2081 quia
1112 2034 1196 2070 haec

219 2094 272 2125 tex
299 2099 349 2126 est
373 2098 510 2125 aeterna
530 2097 562 2122 et
580 2088 827 2121 immutabilis:
856 2086 988 2129 Diliges
1000 2086 1195 2120 Dominum

219 2142 332 2178 Deum
351 2149 447 2176 tuum
465 2153 505 2174 ex
523 2147 595 2173 toto
613 2140 735 2177 corde,
759 2145 792 2171 et
815 2138 939 2180 diliges
954 2138 1164 2181 proximum.

323 2192 403 2226 Ideo
431 2192 477 2225 ait
502 2189 679 2224 Christus:
715 2188 754 2222 Si
778 2188 829 2221 vis
855 2188 992 2230 ingredi
1016 2189 1052 2220 in
1076 2189 1196 2229 vitam,

219 2254 317 2276 serva
344 2243 517 2275 mandata.

321 2291 367 2325 Et
390 2292 518 2325 Paulus
553 2291 667 2335 inquit
701 2290 743 2322 ad
769 2287 966 2322 Romanos:
1011 2288 1197 2321 Debitores

224 2343 316 2375 estis.
370 2341 462 2384 Quia
489 2354 611 2374 omnes
636 2347 811 2373 creaturae
844 2338 1037 2372 necessario
1070 2339 1198 2372 debent

224 2393 368 2426 obedire
386 2392 470 2426 Deo.

327 2441 444 2486 ltaque
470 2453 579 2486 neque
607 2453 624 2474 a
643 2441 835 2483 Decalogo,
863 2450 975 2483 neque
1003 2450 1020 2471 a
1046 2438 1199 2482 politicis

222 2493 356 2536 legibus
383 2492 519 2525 liberati
545 2503 682 2532 sumus,
709 2493 802 2536 quod
826 2491 867 2523 ad
893 2489 1126 2523 obedientiam
1149 2495 1200 2522 at-

221 2544 320 2578 tinet.

324 2592 537 2635 Decalogum
572 2591 608 2622 in
633 2591 702 2624 vita
726 2591 901 2635 spirituali
929 2591 1042 2624 facere
1064 2601 1199 2623 necesse

223 2651 284 2676 esi.

2129 97 2207 135 476

1331 179 1372 214 In
1389 178 1460 212 vita
1479 179 1653 224 corporali
1673 190 1809 213 necesse
1827 186 1878 213 est
1895 181 2038 216 obedire
2053 183 2208 228 politicis

1331 280 1414 314 Ideo
1432 285 1547 312 autem
1565 279 1692 315 liberat
1708 293 1771 315 nos
1788 279 2021 324 Evangelium
2042 294 2060 316 a
2085 285 2206 327 politia

1231 331 1344 372 Most,
1369 330 1450 375 quia
1468 331 1628 364 concedit
1641 332 1693 365 uti
1707 332 1867 366 omnium
1892 332 2048 375 gentium
2066 334 2208 377 polinis,

1233 384 1321 416 sicut
1336 384 1428 422 aere,
1455 381 1544 420 cibo,
1570 381 1710 420 vestitu,
1737 383 1871 416 artibus
1886 383 1976 427 apud
1992 395 2113 416 omnes
2127 395 2211 427 gen—

1234 484 1345 517 litiam
1363 481 1579 526 corporalem
1591 509 1600 523 ‚
1627 483 1684 515 sed
1705 484 1805 515 docet
1823 483 1865 515 de
1881 484 1984 516 rebus
2002 486 2162 518 aeternis.

1336 531 1430 575 Ergo
1452 543 1532 565 cum
1556 531 1686 566 Paulus
1712 533 1775 566 ait:
1815 531 1896 566 §on
1923 534 2002 566 estis
2032 536 2096 568 sub
2129 536 2214 578 lege,

1239 585 1337 618 item:
1375 582 1469 616 lusto
1487 594 1560 615 non
1578 590 1627 617 est
1643 584 1697 616 lex
1716 583 1826 628 posita
1839 609 1848 623 ,
1874 590 2011 617 tantum
2026 585 2137 628 accipi
2153 588 2214 619 de-

1237 636 1295 668 bet
1319 634 1413 679 quod
1436 633 1480 666 ad
1505 633 1786 667 iustificationem
1820 633 1957 668 attinet.
2011 633 2214 669 Iustificatio

1239 686 1334 719 enim
1351 685 1393 718 ad
1405 682 1649 727 Evangelium‚
1663 696 1736 717 non
1752 686 1795 718 ad
1810 684 1921 728 legem
1938 684 2100 729 pertinet.
2129 684 2216 719 Cae-

1239 743 1353 770 terum
1373 735 1462 768 iusto
1481 740 1513 767 et
1529 734 1567 767 in
1582 734 1653 768 vita
1670 735 1843 778 spirituali
1860 741 1893 768 et
1910 735 1947 767 in
1963 736 2033 769 vita
2057 736 2150 769 civili
2167 743 2216 770 est

1239 787 1293 820 lex
1309 786 1438 831 posita,
1467 786 1562 830 quod
1581 785 1623 818 ad
1649 785 1888 819 obedientiam
1912 786 2047 819 attinet.

1341 837 1502 870 Libertas
1523 836 1751 869 traditionum
1776 836 1851 868 sine
1876 835 1990 879 primo
2016 844 2048 870 et
2064 838 2216 869 secundo

1242 888 1351 931 gradu
1368 899 1441 920 non
1455 893 1504 919 est
1519 887 1663 920 libertas
1674 884 1886 927 Christiana,
1901 887 1959 918 sed
1978 888 2094 931 potius
2110 887 2215 920 liber-

1242 945 1294 972 tas
1310 937 1509 978 barbarica,
1536 934 1708 982 scythica,
1735 937 1929 971 vandalica.

1345 987 1434 1022 Cum
1453 987 1604 1031 politicis
1617 987 1721 1020 rebus
1737 987 1807 1020 vita
1826 987 1977 1020 exterior
1994 986 2148 1019 subiecta
2165 986 2220 1029 sit,

1243 1039 1346 1072 debet
1373 1045 1406 1071 et
1428 1038 1635 1071 ceremoniis
1651 1037 1805 1071 subiecta
1821 1048 1912 1076 esse,
1938 1037 2020 1082 quia
2039 1043 2118 1070 sunt
2137 1048 2219 1069 ricu—

1243 1086 1429 1134 δαγωγιάι
1444 1088 1481 1119 in
1497 1088 1640 1131 politica
1657 1088 1726 1120 vita
1753 1087 1975 1121 necessariae.

1344 1137 1415 1170 Nec
1431 1137 1512 1170 satis
1531 1144 1581 1171 est
1595 1137 1793 1170 vociferari:
1820 1135 1987 1180 Episcopi
2003 1147 2076 1168 non
2091 1134 2221 1169 habent

1243 1193 1450 1232 potestatem
1467 1187 1558 1230 leges
1576 1187 1771 1227 condendi,
1800 1187 1881 1219 ideo
1905 1187 1987 1220 licet
2003 1185 2136 1219 violare
2152 1192 2223 1219 tra-

1244 1238 1408 1272 ditiones.
1435 1235 1614 1270 Debemus
1631 1237 1725 1270 enim
1739 1237 1883 1270 obedire
1900 1237 2002 1269 etiam
2020 1236 2140 1280 iniqua
2159 1238 2224 1271 im,-

1242 1288 1460 1332 perantibus.

1346 1337 1415 1371 Sed
1439 1337 1504 1377 ita,
1548 1348 1592 1369 ne
1617 1348 1721 1381 opera
1745 1337 1804 1370 illa
1836 1337 2023 1371 instituant
2057 1344 2223 1381 tanquam

1244 1388 1377 1428 cultus,
1404 1395 1463 1421 aut
1479 1393 1646 1432 tanquam
1663 1399 1716 1420 res
1733 1388 1934 1431 profuturas
1959 1388 2003 1421 ad
2021 1399 2225 1431 promeren-

1243 1440 1324 1472 dam
1343 1438 1587 1470 remissionem
1609 1444 1845 1480 peccatorum.

1346 1487 1468 1521 Cultus
1484 1493 1534 1519 est
1550 1498 1650 1530 opus,
1676 1487 1774 1519 cuius
1791 1487 1956 1530 proprius
1971 1487 2050 1519 finis
2070 1494 2129 1529 est,
2153 1498 2225 1520 non

1245 1537 1438 1581 corporalis
1455 1536 1589 1569 utilitas
1607 1542 1665 1569 aut
1684 1537 1887 1579 disciplina,
1914 1538 1973 1570 sed
1993 1534 2106 1570 honos
2123 1536 2200 1571 Dei.

1346 1586 1422 1619 Hae
1439 1586 1624 1630 opiniones
1646 1587 1684 1618 in
1705 1587 1954 1621 traditionibus
1979 1594 2060 1620 sunt
2086 1588 2225 1629 impiae,

1245 1636 1426 1678 videlicet,
1454 1637 1661 1670 traditiones
1678 1649 1750 1669 esse
1768 1638 1902 1678 cultus,
1930 1635 1997 1670 hoc
2016 1644 2083 1677 est,
2110 1649 2226 1682 opera,

1245 1698 1331 1731 quae
1348 1698 1388 1719 ex
1405 1699 1508 1730 opere
1524 1694 1666 1730 operato
1685 1686 1915 1720 reddantDeo
1932 1685 2114 1727 honorem,
2138 1699 2226 1731 quae

1245 1743 1446 1770 mereantur
1463 1737 1702 1769 remissionem
1717 1744 1948 1780 peccatorum,
1964 1738 2052 1770 sicut
2064 1735 2227 1771 aitChri—

1246 1794 1335 1820 stus:
1364 1786 1506 1820 Frustra
1522 1787 1643 1819 colunt
1662 1798 1716 1819 me
1731 1787 1907 1819 mandatis
1925 1785 2123 1823 hominum.

1348 1836 1478 1870 Paulus
1504 1837 1613 1869 violat
1637 1837 1747 1879 legem
1772 1836 1895 1878 Moisi,
1923 1845 1961 1871 ut
1985 1839 2105 1871 doceat
2133 1850 2227 1871 cere·

1247 1887 1382 1920 monias
1416 1887 1501 1930 legis
1534 1899 1607 1920 non
1642 1899 1712 1919 esse
1740 1888 1852 1920 cultus
1886 1888 1970 1920 novi
2000 1887 2225 1922 Testamenti.

1248 1937 1335 1971 ltem
1351 1964 1359 1977 ‚
1392 1945 1431 1971 ut
1451 1939 1573 1971 doceat
1598 1935 1758 1971 homines
1784 1938 1888 1981 gratis
1919 1939 2077 1982 reputari
2107 1939 2226 1978 iustos,

1248 2000 1322 2021 non
1341 1994 1483 2032 propter
1508 1986 1634 2032 legem.

1349 2036 1395 2071 Et
1417 2036 1501 2072 haec
1524 2046 1575 2072 est
1597 2039 1694 2072 firma
1719 2051 1820 2072 causa
1846 2051 2013 2073 excusans
2035 2039 2224 2073 violantem

1247 2089 1474 2128 traditiones,
1515 2089 1544 2122 si
1573 2101 1651 2123 cum
1679 2090 1808 2123 talibus
1841 2090 2071 2135 opinionibus
2097 2091 2226 2133 praeci-

1248 2140 1402 2184 piantur.

1349 2188 1414 2223 Est
1438 2196 1471 2223 et
1494 2189 1562 2222 alia
1586 2201 1688 2224 causa
1710 2189 1830 2231 firma,
1865 2191 2046 2229 videlieet,
2071 2190 2163 2234 quod
2191 2190 2226 2222 in

1250 2253 1342 2274 novo
1367 2239 1593 2274 Testamento
1618 2238 1682 2273 liae
1709 2252 1763 2273 res
1796 2241 2075 2284 pronunciantur
2101 2241 2228 2273 debere

1249 2303 1312 2335 pro
1336 2291 1458 2323 liberis
1481 2289 1622 2331 haberi,
1645 2303 1687 2324 ne
1713 2298 1855 2335 putetur
1874 2291 2007 2323 iusticia
2025 2286 2231 2323 Christiana

1250 2342 1428 2386 requirere
1445 2341 1529 2374 tales
1546 2342 1678 2380 cultus,
1705 2348 1869 2385 tanquam
1887 2341 2112 2373 necessarios.

1361 2390 1408 2424 Et
1433 2389 1522 2424 lianc
1546 2393 1744 2425 libertatem
1769 2402 1841 2423 non
1865 2391 2037 2424 tollebant
2053 2390 2226 2436 Apostoli,

1251 2453 1329 2474 cum
1349 2443 1537 2474 conderent
1557 2441 1762 2475 traditiones
1778 2441 1818 2473 ad
1836 2439 2023 2480 εὐταξίαν(

1353 2490 1556 2525 Adversarii
1583 2491 1695 2524 nostri
1713 2491 1760 2523 sic
1785 2492 2055 2525 ratiocinantur:
2082 2490 2231 2532 Ieiunia,-

1252 2541 1377 2581 feriae,
1400 2550 1432 2575 et
1449 2542 1596 2579 similia,
1622 2547 1703 2573 sunt
1720 2541 1832 2574 cultus
1848 2540 1912 2575 Dei
1933 2543 1968 2575 in
1987 2554 2110 2585 genere
2128 2554 2227 2586 prae-

1252 2592 1341 2635 cepti
1365 2592 1399 2624 in
1417 2591 1622 2634 EvangeliO.
1675 2588 1721 2623 Et
1742 2590 1995 2636 Episcoporum
2021 2599 2089 2630 est,
2115 2593 2228 2626 cultus

1253 2641 1288 2673 in
1312 2654 1436 2685 genere
1461 2642 1606 2676 traditos
1640 2640 1674 2673 iu
1702 2639 1894 2686 Evangelio
1921 2643 2153 2677 determinare
2183 2645 2225 2675 ad
