2324 2955
119 107 191 142 145

493 102 652 139 DECL.
691 102 766 138 DE
806 103 1162 140 DISCRIMINE
1205 103 1408 142 LEGUM
1450 106 1638 145 POLIT.
1672 121 1752 145 ETC.

2060 118 2129 151 146

218 188 265 224 At
291 190 460 233 scriptum
484 195 534 222 est
560 189 602 221 de
616 187 785 221 Zizaniis:
814 189 926 224 Sinite
951 197 1098 234 utraque
1120 197 1123 218 Ι
1148 197 1203 224 tus
1235 191 1389 225 officium
1423 205 1523 228 suum
1558 196 1754 239 negligunt:
1806 210 1844 232 ac
1877 206 1959 234 tnnc
1986 202 2128 247 quidem

114 252 278 274 crescere.
334 240 371 273 Si
388 240 466 284 quis
487 237 552 271 hoc
569 239 702 272 dictum
718 251 757 272 eo
776 241 976 284 detorquet,
1002 248 1041 273 ut
1065 248 1098 274 et

113 292 273 324 doctores
291 297 323 324 ct
348 291 568 332 magistratus
585 291 777 323 concedant
802 291 966 323 omnibus
988 291 1097 323 licen-

113 341 197 373 tiam
217 340 371 384 fingendi
398 347 430 373 et
452 339 636 382 spargendi
660 352 884 385 quascunque
899 341 1097 384 opiniones,

113 388 218 423 liuius
246 389 399 422 amentia
435 390 615 433 perspicue
648 390 820 423 refutatur
849 392 969 425 multis
996 403 1097 436 prae-

113 441 235 484 ceptis:
290 439 329 474 Si
359 439 438 484 quis
470 441 566 472 aliud
589 438 822 482 Evangelium
859 441 978 482 docet,
1012 453 1097 475 ana-

112 487 230 523 thema
253 490 308 524 sit.
370 489 474 522 Item:
508 489 675 524 Resutato
702 501 779 530 θος,
815 488 1029 535 cino-costum,
1057 499 1096 526 ut

112 540 249 573 discant
273 540 310 572 in
335 540 402 572 fide
425 540 501 572 sani
524 551 605 572 esse.
669 538 717 573 Et
741 540 783 572 ad
807 539 1013 575 Corinthios
1037 554 1095 574 ex-

111 601 228 634 presse
247 591 460 634 praecipitur
481 591 522 622 de
541 590 912 627 excommunicatione.
950 592 1095 625 Faciant

111 640 218 683 igitur
249 642 408 673 doctores
429 640 475 672 'ea
505 651 593 683 quae
623 647 706 674 sunt
728 640 781 673 sui
806 642 930 682 officii,
965 643 1094 687 quibus

112 690 247 724 etiamsi
262 702 363 734 opem
388 690 500 722 ferent
521 690 741 732 magistratus
764 702 827 724 suo
852 692 949 733 loco,
976 699 1092 726 tamen

111 741 179 774 late
196 747 364 783 vagantur
383 751 525 773 erroreS.
577 738 623 774 Et
645 747 761 774 tamen
788 742 956 775 rarissimi
982 743 1093 785 magi-

111 797 238 824 stratus
254 797 346 830 sunt‚
373 790 434 835 qui
451 789 651 824 afficiantur
664 803 746 824 cura
763 792 931 833 veritatiS‚
959 793 1091 836 gloriae

109 840 195 881 Dei,
222 847 256 874 et
273 852 353 873 suae
370 840 503 873 salutis.
554 839 841 874 Consolationem
858 843 964 886 igitur
983 843 1092 877 tradit

111 890 204 923 filius
226 889 314 931 Dei,
347 903 427 924 cum
450 891 514 923 ait:
549 889 663 924 Sinite
686 899 833 936 utraque
857 905 1027 933 crescere,
1055 894 1089 926 id

110 948 180 978 est,
208 952 281 973 non
299 941 446 974 deserite
463 938 674 981 Ecclesiam,
702 954 775 974 non
801 943 941 977 abiicite
962 955 1091 976 munus

110 997 200 1024 recte
226 992 394 1031 docendi,
430 991 562 1024 etiamsi
590 991 752 1024 diabolus
777 993 908 1026 semina
932 1006 1090 1027 errorum

108 1047 258 1085 sparget,
284 1053 373 1086 qnae
383 1052 455 1074 non
467 1047 635 1084 poterunt
652 1039 803 1075 humana
815 1043 996 1086 diligentia
1014 1044 1091 1077 tolli

110 1092 241 1124 omnia.
306 1089 385 1124 Erit
408 1091 526 1135 aliqua
553 1103 633 1124 vera
658 1090 814 1125 Ecclesia
839 1092 923 1134 Dei,
957 1094 1091 1128 etiamsi

109 1153 256 1184 magnae
272 1142 495 1174 confusiones
513 1153 649 1185 semper
661 1143 813 1182 fuerunt,
841 1152 921 1178 sunt
939 1152 971 1178 et
989 1151 1091 1177 erunt

111 1192 245 1233 generis
262 1189 419 1226 humani.
461 1190 558 1225 Inter
573 1189 636 1226 hos
655 1193 780 1226 ssuctus
796 1200 910 1227 tamen
929 1196 1090 1240 cymbam

111 1253 207 1275 suam
226 1242 318 1275 filius
335 1241 400 1275 Dei
418 1242 582 1275 servabit.

211 1291 287 1324 Hac
313 1292 552 1324 consolatione
582 1298 672 1324 certe
701 1304 795 1325 nunc
826 1306 966 1336 quoque
989 1295 1092 1327 nobis

112 1352 200 1384 opus
223 1347 283 1373 est.
349 1340 439 1373 Nam
465 1340 515 1383 pii
538 1340 712 1374 intuentes
742 1348 874 1374 tantam
902 1343 1091 1385 impiorum

112 1390 376 1424 multitudinem
390 1416 399 1430 ‚
427 1396 460 1422 et
483 1389 574 1422 inter
592 1388 672 1427 hos,
695 1391 756 1433 qui
772 1403 901 1423 nomen
917 1390 1093 1425 Ecclesiae

112 1438 261 1479 habent,
298 1445 368 1472 tam
393 1439 507 1471 varias
536 1439 825 1479 dilacerationes,
857 1451 984 1482 magno
1014 1453 1091 1473 cum

111 1490 233 1523 dolore
249 1495 441 1534 quaerunt,
466 1487 527 1521 ubi
545 1488 589 1520 sit
604 1486 760 1521 Ecclesia
771 1487 856 1528 Dei,
880 1502 983 1534 quam
995 1489 1092 1522 Psal-

111 1552 188 1573 mus
211 1539 327 1584 inquit
350 1538 639 1572 formosissimam
667 1550 757 1576 esse,
792 1550 872 1572 cum
900 1540 965 1573 ait:
998 1539 1093 1573 Con-

111 1590 264 1634 cupiscet
286 1601 345 1622 rex
368 1587 672 1632 pulchritudinem
697 1596 812 1629 tuam,
839 1590 921 1633 qnia
947 1590 1018 1633 ipse
1043 1596 1093 1622 est

111 1639 287 1674 Dominus
305 1639 400 1673 Deus
419 1646 520 1679 tuus,
547 1645 580 1671 et
599 1639 762 1671 adorabis
778 1652 868 1672 eum.
923 1639 1019 1682 Quid
1046 1646 1092 1672 est

113 1698 227 1724 antem
264 1690 455 1723 deformius
494 1688 744 1722 dilaceratione
778 1688 954 1722 Ecclesiae
991 1688 1094 1723 huius

113 1740 306 1785 temporis?
364 1740 433 1773 Sed
466 1739 657 1772 reseramus
688 1746 821 1772 mentes
846 1746 950 1784 atque
973 1741 1094 1773 oculos

112 1792 155 1825 ad
173 1791 392 1837 symbolum,
419 1790 455 1822 in
473 1802 543 1833 quo
563 1789 730 1822 dicimus:
756 1789 870 1822 Credo
891 1802 962 1823 esse
972 1790 1093 1824 Eccle—

113 1842 201 1876 siam
223 1839 449 1881 catholicam,
479 1847 511 1872 et
536 1840 579 1872 ad
602 1839 693 1872 dicta
718 1840 850 1875 divina.
904 1839 983 1874 Erit
1006 1842 1094 1874 sicut

114 1893 151 1925 in
167 1892 292 1925 diebus
314 1888 437 1924 Nohae
462 1897 524 1923 etc.
585 1887 631 1922 Et
653 1902 732 1922 cum
758 1898 890 1924 certum
914 1892 978 1931 sit,
1005 1889 1095 1924 hanc

114 1954 187 1976 esse
212 1954 328 1975 veram
347 1940 414 1973 Dei
431 1939 642 1980 Ecclesiam,
669 1940 706 1972 in
732 1953 800 1985 qna
825 1953 890 1974 vox
911 1939 1095 1983 Evangelii

116 1999 216 2026 sonat
235 1993 455 2035 incorrupta,
488 1988 571 2022 huic
596 2002 660 2022 nos
681 1991 933 2033 adiungamus,
963 1999 995 2025 et
1022 2004 1096 2024 ina-

116 2054 261 2076 neamus
285 2042 320 2074 in
348 2053 384 2074 ea
408 2047 606 2074 constantes
629 2047 663 2074 et
686 2041 778 2074 firmi
808 2042 918 2082 cives,
954 2049 985 2075 et
1011 2054 1097 2074 con-

117 2094 334 2127 iunctionem
355 2099 524 2126 tucamur.

217 2142 314 2176 llaec
340 2148 458 2174 monet
484 2142 542 2174 illa
561 2138 692 2175 Christi
715 2142 838 2176 concio
866 2144 909 2176 de
933 2143 1098 2183 zizaniis,

117 2205 206 2240 quae
226 2190 390 2238 prohibet
406 2193 566 2225 doctores
583 2192 697 2225 aliena
714 2205 732 2226 a
751 2205 813 2227 suo
835 2194 950 2227 officio
975 2194 1100 2233 facere,

118 2250 212 2279 vetat
242 2244 346 2278 etiam
379 2243 490 2275 deseri
514 2240 706 2275 Ecclesiam
733 2250 873 2288 propter
898 2245 958 2277 illa
986 2245 1099 2277 tristia

118 2295 311 2338 spectacula
340 2293 616 2333 dissensionum,
656 2294 817 2332 odiorum
849 2302 881 2329 et
906 2295 1099 2328 calumnia-

120 2357 208 2378 rum.
267 2344 401 2377 Interea
427 2344 530 2376 saciat
554 2343 632 2387 pius
656 2350 687 2376 et
712 2344 859 2386 vigilans
881 2345 1101 2388 magistratus

121 2408 158 2430 ea
177 2406 264 2439 qnae
280 2402 360 2428 sunt
377 2394 428 2427 sui
447 2394 550 2426 ol'licii
563 2421 571 2434 ,
599 2394 678 2438 quia
697 2394 849 2437 profecto
871 2396 906 2427 in
924 2407 1049 2437 magno
1069 2402 1101 2428 ct

121 2444 285 2480 horribili
303 2456 419 2477 errore
436 2451 538 2484 sunt,
564 2445 625 2488 qui
643 2452 818 2477 aeternam
837 2446 945 2487 legem
963 2445 1028 2478 Dei
1055 2446 1102 2478 sic

122 2501 247 2540 putant
269 2495 453 2527 extinctam
477 2506 566 2535 esse,
600 2501 638 2526 ut
661 2495 714 2527 lex
739 2494 908 2537 Spartana
931 2497 974 2528 de
996 2508 1102 2529 numo

123 2547 234 2580 ferreo
250 2552 385 2578 mortua
404 2551 463 2579 est.
519 2544 603 2578 Vult
614 2543 708 2577 Deus
724 2543 957 2588 blasphemias
976 2552 1007 2578 et
1025 2558 1103 2590 per-

126 2596 214 2629 iuria
247 2595 460 2628 severissime
490 2595 630 2638 puniri,
665 2602 697 2629 et
723 2595 824 2638 punit
848 2596 920 2639 ipse
938 2596 1104 2630 alastoras

126 2647 205 2680 illas
222 2646 411 2689 impiorum
429 2645 629 2687 dogmatum
647 2652 805 2686 autores,
829 2658 907 2679 cum
924 2646 1105 2690 magistra-

177 2695 360 2730 ΜΕιΛΝΉι.
388 2698 490 2728 oium.
517 2697 600 2730 vor..
627 2697 703 2730 ΧΠ.

1148 241 1252 274 simul
1271 248 1303 274 et
1328 244 1549 284 magistratus
1568 253 1599 279 et
1617 247 1761 291 imperia
1781 249 1891 288 delet,
1917 252 1976 296 qui
1998 253 2071 286 vult
2092 254 2129 286 in

1147 292 1269 335 poenis
1309 294 1501 327 manifestis
1541 298 1696 340 conspici
1740 300 1938 335 testimonia
1973 303 2129 336 iusticiae

1147 353 1240 374 suae.

1247 391 1341 425 Ilaec
1372 394 1524 427 breviter
1558 397 1600 428 de
1636 398 1775 432 iudiciis
1804 399 1980 435 Ecclesiae
2016 410 2048 437 ct
2086 405 2129 437 de

1146 442 1335 484 puniendis
1371 444 1487 488 impiis
1526 447 1742 488 dogmatistis
1780 451 1868 484 dixi:
1910 465 1997 496 quae
2029 466 2128 497 saepe

1145 493 1297 525 multum
1315 494 1465 537 cogitare
1482 496 1567 528 utile
1586 503 1652 536 est,
1679 505 1719 531 ut
1742 501 1785 531 ad
1808 502 1892 534 duas
1910 515 1964 535 res
1981 506 2128 537 maxime

1144 554 1209 575 nos
1220 545 1448 578 exuscitemus
1460 573 1468 585 ,
1496 547 1538 578 ad
1552 546 1709 579 discendi
1724 559 1840 582 curam
1854 559 1885 584 et
1896 555 1939 584 ad
1958 556 2128 595 precatio—

1146 605 1235 625 nem.
1278 593 1433 639 Utraqne
1449 608 1503 629 res
1518 597 1710 629 necessaria
1728 606 1788 632 est.
1829 599 1937 634 Recte
1954 604 2128 637 discamus

1144 644 1341 677 doctrinam
1356 646 1531 686 divinam,
1557 653 1596 679 ut
1613 646 1743 680 Paulus
1760 649 1893 693 inquit:
1923 651 2065 686 IIabitet
2091 657 2127 687 in

1144 694 1243 726 vobis
1268 707 1382 728 sermo
1408 694 1541 729 Christi
1567 698 1732 740 opulente
1760 698 1796 731 in
1822 702 1919 733 omni
1948 704 2128 746 sapientia.

1143 742 1189 777 Et
1208 745 1438 788 adiungamus
1454 758 1553 779 veros
1568 748 1717 789 gemitus
1735 756 1767 782 ct
1785 757 1880 790 vota,
1905 764 1943 784 ac
1961 760 2128 796 petamuS,

1144 801 1181 827 ut
1200 795 1292 828 filins
1308 795 1374 828 Dei
1390 797 1492 829 saciat
1513 808 1578 829 nos
1594 809 1672 830 vasa
1697 799 1967 837 misericordiae.
2022 804 2128 846 Quod

1142 851 1182 878 ut
1200 845 1390 879 clementer
1404 847 1526 887 faciat,
1554 854 1627 881 toto
1645 860 1724 881 eum
1742 857 1879 893 pectore
1901 864 1973 888 oro,
2010 852 2103 890 Dixi.

1142 1036 1206 1071 No.
1235 1036 1317 1073 150.
1942 1060 1988 1079 an.
2014 1051 2107 1083 1556.

1926 1094 2127 1114 m

1175 1139 1249 1180 Be
1280 1141 1539 1182 discrimine
1569 1144 1719 1199 leynam
1746 1146 1977 1198 politicam
2009 1155 2090 1189 ete.

1212 1227 1241 1252 In
1267 1227 1358 1254 select.
1384 1228 1534 1255 Declamat.
1562 1229 1593 1254 T.
1616 1231 1662 1257 IV.
1686 1241 1711 1264 p,
1736 1232 1766 1257 15
1783 1242 1867 1267 sqq.‚⁸
1890 1234 2004 1261 δειναί,
2030 1236 2061 1264 T.
2086 1239 2129 1263 tv.

1244 1271 1270 1294 p.
1297 1263 1351 1293 Νη
1374 1262 1498 1288 Richard.
1521 1263 1552 1290 T.
1572 1263 1616 1289 lll.
1639 1274 1665 1297 p.
1684 1267 1740 1291 ΜΟ.
1767 1280 1799 1285 -
1842 1268 1993 1301 Sepznaiin·
2014 1271 2128 1302 prodiit:

1246 1295 1368 1327 „Oratio
1395 1297 1427 1320 de
1453 1296 1608 1322 discrimine
1634 1299 1723 1332 legum
1751 1301 1924 1332 politicarum
1951 1309 1975 1328 ct
2002 1305 2127 1330 iradiiio-

1246 1338 1326 1359 num,
1347 1338 1414 1361 quae
1434 1330 1460 1353 in
1480 1330 1599 1356 Ecclesia
1619 1333 1652 1356 ab
1672 1333 1826 1358 hominibus
1845 1337 2009 1362 conduntur.
2048 1338 2127 1364 lieci-

1248 1365 1299 1384 tata
1327 1370 1339 1385 a
1360 1362 1470 1387 Decano
1496 1364 1601 1396 collegii
1628 1365 1723 1397 philos.
1744 1367 1786 1390 M.
1807 1368 1996 1394 bartolomaeo
2024 1370 2127 1397 Lasano

1244 1395 1278 1427 C)
1288 1403 1357 1425 gneo
1376 1409 1401 1412 —
1424 1405 1466 1419 an.
1484 1397 1557 1422 1556.
1584 1397 1695 1425 VViteb.
1711 1410 1738 1425 ex
1754 1400 1862 1427 officina
1877 1402 2021 1429 haeredum
2038 1405 2129 1431 Geor-

1247 1427 1284 1460 gii
1304 1428 1398 1453 Ithaw.
1418 1429 1516 1455 1556.”
1539 1431 1565 1456 8.

1147 1507 1274 1538 Oratio
1295 1504 1339 1537 de
1357 1505 1569 1540 discrimine
1587 1509 1705 1554 legum
1722 1513 1960 1554 politicarum
1986 1522 2022 1550 et
2048 1523 2128 1553 {ra—

1270 1555 1453 1589 ditionum
1477 1556 1729 1594 humanarum
1756 1564 1795 1596 in
1820 1565 2001 1601 Ecclesia.

1146 1625 1336 1682 Principio
1364 1640 1491 1682 gratias
1514 1653 1577 1684 ago
1601 1641 1675 1676 Deo
1698 1646 1950 1690 omnipotenti,
1990 1658 2130 1685 aeterno

1148 1690 1236 1731 patri
1262 1689 1406 1722 Domini
1437 1693 1546 1724 nostri
1574 1692 1651 1726 Iesu
1672 1692 1820 1737 Christi,
1864 1700 1924 1742 qui
1953 1712 2020 1734 una
2052 1715 2131 1736 cuin

1147 1740 1218 1771 lilio
1245 1751 1307 1771 sno
1333 1747 1535 1783 coaeterno,
1559 1741 1715 1776 Domino
1744 1754 1864 1781 nostro
1885 1748 1960 1782 Iesu
1979 1750 2130 1791 Christo,

1147 1797 1179 1823 et
1195 1790 1329 1832 Spiritu
1345 1803 1407 1823 sno
1427 1799 1545 1825 sancto
1563 1794 1723 1829 condidit
1743 1809 1863 1830 omnes
1880 1808 2072 1842 creaturas,
2100 1811 2131 1838 et

1147 1839 1337 1873 Eccl-»siam
1364 1842 1399 1873 in
1425 1853 1549 1884 genere
1576 1841 1731 1879 humano
1758 1849 1906 1891 colligit,
1940 1855 2034 1895 quod
2069 1867 2132 1887 nos

1147 1903 1287 1935 quoque
1305 1893 1345 1923 ad
1366 1890 1543 1926 Ecclesiae
1560 1895 1758 1929 societatem
1785 1901 1938 1940 vocavit,
1964 1909 1997 1935 et
2015 1901 2132 1937 hacte-

1148 1952 1213 1973 nus
1245 1942 1434 1975 clementer
1465 1951 1601 1977 coetum
1630 1946 1830 1981 docentium
1862 1957 1894 1983 et
1924 1952 2131 1987 discentium

1149 1992 1240 2034 apud
1258 2003 1322 2024 nos
1345 1993 1515 2031 servavit,
1550 2001 1582 2026 et
1614 2001 1686 2028 toto
1713 2008 1791 2029 enm
1816 2007 1954 2042 pectore
1978 2015 2058 2039 oro,
2094 2012 2131 2037 nt

1149 2042 1311 2084 deinceps
1326 2055 1465 2087 qnoque
1484 2055 1547 2076 nos
1565 2045 1686 2079 doceat
1703 2054 1735 2079 et
1749 2048 1935 2089 gubernet,
1962 2064 2022 2085 nec
2041 2055 2132 2088 sinat

1149 2092 1305 2134 extingui
1324 2093 1434 2125 lucem
1453 2094 1644 2130 doctrinae.
1696 2095 1784 2129 Cum
1803 2105 1916 2131 antem
1938 2099 2082 2136 honeste
2101 2112 2133 2138 et

1150 2143 1284 2176 utiliter
1302 2143 1499 2178 institutum
1525 2145 1586 2184 sit,
1620 2152 1655 2178 ut
1684 2147 1727 2178 de
1750 2148 1866 2192 aliqua
1890 2152 2132 2188 doctrinarum

1151 2200 1247 2238 parte
1281 2194 1435 2234 dicatur,
1479 2206 1559 2227 nam
1595 2195 1630 2227 in
1664 2199 1906 2239 congressibus
1936 2200 2129 2239 Doctorum

1151 2244 1299 2276 maxime
1317 2244 1413 2277 decet
1432 2245 1583 2287 primum
1600 2257 1724 2279 sonare
1750 2248 1870 2282 landes
1885 2249 1971 2292 Dei,
2005 2255 2132 2288 deinde

1151 2302 1185 2328 et
1212 2296 1566 2328 commonesactiones
1590 2296 1694 2329 utiles
1719 2299 1761 2329 ad
1785 2299 1966 2334 formanda
1993 2304 2133 2344 indicia,

1152 2352 1185 2379 et
1201 2345 1243 2377 ad
1263 2346 1431 2387 regendos
1449 2358 1578 2385 mores3
1608 2358 1669 2387 ego
1687 2359 1825 2392 quoque
1849 2362 1955 2393 pauca
1974 2355 2132 2389 dicturus

1152 2407 1239 2429 sum.
1293 2396 1388 2437 Quid
1407 2396 1476 2427 lieri
1495 2396 1618 2428 melius
1635 2397 1670 2428 in
1690 2395 1844 2432 humano
1867 2414 1991 2441 genere
2010 2413 2132 2449 potest,

1154 2457 1234 2479 vera
1259 2444 1324 2478 Dei
1352 2446 1602 2483 celebratione,
1642 2453 1674 2480 et
1705 2449 1947 2484 doctrinarum
1978 2455 2130 2489 illustra-

1155 2497 1266 2535 tione,
1291 2502 1321 2527 et
1345 2498 1512 2528 virtutum
1529 2497 1724 2531 exercitiis?
1751 2499 1787 2530 in
1804 2502 1931 2544 quibus
1950 2502 2042 2537 Deus
2060 2518 2131 2538 sese

1157 2546 1258 2580 nobis
1274 2545 1526 2586 communicat,
1552 2554 1585 2581 et
1604 2547 1696 2579 filius
1712 2547 1777 2581 Dei
1802 2547 1908 2597 λόγος
1931 2566 2010 2586 vere
2036 2558 2126 2588 adest

1157 2596 1354 2635 mentibus,
1400 2602 1432 2629 et
1465 2596 1500 2627 in
1534 2596 1582 2629 eis
1615 2597 1727 2630 lucem
1762 2606 1794 2632 ct
1827 2601 1933 2635 vitam
1964 2606 2130 2639 accendit.

1158 2645 1322 2690 Optarim
1349 2651 1463 2679 autem
1492 2657 1547 2678 me
1576 2658 1674 2691 posse
1698 2650 1892 2684 orationem
1917 2654 2051 2686 adseri-e
2076 2656 2130 2687 ‹li-

1462 2695 1508 2729 10
