2324 2955
160 131 233 168 259
628 126 780 161 DECL.
818 122 889 157 DE
922 121 1153 157 STUDllS

164 220 265 263 cipue
295 217 515 249 celebrantur
540 209 709 247 lihodus,
739 209 836 242 Ionia
855 207 957 241 Asiae
984 207 1144 244 minoris,

165 281 289 311 magua
310 266 476 304 Graecia,
506 263 648 294 Tarsus.
701 259 753 292 Ex
781 259 878 292 Ionia
904 259 997 291 cuim
1025 269 1144 290 rursus

167 321 281 354 Attica
299 315 427 354 schola,
444 321 475 346 et
490 311 720 346 Massiliensis
737 311 908 354 profectae
924 315 1017 343 sunt.
1044 305 1146 341 Rho-

167 371 224 403 dia
243 366 358 401 schola
378 364 560 409 Aegyptiis
581 369 749 395 vestutate
767 361 924 404 proxima
944 360 1009 392 suit
1022 386 1030 398 ,
1058 370 1146 402 quae

169 427 200 452 et
222 419 308 450 situs
326 415 607 459 opportunitate,
636 420 669 446 et
686 412 893 444 amoenitate
919 423 957 442 ac
982 409 1147 452 temperie
1171 439 1172 455 ἱ

169 469 274 508 coeli,
299 474 331 499 et
356 466 483 498 artium
505 464 664 497 omnium
690 470 792 506 atque
815 461 987 504 imprimis
1012 457 1148 492 mathe-
1172 482 1173 500 3

168 519 374 552 maticarum
390 516 524 548 cultura
536 542 544 554 ,
572 526 707 557 semper
724 525 801 544 cum
816 511 973 556 Aegypto
993 510 1148 542 certavit.

170 568 301 603 Allusit
324 568 365 599 ad
393 564 475 599 haec
502 572 644 597 venuste
660 564 850 602 Pindarus,
878 563 1010 603 tingens
1032 560 1147 592 lovem

171 618 324 654 Rhodiis
349 630 453 650 aureo
479 617 590 648 imlire
617 615 762 658 pluisse,
791 614 884 657 quod
903 612 1006 655 primi
1024 611 1059 642 iu
1077 609 1149 642 Eu—

171 721 273 754 cretis
296 720 338 751 de
362 718 458 751 cultu
487 717 587 749 editis
611 716 799 748 coluissent
826 713 1022 752 sacrificiis,
1054 711 1151 744 nullo

170 780 287 806 tamen
318 766 477 802 adhibito
514 768 613 809 igne,
653 778 755 810 quem
791 765 883 808 quod
919 761 1153 796 Athenienses

171 829 288 866 postea
308 819 523 852 addidissent
540 817 735 849 Minervam
757 813 914 848 Athenas
940 813 1152 857 praetulisse,

172 873 302 906 scilicet
326 870 420 913 quod
438 866 572 902 Rhodii
600 867 755 909 occupati
778 866 904 898 studiis
932 864 1153 906 gravioribus

171 921 518 967 pervestigandorum
545 925 703 950 motuum
732 916 957 955 coelestium,
985 916 1152 958 eloquen-

172 974 255 1007 tiam
281 971 400 1003 minus
425 975 655 1002 exercuerunt
680 980 783 1011 quam
813 965 1062 1003 Athenienses,
1090 964 1151 997 etsi

172 1025 264 1056 inter
288 1022 354 1055 tria
380 1018 559 1053 rhetorum
585 1030 710 1061 genera
736 1016 869 1051 Rhodii
902 1017 1004 1049 etiam
1033 1028 1154 1047 recen-

174 1080 304 1107 sentur.

273 1121 407 1154 Habuit
429 1122 466 1153 in
498 1118 628 1154 Rhodo
656 1131 734 1151 suas
766 1118 1030 1151 observationes
1064 1115 1155 1158 Hip-

174 1171 335 1218 parchus.
389 1171 459 1204 Nec
483 1171 611 1214 opinor
633 1169 817 1203 Colossum
840 1169 941 1207 solis,
972 1168 1033 1211 qui
1061 1167 1154 1199 inter

175 1231 304 1268 septem
328 1223 453 1255 muudi
479 1222 644 1253 miracula
676 1226 969 1252 commemoratur
1001 1216 1152 1262 cylindri

174 1282 234 1308 aut
258 1273 401 1306 obelisci
426 1273 552 1314 figura,
584 1272 619 1302 in
650 1271 758 1302 alium
789 1270 893 1301 fuisse
926 1268 1153 1299 fabrefactum

174 1331 270 1358 tanta
293 1323 479 1355 altitudine
499 1333 619 1359 usum,
652 1320 719 1351 nisi
744 1320 786 1350 ad
812 1313 1155 1361 ovgtnctpawsprjfflts

175 1375 375 1412 stellarum,
419 1379 451 1404 et
486 1371 671 1413 praecipue
703 1368 945 1400 inerrantium.
1021 1365 1154 1397 Fecisse

173 1425 267 1459 hunc
287 1421 462 1456 Chareten
485 1421 662 1466 Lyndium
688 1419 832 1463 Lysippi
866 1416 1078 1460 discipulum
1102 1426 1154 1447 se-

173 1475 353 1520 ptuaginta
379 1472 578 1505 cubitorum
601 1469 788 1503 altitudine
807 1468 943 1500 Plinius
967 1472 1069 1499 autor
1085 1471 1153 1521 est,

174 1526 237 1572 qui
254 1532 286 1559 et
303 1531 413 1557 terrae
431 1529 527 1555 motu
545 1527 757 1565 prostratum
771 1546 779 1558 ,
806 1530 883 1550 cum
904 1518 1029 1549 iaceret
1046 1527 1154 1571 mira-

173 1578 251 1610 culo
267 1575 372 1608 fuisse
388 1573 553 1616 prodidit.
606 1571 674 1605 Sed
694 1576 844 1602 erectum
866 1578 985 1600 rursus
1002 1579 1039 1598 ac
1054 1572 1155 1598 resti-

172 1634 287 1661 tutum
307 1623 489 1657 Sarraceni
512 1623 618 1664 longo
642 1627 798 1663 tempore
824 1625 918 1662 post,
945 1629 1022 1650 cum
1046 1617 1154 1659 impe-

172 1685 272 1711 rante
294 1673 486 1707 Constante
509 1672 663 1705 Heraclii
689 1671 760 1703 filio
782 1667 951 1703 Rhodum
976 1678 1154 1710 expugna-

173 1737 243 1762 tam
261 1725 499 1768 diripuissent,
516 1723 705 1756 crudeliter
721 1720 880 1754 demoliti
897 1719 1154 1759 confregerunt.

174 1777 304 1811 Aereas
320 1776 363 1807 de
380 1787 420 1807 eo
437 1785 565 1807 massas
583 1772 810 1815 noningentis
828 1770 967 1803 camelis
987 1768 1152 1800 ludaeum

172 1829 346 1874 quendam
373 1831 583 1869 asportasse,
618 1822 784 1856 historiae
808 1827 962 1854 recentes
987 1818 1154 1858 referunt,

171 1881 267 1912 unde
284 1876 463 1911 aestimari
481 1875 687 1918 magnitudo
713 1878 835 1917 potest.
890 1870 1024 1904 Ferunt
1048 1868 1153 1901 etiam

171 1929 404 1971 Aristippum,
422 1938 499 1959 cum
517 1925 651 1958 amissis
670 1923 851 1964 naufragio
869 1921 1022 1955 fortunis
1037 1919 1154 1952 omni-

170 1981 236 2013 bus
252 1980 324 2023 ipse
341 1989 418 2011 cum
437 1976 556 2019 paucis
575 1977 617 2008 ad
636 1975 733 2007 littus
748 1971 932 2007 Rhodium
956 1970 1074 2005 tabula
1092 1981 1151 2002 ve-

172 2038 246 2064 ctus
270 2027 485 2073 pervenisset
508 2026 645 2066 salvus,
669 2032 702 2058 et
727 2023 960 2057 obambulans
980 2022 1017 2053 in
1036 2021 1153 2053 littore

169 2079 394 2124 geometricas
418 2078 543 2120 figuras
565 2076 800 2120 conspexisset
815 2071 988 2107 machinis
1005 2071 1152 2116 quibus-

169 2133 250 2164 dam
276 2129 485 2172 insculptas,
513 2127 652 2160 iussisse
677 2126 789 2158 socios
813 2126 907 2157 bono
923 2123 1041 2156 animo
1070 2134 1152 2162 esse,

170 2183 262 2226 quod
281 2179 465 2213 hominum
484 2178 627 2220 vestigia
644 2176 838 2220 reperisset,
865 2173 1151 2217 gratulatumque

169 2232 237 2265 sibi
265 2238 298 2264 et
322 2230 484 2273 reliquis,
520 2230 614 2273 quod
640 2240 712 2260 non
741 2227 778 2259 in
802 2225 902 2258 littus
928 2223 1150 2257 barbaricum

170 2282 268 2315 eiecti
295 2286 424 2320 essent,
461 2279 681 2312 confirmasse
705 2275 958 2311 humanitatem
983 2284 1062 2315 erga
1086 2271 1149 2306 ho-

169 2333 273 2376 spites
299 2338 331 2364 et
353 2330 556 2371 naufragos,
582 2342 654 2362 non
681 2329 880 2361 defuturam
906 2325 976 2358 illis
992 2322 1150 2356 homini-

167 2385 248 2423 bus,
274 2383 365 2426 apud
395 2391 481 2424 quos
508 2377 631 2412 harum
656 2380 786 2412 artium
813 2377 928 2411 studia
957 2382 1149 2409 tractaren—

166 2441 235 2467 tur.
290 2432 421 2465 Tarsus
445 2436 626 2473 tantopere
652 2430 866 2467 celebratur‚
888 2434 926 2461 ut
952 2426 979 2458 si
996 2437 1068 2458 non
1088 2437 1148 2458 ex-

166 2483 343 2523 celluisse,
382 2492 544 2525 aequasse
570 2488 684 2513 tamen
712 2481 765 2512 vel
789 2477 1057 2516 Alexandriam,
1092 2476 1147 2508 vel

166 2532 323 2569 Athenas
346 2532 631 2575 praecellentium
660 2531 881 2573 ingeniorum
907 2529 1023 2572 copia,
1058 2538 1146 2571 quos

164 2585 286 2618 multis
329 2583 430 2617 terris
467 2582 781 2626 praestantissimos
811 2578 1065 2624 suppeditavit,
1113 2583 1146 2610 et

163 2637 249 2669 flore
266 2647 303 2668 ac
321 2635 438 2676 vigore
457 2632 655 2665 studiorum
672 2633 848 2671 tradatur,
876 2632 932 2664 sed
960 2629 1145 2669 indigenas

159 2688 242 2727 sere,
271 2698 343 2719 non
360 2691 493 2718 exteros
508 2683 594 2716 aluit
611 2683 714 2716 ullos.
768 2681 862 2715 Haec
877 2681 1026 2714 Paulum
1047 2679 1143 2723 Apo-

1197 119 1323 155 vE'r.
1359 116 1709 155 PIIlLOSOPH.
2102 117 2177 152 260

1195 206 1323 238 stolum
1341 205 1487 236 electum
1507 215 1564 236 vas
1583 203 1841 238 misericordiae
1859 203 1980 245 genuit
2003 209 2036 236 et
2054 202 2175 236 erudi—

1196 257 1256 291 vit.
1323 254 1478 298 Utraque
1512 261 1545 287 et
1569 253 1718 288 Rhodus
1745 262 1777 288 et
1801 253 1933 286 Tarsus
1961 265 2039 286 cum
2070 254 2177 285 armis

1195 305 1368 340 Romanis
1386 305 1454 338 late
1471 304 1727 348 imperantibus
1744 305 1918 343 cessisset,
1945 301 2175 347 αὐτονομίαν

1170 354 1171 359 ’
1197 362 1340 400 propter
1362 355 1559 387 studiorum
1585 355 1821 389 celebritatem
1857 354 2003 387 retinuit
2036 365 2176 386 conces-

1197 408 1295 440 sione
1312 417 1552 449 consensuque
1577 406 1698 448 popuii
1713 405 1876 439 Romani.
1929 404 2084 448 Utraque
2112 404 2178 436 im-

1199 457 1427 490 munitatibus
1458 458 1584 488 donata
1615 463 1682 496 est,
1724 457 1767 488 ab
1792 455 1948 489 Antonio
1972 455 2177 488 Triumviro

1200 508 1341 546 Tarsus,
1367 519 1384 539 a
1404 506 1550 539 Tiberio
1566 505 1712 539 Caesare
1728 503 1889 540 Rhodus.
1941 503 2176 550 Pythagoram

1172 555 1356 590 3autor0m
1392 565 1423 590 et
1457 565 1719 600 propagatorem
1746 553 1944 588 Matheseos
1979 557 2013 587 in
2054 568 2177 600 magna

1173 606 1175 615 ¹
1201 608 1348 641 Graecia
1366 614 1573 650 exceperunt
1592 608 1694 649 longo
1715 607 1839 639 ordine
1856 603 2063 648 Philosophi
2081 619 2180 649 prae·

172 682 259 714 ropa
278 669 405 701 editam
429 680 446 699 a
472 679 542 699 sese
559 666 757 698 Minoi-uun
777 664 1012 705 excepissent,
1040 668 1072 694 et
1091 662 1151 692 de-
1174 667 1176 688 ἑ
1202 666 1347 697 stantes,
1374 670 1523 702 quorum
1546 658 1681 702 aliquos
1698 657 1837 696 Sicilia,
1860 657 1996 700 aliquos
2021 657 2092 699 ipsa
2113 657 2180 690 lta-

1175 719 1177 727 ¹
1206 710 1250 742 lia
1276 710 1457 752 produxit,
1485 708 1621 752 aliquos
1648 708 1782 740 insulae
1806 709 1951 739 vicinae.

2005 705 2100 739 Inter
2118 705 2181 740 hos

1202 761 1495 792 commendantur
1534 759 1718 802 praecipue
1757 758 1928 801 Telauges
1962 755 2180 802 Pythagorae

1203 811 1311 850 filius,
1343 809 1592 853 Empedocles,
1628 807 1878 852 Epicharmus,
1912 806 2077 841 Architas
2109 808 2181 841 Ta-

1204 861 1381 897 rentinus,
1411 860 1601 892 Alcmaeon
1620 859 1852 898 Crotoniates,
1880 858 2070 901 Hippasus,
2096 857 2181 892 Phi—

1203 912 1332 951 Iolaus,
1358 909 1526 943 Eudoxus
1543 910 1712 950 Cnidius,
1742 910 1900 943 Platonis
1923 921 2055 947 comes,
2084 910 2182 943 cuius

1204 974 1307 1005 supra
1326 962 1455 994 mentio
1473 962 1560 994 sacta
1586 968 1656 1000 est,
1685 961 1861 993 Timaeus.
1917 959 2054 992 lonicae
2080 958 2182 992 scho-

1205 1012 1257 1044 lae
1274 1019 1432 1044 autorem
1452 1023 1594 1043 suarum
1613 1011 1878 1054 disciplinarum
1905 1017 2116 1052 agnoscunt,
2144 1023 2183 1043 ac

1204 1062 1413 1105 profitentur
1431 1059 1614 1094 Thaletem
1636 1061 1815 1095 Milesium
1839 1073 1963 1104 genere
1989 1067 2022 1094 et
2046 1061 2183 1104 origine

1206 1109 1428 1151 Phoenicen,
1462 1112 1523 1156 qui
1549 1110 1710 1156 Astyagis
1736 1112 1922 1145 Medorum
1955 1111 2043 1153 regis
2065 1113 2181 1145 seculo

1206 1169 1286 1195 ante
1314 1159 1555 1195 monarchiam
1582 1161 1755 1195 Persicam
1786 1163 1944 1205 eclipsim
1963 1161 2056 1195 Solis
2082 1174 2183 1205 prae-

1206 1213 1304 1248 dixit.
1356 1211 1410 1245 Ex
1427 1210 1481 1244 his
1498 1212 1673 1245 derivatae
1690 1221 1771 1245 suut
1790 1212 1907 1245 Attica
1931 1219 1964 1245 et
1980 1212 2183 1245 Massilien—

1206 1263 1263 1296 sis.
1319 1260 1504 1294 Thaletem
1537 1263 1644 1295 secuti
1678 1270 1760 1295 sunt
1783 1263 1886 1304 longa
1911 1263 1999 1295 serie
2026 1263 2183 1305 plurimi,

1206 1311 1489 1349 Anaximander,
1533 1309 1789 1350 Anaximenes,
1833 1313 2078 1353 Anaxagoras,
2115 1312 2184 1345 Ar-

1206 1358 1364 1400 chelaus,
1388 1359 1566 1400 Socrates,
1595 1359 1705 1394 Plato.
1766 1360 1874 1394 Hunc
1897 1360 2103 1395 Aristoteles
2127 1375 2185 1395 ex-

1207 1411 1316 1453 cepit,
1344 1417 1378 1443 et
1396 1410 1613 1454 Speusippus
1630 1422 1690 1443 seu
1709 1413 1824 1454 potius
1842 1412 2064 1448 Xenocrates.
2111 1412 2183 1456 Qui

1206 1462 1249 1492 ad
1266 1458 1491 1493 Aristotelem
1506 1462 1549 1493 ab
1567 1460 1594 1493 A
1602 1462 1757 1494 cademia
1774 1461 1931 1494 Platonis
1946 1462 2183 1496 discedentem

1206 1522 1240 1543 se
1264 1510 1509 1550 contulerunt,
1536 1510 1849 1554 Peripateticorum
1877 1511 1943 1544 sibi
1970 1524 2099 1546 nomen
2127 1513 2184 1545 in·

1206 1561 1385 1595 diderunt.
1437 1559 1583 1605 Reliqui
1601 1562 1738 1605 sequuti
1756 1562 1990 1595 Xenocratem
2008 1575 2183 1597 successo-

1206 1623 1278 1644 rem
1302 1613 1339 1643 in
1363 1610 1574 1652 Academia,
1608 1624 1738 1644 nomeu
1765 1612 2055 1646 Academicorum
2080 1627 2183 1648 usur—

1206 1669 1345 1706 parunt,
1362 1668 1393 1694 et
1412 1669 1638 1695 recensentur
1652 1664 1778 1696 ordine
1790 1661 1845 1697 his
1862 1664 2079 1698 nominibus.
2114 1665 2184 1699 Po-

1206 1713 1335 1753 lemon,
1361 1711 1525 1752 Crantor,
1549 1711 1722 1746 Arcesilas
1738 1715 1873 1747 mediae
1891 1714 2102 1749 Academiae
2119 1728 2182 1749 au-

1206 1769 1273 1803 tor,
1298 1762 1472 1808 LacydeS,
1498 1761 1683 1804 Evander,
1713 1763 1909 1807 Agesilaus,
1932 1765 1988 1798 vel
2005 1773 2043 1800 ut
2061 1766 2183 1800 Cicero

1204 1812 1387 1856 Egesinus,
1402 1812 1601 1846 Carneades
1617 1827 1727 1847 novae
1743 1823 1844 1848 autor
1861 1814 2083 1858 Academiae,
2099 1816 2183 1864 Cly-

1205 1862 1405 1905 tomachus,
1431 1861 1608 1909 PyrrhuS‚
1635 1864 1835 1900 Heraclitus
1859 1866 2002 1911 Tyrius.

1306 1914 1353 1947 Hi
1369 1915 1512 1958 digressi
1531 1926 1550 1948 a
1565 1914 1722 1949 Platonis
1740 1917 1892 1960 vestigiis
1901 1917 2110 1951 Academiae
2123 1931 2183 1951 ve—

1205 1966 1289 2000 teris
1306 1966 1466 2008 dogmata
1486 1974 1731 2009 corruperunt.
1759 1967 1878 2010 Quare
1894 1968 1955 2012 qui
1975 1969 2084 2002 secuti
2100 1976 2181 2003 sunt

1204 2017 1385 2062 aliquanto
1404 2023 1481 2060 post
1496 2015 1654 2050 Platonis
1670 2024 1874 2059 sectatores,
1902 2030 1973 2051 non
1993 2017 2183 2052 Academi-

1204 2080 1261 2101 cos
1287 2079 1359 2100 sese
1382 2074 1541 2110 suspecto
1568 2068 1729 2109 nomine,
1753 2070 1811 2102 sed
1839 2068 2041 2103 Platonicos
2063 2071 2182 2104 vocari

1203 2119 1404 2158 voluerunt,
1421 2118 1750 2164 coniunxeruntque
1765 2131 1886 2153 rursus
1903 2132 1981 2154 cum
1992 2119 2181 2154 Academia

1203 2169 1312 2202 veteri
1334 2169 1575 2213 peripateticas
1596 2166 1744 2204 scholas,
1797 2169 2011 2204 Claruerunt
2035 2182 2073 2203 ex
2098 2171 2180 2211 iltis,

1202 2232 1279 2253 cum
1311 2220 1371 2253 alii
1404 2226 1477 2253 tum
1502 2231 1584 2252 vero
1611 2218 1853 2262 Aristarchus,
1882 2219 2111 2260 Ammonius,
2146 2229 2181 2255 et

1201 2271 1289 2304 alter
1322 2268 1404 2303 huic
1434 2266 1634 2314 &ptuivvduog
1673 2278 1904 2314 cognomento
1952 2269 2093 2310 κακκάς
2124 2273 2178 2305 vel

1199 2318 1444 2368 κακκοῳόρος,
1468 2320 1641 2363 Plotinus,
1665 2322 1834 2362 Amelius,
1851 2320 2077 2361 lamblichus,
2093 2322 2179 2356 Plu-

1199 2370 1357 2413 tarchus,
1384 2372 1573 2418 Syrianus‚
1600 2372 1745 2405 Proclus
1761 2371 1903 2417 Lytius,
1929 2373 2028 2406 cuius
2056 2381 2088 2408 et
2114 2372 2180 2419 hy-

1199 2421 1360 2467 potheses
1388 2430 1506 2456 extant
1538 2423 1791 2457 astronomicae
1816 2429 1848 2456 et
1870 2420 2100 2470 μετάφρασις
2122 2437 2179 2458 τε·

1198 2472 1406 2520 τραβίβλου
1423 2473 1625 2512 Ptolemaei,
1648 2473 1812 2506 Marinus
1829 2480 1861 2507 et
1880 2474 1997 2517 plures
2015 2475 2086 2513 alii,
2103 2487 2177 2508 uno

1198 2526 1347 2559 alterum
1371 2525 1563 2568 excipiente
1586 2525 1623 2557 in
1654 2524 1773 2557 eadem
1803 2525 1970 2566 statione,
2011 2525 2107 2559 velut
2138 2526 2176 2559 in

1197 2577 1269 2609 acie
1288 2576 1456 2610 continua
1475 2576 1624 2620 quadam
1642 2575 1868 2608 successionis
1885 2577 1972 2609 serie
1988 2588 2076 2620 pene
2094 2577 2176 2610 inde

1197 2638 1306 2671 usque
1323 2628 1366 2660 ab
1382 2627 1524 2659 exordio
1548 2623 1772 2659 monarchiae
1787 2624 1976 2660 Caesarum
2001 2628 2044 2660 ad
2075 2627 2176 2661 initia

1195 2685 1354 2711 motuum
1373 2676 1691 2711 Sarracenicorum.
