2324 2955
106 102 184 141 57⁷

106 199 188 224 nem
211 187 419 222 offerentem
442 183 686 220 remissionem
708 190 952 228 peccatorum,
978 183 1096 226 impu-

105 240 274 276 tationem
305 236 483 278 iusticiae,
515 235 689 280 Spiritum
719 242 899 276 sanctum,
930 241 964 269 et
988 234 1096 267 vitam

103 297 279 326 aeternam
312 295 455 334 propter
484 287 597 320 filium
628 286 698 320 Dei
733 287 983 327 mediatorem,
1023 296 1096 318 non

103 350 249 388 propter
265 342 336 375 ulla
355 346 472 373 nostra
491 339 626 372 merita.

206 390 242 428 5.
277 391 356 425 Sint
374 391 481 433 igitur
497 389 599 422 initio
618 397 721 423 notae
739 388 972 422 definitiones.
1024 386 1096 421 Lex

105 443 173 479 Dei
189 449 239 476 est
257 441 417 475 doctrina
436 452 453 474 a
473 439 547 474 Deo
565 441 712 481 tradita,
741 439 960 483 praecipiens
977 438 1097 484 quales

106 505 169 528 nos
193 504 285 533 esse,
310 500 343 527 et
368 504 457 538 quae
481 493 594 525 facere
617 498 649 524 et
672 490 833 524 omittere
856 497 1035 533 oporteat,
1061 492 1097 522 ‘et

102 543 314 589 promittens
339 544 432 577 hona
458 542 718 587 praestantibus
736 541 907 584 integram
926 541 1097 574 obedien-

103 595 207 634 tiam,
235 602 268 628 et
286 596 527 628 condemnans
544 605 666 626 omnes
685 605 757 625 non
775 599 989 635 praestantes
1005 591 1096 624 inte-

102 657 200 689 gram
225 646 463 680 obedientiam
477 671 486 685 ,
513 642 580 677 hoc
597 651 665 684 est,
692 644 881 676 adfirmans
897 654 976 675 vere
994 641 1095 674 irasci

102 697 218 731 Deum
241 696 408 730 omnibus
432 707 505 729 non
532 695 790 739 praestantibus
819 695 989 737 integram
1011 693 1095 725 obe-

102 747 291 787 dientiam,
317 747 412 780 iuxta
436 745 503 780 hoc
527 747 677 780 dictum:
706 745 918 779 Maledictus
943 743 1095 788 quinon

101 805 285 842 permanet
305 798 344 830 in
367 798 554 839 omnibus,
580 809 669 842 quae
693 797 820 841 scripta
845 801 926 829 sunt
946 794 983 827 in
1003 794 1094 827 libro

101 849 198 892 legis.

202 900 238 936 6.
274 898 391 933 Habet
415 899 470 932 lex
495 898 763 943 promissiones,
791 897 850 929 sed
871 908 944 929 non
963 895 1095 939 gratui-

101 958 170 992 tas,
198 962 321 984 verum
340 950 556 994 postulantes
572 949 742 991 integram
761 947 1012 982 obedientiam.

203 1001 238 1035 7.
270 1001 339 1036 Sed
363 1000 550 1045 promissio
568 997 754 1041 Evangelii
776 998 918 1042 propria
943 1004 993 1031 est
1012 1009 1095 1042 pro-

103 1052 246 1093 missio,
288 1054 326 1085 in
356 1064 425 1096 qua
455 1057 598 1095 propter
630 1050 742 1083 filium
764 1048 840 1082 Deo
863 1049 1093 1082 mediatorem

99 1103 301 1138 offeruntur
318 1103 443 1146 gratis,
471 1114 545 1135 non
563 1108 708 1145 propter
727 1107 846 1133 nostra
867 1100 1013 1139 merita,
1039 1112 1095 1133 re-

101 1154 222 1188 missio
247 1160 489 1198 peccatorum,
524 1152 670 1185 donatio
693 1150 847 1195 Spiritus
872 1151 1001 1189 sancti,
1029 1150 1095 1183 im-

100 1204 238 1250 putatio
270 1204 447 1244 iusticiae,
480 1210 513 1237 et
538 1201 738 1236 haereditas
763 1202 922 1235 iusticiae
948 1208 982 1235 et
1003 1202 1095 1235 vitae

101 1263 282 1295 aeternae,
309 1255 476 1289 omnibus
495 1254 557 1298 qui
575 1254 612 1286 in
628 1253 741 1286 filium
759 1250 824 1285 Dei
843 1253 1003 1287 credunt.

206 1306 242 1342 8.
282 1305 366 1339 Ideo
399 1306 436 1336 in
464 1302 622 1335 Iohanne
648 1304 817 1347 scriptum
842 1310 907 1337 est:
940 1303 1011 1336 Lex
1035 1315 1097 1347 per

102 1354 247 1390 Moisen
268 1356 348 1388 data
375 1360 446 1394 est,
471 1354 571 1397 quasi
595 1353 704 1386 dicat:
733 1353 813 1386 Alia
839 1367 905 1387 vox
925 1362 976 1388 est
993 1355 1046 1387 lex
1063 1361 1097 1388 et

103 1406 194 1440 aliae
219 1417 292 1447 res,
327 1416 417 1449 quae
442 1416 504 1448 per
530 1403 672 1437 Moisen
697 1403 876 1436 institutae
891 1410 1000 1444 sunt,
1034 1416 1097 1448 per

103 1468 207 1502 quem
231 1453 316 1489 haec
342 1455 466 1498 politia
488 1460 520 1488 et
544 1452 581 1487 hi
604 1454 693 1487 ritus
710 1453 862 1486 instituti
880 1461 981 1494 sunt,
1006 1466 1096 1498 quae

104 1506 226 1540 omnia
259 1511 342 1539 sunt
372 1505 518 1538 umbrae
544 1505 694 1538 aliarum
718 1510 942 1537 aeternarum
966 1516 1096 1539 rerum.

101 1556 272 1592 Nondum
295 1563 378 1590 sunt
404 1555 464 1588 illa
489 1566 625 1588 summa
649 1555 763 1593 bona,
797 1566 886 1599 quae
912 1566 974 1598 per
999 1554 1096 1587 Mes—

102 1608 192 1642 siam
211 1605 487 1641 exhibebuntur.
540 1605 611 1640 Sed
631 1604 759 1648 gratia,
785 1605 821 1638 id
841 1612 909 1644 est,
935 1606 1094 1638 remissio

103 1665 326 1703 peccatorum
348 1658 497 1700 gratuita
522 1663 555 1690 et
576 1656 763 1701 imputatio
781 1655 960 1697 iusticiae,
987 1663 1020 1690 et
1036 1668 1096 1689 ve-

105 1709 210 1750 ritas,
235 1708 270 1742 id
296 1715 363 1748 est,
390 1720 469 1741 vera
492 1715 526 1742 et
548 1714 689 1741 aeterna
707 1707 767 1740 lux
785 1707 822 1740 in
837 1707 1035 1746 mentibus,
1063 1713 1095 1740 et

106 1759 239 1804 agnitio
255 1758 342 1800 Dei,
369 1765 403 1792 et
427 1771 509 1792 vera
524 1771 562 1791 ac
580 1765 719 1792 aeterna
739 1758 875 1792 iusticia
892 1765 923 1792 et
942 1759 1013 1792 vita
1033 1760 1095 1791 ad-

105 1811 270 1845 feruntur
289 1821 353 1855 per
375 1807 471 1842 hunc
495 1808 610 1843 lesum
635 1815 756 1842 natum
781 1821 820 1842 ex
843 1809 999 1853 virgine,
1035 1810 1095 1854 qui

107 1869 158 1896 est
182 1860 352 1901 Messias,
378 1861 422 1893 de
445 1873 514 1906 quo
538 1859 790 1904 promissiones
813 1861 962 1894 traditae
986 1861 1095 1904 patri-

106 1914 174 1947 bus
198 1911 427 1946 concionatae
453 1918 544 1945 sunt.
608 1910 708 1945 Sicut
732 1919 763 1944 et
785 1911 909 1945 Petrus
934 1912 1095 1945 omnium

105 1961 366 2007 Prophetarum
404 1962 681 1996 consentientem
720 1975 841 1995 vocem
881 1974 954 1996 esse
989 1963 1095 1996 dixit:

106 2013 201 2048 Huic
218 2025 340 2047 omnes
358 2011 555 2057 Prophetae
574 2013 814 2047 testimonium
834 2011 1025 2058 perbibent
1042 2026 1097 2047 re-

106 2065 311 2099 missionem
339 2072 558 2108 peccatorum
584 2064 740 2107 accipere
769 2077 830 2109 per
855 2077 984 2098 nomen
1012 2065 1098 2105 eius,

106 2128 230 2151 omnes
246 2116 308 2161 qui
326 2117 475 2148 credunt
496 2116 532 2147 in
550 2127 642 2148 eum.

206 2166 242 2202 9.
267 2165 368 2200 Duae
387 2172 467 2199 sunt
486 2166 639 2198 illustres
654 2165 874 2199 differentiae
891 2166 1099 2210 promissio-

105 2229 192 2253 num
215 2217 401 2261 legalium,
430 2223 463 2250 et
488 2216 734 2261 promissionis
758 2229 846 2262 quae
866 2224 916 2251 est
934 2216 1098 2260 Evange-

107 2269 148 2303 lii
177 2268 341 2313 propria,
373 2268 505 2301 scilicet
537 2279 696 2311 expressa
728 2269 860 2302 mentio
890 2268 1099 2302 redemtoris

107 2326 142 2354 et
157 2319 325 2364 particula
344 2319 518 2353 exclusiva
536 2319 651 2362 gratis,

212 2370 271 2405 10.
310 2369 476 2404 Mirando
500 2377 776 2413 temperamento
800 2370 958 2405 iusticiae
981 2378 1013 2404 et
1032 2371 1097 2403 mi-

109 2420 338 2459 sericordiae,
381 2422 556 2455 tolluntur
586 2428 765 2465 peccatum
796 2429 829 2455 et
861 2428 1000 2455 aeterna
1035 2422 1097 2456 ira.

108 2471 318 2516 Recipimur
345 2473 440 2505 enim
465 2473 636 2506 immensa
659 2472 920 2516 misericordia,
957 2480 1099 2517 propter

110 2523 221 2556 lilium
246 2523 491 2567 deprecantem
518 2535 579 2567 pro
597 2524 711 2558 nobi&
767 2523 834 2557 Sed
852 2531 966 2557 tamen
987 2524 1098 2557 voluit

112 2573 205 2608 Deus
229 2574 337 2617 legem
363 2586 460 2606 snam
485 2587 556 2607 non
579 2586 651 2607 esse
678 2576 833 2614 irritam,
863 2576 975 2608 voluit
999 2575 1099 2607 iusti-

110 2625 184 2659 ciae
208 2636 289 2657 suae
312 2625 489 2665 satisfieri,
516 2633 548 2660 et
567 2626 656 2659 solvi
683 2638 829 2670 poenam
858 2638 920 2670 per
942 2626 1096 2671 aliquem

112 2677 148 2709 in
166 2686 292 2718 genere
310 2672 478 2711 humano.
532 2674 581 2709 Ita
599 2677 635 2709 in
654 2678 764 2711 silium
783 2678 890 2711 effusa
907 2685 957 2712 est
975 2678 1098 2721 ingens

163 2728 340 2760 Manava.
365 2729 468 2761 Orsa.
499 2728 672 2762 V01,.Xll.

745 94 1011 133 PHILIPPI
1051 90 1504 131 MELANTHONIS.

1123 2145 1124 2149 ,
1152 2126 1214 2159 per
1243 2116 1364 2148 eadem
1391 2121 1441 2148 est
1465 2114 1593 2148 noticia
1620 2126 1865 2147 numerorum.

2068 95 2143 132 578

1150 180 1222 219 ira,
1250 180 1350 214 cuius
1371 181 1652 225 magnitudinem
1674 180 1772 215 nulla
1790 187 1945 215 creatura
1963 180 2018 214 vel
2037 180 2142 214 intel-

1152 230 1248 274 ligit,
1275 232 1329 264 vel
1348 232 1520 266 sustinere
1537 239 1663 277 posset.

1256 291 1310 324 11.
1342 290 1412 325 Pro
1438 290 1504 325 hoc
1529 292 1662 334 ingenti
1688 303 1807 324 amore
1827 298 1888 325 tuo
1907 303 1987 335 erga
2003 304 2086 333 nos,
2112 300 2145 326 et

1150 352 1214 384 pro
1235 347 1293 374 tua
1318 343 1499 385 passione,
1525 343 1588 375 tibi
1615 343 1664 375 fili
1688 341 1753 375 Dei
1771 342 1922 376 Domine
1942 342 2018 376 Iesu
2036 340 2143 376 Chri-

1150 397 1219 432 ste,
1247 393 1408 425 crucifixe
1428 406 1490 437 pro
1509 393 1612 427 nobis
1629 400 1662 427 et
1680 394 1900 432 resuscitate,
1929 394 2056 436 gratias
2070 394 2144 437 agi-

1149 453 1227 475 mus
1251 444 1458 477 ardentibus
1479 445 1698 488 pectoribus,
1726 451 1759 478 et
1778 452 1810 478 te
1830 456 1994 485 oramus,
2022 453 2059 478 ut
2078 457 2142 489 pro

1150 493 1254 526 nobis
1278 494 1474 528 intercedas
1501 496 1594 539 apud
1619 501 1802 528 aeternum
1827 501 1983 538 patrem,
2018 502 2050 529 et
2078 507 2142 529 nos

1150 543 1289 588 Spiritu
1313 553 1433 579 sancto
1458 547 1646 587 accendas,
1674 552 1711 578 ut
1736 552 1796 579 tua
1820 546 1988 578 beneficia
2011 546 2142 580 intelli-

1148 606 1270 638 gamus
1289 603 1321 630 et
1341 598 1429 639 grati
1449 598 1675 631 celebremus.

1256 658 1312 691 12.
1355 655 1477 701 Itaque
1508 656 1603 701 quod
1634 656 1676 688 ad
1709 661 1827 687 nostra
1859 654 1984 687 merita
2008 655 2142 695 attinet,

1148 707 1254 749 gratis
1272 707 1448 740 tolluntur
1465 715 1643 751 peccatum
1659 712 1692 739 et
1710 706 1761 738 ira
1779 711 1919 738 aeterna
1932 732 1941 745 ,
1969 717 2041 737 non
2059 717 2142 749 pro-

1149 764 1225 800 pter
1241 758 1313 790 ulla
1329 764 1448 790 nostra
1465 758 1600 797 merita,
1627 758 1685 790 sed
1699 757 1805 789 simul
1817 756 2018 789 intueamur
2030 756 2141 789 filium

1148 806 1232 847 Dei,
1259 808 1320 852 qui
1346 820 1496 852 poenam
1519 821 1584 853 pro
1606 808 1711 841 nobis
1730 807 1919 852 persolvit,
1948 807 2038 841 sicut
2053 806 2141 840 Pro-

1149 856 1253 902 pheta
1279 859 1411 904 inquit:
1440 859 1534 902 Quia
1557 866 1665 903 ponet
1689 859 1843 891 animam
1867 870 1965 891 suam
1990 855 2140 891 hostiam

1149 921 1214 952 pro
1240 917 1397 953 peccato,
1431 916 1465 943 et
1489 910 1563 954 ipse
1585 910 1702 955 inquit
1724 907 1899 942 Matthaei
1916 909 1996 945 20.:
2034 908 2143 942 Venit

1147 960 1241 993 filius
1268 958 1442 1001 bominis,
1474 967 1514 994 ut
1538 962 1596 994 det
1622 961 1776 993 animam
1805 971 1904 993 suam
1923 956 2060 1005 λύτρον
2077 972 2141 1004 pro

1147 1011 1268 1045 multis
1289 1018 1352 1047 etc.

1252 1070 1309 1105 13.
1338 1070 1472 1114 Impius
1487 1082 1586 1104 error
1601 1076 1662 1110 est,
1690 1070 1818 1113 fingere
1834 1076 1903 1102 tres
1915 1069 2020 1102 fuisse
2035 1069 2139 1112 leges:

1149 1122 1320 1165 primam,
1361 1121 1535 1160 Naturae,
1577 1121 1786 1160 secundam,
1819 1119 2036 1160 Mosaicam,
2071 1127 2141 1154 ter-

1148 1173 1251 1213 tiam,
1284 1170 1556 1217 Evangelicam,
1584 1180 1616 1206 et
1641 1172 1793 1205 salvatos
1818 1182 1890 1204 esse
1915 1168 2078 1204 homines
2104 1171 2141 1204 in

1148 1223 1295 1267 singulis
1308 1250 1318 1265 ,
1345 1230 1491 1270 propter
1506 1235 1612 1268 opera
1632 1223 1729 1266 legis.

1252 1283 1314 1319 14.
1351 1283 1462 1328 Impie
1486 1290 1519 1317 et
1540 1282 1711 1317 Latomus
1728 1281 1963 1315 Lovaniensis
1982 1278 2142 1322 Theolo-

1147 1346 1211 1377 gus
1243 1335 1401 1379 scripsit,
1434 1346 1508 1368 non
1542 1334 1646 1367 aliam
1680 1333 1787 1366 fuisse
1820 1332 1988 1365 noticiam
2011 1331 2077 1365 Dei
2104 1332 2142 1364 in

1149 1383 1350 1426 Abraham,
1384 1397 1489 1429 quam
1518 1384 1635 1429 qualis
1666 1383 1702 1416 in
1728 1381 1899 1417 Cicerone
1931 1389 1992 1416 aut
2019 1382 2142 1416 Xeno—

1150 1432 1285 1478 phonte
1302 1435 1389 1475 fuit,
1417 1447 1496 1468 cum
1516 1435 1609 1468 filius
1625 1433 1692 1468 Dei
1712 1446 1872 1479 expresse
1888 1434 1996 1467 dicat:
2025 1431 2143 1467 Abra—

1148 1483 1231 1517 ham
1257 1485 1425 1528 expetivit
1449 1486 1570 1518 videre
1593 1485 1688 1518 diem
1711 1497 1841 1520 meum.
1895 1483 2053 1527 Agnovit
2076 1485 2143 1527 igi—

1148 1542 1206 1568 tur
1228 1533 1412 1569 Abraham
1436 1536 1688 1575 mediatorem,
1722 1542 1900 1568 ostensum
1928 1536 1965 1567 in
1993 1536 2143 1579 promis-

1148 1598 1256 1619 slone.

1254 1643 1311 1680 15.
1356 1644 1428 1678 Nec
1453 1651 1569 1689 patres
1592 1656 1654 1677 nec
1679 1644 1739 1677 alii
1765 1645 1839 1678 ullo
1865 1651 2022 1688 tempore
2047 1657 2144 1678 acce-

1149 1703 1276 1740 perunt
1292 1696 1537 1729 remissionem
1554 1702 1774 1740 peccatorum
1794 1703 1937 1740 propter
1950 1708 2010 1729 sua
2026 1708 2144 1740 opera,

1148 1759 1212 1780 nec
1244 1747 1388 1781 fuerunt
1419 1747 1523 1788 iusti,
1557 1759 1621 1780 nec
1653 1744 1821 1780 haeredes
1852 1747 1945 1780 vitae
1972 1754 2145 1787 aeternae,

1149 1799 1316 1843 operibus
1340 1799 1445 1842 legis,
1472 1800 1533 1832 sed
1557 1805 1704 1843 propter
1727 1798 1839 1831 filium
1857 1797 1922 1831 Dei
1943 1799 2050 1842 gratis
2069 1798 2146 1838 fide,

1149 1857 1359 1893 acceperunt
1379 1847 1464 1883 haee
1481 1850 1649 1884 beneficia
1667 1849 1887 1884 redemtoris.

1255 1910 1313 1945 16.
1360 1908 1437 1944 Etsi
1467 1910 1687 1943 ceremoniae
1711 1910 1791 1943 aliis
1814 1910 2034 1953 temporibus
2058 1909 2146 1942 aliae

1149 1962 1315 2002 fuerunt,
1359 1967 1477 1994 tamen
1515 1961 1606 2004 leges
1638 1961 1788 1994 morales
1822 1961 1963 1993 eaedem
1995 1966 2076 1993 sunt
2108 1959 2145 1992 in

1150 2013 1248 2046 omni
1271 2013 1496 2052 aeternitate,
1524 2012 1606 2057 qnia
1631 2019 1712 2045 sunt
1736 2012 1809 2056 ipsa
1835 2012 2004 2055 sapientia
2024 2009 2089 2044 Dei
2114 2017 2145 2044 et

1151 2064 1325 2097 rectitudo
1349 2063 1562 2104 voluntatis,
1590 2063 1626 2096 in
1649 2062 1724 2096 Deo
1749 2065 1915 2103 immota,
1943 2062 2030 2095 sicut
2055 2073 2146 2094 sem—

1931 2111 1977 2146 Et
2003 2125 2040 2146 ea
2066 2124 2145 2156 pars

1151 2166 1255 2209 legis,
1282 2166 1520 2211 quaedicitur
1534 2166 1696 2205 moralis,
1725 2165 1910 2209 praecipua
1926 2171 1986 2197 est.
2040 2162 2145 2197 Cere-

1151 2217 1291 2250 moniae
1318 2211 1356 2250 et·
1367 2217 1530 2261 politicae
1546 2217 1637 2260 leges
1654 2218 1803 2250 fuerunt,
1814 2216 1911 2258 signa
1929 2221 1960 2247 et
1980 2215 2145 2248 exercitia

1151 2269 1235 2302 certi
1268 2268 1455 2313 temporis,
1490 2269 1548 2301 sed
1573 2280 1686 2312 neque
1709 2267 1880 2304 morales,
1916 2278 2030 2311 neque
2056 2266 2145 2299 aliae

1151 2320 1242 2363 leges
1260 2320 1429 2353 tollebant
1449 2326 1640 2364 peccatum.

1257 2369 1316 2405 17.
1351 2369 1396 2405 Et
1414 2371 1466 2403 lex
1485 2369 1629 2403 moralis
1645 2375 1770 2403 natura
1788 2375 1872 2402 nota
1889 2375 1937 2402 est
1950 2395 1958 2406 ,
1984 2379 2022 2401 ac
2038 2368 2144 2401 simul

1152 2434 1236 2456 voce
1260 2422 1381 2455 divina
1409 2422 1525 2455 statim
1550 2420 1654 2453 initio
1677 2420 1838 2464 patribus
1861 2419 2027 2464 repetita,
2062 2419 2145 2463 quia

1151 2474 1188 2506 in
1213 2471 1277 2506 liac
1302 2473 1451 2515 caligine
1474 2471 1601 2505 mentis
1620 2469 1814 2512 humanae,
1842 2471 1946 2505 etiam
1966 2471 2146 2504 naturales

1152 2525 1304 2557 noticiae
1329 2530 1411 2557 sunt
1436 2523 1668 2556 obscuriores.
1736 2521 1818 2556 ldeo
1843 2529 1875 2555 et
1903 2533 2022 2555 vocem
2047 2533 2144 2554 snam

1151 2576 1288 2609 addidit
1307 2575 1416 2613 Deus,
1444 2581 1481 2607 ut
1506 2575 1543 2607 in
1571 2574 1630 2608 illa
1655 2575 1728 2618 ipsa
1753 2574 1839 2616 legis
1856 2574 2015 2607 doctrina
2033 2579 2142 2605 retra—

1152 2625 1249 2659 heret
1267 2626 1492 2669 vagabnndas
1513 2634 1663 2667 mentes,
1689 2626 1731 2659 ad
1752 2625 1825 2658 veri
1844 2623 1908 2659 Dei
1927 2624 2141 2667 agnitionem

1151 2685 1182 2712 et
1203 2677 1472 2712 invocationem.

1545 2725 1594 2760 37
