2324 2955
122 108 194 142 797

117 193 161 226 lis
178 193 221 225 ad
240 190 469 225 Artemisium
495 204 567 225 non
592 203 715 235 magna
739 193 823 234 suit,
852 194 908 226 sed
935 193 1016 238 quia
1035 193 1101 225 suit

116 243 241 281 foelix,
269 243 377 276 erexit
397 242 613 276 Graecorum
632 244 769 276 animos
785 245 826 276 ad
846 245 1100 283 defensionem,

116 300 148 327 et
174 294 217 326 ad
243 305 361 326 curam
385 293 621 327 instituendae
645 294 773 329 classis.
833 294 991 337 Puguam
1016 305 1098 326 vero

115 344 159 377 ad
185 341 441 389 Thermopylas
469 356 590 376 omnes
623 352 750 378 aetates
781 345 972 378 admiratae
1005 351 1098 379 sunt.
1124 366 1125 387 3

114 393 170 428 lbi
193 394 287 427 enim
310 406 388 427 cum
405 394 549 437 exiguus
567 396 738 428 exercitus
764 397 954 429 custodiret
971 396 1097 435 fauces,

112 444 260 478 trecenti
275 444 562 486 Lacedaemonii,
590 447 839 489 quadringenti
855 445 1036 486 Thebani,
1065 452 1097 479 et

111 507 152 528 ex
178 495 256 527 aliis
280 494 366 528 locis
387 494 555 528 Graeciae
582 496 721 530 circiter
746 497 812 529 tria
827 497 949 532 miliia.
1000 494 1096 530 Pho-

110 556 228 578 censes
239 545 356 589 primi‚
375 547 501 579 deinde
517 546 578 579 alii
591 547 825 582 discesserunt
841 554 921 581 ante
931 558 1096 592 pugnam,

110 596 170 628 sed
190 603 395 631 manserunt
410 596 478 631 soli
496 596 546 630 ibi
565 596 853 637 Lacedaemonii,
881 596 1044 632 Thebani
1061 603 1095 631 et

111 643 357 691 Thespienses.
411 645 480 680 Hic
498 659 626 691 parvus
651 660 819 682 numerus
835 649 1024 683 trucidavit
1040 648 1094 681 vi-

109 695 197 738 ginti
213 697 326 731 millia
342 698 380 730 in
396 698 549 731 exercitu
563 697 708 738 Xerxis,
737 701 796 732 sed
816 700 882 744 ipsi
907 699 1012 733 simul
1035 698 1093 732 in-

108 747 244 781 terfecti
259 754 354 788 sunt,
380 747 650 782 Lacedaemonii
664 756 697 784 et
712 748 945 795 Thespienses
961 760 1093 790 omnes,

108 804 247 842 praeter
262 799 361 832 duos.
413 798 485 832 Nec
503 800 570 832 alia
589 801 713 834 similis
729 812 846 845 pugna
863 807 955 835 extat
979 801 1016 833 in
1035 797 1092 832 hi-

108 848 245 890 storiis,
282 855 419 894 praeter
440 848 661 885 Helveticum
687 852 817 885 facturn
844 853 887 885 ad
904 850 1092 891 Basileam,

105 905 264 943 tempore
284 900 427 945 synodi,
463 913 542 934 curn
559 900 653 946 Papa
672 902 708 934 in
723 901 951 935 Germaniam
974 901 1092 934 misis-

105 956 157 983 set
181 948 402 994 Delphinum
425 949 602 984 Gallicum
631 964 710 985 cum
734 953 887 985 exercitu
907 950 1091 985 Armoria-

105 1012 247 1041 corum,
274 1002 335 1045 qui
354 1013 432 1034 cum
457 1012 618 1041 magnam
642 1002 883 1033 crudelitatem
901 999 937 1031 in
955 1000 1090 1035 Alsatia

105 1051 356 1089 exercuissent,
391 1049 433 1081 ad
458 1047 634 1081 Basileam
657 1057 893 1090 accesserunt,
923 1050 973 1083 ibi
990 1062 1008 1083 a
1026 1051 1090 1084 tri-

102 1100 168 1134 hus
186 1099 346 1132 millibus
361 1097 607 1132 Helvetiorum
625 1100 736 1132 millia
760 1098 945 1133 hominum
963 1101 1089 1143 viginti

104 1150 143 1183 in
161 1148 299 1183 Gallico
318 1150 470 1183 exercitu
487 1150 659 1184 trucidata
677 1157 778 1190 sunt,
803 1152 861 1183 sed
879 1151 984 1184 simul
1001 1151 1089 1184 Hel-

103 1200 186 1234 vetii
204 1200 352 1234 victores
369 1201 628 1240 occubuerunt,
650 1213 799 1245 cumque
815 1201 984 1246 reliquiae
1000 1201 1088 1235 Gal-

102 1251 161 1285 lici
182 1251 352 1285 exercitus
377 1252 556 1295 sugerent,
587 1251 780 1285 Germania
804 1252 866 1285 illo
887 1258 1020 1286 terrore
1043 1253 1088 1285 li-

101 1303 220 1336 berata
241 1308 303 1337 est.

203 1351 289 1386 Post
320 1364 473 1397 pugnam
516 1353 555 1386 in
591 1350 842 1399 Thermopylis
875 1353 1087 1387 Mardonius

102 1403 291 1437 exercitum
307 1403 344 1436 in
367 1402 551 1437 Graeciam
569 1405 689 1445 duxit,
713 1417 863 1450 cumque
888 1402 1086 1438 Phocenses

102 1461 136 1488 et
160 1451 325 1487 Thebani
350 1465 386 1486 se
415 1454 447 1487 ei
473 1455 724 1497 adiungerent,
762 1456 859 1489 misit
888 1456 1020 1498 legatos
1042 1457 1084 1488 ad

100 1501 352 1546 Athenienses,
379 1504 439 1550 qui
459 1502 707 1546 hortarentur,
732 1513 771 1539 ut
789 1506 891 1539 certis
909 1506 1086 1539 conditio-

100 1555 207 1588 nibus
229 1566 264 1588 se
282 1554 397 1588 Persis
421 1556 601 1591 dederent.
655 1555 723 1589 Sed
748 1563 842 1590 tanta
863 1556 930 1590 fuit
948 1557 1086 1599 magni-

93 1607 185 1640 tudo
210 1605 428 1646 animorum,
454 1612 494 1640 ut
515 1618 588 1639 non
611 1607 682 1640 sint
699 1608 868 1641 admissae
889 1607 983 1640 ullae
999 1620 1084 1640 con-

100 1656 254 1689 ditiones
282 1656 484 1692 deditionis.
550 1655 640 1690 Cum
671 1665 788 1691 autem
824 1657 910 1690 civis
940 1658 1082 1699 quidam

100 1704 348 1745 Atheniensis,
377 1718 481 1751 quem
505 1705 707 1740 Herodotus
728 1707 896 1750 Lycidam
913 1706 1084 1746 nominat,

97 1753 354 1792 Demosthenes
386 1754 583 1799 Cyrsilum,
616 1766 738 1788 suasor
768 1762 856 1789 esset
887 1756 1083 1799 accipiendi

98 1806 337 1846 conditiones,
371 1804 498 1838 caeteri
526 1804 617 1838 cives
642 1803 876 1839 Athenienses
904 1807 1084 1851 lapidibus

97 1870 177 1893 eum
211 1857 420 1891 obruerunt.
480 1854 660 1889 Necarunt
691 1862 723 1889 et
750 1857 916 1890 mulieres
946 1856 1084 1891 Atticae

97 1920 242 1943 uxorem
268 1907 342 1941 eius
373 1906 563 1951 lapidibus,
625 1906 761 1940 Tantus
782 1907 850 1941 suit
874 1908 980 1941 ardor
1005 1908 1084 1941 ani-

98 1971 238 1993 morum
254 1958 292 1991 in
310 1957 514 1992 defensione
533 1957 684 2001 patriae,
708 1958 790 2003 quia
807 1959 977 1992 barbaros
994 1959 1083 1992 scie-

97 2011 184 2044 bant
199 2009 341 2043 abolitis
361 2008 495 2052 legibus
512 2015 545 2042 et
562 2008 746 2052 disciplina
768 2006 936 2043 Graeciae
958 2010 1083 2043 crude-

98 2062 179 2096 liter
197 2061 431 2105 imperaturos
457 2070 547 2097 esse,
576 2066 608 2093 et
634 2060 817 2104 coniuges,
846 2061 955 2101 filios,
982 2061 1083 2103 filias,

97 2120 131 2147 et
148 2112 330 2146 facultates
350 2117 550 2155 erepturos,
578 2110 707 2155 quibus
726 2112 869 2145 vellent,
922 2111 988 2144 His
1005 2124 1081 2145 ma-

96 2164 140 2197 lis
165 2162 342 2197 servitutis
367 2168 516 2195 mortem
540 2163 823 2205 anteponendam
857 2174 929 2195 esse
953 2169 1082 2196 statue-

97 2221 198 2255 runt,
225 2219 263 2247 ut
279 2225 374 2246 nunc
393 2212 542 2246 Turcica
561 2213 719 2257 tyrannis
740 2213 892 2256 ingentia
918 2214 1008 2246 mala
1028 2225 1082 2247 se-

98 2277 177 2300 cum
201 2265 325 2299 adfert.
379 2261 455 2297 Etsi
484 2263 592 2306 igitur
618 2275 728 2307 poena
752 2264 904 2310 Lycidae
930 2265 1082 2298 atrocior

96 2316 202 2350 fuisse
220 2315 378 2356 videtur,
405 2321 521 2348 tamen
545 2314 659 2358 palam
684 2314 813 2349 iniusta
830 2316 975 2350 consilia
993 2316 1081 2349 dan-

97 2374 148 2401 tes
162 2366 287 2411 punire
303 2366 432 2400 iustum
451 2372 514 2398 est.

198 2416 320 2460 Pugna
336 2416 380 2449 ad
400 2415 613 2450 Salaminem
638 2417 789 2449 insulam
807 2417 1080 2450 celebratissima

99 2476 167 2510 est,
194 2469 231 2501 in
252 2479 318 2513 qua
338 2465 470 2500 Graeca
489 2468 625 2509 classis,
654 2468 797 2501 navium
822 2467 895 2502 378
921 2475 994 2502 toto
1024 2469 1081 2501 die

99 2520 293 2564 praelians,
317 2517 492 2551 Persicam
507 2530 595 2564 quae
615 2519 726 2552 multo
745 2519 858 2552 maior
877 2519 1008 2559 suerat,
1033 2519 1082 2552 ita

99 2569 302 2616 dissipavit,
333 2575 372 2602 ut
398 2567 570 2612 plurimae
597 2582 703 2604 naves
727 2570 852 2602 Xerxis
882 2570 1082 2603 submersae

99 2621 189 2662 sint,
217 2627 250 2654 et
268 2620 440 2655 trucidata
457 2630 581 2663 magna
596 2633 676 2666 pars
693 2621 862 2654 exercitus
879 2620 1024 2661 navalis,
1051 2627 1083 2654 et

98 2671 267 2718 reliquiae
302 2671 382 2714 suga
415 2670 599 2706 evaserint.
659 2671 810 2718 Fuitque
841 2678 938 2706 tanta
968 2672 1083 2705 clades

809 107 838 143 Ι.
880 104 1172 143 CHRONICON
1200 102 1448 143 CARIONIS.

2065 122 2136 157 798

1124 223 1128 228 ,
1155 189 1283 223 Persici
1303 193 1490 234 exercitus,
1518 200 1556 227 ut
1574 193 1703 229 Xerxes
1722 206 1798 241 post
1818 211 1944 242 paucos
1968 205 2041 237 dies
2058 216 2135 250 post

1125 242 1127 287 j
1154 238 1220 274 hoc
1254 244 1425 285 praelium
1452 256 1560 287 parvo
1589 247 1728 290 navigio
1754 250 1890 293 fugiens
1924 256 2068 290 redierit
2096 259 2132 291 in

1151 290 1285 326 Asiam.
1337 293 1497 328 Relictus
1516 302 1564 328 est
1582 296 1688 338 igitur
1704 297 1915 336 Mardonius
1937 316 2014 339 cum
2036 319 2133 341 exer-

1151 342 1222 375 citu
1245 343 1281 375 in
1307 342 1476 383 Graecia,
1505 346 1733 382 dimicaturus
1759 351 1795 383 in
1813 358 1922 393 terra,
1949 364 1980 389 et
1998 357 2131 400 ingenti

1122 390 1125 417 l
1150 394 1281 436 praelio
1298 396 1340 427 ad
1359 393 1493 429 Plateas
1509 397 1621 430 victus
1637 406 1703 437 est,
1732 408 1763 434 et
1782 400 1927 437 Graecia
1947 413 2019 440 toto
2036 409 2128 444 bello

1149 442 1287 477 Persico
1312 446 1457 479 liberata
1484 454 1543 480 est.
1599 447 1829 484 Mardonium
1857 455 1910 486 vir
1936 456 2130 500 Spartanus

1148 494 1340 536 interfecit,
1367 497 1523 530 coniecto
1541 498 1657 542 lapide
1672 500 1709 532 in
1726 510 1827 545 caput
1845 504 1928 537 eius.
1982 507 2049 542 Hic
2062 511 2128 545 suit

1148 545 1259 578 exitus
1292 547 1366 579 eius
1400 547 1485 586 viri,
1525 548 1585 593 qui
1618 551 1802 595 praecipue
1834 551 1993 590 hortator
2016 560 2128 595 fuerat

1147 596 1361 639 suscipiendi
1386 594 1491 631 huius
1515 599 1610 633 belli.

1246 646 1339 681 Sunt
1365 655 1481 681 autem
1508 650 1662 693 exempla
1689 651 1726 684 in
1755 649 1819 685 hac
1838 650 1983 689 historia
2012 662 2126 693 consi-

1146 696 1327 731 deratione
1340 699 1445 742 digna
1462 699 1623 743 plurima.
1678 701 1836 736 Primum
1848 728 1857 742 ,
1882 718 1925 739 ne
1943 709 2020 752 quis
2036 710 2127 744 fidu-

1146 759 1197 780 cia
1227 751 1405 792 potentiae
1435 762 1489 783 res
1521 763 1594 783 non
1623 753 1832 787 necessarias
1857 767 2010 800 moveat,
2045 763 2125 805 quia

1145 796 1240 832 Deus
1264 800 1380 833 subito
1398 813 1560 844 magnam
1580 804 1772 845 potentiam
1791 805 1907 839 delere
1930 816 2061 852 potest,
2089 821 2125 846 ut

1145 846 1212 882 hoc
1230 850 1358 883 bellum
1379 858 1458 884 ante
1477 852 1660 885 biennium
1680 854 1818 888 finitum
1837 864 1896 893 est.
1939 858 1994 893 Ad
2010 859 2126 896 Ther-

1144 900 1305 945 mopylas
1329 901 1533 935 dimicatum
1562 910 1611 936 est
1640 916 1757 938 mense
1787 904 1910 946 lunio,
1947 917 1979 944 et
2002 912 2124 946 iisdem

1142 950 1214 983 sere
1232 951 1356 984 diebus
1373 953 1414 984 ad
1431 951 1660 986 Artemisium
1679 957 1777 998 pulsa
1796 965 1846 991 est
1861 959 1978 994 classis
1989 961 2124 997 Xerxis.

1142 999 1281 1034 Deinde
1315 1003 1355 1034 ad
1385 1002 1600 1036 Salaminem
1633 1004 1715 1038 vicit
1752 1004 1886 1041 Graeca
1917 1012 2034 1045 elassis
2069 1015 2125 1047 die

1146 1050 1203 1084 16.
1221 1049 1354 1083 Martii.
1408 1052 1532 1084 Postea
1550 1053 1744 1089 trucidatus
1761 1063 1810 1090 est
1827 1057 2010 1094 Mardonii
2029 1075 2125 1097 exer-

1143 1100 1229 1132 citus
1253 1100 1308 1134 die
1333 1099 1364 1133 4.
1388 1099 1549 1143 Augusti.
1606 1101 1761 1138 Traiecit
1791 1113 1905 1141 autem
1930 1109 2061 1145 Xerxes
2088 1116 2124 1147 in

1140 1148 1339 1194 Europam,
1368 1151 1404 1183 in
1424 1150 1514 1185 Vere
1538 1153 1621 1186 anni
1639 1155 1848 1198 superioris,
1876 1166 1907 1192 et
1933 1170 2009 1204 post
2026 1164 2122 1197 Sala-

1141 1201 1286 1234 miniam
1313 1214 1464 1245 pugnam
1488 1204 1594 1245 sugit,
1622 1217 1730 1249 quare
1750 1219 1822 1240 non
1842 1210 1953 1244 multo
1974 1213 2052 1255 plus
2068 1216 2122 1248 in-

1140 1258 1344 1295 tegroanno
1368 1253 1434 1286 suit
1457 1254 1495 1286 in
1513 1252 1667 1298 Europa.
1721 1257 1859 1291 Deinde
1882 1263 2123 1299 consideretur

1140 1303 1296 1336 studium
1323 1305 1532 1337 concordiae
1557 1306 1707 1340 tuendae
1729 1315 1873 1352 propter
1897 1324 2120 1348 communem

1139 1354 1304 1392 salutem,
1333 1356 1425 1398 quod
1448 1355 1484 1387 in
1497 1352 1775 1392 Atheniensibus
1792 1359 1930 1404 insigne
1945 1363 2030 1404 fuit,
2058 1368 2120 1412 qui

1138 1405 1253 1438 statim
1271 1405 1374 1438 initio
1390 1416 1562 1438 summam
1589 1407 1728 1452 imperii
1744 1408 2030 1449 Lacedaemoniis
2046 1429 2120 1451 ces-

1137 1462 1268 1490 serunt.
1321 1454 1444 1489 Postea
1459 1463 1539 1490 ante
1554 1469 1708 1501 pugnam
1725 1461 1771 1493 ad
1786 1459 1933 1505 plateas,
1960 1477 2039 1499 cum
2048 1466 2119 1501 Ar-

1137 1507 1237 1539 cades
1267 1513 1349 1540 ante
1372 1507 1465 1550 ipsos
1489 1508 1653 1542 collocari
1682 1511 1830 1551 vellent,
1863 1514 1964 1548 aiunt
1987 1528 2022 1549 se
2046 1530 2118 1551 non

1136 1564 1293 1591 moturos
1316 1569 1389 1590 esse
1413 1558 1620 1592 seditionem
1647 1560 1715 1593 loci
1739 1573 1862 1604 causa,
1890 1566 1949 1598 sed
1965 1567 2119 1602 ubicun-

1136 1620 1203 1649 que
1219 1608 1456 1650 collocentur,
1483 1621 1517 1642 se
1536 1610 1611 1643 sore
1632 1611 1726 1645 viros
1747 1613 1864 1648 fortes.
1918 1615 1996 1661 Ipse
2013 1619 2118 1652 etiam

1136 1656 1390 1692 Themistocles
1405 1660 1504 1700 dixit,
1532 1672 1566 1693 se
1582 1661 1704 1694 vicisse
1721 1663 1834 1698 socios
1851 1666 2034 1709 patientia,
2062 1682 2117 1703 ce-

1134 1706 1270 1740 leritate
1288 1706 1415 1743 hostes.
1470 1710 1592 1743 Tertio
1618 1711 1655 1742 in
1674 1710 1739 1744 hac
1758 1713 1929 1749 brevitate
1949 1721 2117 1763 temporis

1135 1757 1394 1798 consideretur,
1419 1766 1592 1803 quantum
1618 1762 1727 1804 prosit
1751 1763 1925 1807 celeritas,
1952 1780 1996 1802 ne
2013 1770 2117 1804 detur

1134 1808 1290 1851 spacium
1314 1810 1569 1852 perterrefactis
1596 1808 1756 1846 hostibus
1779 1825 1852 1849 sese
1877 1829 1998 1852 rursus
2016 1821 2116 1853 colli-

1133 1859 1252 1900 gendi.
1305 1858 1404 1892 Sicut
1429 1859 1538 1894 lulius
1557 1862 1810 1906 interrogatus,
1836 1871 2013 1911 quomodo
2036 1878 2116 1904 tan—

1133 1915 1183 1941 tas
1201 1921 1254 1942 res
1272 1910 1488 1953 perfecisset,
1519 1914 1718 1956 respondit:
1751 1914 1889 1960 quiv
1906 1917 2114 1964 ἀναβαλλό-

1131 1972 1251 2004 μενος.
1318 1958 1364 1993 Et
1394 1959 1665 2005 reprehenditur
1694 1962 1873 2005 Annibal,
1910 1972 2005 2014 quod
2038 1980 2114 2017 post

1132 2018 1267 2055 captam
1283 2009 1454 2053 Captuam
1472 2024 1545 2045 non
1562 2014 1699 2047 obsedit
1716 2016 1838 2050 urbem
1856 2016 2019 2056 Romam.

1233 2060 1368 2103 Quarto
1386 2063 1541 2107 exempla
1552 2066 1806 2108 praestantium
1824 2069 1980 2103 virorum
1999 2072 2035 2104 in
2049 2071 2113 2107 hac

1131 2110 1278 2145 historia
1303 2112 1522 2157 intueamur,
1550 2115 1610 2160 qui
1631 2123 1708 2159 post
1732 2117 1915 2152 victoriam
1935 2121 2015 2156 elati
2036 2136 2114 2158 suc-

1132 2163 1286 2196 cessibus
1310 2164 1389 2197 sacti
1414 2172 1495 2198 sunt
1517 2173 1575 2198 aut
1596 2167 1865 2211 negligentiores
1880 2178 1939 2205 aut
1956 2173 2114 2208 insolen—

1131 2215 1255 2254 tiores,
1283 2221 1316 2247 et
1339 2215 1486 2257 tragicos
1510 2217 1620 2250 exitus
1642 2215 1856 2260 habuerunt,
1885 2229 1923 2254 ut
1939 2223 2113 2259 discamus

1132 2264 1216 2298 haer
1248 2265 1356 2298 dicta:
1397 2265 1493 2299 Deus
1529 2268 1690 2311 superbis
1729 2271 1874 2311 resistit,
1917 2270 2113 2310 humilibus

1131 2324 1246 2349 autem
1266 2317 1323 2349 dat
1341 2317 1499 2359 gratiam.
1555 2317 1657 2351 ltem:
1685 2317 1914 2356 Abominatio
1931 2332 1980 2358 est
1995 2339 2112 2360 coram

1131 2366 1286 2401 Domino
1305 2367 1478 2413 quidquid
1496 2375 1545 2401 est
1560 2369 1710 2403 sublime
1727 2383 1842 2404 coram
1863 2370 2080 2413 hominibus,

1207 2414 1446 2455 ³Pausaniae
1467 2418 1653 2462 Spartani,
1687 2422 1747 2466 qui
1774 2423 1844 2456 dux
1869 2425 1936 2459 fuit
1962 2428 2004 2460 ad
2032 2427 2112 2462 Pta-

1131 2476 1220 2510 teaS‚
1249 2476 1345 2503 tanta
1364 2470 1429 2503 suit
1449 2471 1617 2504 modestia
1634 2471 1669 2503 iu
1691 2472 1854 2515 victoria,
1880 2483 1919 2509 ut
1935 2488 2013 2510 cum
2032 2491 2110 2512 eum

1131 2518 1408 2553 adhortarentur
1424 2521 1566 2565 quidam
1582 2546 1591 2559 ,
1618 2528 1656 2555 ut
1671 2523 1782 2567 capita
1798 2523 2019 2561 Persicorum
2046 2531 2111 2562 du-

1132 2583 1210 2604 cum
1227 2571 1490 2604 interfectorum
1507 2572 1659 2615 affigeret
1676 2575 1782 2614 eruci,
1809 2576 1896 2610 sicut
1914 2576 2038 2611 Persae
2055 2591 2110 2611 ca-

1133 2629 1194 2665 put
1211 2621 1388 2654 Leonidae
1414 2622 1503 2665 regis
1520 2622 1685 2667 Spartani
1709 2625 1816 2659 simili
1832 2629 2041 2661 contumelia
2060 2630 2109 2661 as-

1133 2674 1302 2714 t‘ecerant,
1337 2674 1575 2718 responderit,
1610 2686 1645 2708 se
1680 2683 1838 2711 mortuos
1864 2679 1962 2712 nulla
1988 2686 2111 2713 contu-

1513 2723 1588 2758 51*
