2324 2955
176 102 270 138 1089
735 102 759 138 l.

173 190 248 222 eius
271 186 350 220 filiis
377 187 498 221 oculos
531 186 661 220 effodit.
714 185 953 221 patriarcham
980 188 1154 221 verberari

174 239 292 279 iussit,
318 244 349 271 et
371 238 571 282 impositum
598 237 695 270 asino
721 249 886 271 conversa
909 239 996 272 facie
1010 240 1052 271 ad
1072 250 1154 272 cau-

172 290 270 330 dam,
297 300 401 333 quam
419 288 583 321 manibus
599 293 741 328 teneret,
768 287 1008 323 circumvehit.
1063 288 1152 323 Cum

173 338 334 383 BulgarIs
362 338 457 371 varia
493 338 595 381 gessit
620 338 722 372 bella.
781 338 941 372 Tandem
968 347 1151 385 postquam

172 390 304 422 variam
320 388 562 423 crudelitatem
581 389 750 426 exercuit,
779 390 902 422 morbo
917 397 1076 425 mortuus
1093 396 1152 424 est.

170 439 285 484 Ipsius
302 447 458 483 tempore
476 440 579 473 desiit
595 437 812 473 Exarchatus
832 440 867 471 in
896 439 1013 479 ltalia,
1042 448 1074 474 et
1092 440 1152 473 Pi—

170 491 275 535 pinus
289 490 382 523 filins
398 488 518 523 Caroli
535 489 693 523 Martelli
715 502 793 523 cum
814 490 935 524 suisset
957 491 1074 524 Maior
1088 491 1152 523 do·-

169 552 247 574 mus
270 552 382 574 annos
407 541 544 581 decem,
571 552 743 573 consensu
768 540 956 574 Procerum
976 542 1085 575 sactus
1102 547 1151 574 est

168 602 228 624 rex
237 590 454 625 Francorum
470 603 564 625 anno
575 588 708 624 Christi
726 591 1030 634 septingentesima
1045 591 1150 636 quin-
1174 613 1175 627 ³

585 640 760 675 Scribitur
790 640 945 675 Romani
968 641 1149 675 Pontificis
1173 663 1175 680 ,-

168 690 357 726 Zachariae
382 693 568 726 autoritate
594 703 752 735 proceres
770 692 966 726 iuramento
984 693 1148 725 liberatos
1172 728 1174 736 ,

1172 754 1173 757 ’
1199 757 1256 777 no.

282 793 463 827 Hilderico
490 794 526 825 in
549 793 802 826 monasterium
826 793 961 826 incluso
980 792 1146 836 Pipinum
1172 805 1173 813 ¹

168 642 370 687 quagesimo
400 641 526 685 primo.

167 743 321 787 coegisse
344 742 584 784 Hildericum,
618 750 655 776 ut
681 743 814 785 regium
843 754 971 775 nomen
994 745 1148 785 depone—-

166 799 229 829 ret.

165 842 369 877 Bonifatius
390 844 579 878 Suessione
599 844 792 877 coronavit.
846 841 981 876 Deinde
999 842 1146 887 Pipinus

165 894 219 927 bis
237 895 274 927 in
292 894 426 928 Italiam
453 902 595 928 vocatus
618 901 667 927 est
691 899 813 927 contra
828 892 1145 936 Longobardornm
1170 927 1171 933 ¹

547 944 588 978 In
613 951 761 989 utraque
786 944 1007 987 expeditione
1024 946 1145 977 mode·
1170 943 1171 968 i

165 956 281 988 regem
302 945 493 980 Astulfum.

164 996 228 1029 stia
254 995 375 1040 Pipini
399 1007 480 1028 vere
510 994 649 1028 heroica
682 994 764 1034 fnit,
798 1006 900 1038 quam
923 995 1077 1027 fortassis
1104 1007 1144 1028 eo

163 1046 296 1079 maiore
320 1057 402 1079 cura
432 1046 623 1089 praestitit,
657 1045 738 1089 quia
769 1044 836 1077 suit
862 1045 1026 1078 educatus
1051 1047 1144 1089 apud
1169 1042 1170 1076 ἶ

1195 1099 1374 1132 liatisunt.

161 1107 276 1139 regem
302 1095 560 1129 Lutbrandum.
612 1093 696 1127 Ideo
719 1095 766 1127 sic
789 1095 965 1129 consuluit
985 1096 1079 1139 paci,
1105 1103 1145 1129 ut

162 1158 308 1190 regnum
318 1146 636 1190 Longobardorum
655 1157 728 1178 non
745 1145 925 1186 deleverit,
949 1157 986 1179 ac
1004 1158 1047 1179 ne
1064 1146 1143 1191 qui—

161 1198 241 1230 dem
266 1197 450 1240 vestigium
476 1197 512 1229 in
542 1196 641 1231 Italia
668 1196 901 1239 occupaverit.
954 1197 996 1229 In
1027 1198 1143 1240 priore

161 1247 382 1292 expeditione
413 1260 491 1281 cum
525 1248 705 1281 Astulsum
729 1245 848 1279 Ticini
878 1247 1142 1281 circumsessum

160 1299 329 1342 coegisset
353 1299 555 1343 promittere
579 1310 718 1341 pacem,
745 1298 836 1330 datis
850 1298 1049 1339 obsidibus,
1078 1296 1142 1331 hac

158 1350 321 1393 pactione
347 1355 532 1382 contentus
556 1361 635 1381 mox
661 1350 696 1381 in
726 1348 874 1392 patriam
899 1349 1012 1384 rediit.

159 1401 286 1435 Astutfi
308 1400 435 1433 ferocia
459 1400 569 1443 magis
592 1400 728 1432 irritata
752 1411 855 1444 quam
880 1411 1033 1442 repressa
1062 1400 1139 1433 suit.

157 1451 242 1485 Post
267 1451 399 1484 abitum
425 1449 544 1494 Pipini
568 1448 727 1484 Astull'us
760 1456 881 1483 contra
907 1458 1004 1493 pacta
1028 1451 1140 1483 maius

157 1502 291 1535 bellum
308 1508 436 1540 movet,
462 1502 559 1535 ducit
575 1502 763 1534 exercitum
781 1501 823 1533 ad
842 1501 965 1533 urbem
976 1500 1140 1542 Romam,

157 1560 190 1586 et
214 1552 352 1586 obsidet
369 1564 443 1585 eam
462 1558 530 1584 tres
547 1563 694 1587 menses.

156 1604 316 1636 rediisset
338 1603 374 1635 in
396 1601 533 1635 ltaliam
547 1628 556 1642 ‚
580 1602 749 1647 relinquit
768 1601 986 1635 obsidionem
1004 1602 1139 1636 Romae

159 1652 318 1687 Astulsus
335 1659 494 1686 metuens
518 1664 624 1695 regno
644 1652 925 1695 Longobardico.
978 1652 1046 1685 Hic
1064 1664 1138 1685 ma·-

158 1705 208 1750 gis
232 1703 447 1747 conspicitur
472 1703 642 1736 modestia
668 1703 803 1747 Pipini:
846 1709 980 1736 tantum
1004 1703 1138 1746 priores

157 1754 378 1788 conditiones
401 1753 495 1797 pacis
516 1753 647 1786 servari
672 1754 842 1797 postulat,
871 1754 969 1786 iubet
992 1761 1137 1786 conten—

156 1813 232 1840 tum
249 1816 322 1838 esse
340 1811 486 1847 paterno
504 1815 630 1845 regno,
658 1811 689 1836 et
707 1804 881 1837 abstinere
898 1804 942 1837 ab
957 1804 1045 1836 urbe
1062 1803 1137 1838 Ro-

157 1868 212 1889 ma
237 1862 270 1889 et
292 1867 311 1888 a
335 1855 469 1900 reliqua
497 1854 608 1889 Italia.
660 1853 732 1887 Nec
756 1854 870 1886 verbis
887 1860 1070 1887 contentus
1088 1861 1136 1887 est

154 1906 320 1951 Pipinus,
353 1912 393 1939 ut
419 1912 537 1945 antea,
572 1905 631 1938 sed
660 1910 776 1938 manet
808 1904 845 1936 in
873 1903 989 1945 ltalia,
1025 1905 1137 1937 donec

156 1957 327 2001 praesidia
355 1956 514 1990 Astulsns
542 1968 582 1988 ex
612 1955 761 1989 urbibus
788 1953 961 1989 Ravenna
996 1962 1030 1988 et
1058 1955 1136 1988 aliis

155 2008 308 2042 deducit.

256 2058 391 2091 Fabula
424 2069 506 2090 vero
540 2058 582 2090 de
605 2057 796 2091 donatione
826 2067 930 2101 quam
962 2067 982 2089 a
1007 2054 1135 2100 Pipino

154 2111 280 2143 saetam
299 2121 371 2142 esse
387 2108 497 2153 aliqui
514 2114 680 2148 narrant,
707 2108 888 2140 manifeste
908 2107 1081 2140 refutatur
1095 2118 1134 2139 ex

158 2160 327 2194 Ludovici
345 2158 401 2192 Pii
429 2157 574 2192 historia
587 2185 596 2198 ,
625 2159 685 2203 qui
703 2158 863 2191 distinxit
882 2156 1002 2190 Italiae
1020 2158 1136 2196 urbes,

153 2222 240 2256 quas
264 2211 371 2244 vellet
395 2221 466 2243 esse
489 2209 721 2253 imperatoris.
774 2207 984 2242 Reddidisse
1010 2207 1134 2241 Ponti-

154 2262 210 2294 fici
233 2272 306 2299 eas,
333 2272 418 2305 quas
442 2260 473 2292 ei
488 2259 715 2302 Longobardi
738 2260 958 2296 ademerant,
987 2270 1135 2291 consen-

154 2319 294 2345 taneum
311 2318 372 2347 est.
424 2310 596 2344 Fortassis
617 2316 648 2343 et
667 2310 703 2342 in
721 2309 822 2343 Latio
839 2309 973 2354 aliquas
986 2309 1135 2348 addidit,

154 2369 305 2399 caeteras
322 2361 433 2395 voluit
447 2373 518 2395 esse
536 2361 676 2396 liberas.

255 2410 346 2446 Cum
383 2411 592 2445 discessisset
631 2424 670 2444 ex
706 2409 806 2445 Italia
838 2409 1004 2454 pipinus,
1038 2410 1135 2443 ducit

154 2463 342 2497 exercitum
367 2469 486 2496 contra
510 2461 663 2496 Saxones
694 2468 726 2495 et
747 2461 911 2496 Bavares,
964 2460 1040 2494 Rex
1065 2460 1134 2493 Ba-

154 2514 291 2548 varicns
312 2512 450 2546 Tassilo
479 2513 554 2546 sine
571 2512 796 2546 dimicatione
813 2512 916 2545 rediit
933 2512 969 2544 in
987 2510 1133 2554 gratiam

155 2577 232 2598 cum
268 2563 412 2608 Pipino,
448 2563 508 2608 qni
543 2563 642 2596 iussit
680 2576 757 2595 enin
793 2563 942 2596 retinere
976 2573 1134 2605 regnum.

151 2613 236 2649 Erat
263 2615 356 2648 enim
380 2614 509 2647 sororis
535 2612 654 2658 Pipini
686 2614 788 2647 silIus.
846 2613 944 2646 Sicut
971 2613 1006 2645 in
1034 2611 1133 2646 ltalia

154 2666 306 2700 ostendit
333 2677 428 2709 reges
451 2666 572 2699 decere
597 2664 770 2699 iusticiam
788 2671 820 2698 ct
835 2664 1056 2698 modestiam:
1086 2663 1132 2697 ita

809 99 1100 139 CHRONtCON
1136 102 1381 142 CARIONIS.
1435 107 1558 144 PARS
1585 108 1630 144 ll.

1072 1348 1141 1382 Sed
1166 1378 1167 1381 ,

1165 1397 1167 1413 ⁵
1192 1414 1285 1436 arma
1303 1403 1434 1446 experti
1449 1410 1546 1444 sunt,
1574 1416 1661 1448 quae
1679 1404 1715 1436 in
1733 1411 1886 1448 tempora
1903 1404 2122 1450 Copronymi
2137 1414 2170 1439 et

748 1550 836 1584 Cum
862 1558 977 1585 antem
993 1551 1140 1595 Pipinus
1163 1580 1164 1591 ,

2086 118 2179 154 109³·

1207 197 1240 224 et
1271 191 1307 224 in
1339 191 1530 226 Germania
1561 196 1750 229 modestiae
1783 199 1977 242 exemplum
2015 204 2178 236 ostendit.

1205 239 1403 276 Saxonibus
1426 245 1498 277 acie
1522 245 1621 278 victis
1643 246 1745 280 etiam
1773 249 1818 281 ita
1850 261 1914 292 pax
1939 252 2016 284 data
2038 259 2105 285 est.
2142 262 2178 285 nt

1205 302 1266 324 sno
1290 295 1445 327 contenti
1473 292 1561 327 nihil
1584 297 1778 331 adimerent
1804 310 1909 341 regno
1930 300 2119 341 Francico,
2147 311 2177 335 et

1203 342 1274 374 suis
1297 343 1430 386 legibus
1456 346 1630 387 viverent,
1663 354 1799 382 tantum
1822 352 2010 393 quotannis
2027 353 2178 386 adduce-

1203 400 1280 426 rent
1316 395 1359 427 ad
1399 406 1513 438 regem
1550 396 1756 431 Francicum
1791 406 1962 435 trecentos
1994 403 2177 436 bellatores

1203 454 1318 487 equos,

1303 494 1333 526 A
1352 493 1479 538 Pipino
1504 497 1607 530 etiam
1631 498 1787 532 scribunt
1809 511 1984 533 summum
2004 500 2176 536 Iudicium

1202 543 1237 575 in
1257 542 1394 587 Gallia,
1420 547 1514 590 quod
1533 543 1811 581 Parlamenmm
1837 551 2042 591 nominant,
2068 552 2177 586 Lute-

1200 594 1266 627 tiae
1285 594 1388 628 initio
1407 597 1634 630 constitutum
1654 609 1746 639 esse,
1774 601 1867 644 quod
1891 601 2060 644 sapientia
2083 604 2176 635 iudi-

1200 656 1297 681 cum,
1333 645 1457 678 ordine
1487 647 1716 689 cognitionis,
1756 650 1936 683 severitate
1964 654 2174 686 executionis

1199 695 1301 737 longe
1320 696 1495 730 antecellit
1513 699 1677 731 omnibus
1694 699 1832 732 iudiciis
1856 700 1892 732 in
1909 712 2032 743 genere
2051 700 2174 735 huma-

1309 744 1404 778 Haec
1426 759 1507 779 vere
1531 745 1671 781 heroica
1695 756 1794 790 sunt,
1822 750 1910 784 iusta
1937 752 2027 784 bella
2047 764 2174 795 gerere.

1198 796 1284 829 etin
1309 797 1454 830 victoria
1478 798 1649 832 iusticiam
1676 806 1708 833 et
1725 801 1930 834 modestiam
1947 803 2114 843 retinere,
2141 810 2174 836 et

1197 846 1350 888 legitima
1375 847 1503 881 iudicia
1530 850 1713 893 profutura
1738 851 1800 884 toti
1826 852 2018 894 posteritati
2044 855 2174 886 consti-

1196 903 1303 929 tuere.
1355 896 1450 931 Haec
1474 900 1658 943 praecipua
1683 907 1783 940 sunt,
1815 914 1903 946 quae
1927 903 1962 934 in
1981 900 2174 936 Occidente

1196 946 1411 992 (Iopronymi
1428 955 1583 993 tempore
1598 957 1670 983 acta
1690 958 1780 986 sunt.
1835 951 1970 985 Interea
1989 953 2024 985 in
2041 951 2172 986 Orien-

1196 1004 1228 1030 te
1247 1009 1286 1029 ex
1305 997 1419 1032 Portis
1437 998 1572 1042 Caspiis
1590 1000 1689 1032 effusi
1706 1000 1841 1035 Turcae
1864 1003 1901 1035 in
1926 1001 2123 1037 (folchicam
2141 1012 2173 1036 et

1196 1046 1400 1081 Armeniam
1419 1049 1632 1093 irruperunt,
1659 1051 1719 1084 ubi
1739 1058 1770 1084 et
1791 1064 1867 1085 cum
1879 1052 2061 1086 Saracenis
2073 1066 2173 1097 prae-

1425 1098 1526 1132 Hanc
1550 1101 1655 1134 fuisse
1673 1113 1810 1135 causam
1827 1103 2005 1139 existimo,
2031 1116 2092 1136 cur
2109 1103 2172 1136 Sa-

1194 1150 1310 1182 raceni
1342 1151 1508 1183 adversus
1539 1150 1801 1196 Copronymum
1832 1151 1923 1186 nihil
1947 1155 2172 1187 memorabile

1195 1200 1338 1241 egerint.
1391 1198 1467 1233 Etsi
1491 1207 1605 1234 autem
1623 1201 1791 1236 Mauricii
1814 1209 1969 1247 tempore
1988 1205 2078 1237 bella
2096 1215 2172 1247 ges—

1194 1257 1314 1284 serunt
1333 1249 1469 1284 Tuscae
1495 1258 1615 1285 contra
1637 1252 1774 1286 Persas:
1803 1260 1918 1286 tamen
1942 1255 2023 1299 quia
2047 1262 2130 1288 tunc
2152 1266 2171 1288 a

1192 1300 1307 1334 Persis
1322 1301 1469 1344 repressi
1487 1309 1586 1343 sunt,
1614 1315 1652 1335 ea
1670 1304 1806 1347 eruptio
1823 1305 1940 1337 minus
1960 1305 2105 1338 celebris
2121 1313 2171 1339 est

1192 1363 1296 1397 quam
1321 1349 1404 1385 haec
1426 1354 1596 1393 secunda,
1630 1353 1667 1386 in
1693 1366 1760 1398 qua
1787 1354 1937 1398 primum
1965 1354 2169 1388 Saracenica

1191 1452 1308 1496 Pipini
1328 1453 1501 1488 incidunt.
1553 1453 1644 1487 Sunt
1661 1461 1774 1487 autem
1797 1462 1932 1488 montes
1948 1454 2065 1499 Caspii
2083 1456 2169 1488 vici-

1191 1504 1227 1536 ni
1252 1503 1406 1544 lberiae‚
1441 1504 1502 1537 ubi
1528 1516 1622 1537 nunc
1648 1517 1787 1550 quoque
1811 1513 1892 1539 sunt
1914 1507 2036 1540 uberes
2061 1518 2169 1539 venae

1190 1555 1394 1589 metallicae.
1448 1554 1566 1596 Quare
1591 1555 1702 1588 dictos
1726 1568 1797 1589 esse
1822 1557 1980 1590 existimo
1998 1557 2097 1601 quasi
2112 1568 2169 1589 ar-

1190 1612 1349 1647 genteos,
1375 1605 1455 1649 quia
1469 1603 1606 1649 Keseph
1625 1614 1806 1648 argentum
1825 1607 2003 1649 significat.
2044 1608 2168 1648 Quan—

1190 1656 1234 1688 do
1259 1662 1374 1688 autem
1394 1655 1531 1688 Turcae
1557 1655 1740 1690 Saracenis
1764 1657 1957 1701 eripuerint
1981 1657 2167 1701 imperium

1189 1704 1312 1745 Asiae,
1339 1712 1458 1749 postea
1474 1706 1641 1740 dicemus.

1238 1805 1344 1840 Anno
1364 1808 1489 1840 mnndi
1505 1814 1626 1852 quater
1647 1808 1834 1842 millesimo
1858 1809 2164 1853 septingentesimo

1392 1865 1567 1891 tricesimo
1587 1871 1694 1894 nono.

1238 1905 1344 1940 Anno
1371 1907 1506 1942 Romae
1542 1909 1730 1941 millesimo
1758 1909 2036 1953 quingentesimo
2064 1910 2166 1943 trice-

1389 1959 1489 1992 simo.

1238 2006 1344 2042 Anno
1386 2007 1518 2043 Christi
1561 2010 1866 2054 septingentesimo
1913 2012 2165 2056 septuagesimo

1391 2060 1552 2103 septimo.

1506 2136 1591 2168 Leo
1627 2137 1842 2176 Quartus.

1286 2203 1365 2239 Leo
1382 2204 1547 2252 Quartus
1567 2207 1782 2254 Coprenymi
1808 2210 1899 2243 filius
1925 2211 2013 2254 patri
2031 2222 2164 2245 succes-

1185 2256 1240 2290 sit.
1294 2256 1427 2291 Tenuit
1445 2258 1631 2301 imperium
1656 2271 1768 2292 annos
1784 2261 1951 2305 quinque.
2005 2260 2163 2295 Corona-

1185 2314 1240 2340 tus
1255 2319 1272 2339 a
1289 2306 1490 2341 l‘atrinrcha
1506 2308 1585 2341 vivo
1603 2316 1715 2352 patre,
1744 2311 1804 2355 qui
1827 2311 1857 2343 ei
1875 2312 2062 2355 despondit
2078 2324 2161 2345 con—

1185 2358 1297 2400 iugem
1316 2355 1447 2390 Irenen
1464 2356 1726 2392 Atheniensem.
1778 2360 1916 2394 Patrem
1936 2362 2090 2396 imitatus
2113 2371 2159 2396 est

1186 2409 1221 2441 in
1250 2409 1410 2441 delendis
1442 2408 1666 2451 imaginibus.
1724 2408 1926 2445 Exercitum
1958 2412 1994 2444 in
2023 2412 2158 2456 Syriam

1183 2459 1296 2498 misit,
1324 2460 1383 2504 qni
1402 2459 1511 2501 magis
1531 2460 1681 2494 irritavit
1698 2460 1889 2495 Saracenos
1906 2474 2009 2506 qnam
2028 2473 2157 2504 repres-

1184 2510 1239 2545 sit,
1293 2509 1378 2542 Nam
1397 2511 1576 2554 aliquanto
1602 2518 1677 2554 post
1703 2510 1802 2545 Irene
1822 2524 1941 2556 pacem
1961 2524 2037 2544 cuin
2056 2512 2159 2545 Sara-

1184 2561 1278 2594 cenis
1297 2560 1375 2593 fecit
1394 2561 1562 2604 promisso
1579 2562 1732 2603 tributo.
1788 2562 1917 2596 Filium
1937 2573 2082 2606 puerum
2100 2574 2158 2595 co-

1184 2611 1300 2644 ronari
1324 2624 1342 2644 a
1361 2608 1563 2645 Patriarclia
1589 2613 1743 2655 curavit,
1770 2625 1831 2647 nec
1846 2613 1955 2646 inulto
1972 2619 2046 2656 post
2063 2613 2159 2646 l'rbrc

1157 2675 1160 2691 ι
1182 2669 1280 2708 pater
1297 2662 1468 2697 extinctus
1483 2669 1545 2698 cst.
