2324 2955
188 112 260 148 523

190 201 234 233 tis
252 198 425 231 donemur
440 191 642 226 remissione
662 196 892 233 peccatorum,
919 194 952 222 et
967 194 1170 233 reputemur

192 249 293 289 insti,
328 247 362 278 id
396 250 463 282 est,
500 241 630 285 accepti
654 240 727 274 Deo
761 239 805 273 ad
834 240 942 274 vitam
973 246 1169 280 aeternam,

194 312 264 332 non
284 301 426 340 propter
443 299 560 326 nostra
577 291 711 324 merita.

290 347 350 378 21.
385 344 485 377 Hanc
502 341 697 376 doctrinam
714 347 747 374 et
762 341 889 385 passim
908 341 993 374 alias
1018 341 1171 375 inculcat

193 397 343 435 Paulus,
387 401 420 428 et
446 394 599 426 illustrat
626 392 908 436 splendidissima
937 391 1170 436 descriptione

192 448 328 481 Coloss.
351 447 385 480 2.
408 446 451 478 de
474 441 615 477 Christo
633 443 811 487 inquiens:
838 442 1054 476 Condonans
1070 443 1171 476 nobis

198 497 316 531 omnia
341 496 485 535 delicta,
511 494 631 528 delens
651 491 923 537 chirographum
948 493 984 525 in
1013 488 1173 534 decretis,

195 548 291 593 quod
322 553 395 580 erat
429 545 643 579 contrarium
675 544 798 584 nobis,
838 544 932 589 quod
957 544 1133 577 sublatum
1157 556 1174 576 e

192 598 309 632 medio
326 597 445 630 adfixit
460 595 572 636 cruci,
599 595 708 639 spolia
729 592 913 627 detrahens
935 594 1176 639 potestatibus,

193 646 415 692 triumphum
432 647 501 690 egit
521 658 583 690 per
602 657 690 686 sese,
717 652 781 680 etc.

295 700 356 734 22.
388 697 461 740 Qui
478 697 642 740 ignorant
657 695 853 729 doctrinam
870 695 913 728 de
934 695 1024 736 fide,
1049 702 1083 729 et
1104 707 1177 728 non

196 749 422 795 acquiescunt
438 754 582 793 propter
596 744 797 787 Christum,
831 746 891 778 sed
914 757 1050 790 semper
1073 746 1179 779 dubi-

192 807 269 834 tant
280 824 290 838 ‚
314 800 352 832 in
368 797 423 832 his
440 810 514 832 non
530 798 666 831 deletur
681 793 973 840 chirographum,
997 797 1057 830 sed
1075 797 1179 830 altius

194 850 369 894 infigitur,
409 855 442 883 et
465 848 548 894 quia
573 848 671 882 nulla
696 854 746 881 est
771 847 809 879 in
833 847 962 881 talibus
992 847 1180 888 invocatio,

193 913 269 934 non
292 897 483 934 detrahunt
504 899 616 943 spolia
638 896 810 939 Diabolo,
844 898 904 931 sed
928 904 1071 932 manent
1096 898 1181 932 sub-

195 951 276 986 iecti
291 951 454 985 Diabolo.

296 1001 358 1035 23.
390 999 483 1034 Vera
503 1000 586 1034 fides
604 1006 654 1033 est
666 1011 757 1033 nova
770 1001 849 1041 lux,
877 1006 912 1034 et
932 999 1124 1033 consolatio
1144 998 1181 1031 in

196 1052 384 1092 cordibus,
409 1058 443 1085 et
467 1051 599 1094 agnitio
625 1050 886 1083 misericordiae
910 1057 943 1082 et
966 1049 1182 1092 praesentiae

194 1101 275 1136 Dei.
305 1101 406 1134 Hanc
420 1101 633 1144 agnitionem
650 1099 808 1144 sequitur
822 1099 1015 1132 necessario
1030 1110 1112 1131 vera
1127 1098 1183 1130 in-

196 1153 356 1193 vocatio,
395 1158 428 1185 et
449 1151 609 1196 sequitur
634 1162 726 1183 nova
751 1149 972 1191 obedientia,
1005 1147 1080 1183 Deo
1105 1149 1182 1193 pla-

197 1215 296 1245 cens,
322 1213 426 1247 quam
447 1202 598 1235 retinere
614 1201 826 1236 studeamus.

299 1252 359 1287 24.
407 1251 550 1286 Privata
584 1251 759 1285 absolutio
794 1257 844 1284 est
878 1261 959 1294 pars
992 1248 1183 1283 ministerii

201 1302 411 1346 evangelici,
438 1309 471 1336 et
489 1313 562 1334 non
580 1308 631 1334 est
645 1313 683 1333 ex
701 1299 856 1334 Ecclesia
873 1300 1040 1335 tollenda.

299 1352 362 1388 25.
394 1351 483 1386 Cum
502 1351 707 1384 remissione
725 1351 849 1395 culpae
871 1362 995 1383 verum
1017 1356 1068 1383 est
1093 1360 1185 1382 sem-

197 1417 261 1450 per
276 1404 500 1437 coniunctam
517 1413 590 1435 esse
604 1402 846 1435 remissionem
863 1411 997 1445 poenae
1012 1407 1184 1435 aeternae.

196 1454 245 1489 Et
269 1455 396 1488 falsum
418 1459 486 1496 est,
513 1459 691 1486 aeternam
712 1459 863 1485 mortem
888 1457 1032 1495 propter
1051 1450 1185 1493 Purga-

197 1506 350 1546 torium,
375 1510 436 1537 aut
453 1503 538 1536 alias
558 1509 694 1536 nostras
717 1501 1019 1546 compensationes
1042 1500 1186 1541 remitti,

200 1557 261 1590 sed
277 1561 414 1589 tantum
430 1553 568 1588 tollitur
584 1558 727 1597 propter
736 1550 917 1586 Christum
929 1577 940 1592 ‚
964 1550 1061 1585 iuxta
1078 1551 1184 1584 illud:

199 1604 235 1639 O
253 1616 367 1644 mors,
393 1616 452 1638 ero
469 1615 563 1637 mors
581 1609 652 1638 tua.

299 1656 359 1691 26.
395 1654 515 1698 Quare
540 1653 664 1686 deliria
689 1653 732 1685 de
754 1651 1050 1685 satisfactionibus
1078 1662 1186 1684 cano-

198 1707 289 1741 nicis
306 1705 417 1740 taxari
432 1714 570 1738 necesse
587 1709 655 1744 est,
681 1714 745 1735 nec
763 1708 844 1735 sunt
870 1701 972 1734 novis
993 1700 1081 1734 sucis
1105 1700 1187 1744 pin-

198 1759 324 1800 gendo.

301 1807 362 1843 27.
396 1805 529 1839 Verum
546 1810 610 1845 est,
637 1801 826 1837 horribiles
844 1812 972 1846 poenas
989 1799 1186 1844 corporales

205 1858 355 1903 grassari
372 1869 434 1902 per
451 1857 653 1890 universam
672 1852 884 1893 Ecclesiam,
907 1859 940 1885 et
957 1852 1088 1885 multae
1105 1856 1187 1884 sunt

201 1920 335 1943 causae.
389 1907 460 1941 Nec
478 1906 684 1949 'negandum
709 1911 777 1945 est,
804 1904 986 1947 plerasque
1007 1914 1079 1935 esse
1104 1912 1185 1934 vere

199 1971 331 2004 poenas
364 1965 539 1992 certorum
570 1956 751 1999 lapsuum,
792 1961 830 1987 ut
862 1953 1006 1986 exilium
1028 1952 1186 1992 Davidis,

200 2009 435 2054 captivitatem
453 2007 657 2044 Manassae,
682 2005 837 2038 furorem
858 2004 948 2047 regis
972 2002 1186 2046 Nabugodo-

202 2073 321 2095 nosor.
372 2057 418 2093 Et
433 2058 591 2103 quotidie
609 2056 729 2090 multis
753 2055 879 2088 sanctis
898 2060 1043 2099 propter
1063 2065 1186 2086 eorum

203 2113 320 2156 lapsus
352 2110 578 2143 cumulantur
607 2117 739 2151 poenae
769 2106 925 2150 privatae
957 2112 989 2138 et
1015 2104 1185 2149 publicae.

200 2162 256 2195 De
281 2159 336 2194 his
360 2161 444 2194 dicit
471 2157 626 2192 Ecclesia
652 2154 813 2190 Micheae
830 2155 880 2191 7.:
923 2154 1016 2188 Iram
1039 2153 1186 2188 Domini

202 2212 370 2255 portabo,
395 2211 476 2256 quia
493 2208 632 2253 peccavi
648 2207 691 2241 ei.
746 2206 832 2240 Vult
849 2206 941 2239 enim
957 2204 1051 2239 Deus
1069 2205 1104 2237 in
1117 2203 1185 2237 Ec-

203 2263 305 2295 clesia
321 2261 474 2305 conspici
491 2260 579 2292 iram
595 2259 760 2291 adversus
776 2263 974 2302 peccatum,
1000 2263 1033 2289 et
1050 2255 1125 2288 vult
1148 2256 1186 2288 in

204 2312 306 2345 nobis
329 2323 478 2345 crescere
508 2309 773 2354 poenitentiam.
841 2305 924 2340 Ideo
956 2306 1060 2339 nobis
1086 2317 1186 2350 saepe

205 2369 284 2406 post
311 2362 427 2405 lapsus
452 2361 569 2394 induit
593 2360 690 2403 signa
716 2365 852 2396 reatus,
887 2363 926 2390 ut
950 2356 1121 2390 induebat
1147 2368 1186 2390 ea

204 2411 335 2446 Davidi
352 2413 451 2455 pulso
470 2423 487 2445 e
506 2422 628 2454 regno,
656 2410 782 2443 scelere
798 2408 860 2441 filii
877 2413 941 2441 etc.
992 2404 1050 2446 Et,
1077 2413 1115 2440 ut
1135 2407 1186 2440 ira

202 2461 271 2496 Dei
290 2469 341 2496 est
358 2462 446 2495 iusta
465 2469 498 2495 et
512 2473 656 2506 inagna,
691 2460 738 2493 ita
764 2457 829 2493 hae
852 2469 984 2503 poenae
1009 2468 1084 2490 non
1106 2464 1186 2491 sunt

204 2514 297 2546 leves
317 2523 515 2545 aerumnae.
568 2512 636 2545 Sed
653 2510 790 2554 mitigat
806 2517 921 2543 tamen
944 2506 1006 2542 has
1029 2508 1186 2541 miserias

202 2562 298 2597 Deus
320 2562 584 2601 invocantibus,
610 2568 648 2595 ut
666 2568 767 2594 orant
786 2558 996 2604 Prophetae:
1023 2558 1187 2599 Domine,

203 2614 240 2646 in
258 2613 390 2647 iudicio
409 2612 545 2654 corripe
564 2623 637 2652 me,
663 2623 735 2643 non
762 2611 798 2643 in
823 2611 964 2651 furore,
992 2621 1036 2642 ne
1062 2609 1104 2642 ad
1130 2609 1187 2641 ni-

202 2662 318 2698 hilum
349 2663 485 2707 redigas
514 2673 580 2696 me.
642 2660 745 2694 Item:
785 2660 875 2695 Cum
900 2660 1057 2695 irasceris
1079 2658 1186 2700 Deus,

957 100 1443 141 DISPUTATIONES

2131 108 2206 146 524

1220 188 1482 224 misericordiae
1508 189 1712 224 recorderis.
1769 187 1818 225 Et
1838 188 1952 226 Oseae
1974 194 2032 229 11.
2057 195 2205 229 dicitur:

1220 241 1301 275 Non
1326 239 1450 273 faciam
1477 239 1634 273 furorem
1660 241 1732 274 irae
1756 253 1875 283 meae,
1914 244 1997 288 quia
2019 242 2115 279 Deus
2145 257 2207 289 ego

1221 303 1317 332 sum,
1345 296 1378 323 et
1394 301 1467 322 non
1486 287 1604 324 homo.

1323 340 1384 375 28.
1423 339 1500 373 Hae
1522 340 1638 374 tristes
1660 353 1793 385 poenae
1817 342 2093 377 considerandae
2116 353 2210 386 sunt,

1223 399 1256 426 et
1273 391 1474 437 quaerenda
1490 403 1570 424 vera
1593 393 1747 426 remedia
1761 417 1770 431 ‚
1796 405 1859 426 nec
1879 400 2042 438 putemus
2060 406 2116 428 eas
2132 395 2210 429 tolli

1225 442 1430 487 spectaculis
1448 441 1736 483 satisfactionum,
1757 444 1815 476 sed
1833 451 1975 489 propter
1992 456 2109 478 veram
2128 456 2212 489 poe-

1225 493 1411 527 nitentiam
1435 492 1663 535 mitigantur,
1697 499 1729 526 et
1754 493 1891 538 aliquae
1914 506 2056 537 prorsus
2079 496 2213 530 tollun-

1226 551 1304 585 tur,
1329 549 1370 577 ut
1394 543 1479 576 dicit
1495 542 1689 587 Propheta:
1725 542 1987 578 Convertimini
2011 547 2054 579 ad
2078 558 2152 586 me,
2180 553 2213 580 et

1227 606 1289 638 ego
1307 600 1492 628 convertar
1508 593 1552 627 ad
1570 605 1644 627 vos.

1229 710 1348 761 (LII.)
1381 713 1492 748 Alia
1521 711 1811 757 disputatio:
1847 712 1894 747 de
1916 723 2006 747 vera
2029 717 2064 748 et
2085 724 2214 759 perpe-

1479 767 1547 798 tua
1568 763 1740 798 doctrina
1764 765 1966 799 Ecclesiae.

1231 842 1318 885 Una
1351 854 1402 882 est
1427 845 1584 882 Ecclesia
1611 848 1678 883 Dei
1712 854 1879 893 perpetua
1913 848 1996 881 inde
2029 860 2139 893 usque
2173 850 2217 882 ab

1233 898 1348 934 Adam
1359 925 1369 939 ,
1395 899 1432 932 in
1449 911 1517 944 qua
1535 910 1570 932 se
1580 897 1675 933 Deus
1690 899 1860 932 immensa
1874 898 2033 932 bonitate
2049 899 2220 943 patefecit,

1233 957 1267 984 et
1282 950 1319 982 in
1337 961 1404 994 qua
1423 961 1560 994 semper
1577 956 1610 983 et
1627 950 1767 990 sonuit,
1796 955 1830 983 et
1849 961 1988 982 necesse
2006 950 2072 983 fuit
2093 961 2218 983 sonare

1233 1011 1353 1034 vocem
1376 998 1462 1041 Dei,
1495 1007 1705 1044 arguentem
1735 1006 1873 1044 peccata
1898 999 2035 1043 generis
2060 997 2220 1041 humani,

1234 1057 1268 1084 et
1298 1050 1564 1093 promittentem
1596 1050 1839 1084 remissionem
1862 1056 2103 1094 peccatorum,
2137 1062 2221 1094 pro-

1235 1106 1311 1144 pter
1337 1099 1472 1132 Filium
1505 1100 1736 1143 promissum,
1774 1108 1808 1134 et
1842 1101 2100 1134 restitutionem
2128 1101 2220 1134 vitae

1235 1156 1407 1184 aeternae.

1336 1200 1372 1232 2.
1412 1196 1490 1233 Etsi
1521 1199 1574 1232 ira
1599 1198 1666 1233 Dei
1692 1200 1860 1234 adversus
1883 1207 2061 1244 peccatum
2085 1202 2222 1244 generis

1235 1248 1384 1284 humani
1407 1250 1580 1282 declarata
1604 1255 1672 1290 est,
1705 1249 1788 1282 inde
1809 1261 1918 1294 usque
1941 1252 1985 1284 ab
2009 1251 2113 1284 initio
2138 1264 2222 1285 voce

1235 1300 1339 1344 legis,
1379 1306 1414 1333 et
1443 1296 1678 1332 horribilibus
1709 1300 1966 1334 calamitatibus
1991 1301 2127 1344 generis
2154 1300 2223 1334 hu-

1235 1350 1356 1392 mani,
1387 1362 1426 1383 ac
1456 1350 1641 1394 praecipue
1664 1348 1896 1391 Sanctorum,
1930 1358 2049 1385 tamen
2082 1358 2114 1385 et
2137 1351 2222 1385 Filii

1235 1401 1350 1446 passio
1381 1407 1431 1435 est
1461 1400 1599 1434 illustre
1628 1400 1868 1434 testimonium
1898 1413 2000 1435 verae
2033 1408 2066 1436 et
2098 1402 2222 1446 ingen-

1236 1452 1280 1486 tis
1296 1452 1379 1485 irae.

1339 1501 1374 1535 3.
1407 1500 1514 1534 Nulla
1535 1511 1634 1533 mens
1655 1498 1809 1533 humana
1834 1501 2016 1544 intelligit,
2049 1509 2221 1546 quantum

1235 1551 1368 1585 malum
1385 1551 1428 1584 sit
1447 1557 1645 1595 peccatum,
1670 1550 1748 1583 ideo
1765 1563 1886 1584 omnes
1903 1564 1982 1584 vere
1999 1564 2223 1596 expavescere

1237 1601 1448 1645 cogitatione
1469 1601 1541 1634 irae
1554 1600 1622 1634 Dei
1645 1601 1870 1641 deberemus,
1896 1602 1984 1635 sicut
1996 1601 2128 1636 Paulus
2152 1604 2224 1636 cla-

1237 1653 1354 1685 mitat:
1379 1650 1561 1685 Conclusit
1570 1650 1665 1684 Deus
1682 1663 1804 1684 omnes
1819 1652 1884 1686 sub
1900 1660 2091 1695 peccatum.
2135 1651 2224 1687 Item

1237 1698 1365 1734 Zacha.
1379 1701 1431 1735 2.:
1457 1700 1566 1734 Sileat
1583 1713 1601 1734 a
1619 1701 1706 1733 facie
1724 1699 1789 1733 Dei
1808 1702 1923 1735 omnis
1940 1714 2034 1737 caro.

1339 1750 1376 1785 4.
1410 1749 1622 1789 Alexander,
1644 1751 1779 1782 etiamsi
1796 1752 1912 1784 doluit
1928 1753 2108 1785 interfecto
2118 1750 2224 1793 Clito,

1238 1808 1354 1835 tamen
1369 1807 1548 1844 peccatum
1565 1812 1638 1833 non
1656 1799 1894 1844 intelligebat,
1921 1802 2004 1847 quia
2022 1802 2125 1837 dolor
2148 1814 2221 1836 non

1239 1852 1442 1885 intuebatur
1458 1851 1545 1884 iram
1561 1850 1639 1887 Dei.

1338 1900 1375 1937 5.
1411 1901 1481 1935 Sed
1503 1901 1541 1934 in
1565 1900 1702 1935 Davide
1727 1908 1777 1935 est
1800 1902 1917 1947 aliqua
1942 1903 2073 1947 peccati
2096 1910 2128 1936 et
2149 1903 2222 1937 irae

1236 1952 1303 1988 Dei
1319 1952 1493 1996 cognitio,
1519 1964 1598 1986 cum
1624 1952 1689 1986 ait:
1716 1950 1870 1986 Domine
1891 1965 1935 1987 ne
1959 1954 1996 1987 in
2019 1954 2138 1988 surore
2162 1960 2221 1987 tuo

1239 2015 1362 2048 arguas
1377 2015 1442 2039 me.

1339 2053 1375 2088 6.
1407 2053 1650 2087 Perterrefacti
1676 2060 1792 2087 autem
1819 2053 1930 2087 sciant
1952 2052 2221 2099 promissionem

1237 2103 1444 2148 Evangelii,
1468 2105 1511 2137 de
1527 2104 1733 2137 remissione
1757 2111 1995 2149 peccatorum,
2022 2116 2081 2138 seu
2098 2116 2221 2138 recon-

1238 2156 1435 2196 ciliatione,
1462 2166 1523 2188 seu
1547 2155 1809 2197 iustificatione,
1836 2156 1931 2201 quod
1954 2155 2116 2188 videlicet
2138 2167 2223 2199 pro-

1237 2214 1314 2251 pter
1335 2203 1516 2241 Christum
1547 2205 1775 2239 mediatorem
1810 2206 1935 2249 gratis,
1976 2216 2049 2237 non
2080 2212 2223 2249 propter

1237 2258 1328 2291 ullas
1357 2264 1493 2290 nostras
1524 2257 1671 2290 virtutes
1697 2267 1952 2301 consequamur
1981 2255 2221 2289 remissionem

1237 2315 1479 2352 peccatorum,
1522 2307 1611 2348 fide,
1646 2307 1683 2339 id
1708 2313 1775 2347 est,
1810 2305 1936 2340 fiducia
1963 2305 2222 2340 misericordiae

1238 2365 1382 2404 propter
1395 2355 1577 2391 Christum
1595 2357 1799 2401 promissae.

1341 2408 1376 2442 7.
1418 2407 1522 2441 Fides
1557 2408 1595 2440 in
1628 2405 1694 2440 hac
1727 2406 1889 2440 doctrina
1917 2405 2018 2440 Pauli
2053 2407 2223 2451 significat

1238 2459 1419 2500 fiduciam,
1445 2465 1479 2492 et
1494 2470 1567 2491 non
1582 2457 1692 2491 solam
1714 2455 1879 2490 noticiam
1892 2484 1901 2498 ‚
1928 2459 2018 2502 quae
2032 2464 2064 2492 et
2080 2458 2116 2490 in
2134 2457 2222 2492 Dia-

1238 2510 1329 2543 bolis
1351 2516 1421 2548 est,
1446 2516 1485 2542 ut
1513 2508 1616 2542 Iacob
1642 2507 1772 2552 inquit:
1799 2505 1996 2542 Daemones
2019 2509 2165 2542 credunt
2189 2515 2222 2542 et

1239 2560 1524 2595 contremiscunt.

1341 2610 1376 2646 8.
1408 2608 1562 2642 Econtra
1578 2608 1621 2642 de
1635 2607 1702 2641 fide
1719 2607 1766 2641 ait
1781 2607 1930 2644 Paulus:
1955 2607 2133 2642 Iustificati
2156 2607 2222 2640 fide

1239 2672 1357 2705 pacem
1374 2657 1555 2693 habemus.
1609 2657 1711 2692 Item:
1740 2658 1812 2701 Qui
1834 2659 1943 2693 credit
1967 2659 2005 2692 in
2025 2671 2124 2699 eum,
2149 2668 2221 2690 non
