2324 2955
110 125 157 162 17

208 207 303 241 Ilaec
320 206 431 240 tristia
455 204 667 249 spectacula,
695 210 730 237 et
754 215 875 238 eorum
896 213 1036 244 causaS,
1063 210 1096 238 et

107 259 294 294 conciones
330 257 467 290 divinas
498 255 664 297 cogitate,
699 265 760 287 vos
795 254 998 299 praesertim
1034 255 1095 299 qui

107 310 306 354 principum
330 306 486 341 consiliis
508 305 654 338 affuturi
680 305 777 346 estis,
806 312 839 339 et
862 305 980 339 timete
1007 304 1093 338 iram

106 359 193 402 Dei,
219 367 252 392 et
268 364 396 391 vestras
415 363 447 389 et
464 355 622 400 publicas
642 367 782 399 poenas.

209 408 257 443 Ut
280 414 395 441 autem
422 407 493 440 sint
515 406 652 438 foelicia
673 406 817 438 consilia
835 405 935 439 vobis
961 412 993 439 et
1008 405 1096 440 Rei-

105 459 279 504 publicae,
302 456 364 491 has
379 458 466 490 duas
481 457 626 489 virtutes
643 456 679 487 in
695 456 826 488 curiam
844 457 972 489 adferri
990 469 1096 500 opor·
1120 479 1122 501 Α,

106 517 167 546 tet.
218 508 377 543 Primum
402 508 598 541 doctrinam
621 506 790 548 integram
817 507 931 549 legum
955 507 1095 539 divina-

105 572 185 594 rum
202 567 235 594 et
254 557 504 597 humanarum,
531 568 603 588 non
628 562 763 588 tantum
782 557 945 590 umbram
965 558 1095 591 doctri-

106 622 172 644 nae
195 617 229 644 et
251 609 510 652 garrulitatem,
542 606 670 638 deinde
694 613 726 638 et
744 607 958 648 agnitionem
977 620 1015 640 ac
1035 609 1097 640 ve-'

652 116 809 153 DECL.
850 116 922 153 DE
956 111 1348 161 REVERENTIA
1382 116 1596 153 LEGL‘M.
2093 128 2135 160 13

1250 199 1333 234 Dixi
1357 209 1472 236 autem
1497 204 1539 236 de
1563 205 1899 240 commonefactione
1924 210 2033 242 multo
2055 211 2135 243 bre-

1149 251 1239 292 vius,
1267 263 1371 296 quam
1388 253 1524 288 vellem.
1577 253 1646 288 Sed
1664 256 1763 288 vobis
1778 269 1917 302 quoque
1934 266 2035 292 notae
2055 269 2135 295 sunt

1149 299 1215 335 hae
1231 302 1418 335 conciones
1434 303 1591 345 divinae,
1618 317 1703 350 quas
1725 318 1823 351 saepe
1840 310 2028 352 repetimus
2055 323 2136 354 pro-

1149 359 1226 395 pter
1253 353 1468 385 voluntatem
1486 352 1573 393 Dei,
1599 362 1631 388 et
1656 368 1749 390 nunc
1772 365 1914 402 propter
1939 362 2134 402 angustiam

1149 403 1316 446 temporis
1337 403 1477 435 brevior
1493 415 1579 438 sum.
1614 406 1719 439 Scitis
1737 415 1850 440 autem
1871 416 1968 443 vetus
1986 411 2132 445 dictum:

1147 452 1301 486 Labores
1319 465 1510 495 congruere
1533 455 1749 496 iunioribus,
1777 459 1910 492 mediae
1929 462 2031 494 aetati
2051 474 2135 494 con-

1148 503 1244 541 silia,
1279 516 1394 546 preces
1422 516 1502 536 vero
1525 504 1682 545 senibus,
1717 519 1804 550 quae
1832 515 1946 542 tamen
1966 512 2134 546 omnibus

1148 554 1364 597 temporibus
1393 561 1426 586 et
1454 554 1596 587 cuilibet
1621 556 1723 588 aetati
1743 560 1952 593 necessariae
1969 569 2069 602 sunt,
2095 570 2135 596 ut

1146 603 1321 637 Dominus
1348 604 1478 648 inquit:
1507 606 1653 648 Semper
1674 613 1788 646 orate,
1811 615 1842 641 et
1863 608 1937 642 sine
1961 623 2016 644 me
2042 611 2133 645 nihil

106 672 186 694 rum
216 660 376 693 timorem
400 656 484 698 Dei,
520 656 580 701 qui
611 663 730 700 pectus
759 658 943 691 confirmet
973 665 1093 691 contra
1119 645 1122 694 l
1146 655 1290 698 potestis
1307 655 1430 688 facere.
1484 653 1523 687 In
1541 654 1648 688 tantis
1671 656 1851 690 furoribus
1879 659 2011 693 diaboli
2042 670 2073 695 et
2096 664 2132 695 in

106 718 238 744 metum
268 715 468 754 potentum,
504 713 626 740 contra
659 708 934 747 adsentationes,
972 715 1092 742 contra

106 761 288 794 avaritiam
300 786 309 800 ,
335 765 455 791 contra
471 757 698 790 ambitionem
710 784 719 797 ,
747 765 779 791 et
797 758 905 801 erigat
925 759 1094 799 animum,

105 817 145 845 ut
162 811 252 845 iusta
270 809 353 843 velit
373 815 574 842 constanter
596 814 629 840 et
645 807 779 848 dicere,
808 816 839 842 et
864 821 1094 852 propugnare,

105 861 195 895 sicut
212 860 374 894 Ieremias
391 859 498 891 nullis
518 858 710 891 terroribus
729 865 761 891 et
784 860 963 903 suppliciis
981 861 1094 902 frangi

105 918 234 955 potest,
260 917 300 944 nt
315 910 446 943 bellum
465 906 653 942 Sedechiae
670 908 740 951 regi
758 912 917 950 suadeat,
944 917 1003 943 aut
1019 923 1095 943 mo-

105 969 181 996 tum
216 961 402 1006 approbet,
432 971 510 992 cum
544 959 685 1003 quidem
713 960 842 1002 species
878 961 963 993 iuris
998 967 1095 993 tanta

106 1018 373 1056 praetentetur,
398 1017 436 1043 ut
455 1009 555 1042 multi
573 1009 743 1052 sapientes
761 1017 793 1042 et
808 1011 899 1043 docti
919 1023 956 1043 ea
975 1022 1095 1043 move-

106 1069 246 1100 rentur,
274 1068 305 1095 et
323 1060 420 1106 quasi
438 1060 617 1092 classicum
644 1067 824 1100 canerent,
852 1072 911 1093 seu
935 1068 970 1094 ut
990 1060 1095 1094 loan-

106 1124 187 1145 nem
206 1112 294 1145 nulli
320 1118 470 1145 terrores
487 1110 714 1151 frangebant,
740 1122 809 1154 quo
832 1111 949 1144 minus
965 1112 1095 1145 dicei-et

105 1161 258 1195 Herodi:
283 1161 362 1194 Non
382 1161 457 1194 licet
475 1160 537 1193 tibi
558 1158 686 1192 hahere
702 1161 819 1194 fratris
834 1173 989 1198 uxorem.
1024 1161 1095 1195 Nec

106 1214 232 1246 desunt
249 1212 403 1255 exempla
420 1212 512 1244 inter
528 1208 709 1245 Ethnicos.

206 1262 423 1306 Papinianus
453 1261 566 1294 iussus
599 1262 643 1293 ab
674 1260 887 1304 lmperatore
916 1261 1097 1303 Bassiano,

105 1320 145 1347 ut
161 1314 362 1346 defenderet
378 1312 618 1355 parricidium,
637 1313 731 1355 quod
752 1312 824 1354 ipse
841 1311 1028 1345 Bassianus
1046 1314 1096 1345 se-

106 1370 216 1401 cerat,
251 1361 434 1394 interfecto
466 1361 592 1398 fratre,
627 1372 828 1402 quanquam
863 1362 993 1395 sciebat
1029 1363 1096 1395 sibi

106 1410 326 1456 pereundum
353 1418 446 1447 esse,
472 1405 646 1439 recusavit
671 1412 787 1438 tamen
813 1410 950 1440 sceleris
974 1412 1097 1441 delen-

107 1462 241 1495 sionem
261 1457 453 1501 suscipere,
482 1467 521 1488 ac
537 1462 653 1498 postea
673 1467 798 1498 magno
818 1456 938 1489 animo
959 1459 1095 1501 suppli-

107 1512 202 1546 cium
223 1507 379 1554 pertulit.
428 1505 547 1539 Cassio
571 1504 736 1548 Longino
751 1505 844 1538 Nero
870 1507 991 1540 effodit
1011 1521 1096 1541 ocu-

106 1563 173 1596 los.
226 1557 456 1593 Meminimus
471 1563 503 1590 et
521 1562 640 1588 nostra
657 1563 780 1596 aetate,
806 1567 934 1599 paucos
951 1558 1094 1603 quidem

106 1621 259 1658 quorum
282 1606 408 1642 similis
429 1606 496 1640 fuit
513 1606 720 1641 constantia.
771 1605 840 1639 Sed
865 1609 953 1641 duos
979 1616 1095 1642 tamen

105 1661 292 1696 nominare
314 1668 475 1702 possum,
502 1668 654 1702 quorum
669 1657 756 1689 alter
778 1654 984 1692 charissimo
1006 1661 1094 1703 patri

105 1724 186 1747 meo
202 1710 334 1744 amicus
354 1708 440 1746 fuit,
465 1706 658 1750 Gregorius
675 1706 898 1751 Lamparter,
924 1710 1013 1743 alter
1029 1722 1095 1743 no—

106 1770 162 1798 tus
178 1768 228 1796 est
244 1761 281 1793 in
299 1757 456 1792 historiis
468 1784 478 1799 ,
503 1756 660 1790 Thomas
677 1757 813 1791 Morus.

209 1811 281 1845 Nec
297 1810 502 1843 inusitatum
521 1815 571 1842 est
587 1820 604 1841 a
623 1809 781 1853 tyrannis
798 1809 959 1842 devorari
978 1810 1096 1844 fideles

107 1863 320 1902 monitores,
345 1866 384 1894 ut
400 1859 455 1892 leo
472 1858 510 1892 in
527 1859 654 1892 fabulis
669 1860 815 1893 devorat
832 1871 961 1904 equum
977 1868 1009 1894 et
1027 1861 1096 1894 asi-

107 1926 194 1949 num
218 1913 358 1957 ignaros
379 1909 642 1944 adsentationis.
694 1907 829 1943 Obruit
849 1911 1008 1954 ingentes
1031 1912 1095 1945 ista

107 1964 262 2010 procella
284 1962 396 2002 viros,
422 1967 462 1994 ut
478 1960 593 1993 virum
620 1960 793 2004 optimum
810 1960 921 2002 Abel,
946 1968 979 1995 et
995 1962 1096 1995 dein-

109 2027 188 2060 ceps
198 2010 402 2058 Prophetas,
428 2018 461 2045 et
478 2009 747 2044 interEthnicos
758 2010 980 2053 Palameden,
998 2010 1097 2046 The—

109 2065 322 2104 mistoclem,
347 2060 624 2105 Theramenem,
658 2060 858 2101 Demaden,
887 2061 1097 2097 Demosthe-

109 2127 204 2155 nem,
226 2112 386 2153 Aratum,
412 2111 632 2152 Ciceronem,
659 2119 691 2146 et
707 2113 983 2147 innumerabiles
999 2114 1096 2149 alios.

110 2164 170 2200 Ad
186 2163 271 2199 haec
293 2163 447 2208 pericula
466 2162 578 2206 parati
600 2163 727 2204 simus,
755 2170 789 2197 et
806 2164 955 2198 sciamus
973 2165 1098 2198 diabo-

110 2217 186 2251 lum
209 2214 396 2260 praecipue
423 2213 584 2246 insidiari
616 2214 909 2255 gubernatoribus
932 2216 1098 2249 consilio-

111 2279 210 2308 rum,
243 2265 278 2300 et
302 2271 460 2310 petamus
483 2275 503 2297 a
524 2264 597 2297 filio
616 2262 700 2303 Dei,
728 2265 788 2310 qui
807 2273 857 2299 est
874 2266 991 2310 magni
1014 2278 1099 2300 con-

113 2318 184 2352 silii
203 2316 365 2360 angelus,
391 2314 598 2359 sapientiam
617 2321 650 2348 et
668 2316 935 2359 protectionem.

216 2367 289 2401 Has
303 2365 656 2400 commonefactiones
672 2377 771 2410 saepe
788 2379 852 2400 nos
868 2373 1024 2412 repetere
1039 2381 1100 2402 ne-

114 2429 207 2453 cesse
225 2425 293 2456 est,
320 2417 401 2462 quia
417 2416 512 2450 Deus
530 2416 697 2449 immensa
714 2417 870 2451 bonitate
887 2419 964 2452 vult
983 2419 1019 2452 in
1043 2432 1101 2462 ge-

115 2480 199 2502 nere
223 2466 380 2501 humano
403 2478 527 2499 sonare
551 2478 632 2499 suae
656 2467 844 2510 sapientiae
863 2481 1005 2510 vocem,
1029 2471 1102 2503 sive

115 2519 240 2558 multi,
269 2518 339 2551 sive
363 2518 463 2561 pauci
487 2517 571 2551 fiant
589 2518 762 2552 meliores.
814 2517 861 2552 Et
879 2526 994 2553 tamen
1012 2532 1102 2554 sem-

116 2581 180 2614 per
209 2569 363 2614 aliquam
386 2566 578 2601 Ecclesiam
610 2568 702 2601 filius
725 2567 791 2601 Dei
813 2569 851 2602 in
883 2581 1009 2613 genere
1035 2570 1103 2605 hu-

117 2631 224 2654 mano
249 2625 372 2652 servat.
431 2616 548 2652 Erunt
569 2619 676 2662 igitur
695 2619 824 2665 aliqui,
855 2621 916 2666 qui
937 2620 1012 2656 Deo
1038 2624 1104 2657 ob-

118 2670 376 2714 temperabunt.

169 2723 348 2754 tiletum.
375 2721 478 2754 Orza.
504 2719 681 2753 Vonxn.

1146 712 1240 738 tanta
1261 705 1498 738 imbecillitate
1516 702 1660 737 humani
1684 707 1819 749 generis
1835 710 2056 744 manifestum
2076 721 2134 752 est,

1146 767 1217 788 non
1245 767 1343 798 posse
1375 755 1505 788 servari
1530 753 1740 795 Ecclesiam,
1775 759 1843 791 nisi
1873 758 1947 793 Deo
1981 761 2133 798 iuvante.

1145 804 1192 839 Et
1209 806 1300 838 filius
1318 805 1381 838 Dei
1399 806 1665 838 clementissime
1682 809 1871 850 promittit,
1899 821 1934 843 se
1951 823 2023 844 eam
2044 824 2133 845 sem-

1146 868 1207 900 per
1231 863 1449 889 servaturum
1475 868 1564 893 csse,
1600 856 1688 890 sicut
1716 858 1848 903 inquit:
1891 858 1965 903 Ego
1997 873 2133 907 semper

1147 919 1205 939 ero
1235 907 1415 939 vobiscum
1444 918 1553 951 usque
1580 907 1623 939 ad
1652 911 1987 944 consummationem
2017 915 2134 949 seculi.

1150 956 1221 990 Hac
1240 970 1294 989 me
1311 957 1510 990 dulcissima
1536 958 1774 992 consolatione
1793 960 1830 992 in
1857 958 1919 994 hac
1937 970 2072 996 senecta
2096 965 2134 996 in

1147 1008 1254 1040 tantis
1271 1008 1538 1040 confusionibus
1557 1014 1722 1049 sustento,
1750 1016 1783 1042 et
1799 1011 1929 1044 crebris
1946 1014 2134 1055 gemitibus

1147 1058 1448 1090 conservationem
1466 1055 1641 1090 Ecclesiae
1659 1066 1750 1101 peto.

1249 1106 1326 1140 Oro
1345 1109 1451 1149 igitur
1468 1115 1539 1140 toto
1559 1116 1696 1151 pectore
1712 1108 1828 1144 Deum
1843 1119 2024 1146 aeternum
2037 1141 2045 1154 ,
2074 1127 2135 1158 pa-

1147 1166 1233 1191 trem
1257 1159 1403 1191 Domini
1423 1159 1533 1191 nostri
1553 1157 1630 1192 lesu
1649 1156 1791 1201 Christi,
1818 1163 1970 1195 crucifixi
1991 1176 2052 1207 pro
2071 1178 2135 1197 no-

1147 1210 1200 1241 bis
1229 1216 1259 1241 et
1282 1209 1493 1249 resuscitati,
1526 1209 1655 1242 sontem
1679 1211 1868 1254 sapientiae
1897 1221 1928 1247 et
1956 1217 2135 1248 custodem

1148 1258 1324 1293 Ecclesiae
1347 1271 1447 1297 suae,
1476 1266 1514 1292 ut
1538 1259 1701 1303 deinceps
1717 1273 1858 1307 quoque
1876 1275 2012 1308 semper
2030 1266 2066 1298 in
2082 1263 2136 1299 his

1148 1310 1349 1352 regionibus
1380 1309 1521 1352 colligat
1550 1310 1618 1342 sibi
1646 1308 1839 1346 Ecclesiam
1869 1320 2069 1356 aeternam,
2104 1323 2136 1350 et

1148 1367 1259 1392 servet
1276 1360 1313 1392 in
1330 1372 1367 1392 ea
1385 1357 1536 1403 hospitia
1553 1358 1739 1401 Ecclesiae,
1768 1369 1799 1396 et
1814 1364 2011 1397 doctrinam
2029 1377 2138 1407 suam,

1148 1414 1181 1440 et
1214 1407 1305 1439 lianc
1340 1409 1449 1450 ipsam
1483 1410 1599 1449 legum
1633 1411 1857 1452 sapientiam,
1891 1420 1924 1447 et
1952 1412 2136 1451 honestam

1147 1456 1391 1500 disciplinam,
1425 1463 1457 1490 et
1489 1463 1625 1490 nostras
1656 1459 1805 1494 familias
1840 1470 2014 1507 protegat,
2051 1467 2138 1510 ipse,

1147 1518 1226 1539 cum
1254 1507 1398 1550 quidem
1423 1518 1477 1539 res
1499 1509 1679 1546 ostendat,
1715 1522 1781 1544 nos
1811 1524 1883 1545 non
1914 1511 2043 1548 habere
2069 1515 2136 1550 hu-

1147 1568 1251 1589 mana
1269 1557 1452 1600 praesidia.
1498 1556 1617 1599 Quare
1634 1565 1799 1605 tanquam
1818 1563 1967 1606 orphani
1986 1566 2137 1609 petimus

1147 1613 1180 1640 et
1204 1614 1422 1651 expectamus
1444 1608 1611 1640 auxilium
1635 1620 1652 1641 a
1669 1609 1743 1643 Deo
1764 1619 1861 1655 patre
1885 1613 2138 1660 orphanorum,

1147 1657 1235 1690 sicut
1253 1657 1420 1701 scriptum
1439 1665 1503 1692 est:
1539 1656 1713 1702 Orphano
1730 1663 1836 1696 tueris
1852 1665 2002 1702 adiutor.

1248 1707 1352 1741 Nunc
1377 1716 1409 1742 te
1432 1706 1632 1742 charissime
1652 1711 1700 1743 ffli
1724 1711 1872 1747 Ioannes
1890 1716 2070 1762 alloquor,
2098 1731 2137 1754 ac

1148 1758 1300 1803 primum
1320 1757 1393 1792 Deo
1409 1760 1537 1803 gratias
1553 1771 1629 1802 age,
1658 1764 1751 1806 qnod
1769 1761 1937 1799 hactenus
1953 1767 2137 1811 ingenium

1147 1815 1180 1842 et
1195 1809 1308 1843 studia
1327 1816 1385 1843 tua
1409 1810 1628 1853 gubernavit.
1683 1812 1763 1847 Scio
1781 1815 1874 1849 enim
1895 1822 1928 1850 te
1944 1818 2059 1853 sontes
2073 1821 2138 1854 do-

1147 1860 1280 1893 ctrinae
1303 1860 1388 1893 iuris
1413 1868 1504 1894 recte
1527 1861 1706 1901 didicisse,
1736 1871 1768 1898 et
1792 1872 1825 1899 te
1847 1878 1926 1900 vere
1950 1880 2136 1913 agnoscere

1148 1917 1180 1944 et
1204 1911 1368 1944 invocare
1397 1910 1529 1952 Deum,
1564 1918 1597 1944 et
1628 1924 1745 1947 amare
1773 1915 1958 1954 iusticiam.
2017 1920 2138 1963 Quare

1147 1973 1226 1994 cum
1258 1973 1391 2004 sperem
1425 1970 1502 1996 tuos
1532 1962 1669 1996 labores
1700 1966 1743 1997 ad
1775 1969 2076 2004 conservationem
2103 1980 2135 2006 et

1147 2012 1434 2056 propagationem
1459 2013 1657 2054 doctrinae,
1689 2021 1723 2048 et
1749 2017 1791 2049 ad
1817 2016 2049 2062 Reipublicae
2072 2034 2136 2065 gu-

1149 2062 1390 2095 bernationem
1411 2064 1613 2107 profuturos
1629 2075 1720 2105 esse,
1747 2068 1893 2109 gaudeo,
1921 2081 1959 2102 ac
1978 2079 2071 2115 optO,
2097 2081 2135 2107 ut

1149 2113 1250 2146 multi
1275 2113 1345 2147 sint
1369 2114 1411 2146 ad
1439 2114 1677 2157 posteritatem
1701 2119 1860 2151 custodes
1883 2131 1985 2154 verae
2002 2123 2135 2156 doctri-

1150 2176 1215 2196 nae
1231 2164 1365 2197 fideles:
1390 2171 1492 2209 teque
1509 2162 1696 2206 adhortor,
1722 2174 1760 2201 ut
1785 2168 1821 2201 in
1838 2170 2004 2205 omnibus
2019 2175 2136 2207 consi-

1149 2215 1205 2247 liis
1221 2214 1288 2248 tuis
1305 2226 1430 2248 ornare
1446 2216 1592 2258 gloriam
1608 2215 1692 2256 Dei,
1719 2224 1752 2251 et
1776 2218 1895 2253 iuvare
1912 2232 2136 2258 communem

1150 2266 1294 2298 salutem
1319 2262 1502 2299 hominum
1527 2267 1682 2306 studeas,
1709 2274 1741 2302 et
1759 2266 1874 2303 Deum
1894 2283 1977 2313 oro,
2002 2274 2136 2309 fontem

1150 2316 1358 2360 sapientiae,
1385 2324 1424 2350 nt
1448 2323 1558 2350 totum
1583 2317 1673 2350 vitae
1697 2324 1775 2352 tuae
1791 2331 1931 2355 cursum
1956 2324 2136 2366 gubernet.

1150 2365 1326 2410 Coniugio
1360 2367 1461 2401 etiam
1497 2374 1556 2400 tuo
1589 2379 1729 2410 precor,
1771 2377 1810 2404 ut
1843 2369 1938 2406 Deus
1971 2376 2136 2410 castitatis

1151 2428 1290 2458 amans,
1317 2425 1350 2451 te
1374 2424 1406 2451 et
1431 2429 1592 2461 sponsam
1618 2426 1730 2461 regat,
1759 2427 1790 2454 et
1810 2422 1930 2464 faciat,
1958 2432 1994 2458 nt
2013 2428 2137 2461 coniu-

1152 2468 1247 2511 gium
1279 2475 1432 2503 vestrum
1468 2469 1511 2501 sit
1539 2469 1690 2502 faustum
1727 2477 1759 2504 et
1791 2472 1908 2507 foelix.
1961 2474 2138 2519 Cogitabis

1154 2519 1259 2552 etiam
1293 2519 1434 2553 intuens
1466 2516 1648 2553 honestam
1683 2531 1846 2564 sponsam
1881 2530 1993 2565 tuam,
2031 2528 2137 2561 filiam

1154 2581 1268 2602 meam
1284 2567 1542 2610 charissimam,
1567 2568 1661 2603 hunc
1678 2578 1831 2606 vestrum
1852 2585 2025 2617 amorem,
2051 2579 2139 2611 ima-

1156 2621 1272 2664 ginem
1297 2631 1368 2653 esse
1390 2621 1518 2654 amoris
1537 2621 1574 2654 in
1596 2621 1669 2655 filio
1686 2620 1751 2655 Dei
1773 2635 1852 2666 erga
1868 2622 2057 2660 humanam
2077 2640 2140 2661 na-

1156 2677 1284 2712 turam,
1310 2682 1416 2716 quam
1432 2672 1638 2717 adsumpsit,
1664 2679 1697 2706 et
1712 2684 1791 2717 erga
1809 2672 2010 2710 Ecclesiam.
2065 2678 2141 2712 Hoc
