<?xml version="1.0" encoding="UTF-8"?>
<!DOCTYPE html PUBLIC "-//W3C//DTD XHTML 1.0 Transitional//EN"
    "http://www.w3.org/TR/xhtml1/DTD/xhtml1-transitional.dtd">
<html xmlns="http://www.w3.org/1999/xhtml" xml:lang="en" lang="en">
 <head>
  <title>
</title>
<meta http-equiv="Content-Type" content="text/html;charset=utf-8" />
  <meta name='ocr-system' content='tesseract 3.04.00' />
  <meta name='ocr-capabilities' content='ocr_page ocr_carea ocr_par ocr_line ocrx_word'/>
</head>
<body>
  <div class='ocr_page' id='page_1' title='image "./operaquaesupersu12melauoft/operaquaesupersu12melauoft_0502.png"; bbox 0 0 2324 2955; ppageno 0'>
   <div class='ocr_carea' id='block_1_1' title="bbox 196 119 268 152">
    <p class='ocr_par' dir='ltr' id='par_1_1' title="bbox 196 119 268 152">
     <span class='ocr_line' id='line_1_1' title="bbox 196 119 268 152; baseline -0.014 0"><span class='ocrx_word' id='word_1_1' title='bbox 196 119 268 152; x_wconf 79' lang='lat'>979</span> 
     </span>
    </p>
   </div>
   <div class='ocr_carea' id='block_1_2' title="bbox 197 190 1201 781">
    <p class='ocr_par' dir='ltr' id='par_1_2' title="bbox 197 190 1201 294">
     <span class='ocr_line' id='line_1_2' title="bbox 197 190 1201 237; baseline -0.013 -1"><span class='ocrx_word' id='word_1_2' title='bbox 197 213 331 236; x_wconf 81' lang='lat' dir='ltr'>causam</span> <span class='ocrx_word' id='word_1_3' title='bbox 357 208 475 232; x_wconf 87' lang='lat' dir='ltr'>rursus</span> <span class='ocrx_word' id='word_1_4' title='bbox 500 193 658 237; x_wconf 76' lang='lat' dir='ltr'>cognosci</span> <span class='ocrx_word' id='word_1_5' title='bbox 683 193 719 225; x_wconf 90' lang='lat' dir='ltr'>in</span> <span class='ocrx_word' id='word_1_6' title='bbox 739 191 847 237; x_wconf 82' lang='lat' dir='ltr'>Tyro.</span> <span class='ocrx_word' id='word_1_7' title='bbox 898 190 950 225; x_wconf 92' lang='lat' dir='ltr'>Ac</span> <span class='ocrx_word' id='word_1_8' title='bbox 968 191 1072 224; x_wconf 85' lang='lat' dir='ltr'>verba</span> <span class='ocrx_word' id='word_1_9' title='bbox 1089 197 1171 224; x_wconf 91' lang='lat' dir='ltr'>sunt</span> <span class='ocrx_word' id='word_1_10' title='bbox 1196 192 1201 211; x_wconf 80' lang='lat'>¹</span> 
     </span>
     <span class='ocr_line' id='line_1_3' title="bbox 198 242 1171 294; baseline -0.012 -9"><span class='ocrx_word' id='word_1_11' title='bbox 198 255 234 285; x_wconf 88' lang='lat' dir='ltr'>in</span> <span class='ocrx_word' id='word_1_12' title='bbox 261 250 401 294; x_wconf 83' lang='lat' dir='ltr'>epistola</span> <span class='ocrx_word' id='word_1_13' title='bbox 426 245 659 289; x_wconf 88' lang='lat' dir='ltr'>imperatoris:</span> <span class='ocrx_word' id='word_1_14' title='bbox 694 243 731 277; x_wconf 89' lang='lat' dir='ltr'>Si</span> <span class='ocrx_word' id='word_1_15' title='bbox 758 243 836 287; x_wconf 92' lang='lat' dir='ltr'>quis</span> <span class='ocrx_word' id='word_1_16' title='bbox 851 242 1027 275; x_wconf 83' lang='lat' dir='ltr'>recusabit</span> <span class='ocrx_word' id='word_1_17' title='bbox 1042 242 1171 281; x_wconf 85' lang='lat' dir='ltr'>venire,</span> 
     </span>
    </p>

    <p class='ocr_par' dir='ltr' id='par_1_3' title="bbox 198 289 1172 341">
     <span class='ocr_line' id='line_1_4' title="bbox 198 289 1172 341; baseline -0.012 -6"><span class='ocrx_word' id='word_1_18' title='bbox 198 303 331 335; x_wconf 83' lang='lat' dir='ltr'>mittam</span> <span class='ocrx_word' id='word_1_19' title='bbox 358 297 418 341; x_wconf 91' lang='lat' dir='ltr'>qui</span> <span class='ocrx_word' id='word_1_20' title='bbox 441 307 520 329; x_wconf 89' lang='lat' dir='ltr'>eum</span> <span class='ocrx_word' id='word_1_21' title='bbox 545 296 692 327; x_wconf 79' lang='lat' dir='ltr'>doceant</span> <span class='ocrx_word' id='word_1_22' title='bbox 711 305 782 325; x_wconf 87' lang='lat' dir='ltr'>non</span> <span class='ocrx_word' id='word_1_23' title='bbox 799 291 975 326; x_wconf 82' lang='lat' dir='ltr'>adversari</span> <span class='ocrx_word' id='word_1_24' title='bbox 998 289 1079 324; x_wconf 89' lang='lat' dir='ltr'>huic</span> <span class='ocrx_word' id='word_1_25' title='bbox 1098 292 1172 324; x_wconf 91' lang='lat' dir='ltr'>edi-</span> 
     </span>
    </p>

    <p class='ocr_par' dir='ltr' id='par_1_4' title="bbox 202 341 1174 383">
     <span class='ocr_line' id='line_1_5' title="bbox 202 341 1174 383; baseline -0.009 -1"><span class='ocrx_word' id='word_1_26' title='bbox 202 359 270 383; x_wconf 88' lang='lat' dir='ltr'>cto:</span> <span class='ocrx_word' id='word_1_27' title='bbox 308 355 339 381; x_wconf 90' lang='lat' dir='ltr'>et</span> <span class='ocrx_word' id='word_1_28' title='bbox 365 347 508 378; x_wconf 89' lang='lat' dir='ltr'>mandat</span> <span class='ocrx_word' id='word_1_29' title='bbox 536 343 751 377; x_wconf 87' lang='lat' dir='ltr'>severissime</span> <span class='ocrx_word' id='word_1_30' title='bbox 773 341 964 376; x_wconf 82' lang='lat' dir='ltr'><strong>Ecclesiam</strong></span> <span class='ocrx_word' id='word_1_31' title='bbox 991 341 1133 374; x_wconf 88' lang='lat' dir='ltr'>liberari</span> <span class='ocrx_word' id='word_1_32' title='bbox 1156 353 1174 374; x_wconf 89' lang='lat' dir='ltr'>a</span> 
     </span>
    </p>

    <p class='ocr_par' dir='ltr' id='par_1_5' title="bbox 201 391 1176 441">
     <span class='ocr_line' id='line_1_6' title="bbox 201 391 1176 441; baseline -0.009 -9"><span class='ocrx_word' id='word_1_33' title='bbox 201 396 438 441; x_wconf 82' lang='lat' dir='ltr'>blasphemiis.</span> <span class='ocrx_word' id='word_1_34' title='bbox 490 394 686 428; x_wconf 88' lang='lat' dir='ltr'>Conssuuut</span> <span class='ocrx_word' id='word_1_35' title='bbox 702 404 782 436; x_wconf 85' lang='lat' dir='ltr'>ergo</span> <span class='ocrx_word' id='word_1_36' title='bbox 802 391 982 436; x_wconf 78' lang='lat' dir='ltr'>Episcopi,</span> <span class='ocrx_word' id='word_1_37' title='bbox 998 392 1055 424; x_wconf 89' lang='lat' dir='ltr'>sed</span> <span class='ocrx_word' id='word_1_38' title='bbox 1076 403 1176 435; x_wconf 85' lang='lat' dir='ltr'>prae-</span> 
     </span>
    </p>

    <p class='ocr_par' dir='ltr' id='par_1_6' title="bbox 200 440 1176 492">
     <span class='ocr_line' id='line_1_7' title="bbox 200 440 1176 492; baseline -0.007 -11"><span class='ocrx_word' id='word_1_39' title='bbox 200 450 301 492; x_wconf 84' lang='lat' dir='ltr'>cipue</span> <span class='ocrx_word' id='word_1_40' title='bbox 335 446 551 480; x_wconf 82' lang='lat' dir='ltr'>colludentes</span> <span class='ocrx_word' id='word_1_41' title='bbox 586 456 663 477; x_wconf 92' lang='lat' dir='ltr'>cum</span> <span class='ocrx_word' id='word_1_42' title='bbox 687 443 786 476; x_wconf 88' lang='lat' dir='ltr'>Ario.</span> <span class='ocrx_word' id='word_1_43' title='bbox 837 440 884 475; x_wconf 91' lang='lat' dir='ltr'>Et</span> <span class='ocrx_word' id='word_1_44' title='bbox 907 455 947 475; x_wconf 86' lang='lat' dir='ltr'>eo</span> <span class='ocrx_word' id='word_1_45' title='bbox 977 453 1176 475; x_wconf 87' lang='lat' dir='ltr'>accessurus</span> 
     </span>
    </p>

    <p class='ocr_par' dir='ltr' id='par_1_7' title="bbox 204 490 1177 540">
     <span class='ocr_line' id='line_1_8' title="bbox 204 490 1177 540; baseline -0.008 -8"><span class='ocrx_word' id='word_1_46' title='bbox 204 505 277 532; x_wconf 87' lang='lat' dir='ltr'>erat</span> <span class='ocrx_word' id='word_1_47' title='bbox 303 498 501 540; x_wconf 88' lang='lat' dir='ltr'>imperator.</span> <span class='ocrx_word' id='word_1_48' title='bbox 555 494 643 527; x_wconf 91' lang='lat' dir='ltr'>Nam</span> <span class='ocrx_word' id='word_1_49' title='bbox 668 501 701 526; x_wconf 88' lang='lat' dir='ltr'>et</span> <span class='ocrx_word' id='word_1_50' title='bbox 726 493 761 525; x_wconf 89' lang='lat' dir='ltr'>in</span> <span class='ocrx_word' id='word_1_51' title='bbox 788 490 952 525; x_wconf 83' lang='lat' dir='ltr'>Iordane</span> <span class='ocrx_word' id='word_1_52' title='bbox 979 492 1177 525; x_wconf 88' lang='lat' dir='ltr'>decreverat</span> 
     </span>
    </p>

    <p class='ocr_par' dir='ltr' id='par_1_8' title="bbox 202 541 1177 592">
     <span class='ocr_line' id='line_1_9' title="bbox 202 541 1177 592; baseline -0.007 -11"><span class='ocrx_word' id='word_1_53' title='bbox 202 548 414 592; x_wconf 87' lang='lat' dir='ltr'>baptismum</span> <span class='ocrx_word' id='word_1_54' title='bbox 442 545 608 588; x_wconf 88' lang='lat' dir='ltr'>accipere.</span> <span class='ocrx_word' id='word_1_55' title='bbox 659 543 727 577; x_wconf 89' lang='lat' dir='ltr'>Sed</span> <span class='ocrx_word' id='word_1_56' title='bbox 745 544 829 575; x_wconf 89' lang='lat' dir='ltr'>dum</span> <span class='ocrx_word' id='word_1_57' title='bbox 848 541 932 575; x_wconf 86' lang='lat' dir='ltr'>haec</span> <span class='ocrx_word' id='word_1_58' title='bbox 958 548 1114 585; x_wconf 86' lang='lat' dir='ltr'>apparat,</span> <span class='ocrx_word' id='word_1_59' title='bbox 1141 542 1177 574; x_wconf 88' lang='lat' dir='ltr'>in</span> 
     </span>
    </p>

    <p class='ocr_par' dir='ltr' id='par_1_9' title="bbox 202 591 1178 631">
     <span class='ocr_line' id='line_1_10' title="bbox 202 591 1178 631; baseline -0.007 0"><span class='ocrx_word' id='word_1_60' title='bbox 202 599 366 631; x_wconf 89' lang='lat' dir='ltr'>morbum</span> <span class='ocrx_word' id='word_1_61' title='bbox 400 596 524 629; x_wconf 78' lang='lat' dir='ltr'>incidit</span> <span class='ocrx_word' id='word_1_62' title='bbox 558 595 594 627; x_wconf 87' lang='lat' dir='ltr'>in</span> <span class='ocrx_word' id='word_1_63' title='bbox 623 595 710 627; x_wconf 90' lang='lat' dir='ltr'>urbe</span> <span class='ocrx_word' id='word_1_64' title='bbox 748 592 961 627; x_wconf 80' lang='lat' dir='ltr'>Nicomedia.</span> <span class='ocrx_word' id='word_1_65' title='bbox 1016 591 1071 625; x_wconf 86' lang='lat' dir='ltr'>lbi</span> <span class='ocrx_word' id='word_1_66' title='bbox 1103 604 1178 625; x_wconf 90' lang='lat' dir='ltr'>cum</span> 
     </span>
    </p>

    <p class='ocr_par' dir='ltr' id='par_1_10' title="bbox 202 643 1180 692">
     <span class='ocr_line' id='line_1_11' title="bbox 202 643 1180 692; baseline -0.007 -11"><span class='ocrx_word' id='word_1_67' title='bbox 202 648 396 692; x_wconf 85' lang='lat' dir='ltr'>baptizatus</span> <span class='ocrx_word' id='word_1_68' title='bbox 432 652 538 683; x_wconf 89' lang='lat' dir='ltr'>esset,</span> <span class='ocrx_word' id='word_1_69' title='bbox 581 645 760 688; x_wconf 87' lang='lat' dir='ltr'>aliquanto</span> <span class='ocrx_word' id='word_1_70' title='bbox 794 650 871 686; x_wconf 89' lang='lat' dir='ltr'>post</span> <span class='ocrx_word' id='word_1_71' title='bbox 906 643 942 675; x_wconf 90' lang='lat' dir='ltr'>in</span> <span class='ocrx_word' id='word_1_72' title='bbox 978 643 1180 676; x_wconf 90' lang='lat' dir='ltr'>suburbano</span> 
     </span>
    </p>

    <p class='ocr_par' dir='ltr' id='par_1_11' title="bbox 203 694 1183 781">
     <span class='ocr_line' id='line_1_12' title="bbox 203 694 1183 737; baseline -0.008 -5"><span class='ocrx_word' id='word_1_73' title='bbox 203 705 363 731; x_wconf 85' lang='lat' dir='ltr'>mortuus</span> <span class='ocrx_word' id='word_1_74' title='bbox 389 703 456 737; x_wconf 90' lang='lat' dir='ltr'>est,</span> <span class='ocrx_word' id='word_1_75' title='bbox 490 707 582 728; x_wconf 83' lang='lat' dir='ltr'>anno</span> <span class='ocrx_word' id='word_1_76' title='bbox 609 694 730 727; x_wconf 88' lang='lat' dir='ltr'>aetatis</span> <span class='ocrx_word' id='word_1_77' title='bbox 758 704 838 726; x_wconf 86' lang='lat' dir='ltr'>suae</span> <span class='ocrx_word' id='word_1_78' title='bbox 863 700 958 726; x_wconf 88' lang='lat' dir='ltr'>sexto</span> <span class='ocrx_word' id='word_1_79' title='bbox 983 699 1016 726; x_wconf 88' lang='lat' dir='ltr'>et</span> <span class='ocrx_word' id='word_1_80' title='bbox 1042 703 1183 735; x_wconf 81' lang='lat' dir='ltr'>sexage-</span> 
     </span>
     <span class='ocr_line' id='line_1_13' title="bbox 206 760 308 781; baseline -0.01 0"><span class='ocrx_word' id='word_1_81' title='bbox 206 760 308 781; x_wconf 79' lang='lat' dir='ltr'>simo.</span> 
     </span>
    </p>
   </div>
   <div class='ocr_carea' id='block_1_3' title="bbox 205 799 1182 888">
    <p class='ocr_par' dir='ltr' id='par_1_12' title="bbox 205 799 1182 888">
     <span class='ocr_line' id='line_1_14' title="bbox 307 799 1182 847; baseline -0.005 -10"><span class='ocrx_word' id='word_1_82' title='bbox 307 804 414 837; x_wconf 90' lang='lat' dir='ltr'>Anno</span> <span class='ocrx_word' id='word_1_83' title='bbox 430 803 569 847; x_wconf 87' lang='lat' dir='ltr'>imperii</span> <span class='ocrx_word' id='word_1_84' title='bbox 585 801 759 836; x_wconf 88' lang='lat' dir='ltr'>tricesimo</span> <span class='ocrx_word' id='word_1_85' title='bbox 778 800 944 841; x_wconf 88' lang='lat' dir='ltr'>secundo,</span> <span class='ocrx_word' id='word_1_86' title='bbox 960 799 1076 833; x_wconf 90' lang='lat' dir='ltr'>minus</span> <span class='ocrx_word' id='word_1_87' title='bbox 1095 800 1182 833; x_wconf 93' lang='lat' dir='ltr'>duo-</span> 
     </span>
     <span class='ocr_line' id='line_1_15' title="bbox 205 854 476 888; baseline -0.011 0"><span class='ocrx_word' id='word_1_88' title='bbox 205 857 270 888; x_wconf 89' lang='lat' dir='ltr'>bus</span> <span class='ocrx_word' id='word_1_89' title='bbox 286 854 476 887; x_wconf 83' lang='lat' dir='ltr'>mensibus.</span> 
     </span>
    </p>
   </div>
   <div class='ocr_carea' id='block_1_4' title="bbox 204 907 1184 1494">
    <p class='ocr_par' dir='ltr' id='par_1_13' title="bbox 204 907 1184 1494">
     <span class='ocr_line' id='line_1_16' title="bbox 305 907 1183 952; baseline -0.002 -9"><span class='ocrx_word' id='word_1_90' title='bbox 305 911 437 945; x_wconf 70' lang='lat' dir='ltr'>Verum</span> <span class='ocrx_word' id='word_1_91' title='bbox 459 918 539 944; x_wconf 88' lang='lat' dir='ltr'>ante</span> <span class='ocrx_word' id='word_1_92' title='bbox 555 916 703 942; x_wconf 87' lang='lat' dir='ltr'>mortem</span> <span class='ocrx_word' id='word_1_93' title='bbox 729 908 866 942; x_wconf 82' lang='lat' dir='ltr'>vocavit</span> <span class='ocrx_word' id='word_1_94' title='bbox 883 907 1183 952; x_wconf 87' lang='lat' dir='ltr'>Constantinopo-</span> 
     </span>
     <span class='ocr_line' id='line_1_17' title="bbox 205 958 1183 1006; baseline -0.006 -10"><span class='ocrx_word' id='word_1_95' title='bbox 205 963 257 996; x_wconf 88' lang='lat' dir='ltr'>lin</span> <span class='ocrx_word' id='word_1_96' title='bbox 278 963 467 1006; x_wconf 88' lang='lat' dir='ltr'>imperator</span> <span class='ocrx_word' id='word_1_97' title='bbox 485 959 697 1004; x_wconf 80' lang='lat' dir='ltr'>Episcopus,</span> <span class='ocrx_word' id='word_1_98' title='bbox 724 960 783 1003; x_wconf 90' lang='lat' dir='ltr'>qui</span> <span class='ocrx_word' id='word_1_99' title='bbox 809 958 846 990; x_wconf 92' lang='lat' dir='ltr'>in</span> <span class='ocrx_word' id='word_1_100' title='bbox 872 959 959 991; x_wconf 89' lang='lat' dir='ltr'>urbe</span> <span class='ocrx_word' id='word_1_101' title='bbox 978 958 1075 1003; x_wconf 82' lang='lat' dir='ltr'>Tyro</span> <span class='ocrx_word' id='word_1_102' title='bbox 1099 971 1183 991; x_wconf 91' lang='lat' dir='ltr'>con-</span> 
     </span>
     <span class='ocr_line' id='line_1_18' title="bbox 204 1006 1184 1051; baseline -0.007 -5"><span class='ocrx_word' id='word_1_103' title='bbox 204 1019 395 1051; x_wconf 71' lang='lat' dir='ltr'>venerant,</span> <span class='ocrx_word' id='word_1_104' title='bbox 421 1023 459 1044; x_wconf 90' lang='lat' dir='ltr'>ac</span> <span class='ocrx_word' id='word_1_105' title='bbox 476 1010 579 1043; x_wconf 90' lang='lat' dir='ltr'>simul</span> <span class='ocrx_word' id='word_1_106' title='bbox 599 1009 725 1042; x_wconf 87' lang='lat' dir='ltr'>Arium</span> <span class='ocrx_word' id='word_1_107' title='bbox 751 1020 791 1040; x_wconf 93' lang='lat' dir='ltr'>ex</span> <span class='ocrx_word' id='word_1_108' title='bbox 809 1006 1019 1040; x_wconf 73' lang='lat' dir='ltr'>Alexandria</span> <span class='ocrx_word' id='word_1_109' title='bbox 1038 1008 1184 1040; x_wconf 87' lang='lat' dir='ltr'>accersi-</span> 
     </span>
     <span class='ocr_line' id='line_1_19' title="bbox 204 1056 1184 1099; baseline -0.005 -5"><span class='ocrx_word' id='word_1_110' title='bbox 204 1064 266 1096; x_wconf 71' lang='lat' dir='ltr'>vit.</span> <span class='ocrx_word' id='word_1_111' title='bbox 322 1061 445 1093; x_wconf 70' lang='lat' dir='ltr'>Voluit</span> <span class='ocrx_word' id='word_1_112' title='bbox 462 1060 554 1092; x_wconf 90' lang='lat' dir='ltr'>enim</span> <span class='ocrx_word' id='word_1_113' title='bbox 573 1070 687 1091; x_wconf 89' lang='lat' dir='ltr'>coram</span> <span class='ocrx_word' id='word_1_114' title='bbox 706 1056 810 1090; x_wconf 87' lang='lat' dir='ltr'>huius</span> <span class='ocrx_word' id='word_1_115' title='bbox 829 1057 949 1090; x_wconf 91' lang='lat' dir='ltr'>iudicii</span> <span class='ocrx_word' id='word_1_116' title='bbox 969 1058 1184 1099; x_wconf 83' lang='lat' dir='ltr'>gubernator</span> 
     </span>
     <span class='ocr_line' id='line_1_20' title="bbox 205 1105 1183 1148; baseline -0.008 -2"><span class='ocrx_word' id='word_1_117' title='bbox 205 1124 288 1146; x_wconf 86' lang='lat' dir='ltr'>esse.</span> <span class='ocrx_word' id='word_1_118' title='bbox 342 1109 394 1144; x_wconf 87' lang='lat' dir='ltr'>Eo</span> <span class='ocrx_word' id='word_1_119' title='bbox 418 1122 495 1143; x_wconf 89' lang='lat' dir='ltr'>cum</span> <span class='ocrx_word' id='word_1_120' title='bbox 519 1108 670 1141; x_wconf 82' lang='lat' dir='ltr'>venisset</span> <span class='ocrx_word' id='word_1_121' title='bbox 686 1105 816 1144; x_wconf 78' lang='lat' dir='ltr'>Arius,</span> <span class='ocrx_word' id='word_1_122' title='bbox 845 1114 960 1139; x_wconf 86' lang='lat' dir='ltr'>ortum</span> <span class='ocrx_word' id='word_1_123' title='bbox 986 1115 1035 1140; x_wconf 91' lang='lat' dir='ltr'>est</span> <span class='ocrx_word' id='word_1_124' title='bbox 1060 1107 1183 1148; x_wconf 86' lang='lat' dir='ltr'>ingens</span> 
     </span>
     <span class='ocr_line' id='line_1_21' title="bbox 206 1156 1183 1200; baseline -0.008 -5"><span class='ocrx_word' id='word_1_125' title='bbox 206 1170 379 1196; x_wconf 86' lang='lat' dir='ltr'>certamen</span> <span class='ocrx_word' id='word_1_126' title='bbox 397 1160 488 1193; x_wconf 91' lang='lat' dir='ltr'>inter</span> <span class='ocrx_word' id='word_1_127' title='bbox 498 1157 736 1191; x_wconf 85' lang='lat' dir='ltr'>Alexandrum</span> <span class='ocrx_word' id='word_1_128' title='bbox 751 1156 1183 1200; x_wconf 87' lang='lat' dir='ltr'>Constantinopolitanum</span> 
     </span>
     <span class='ocr_line' id='line_1_22' title="bbox 204 1205 1184 1256; baseline -0.007 -11"><span class='ocrx_word' id='word_1_129' title='bbox 204 1211 448 1256; x_wconf 71' lang='lat' dir='ltr'>Episcopum,</span> <span class='ocrx_word' id='word_1_130' title='bbox 482 1215 573 1241; x_wconf 87' lang='lat' dir='ltr'>recte</span> <span class='ocrx_word' id='word_1_131' title='bbox 601 1208 822 1241; x_wconf 81' lang='lat' dir='ltr'>sentientem:</span> <span class='ocrx_word' id='word_1_132' title='bbox 857 1213 889 1239; x_wconf 91' lang='lat' dir='ltr'>et</span> <span class='ocrx_word' id='word_1_133' title='bbox 908 1205 1102 1239; x_wconf 85' lang='lat' dir='ltr'>Eusebium</span> <span class='ocrx_word' id='word_1_134' title='bbox 1121 1205 1184 1238; x_wconf 75' lang='lat' dir='ltr'>Ni-</span> 
     </span>
     <span class='ocr_line' id='line_1_23' title="bbox 213 1257 1183 1303; baseline -0.004 -8"><span class='ocrx_word' id='word_1_135' title='bbox 213 1262 488 1299; x_wconf 89' lang='lat' dir='ltr'>comediensem,</span> <span class='ocrx_word' id='word_1_136' title='bbox 515 1259 575 1303; x_wconf 89' lang='lat' dir='ltr'>qui</span> <span class='ocrx_word' id='word_1_137' title='bbox 589 1257 799 1291; x_wconf 89' lang='lat' dir='ltr'>astutissime</span> <span class='ocrx_word' id='word_1_138' title='bbox 824 1257 1027 1290; x_wconf 88' lang='lat' dir='ltr'>sublevabat</span> <span class='ocrx_word' id='word_1_139' title='bbox 1044 1257 1183 1291; x_wconf 87' lang='lat' dir='ltr'>Arium.</span> 
     </span>
     <span class='ocr_line' id='line_1_24' title="bbox 205 1306 1179 1350; baseline -0.007 -5"><span class='ocrx_word' id='word_1_140' title='bbox 205 1311 297 1346; x_wconf 89' lang='lat' dir='ltr'>Cum</span> <span class='ocrx_word' id='word_1_141' title='bbox 314 1317 429 1343; x_wconf 88' lang='lat' dir='ltr'>autem</span> <span class='ocrx_word' id='word_1_142' title='bbox 450 1310 593 1341; x_wconf 77' lang='lat' dir='ltr'>instaret</span> <span class='ocrx_word' id='word_1_143' title='bbox 618 1318 781 1350; x_wconf 86' lang='lat' dir='ltr'>magnum</span> <span class='ocrx_word' id='word_1_144' title='bbox 801 1314 994 1347; x_wconf 87' lang='lat' dir='ltr'>certamen,</span> <span class='ocrx_word' id='word_1_145' title='bbox 1021 1314 1097 1349; x_wconf 87' lang='lat' dir='ltr'>post</span> <span class='ocrx_word' id='word_1_146' title='bbox 1113 1306 1179 1339; x_wconf 90' lang='lat' dir='ltr'>ali-</span> 
     </span>
     <span class='ocr_line' id='line_1_25' title="bbox 206 1355 1183 1407; baseline -0.006 -13"><span class='ocrx_word' id='word_1_147' title='bbox 206 1368 293 1407; x_wconf 86' lang='lat' dir='ltr'>quot</span> <span class='ocrx_word' id='word_1_148' title='bbox 323 1361 459 1393; x_wconf 87' lang='lat' dir='ltr'>dierum</span> <span class='ocrx_word' id='word_1_149' title='bbox 493 1368 713 1400; x_wconf 80' lang='lat' dir='ltr'>congressus,</span> <span class='ocrx_word' id='word_1_150' title='bbox 754 1355 955 1389; x_wconf 80' lang='lat' dir='ltr'>Alexander</span> <span class='ocrx_word' id='word_1_151' title='bbox 986 1355 1183 1400; x_wconf 89' lang='lat' dir='ltr'>Episcopus</span> 
     </span>
     <span class='ocr_line' id='line_1_26' title="bbox 206 1406 1183 1450; baseline -0.007 -5"><span class='ocrx_word' id='word_1_152' title='bbox 206 1418 313 1445; x_wconf 87' lang='lat' dir='ltr'>noctu</span> <span class='ocrx_word' id='word_1_153' title='bbox 334 1421 479 1443; x_wconf 81' lang='lat' dir='ltr'>manens</span> <span class='ocrx_word' id='word_1_154' title='bbox 496 1409 532 1441; x_wconf 90' lang='lat' dir='ltr'>in</span> <span class='ocrx_word' id='word_1_155' title='bbox 559 1407 690 1450; x_wconf 88' lang='lat' dir='ltr'>templo</span> <span class='ocrx_word' id='word_1_156' title='bbox 716 1414 874 1450; x_wconf 80' lang='lat' dir='ltr'>precatur</span> <span class='ocrx_word' id='word_1_157' title='bbox 891 1406 1024 1447; x_wconf 90' lang='lat' dir='ltr'>Deum,</span> <span class='ocrx_word' id='word_1_158' title='bbox 1049 1413 1087 1440; x_wconf 92' lang='lat' dir='ltr'>ut</span> <span class='ocrx_word' id='word_1_159' title='bbox 1111 1407 1183 1450; x_wconf 89' lang='lat' dir='ltr'>ipse</span> 
     </span>
     <span class='ocr_line' id='line_1_27' title="bbox 205 1462 560 1494; baseline -0.008 0"><span class='ocrx_word' id='word_1_160' title='bbox 205 1462 386 1494; x_wconf 82' lang='lat' dir='ltr'>veritatem</span> <span class='ocrx_word' id='word_1_161' title='bbox 412 1466 560 1493; x_wconf 88' lang='lat' dir='ltr'>tueatur.</span> 
     </span>
    </p>
   </div>
   <div class='ocr_carea' id='block_1_5' title="bbox 207 1555 1184 1651">
    <p class='ocr_par' dir='ltr' id='par_1_14' title="bbox 207 1555 1184 1651">
     <span class='ocr_line' id='line_1_28' title="bbox 207 1555 1184 1595; baseline -0.006 0"><span class='ocrx_word' id='word_1_162' title='bbox 207 1573 337 1595; x_wconf 85' lang='lat' dir='ltr'>sessum</span> <span class='ocrx_word' id='word_1_163' title='bbox 363 1560 505 1594; x_wconf 89' lang='lat' dir='ltr'>accedit.</span> <span class='ocrx_word' id='word_1_164' title='bbox 559 1557 600 1590; x_wconf 93' lang='lat' dir='ltr'>In</span> <span class='ocrx_word' id='word_1_165' title='bbox 629 1569 667 1589; x_wconf 89' lang='lat' dir='ltr'>eo</span> <span class='ocrx_word' id='word_1_166' title='bbox 696 1558 818 1590; x_wconf 90' lang='lat' dir='ltr'>itinere</span> <span class='ocrx_word' id='word_1_167' title='bbox 837 1555 943 1590; x_wconf 86' lang='lat' dir='ltr'>Arius</span> <span class='ocrx_word' id='word_1_168' title='bbox 965 1557 1116 1590; x_wconf 89' lang='lat' dir='ltr'>deflectit</span> <span class='ocrx_word' id='word_1_169' title='bbox 1141 1558 1184 1589; x_wconf 90' lang='lat' dir='ltr'>de</span> 
     </span>
     <span class='ocr_line' id='line_1_29' title="bbox 207 1607 1183 1651; baseline -0.006 -6"><span class='ocrx_word' id='word_1_170' title='bbox 207 1612 286 1651; x_wconf 68' lang='lat' dir='ltr'>via,</span> <span class='ocrx_word' id='word_1_171' title='bbox 315 1611 429 1644; x_wconf 88' lang='lat' dir='ltr'>subita</span> <span class='ocrx_word' id='word_1_172' title='bbox 460 1607 742 1642; x_wconf 76' lang='lat' dir='ltr'>consternatione</span> <span class='ocrx_word' id='word_1_173' title='bbox 767 1619 974 1651; x_wconf 80' lang='lat' dir='ltr'>oppressus,</span> <span class='ocrx_word' id='word_1_174' title='bbox 1004 1619 1042 1640; x_wconf 91' lang='lat' dir='ltr'>ac</span> <span class='ocrx_word' id='word_1_175' title='bbox 1067 1607 1183 1640; x_wconf 91' lang='lat' dir='ltr'>consi-</span> 
     </span>
    </p>
   </div>
   <div class='ocr_carea' id='block_1_6' title="bbox 207 1657 1210 1697">
    <p class='ocr_par' dir='ltr' id='par_1_15' title="bbox 207 1657 1210 1697">
     <span class='ocr_line' id='line_1_30' title="bbox 207 1657 1210 1697; baseline -0.007 -3"><span class='ocrx_word' id='word_1_176' title='bbox 207 1663 295 1695; x_wconf 85' lang='lat' dir='ltr'>dens</span> <span class='ocrx_word' id='word_1_177' title='bbox 322 1662 358 1693; x_wconf 91' lang='lat' dir='ltr'>in</span> <span class='ocrx_word' id='word_1_178' title='bbox 374 1660 537 1693; x_wconf 90' lang='lat' dir='ltr'>latrinam</span> <span class='ocrx_word' id='word_1_179' title='bbox 572 1659 619 1690; x_wconf 91' lang='lat' dir='ltr'>ibi</span> <span class='ocrx_word' id='word_1_180' title='bbox 645 1657 768 1690; x_wconf 81' lang='lat' dir='ltr'>effudit</span> <span class='ocrx_word' id='word_1_181' title='bbox 794 1658 978 1696; x_wconf 86' lang='lat' dir='ltr'>intestina,</span> <span class='ocrx_word' id='word_1_182' title='bbox 1015 1664 1046 1688; x_wconf 90' lang='lat' dir='ltr'>et</span> <span class='ocrx_word' id='word_1_183' title='bbox 1071 1657 1183 1689; x_wconf 79' lang='lat' dir='ltr'>extin-</span> <span class='ocrx_word' id='word_1_184' title='bbox 1208 1659 1210 1697; x_wconf 61' lang='lat'><em>]</em></span> 
     </span>
    </p>
   </div>
   <div class='ocr_carea' id='block_1_7' title="bbox 207 1705 1183 1844">
    <p class='ocr_par' dir='ltr' id='par_1_16' title="bbox 207 1705 1183 1844">
     <span class='ocr_line' id='line_1_31' title="bbox 207 1705 1182 1751; baseline -0.008 -6"><span class='ocrx_word' id='word_1_185' title='bbox 207 1719 281 1745; x_wconf 89' lang='lat' dir='ltr'>ctus</span> <span class='ocrx_word' id='word_1_186' title='bbox 299 1718 359 1745; x_wconf 88' lang='lat' dir='ltr'>est.</span> <span class='ocrx_word' id='word_1_187' title='bbox 411 1709 607 1742; x_wconf 81' lang='lat' dir='ltr'>Multitudo</span> <span class='ocrx_word' id='word_1_188' title='bbox 631 1707 771 1751; x_wconf 82' lang='lat' dir='ltr'>cognito</span> <span class='ocrx_word' id='word_1_189' title='bbox 798 1707 870 1738; x_wconf 89' lang='lat' dir='ltr'>eius</span> <span class='ocrx_word' id='word_1_190' title='bbox 889 1705 1033 1738; x_wconf 87' lang='lat' dir='ltr'>interitu</span> <span class='ocrx_word' id='word_1_191' title='bbox 1049 1705 1182 1748; x_wconf 88' lang='lat' dir='ltr'>dilapsa</span> 
     </span>
     <span class='ocr_line' id='line_1_32' title="bbox 207 1756 1183 1800; baseline -0.007 -6"><span class='ocrx_word' id='word_1_192' title='bbox 207 1769 277 1800; x_wconf 88' lang='lat' dir='ltr'>est,</span> <span class='ocrx_word' id='word_1_193' title='bbox 305 1768 336 1793; x_wconf 91' lang='lat' dir='ltr'>et</span> <span class='ocrx_word' id='word_1_194' title='bbox 362 1770 483 1792; x_wconf 88' lang='lat' dir='ltr'>rursus</span> <span class='ocrx_word' id='word_1_195' title='bbox 508 1757 620 1800; x_wconf 90' lang='lat' dir='ltr'>coepit</span> <span class='ocrx_word' id='word_1_196' title='bbox 645 1756 814 1789; x_wconf 77' lang='lat' dir='ltr'>autoritas</span> <span class='ocrx_word' id='word_1_197' title='bbox 845 1756 956 1788; x_wconf 87' lang='lat' dir='ltr'>maior</span> <span class='ocrx_word' id='word_1_198' title='bbox 989 1766 1059 1788; x_wconf 91' lang='lat' dir='ltr'>esse</span> <span class='ocrx_word' id='word_1_199' title='bbox 1093 1761 1183 1788; x_wconf 91' lang='lat' dir='ltr'>recte</span> 
     </span>
     <span class='ocr_line' id='line_1_33' title="bbox 208 1810 447 1844; baseline -0.013 0"><span class='ocrx_word' id='word_1_200' title='bbox 208 1810 447 1844; x_wconf 87' lang='lat' dir='ltr'>sentientium.</span> 
     </span>
    </p>
   </div>
   <div class='ocr_carea' id='block_1_8' title="bbox 310 1870 1183 1917">
    <p class='ocr_par' dir='ltr' id='par_1_17' title="bbox 310 1870 1183 1917">
     <span class='ocr_line' id='line_1_34' title="bbox 310 1870 1183 1917; baseline -0.006 -9"><span class='ocrx_word' id='word_1_201' title='bbox 310 1876 348 1909; x_wconf 93' lang='lat' dir='ltr'>Id</span> <span class='ocrx_word' id='word_1_202' title='bbox 371 1874 566 1917; x_wconf 88' lang='lat' dir='ltr'>exemplum</span> <span class='ocrx_word' id='word_1_203' title='bbox 592 1880 625 1906; x_wconf 90' lang='lat' dir='ltr'>et</span> <span class='ocrx_word' id='word_1_204' title='bbox 649 1872 723 1915; x_wconf 90' lang='lat' dir='ltr'>pios</span> <span class='ocrx_word' id='word_1_205' title='bbox 746 1872 1052 1911; x_wconf 68' lang='lat' dir='ltr'>commonefaciat,</span> <span class='ocrx_word' id='word_1_206' title='bbox 1080 1870 1183 1903; x_wconf 63' lang='lat' dir='ltr'>Veri-</span> 
     </span>
    </p>
   </div>
   <div class='ocr_carea' id='block_1_9' title="bbox 208 1922 1211 2018">
    <p class='ocr_par' dir='ltr' id='par_1_18' title="bbox 208 1922 1211 2018">
     <span class='ocr_line' id='line_1_35' title="bbox 209 1922 1210 1966; baseline -0.008 -5"><span class='ocrx_word' id='word_1_207' title='bbox 209 1928 290 1961; x_wconf 81' lang='lat' dir='ltr'>tatis</span> <span class='ocrx_word' id='word_1_208' title='bbox 317 1924 555 1959; x_wconf 84' lang='lat' dir='ltr'>defensionem</span> <span class='ocrx_word' id='word_1_209' title='bbox 580 1923 765 1966; x_wconf 86' lang='lat' dir='ltr'>petendam</span> <span class='ocrx_word' id='word_1_210' title='bbox 793 1928 826 1954; x_wconf 92' lang='lat' dir='ltr'>et</span> <span class='ocrx_word' id='word_1_211' title='bbox 843 1922 1089 1965; x_wconf 86' lang='lat' dir='ltr'>expectandam</span> <span class='ocrx_word' id='word_1_212' title='bbox 1112 1932 1183 1953; x_wconf 85' lang='lat' dir='ltr'>esse</span> <span class='ocrx_word' id='word_1_213' title='bbox 1209 1926 1210 1931; x_wconf 61' lang='lat'>¹</span> 
     </span>
     <span class='ocr_line' id='line_1_36' title="bbox 208 1969 1211 2018; baseline -0.008 -7"><span class='ocrx_word' id='word_1_214' title='bbox 208 1991 226 2011; x_wconf 89' lang='lat' dir='ltr'>a</span> <span class='ocrx_word' id='word_1_215' title='bbox 246 1976 345 2010; x_wconf 85' lang='lat' dir='ltr'>Deo:</span> <span class='ocrx_word' id='word_1_216' title='bbox 374 1983 406 2009; x_wconf 85' lang='lat' dir='ltr'>et</span> <span class='ocrx_word' id='word_1_217' title='bbox 431 1973 549 2018; x_wconf 89' lang='lat' dir='ltr'>puniri</span> <span class='ocrx_word' id='word_1_218' title='bbox 579 1973 777 2014; x_wconf 84' lang='lat' dir='ltr'>insignibus</span> <span class='ocrx_word' id='word_1_219' title='bbox 802 1972 967 2014; x_wconf 78' lang='lat' dir='ltr'>exemplis</span> <span class='ocrx_word' id='word_1_220' title='bbox 988 1969 1103 2004; x_wconf 89' lang='lat' dir='ltr'>hostes</span> <span class='ocrx_word' id='word_1_221' title='bbox 1123 1983 1182 2003; x_wconf 79' lang='lat' dir='ltr'>ve·</span> <span class='ocrx_word' id='word_1_222' title='bbox 1208 1993 1211 2014; x_wconf 71' lang='lat'>,¹</span> 
     </span>
    </p>
   </div>
   <div class='ocr_carea' id='block_1_10' title="bbox 207 2020 1183 2212">
    <p class='ocr_par' dir='ltr' id='par_1_19' title="bbox 207 2020 1183 2212">
     <span class='ocr_line' id='line_1_37' title="bbox 207 2020 1182 2067; baseline -0.008 -6"><span class='ocrx_word' id='word_1_223' title='bbox 207 2028 341 2067; x_wconf 87' lang='lat' dir='ltr'>ritatis,</span> <span class='ocrx_word' id='word_1_224' title='bbox 368 2033 406 2059; x_wconf 92' lang='lat' dir='ltr'>ut</span> <span class='ocrx_word' id='word_1_225' title='bbox 431 2035 534 2067; x_wconf 90' lang='lat' dir='ltr'>supra</span> <span class='ocrx_word' id='word_1_226' title='bbox 558 2024 600 2056; x_wconf 90' lang='lat' dir='ltr'>de</span> <span class='ocrx_word' id='word_1_227' title='bbox 618 2022 792 2055; x_wconf 85' lang='lat' dir='ltr'>Montano</span> <span class='ocrx_word' id='word_1_228' title='bbox 818 2029 849 2054; x_wconf 85' lang='lat' dir='ltr'>et</span> <span class='ocrx_word' id='word_1_229' title='bbox 866 2020 1026 2055; x_wconf 85' lang='lat' dir='ltr'>Priscilla</span> <span class='ocrx_word' id='word_1_230' title='bbox 1051 2022 1182 2054; x_wconf 85' lang='lat' dir='ltr'>dictum</span> 
     </span>
     <span class='ocr_line' id='line_1_38' title="bbox 208 2072 1028 2121; baseline -0.009 -10"><span class='ocrx_word' id='word_1_231' title='bbox 208 2086 276 2118; x_wconf 85' lang='lat' dir='ltr'>est,</span> <span class='ocrx_word' id='word_1_232' title='bbox 303 2077 363 2121; x_wconf 89' lang='lat' dir='ltr'>qui</span> <span class='ocrx_word' id='word_1_233' title='bbox 381 2075 447 2108; x_wconf 88' lang='lat' dir='ltr'>sibi</span> <span class='ocrx_word' id='word_1_234' title='bbox 466 2074 549 2117; x_wconf 91' lang='lat' dir='ltr'>ipsis</span> <span class='ocrx_word' id='word_1_235' title='bbox 567 2074 746 2114; x_wconf 83' lang='lat' dir='ltr'>fregerunt</span> <span class='ocrx_word' id='word_1_236' title='bbox 764 2072 861 2114; x_wconf 80' lang='lat' dir='ltr'>gulas</span> <span class='ocrx_word' id='word_1_237' title='bbox 886 2072 1028 2116; x_wconf 88' lang='lat' dir='ltr'>laqueis.</span> 
     </span>
     <span class='ocr_line' id='line_1_39' title="bbox 209 2122 1183 2172; baseline -0.007 -11"><span class='ocrx_word' id='word_1_238' title='bbox 209 2140 336 2172; x_wconf 84' lang='lat' dir='ltr'>poenas</span> <span class='ocrx_word' id='word_1_239' title='bbox 360 2126 455 2159; x_wconf 80' lang='lat' dir='ltr'>dedit</span> <span class='ocrx_word' id='word_1_240' title='bbox 484 2123 593 2156; x_wconf 78' lang='lat' dir='ltr'>Arius</span> <span class='ocrx_word' id='word_1_241' title='bbox 618 2123 747 2165; x_wconf 79' lang='lat' dir='ltr'>insigni</span> <span class='ocrx_word' id='word_1_242' title='bbox 781 2122 937 2166; x_wconf 86' lang='lat' dir='ltr'>exemplo</span> <span class='ocrx_word' id='word_1_243' title='bbox 971 2123 1066 2166; x_wconf 91' lang='lat' dir='ltr'>quod</span> <span class='ocrx_word' id='word_1_244' title='bbox 1095 2133 1183 2165; x_wconf 89' lang='lat' dir='ltr'>pene</span> 
     </span>
     <span class='ocr_line' id='line_1_40' title="bbox 209 2174 652 2212; baseline -0.007 -1"><span class='ocrx_word' id='word_1_245' title='bbox 209 2179 321 2212; x_wconf 86' lang='lat' dir='ltr'>simile</span> <span class='ocrx_word' id='word_1_246' title='bbox 340 2184 388 2210; x_wconf 88' lang='lat' dir='ltr'>est</span> <span class='ocrx_word' id='word_1_247' title='bbox 413 2175 518 2208; x_wconf 84' lang='lat' dir='ltr'>Iudae</span> <span class='ocrx_word' id='word_1_248' title='bbox 535 2174 652 2208; x_wconf 86' lang='lat' dir='ltr'>exitio.</span> 
     </span>
    </p>
   </div>
   <div class='ocr_carea' id='block_1_11' title="bbox 210 2237 1211 2583">
    <p class='ocr_par' dir='ltr' id='par_1_20' title="bbox 210 2237 1211 2583">
     <span class='ocr_line' id='line_1_41' title="bbox 308 2237 1184 2287; baseline -0.006 -11"><span class='ocrx_word' id='word_1_249' title='bbox 308 2243 500 2287; x_wconf 82' lang='lat' dir='ltr'>Aliquanto</span> <span class='ocrx_word' id='word_1_250' title='bbox 518 2246 595 2285; x_wconf 84' lang='lat' dir='ltr'>post</span> <span class='ocrx_word' id='word_1_251' title='bbox 614 2246 773 2272; x_wconf 91' lang='lat' dir='ltr'>mortuus</span> <span class='ocrx_word' id='word_1_252' title='bbox 790 2245 838 2272; x_wconf 87' lang='lat' dir='ltr'>est</span> <span class='ocrx_word' id='word_1_253' title='bbox 848 2237 1101 2271; x_wconf 81' lang='lat' dir='ltr'>Constantinus</span> <span class='ocrx_word' id='word_1_254' title='bbox 1116 2238 1184 2271; x_wconf 89' lang='lat' dir='ltr'>im-</span> 
     </span>
     <span class='ocr_line' id='line_1_42' title="bbox 211 2287 1183 2338; baseline -0.007 -11"><span class='ocrx_word' id='word_1_255' title='bbox 211 2301 367 2338; x_wconf 85' lang='lat' dir='ltr'>perator,</span> <span class='ocrx_word' id='word_1_256' title='bbox 395 2293 493 2326; x_wconf 91' lang='lat' dir='ltr'>cuius</span> <span class='ocrx_word' id='word_1_257' title='bbox 512 2292 676 2324; x_wconf 87' lang='lat' dir='ltr'>virtutem</span> <span class='ocrx_word' id='word_1_258' title='bbox 694 2296 725 2322; x_wconf 87' lang='lat' dir='ltr'>et</span> <span class='ocrx_word' id='word_1_259' title='bbox 743 2289 919 2321; x_wconf 82' lang='lat' dir='ltr'>fortunam</span> <span class='ocrx_word' id='word_1_260' title='bbox 938 2289 1042 2321; x_wconf 88' lang='lat' dir='ltr'>fuisse</span> <span class='ocrx_word' id='word_1_261' title='bbox 1067 2287 1183 2321; x_wconf 89' lang='lat' dir='ltr'>heroi-</span> 
     </span>
     <span class='ocr_line' id='line_1_43' title="bbox 210 2338 1211 2383; baseline -0.008 -5"><span class='ocrx_word' id='word_1_262' title='bbox 210 2356 303 2383; x_wconf 85' lang='lat' dir='ltr'>cam,</span> <span class='ocrx_word' id='word_1_263' title='bbox 331 2350 471 2376; x_wconf 78' lang='lat' dir='ltr'>eventus</span> <span class='ocrx_word' id='word_1_264' title='bbox 490 2342 692 2375; x_wconf 86' lang='lat' dir='ltr'>ostendunt.</span> <span class='ocrx_word' id='word_1_265' title='bbox 747 2338 838 2381; x_wconf 86' lang='lat' dir='ltr'>Quia</span> <span class='ocrx_word' id='word_1_266' title='bbox 864 2339 1031 2382; x_wconf 85' lang='lat' dir='ltr'>singulari</span> <span class='ocrx_word' id='word_1_267' title='bbox 1050 2339 1183 2372; x_wconf 87' lang='lat' dir='ltr'>foelici-</span> <span class='ocrx_word' id='word_1_268' title='bbox 1209 2343 1211 2350; x_wconf 79' lang='grc'>’</span> 
     </span>
     <span class='ocr_line' id='line_1_44' title="bbox 210 2389 1184 2437; baseline -0.006 -10"><span class='ocrx_word' id='word_1_269' title='bbox 210 2401 279 2428; x_wconf 87' lang='lat' dir='ltr'>tate</span> <span class='ocrx_word' id='word_1_270' title='bbox 307 2394 428 2425; x_wconf 88' lang='lat' dir='ltr'>deletis</span> <span class='ocrx_word' id='word_1_271' title='bbox 451 2391 609 2437; x_wconf 77' lang='lat' dir='ltr'>tyrannis</span> <span class='ocrx_word' id='word_1_272' title='bbox 633 2402 750 2434; x_wconf 87' lang='lat' dir='ltr'>pacem</span> <span class='ocrx_word' id='word_1_273' title='bbox 777 2389 854 2421; x_wconf 86' lang='lat' dir='ltr'>orbi</span> <span class='ocrx_word' id='word_1_274' title='bbox 886 2396 1055 2421; x_wconf 83' lang='lat' dir='ltr'>terrarum</span> <span class='ocrx_word' id='word_1_275' title='bbox 1082 2390 1184 2422; x_wconf 91' lang='lat' dir='ltr'>resti-</span> 
     </span>
     <span class='ocr_line' id='line_1_45' title="bbox 210 2440 1183 2483; baseline -0.006 -6"><span class='ocrx_word' id='word_1_276' title='bbox 210 2444 295 2477; x_wconf 88' lang='lat' dir='ltr'>tuit:</span> <span class='ocrx_word' id='word_1_277' title='bbox 340 2450 370 2476; x_wconf 89' lang='lat' dir='ltr'>et</span> <span class='ocrx_word' id='word_1_278' title='bbox 398 2443 477 2475; x_wconf 86' lang='lat' dir='ltr'>secit</span> <span class='ocrx_word' id='word_1_279' title='bbox 512 2442 682 2483; x_wconf 82' lang='lat' dir='ltr'>insignem</span> <span class='ocrx_word' id='word_1_280' title='bbox 714 2440 942 2472; x_wconf 83' lang='lat' dir='ltr'>mutationem</span> <span class='ocrx_word' id='word_1_281' title='bbox 966 2440 1003 2471; x_wconf 91' lang='lat' dir='ltr'>in</span> <span class='ocrx_word' id='word_1_282' title='bbox 1036 2440 1183 2482; x_wconf 91' lang='lat' dir='ltr'>imperio</span> 
     </span>
     <span class='ocr_line' id='line_1_46' title="bbox 212 2487 1185 2536; baseline -0.006 -9"><span class='ocrx_word' id='word_1_283' title='bbox 212 2494 394 2531; x_wconf 80' lang='lat' dir='ltr'>Romano,</span> <span class='ocrx_word' id='word_1_284' title='bbox 428 2504 514 2536; x_wconf 84' lang='lat' dir='ltr'>quae</span> <span class='ocrx_word' id='word_1_285' title='bbox 541 2499 653 2523; x_wconf 84' lang='lat' dir='ltr'>tamen</span> <span class='ocrx_word' id='word_1_286' title='bbox 680 2497 795 2534; x_wconf 81' lang='lat' dir='ltr'>postea</span> <span class='ocrx_word' id='word_1_287' title='bbox 821 2490 954 2532; x_wconf 86' lang='lat' dir='ltr'>profuit</span> <span class='ocrx_word' id='word_1_288' title='bbox 976 2489 1093 2531; x_wconf 80' lang='lat' dir='ltr'>generi</span> <span class='ocrx_word' id='word_1_289' title='bbox 1117 2487 1185 2522; x_wconf 87' lang='lat' dir='ltr'>hu—</span> 
     </span>
     <span class='ocr_line' id='line_1_47' title="bbox 211 2537 1184 2583; baseline -0.005 -6"><span class='ocrx_word' id='word_1_290' title='bbox 211 2556 333 2583; x_wconf 89' lang='lat' dir='ltr'>mano,</span> <span class='ocrx_word' id='word_1_291' title='bbox 357 2554 435 2575; x_wconf 87' lang='lat' dir='ltr'>cum</span> <span class='ocrx_word' id='word_1_292' title='bbox 462 2542 518 2572; x_wconf 85' lang='lat' dir='ltr'>illa</span> <span class='ocrx_word' id='word_1_293' title='bbox 538 2552 614 2583; x_wconf 90' lang='lat' dir='ltr'>pars</span> <span class='ocrx_word' id='word_1_294' title='bbox 638 2541 761 2573; x_wconf 88' lang='lat' dir='ltr'>mundi</span> <span class='ocrx_word' id='word_1_295' title='bbox 779 2552 900 2572; x_wconf 82' lang='lat' dir='ltr'>versus</span> <span class='ocrx_word' id='word_1_296' title='bbox 920 2537 1105 2573; x_wconf 86' lang='lat' dir='ltr'>Orientem</span> <span class='ocrx_word' id='word_1_297' title='bbox 1123 2541 1184 2572; x_wconf 90' lang='lat' dir='ltr'>de-</span> 
     </span>
    </p>
   </div>
   <div class='ocr_carea' id='block_1_12' title="bbox 429 100 1955 149">
    <p class='ocr_par' dir='ltr' id='par_1_21' title="bbox 429 100 1955 149">
     <span class='ocr_line' id='line_1_48' title="bbox 429 100 1955 149; baseline -0.007 0"><span class='ocrx_word' id='word_1_298' title='bbox 429 112 642 149; x_wconf 75' lang='lat' dir='ltr'>SCRlPTA.</span> <span class='ocrx_word' id='word_1_299' title='bbox 663 109 737 144; x_wconf 89' lang='lat' dir='ltr'>PH.</span> <span class='ocrx_word' id='word_1_300' title='bbox 766 106 879 142; x_wconf 87' lang='lat' dir='ltr'>MEL.</span> <span class='ocrx_word' id='word_1_301' title='bbox 909 106 972 141; x_wconf 90' lang='lat' dir='ltr'>AD</span> <span class='ocrx_word' id='word_1_302' title='bbox 999 105 1128 140; x_wconf 83' lang='lat' dir='ltr'>HIST.</span> <span class='ocrx_word' id='word_1_303' title='bbox 1154 103 1297 141; x_wconf 82' lang='lat' dir='ltr'>PROF.</span> <span class='ocrx_word' id='word_1_304' title='bbox 1326 100 1391 137; x_wconf 88' lang='lat' dir='ltr'>ET</span> <span class='ocrx_word' id='word_1_305' title='bbox 1416 101 1609 139; x_wconf 90' lang='lat' dir='ltr'>PHILOS.</span> <span class='ocrx_word' id='word_1_306' title='bbox 1637 102 1955 142; x_wconf 86' lang='lat' dir='ltr'>SPECTANTIA.</span> 
     </span>
    </p>
   </div>
   <div class='ocr_carea' id='block_1_13' title="bbox 207 1457 1210 1551">
    <p class='ocr_par' dir='ltr' id='par_1_22' title="bbox 207 1457 1210 1551">
     <span class='ocr_line' id='line_1_49' title="bbox 614 1457 1210 1500; baseline 0.003 -11"><span class='ocrx_word' id='word_1_307' title='bbox 614 1457 721 1490; x_wconf 90' lang='lat' dir='ltr'>Mane</span> <span class='ocrx_word' id='word_1_308' title='bbox 744 1469 823 1490; x_wconf 92' lang='lat' dir='ltr'>cum</span> <span class='ocrx_word' id='word_1_309' title='bbox 844 1457 946 1499; x_wconf 87' lang='lat' dir='ltr'>longa</span> <span class='ocrx_word' id='word_1_310' title='bbox 969 1464 1055 1490; x_wconf 88' lang='lat' dir='ltr'>esset</span> <span class='ocrx_word' id='word_1_311' title='bbox 1081 1468 1184 1500; x_wconf 86' lang='lat' dir='ltr'>expe-</span> <span class='ocrx_word' id='word_1_312' title='bbox 1209 1487 1210 1491; x_wconf 71' lang='grc'>,</span> 
     </span>
     <span class='ocr_line' id='line_1_50' title="bbox 207 1506 1183 1551; baseline -0.007 -6"><span class='ocrx_word' id='word_1_313' title='bbox 207 1512 331 1551; x_wconf 85' lang='lat' dir='ltr'>ctatiO,</span> <span class='ocrx_word' id='word_1_314' title='bbox 366 1511 507 1544; x_wconf 82' lang='lat' dir='ltr'>tandem</span> <span class='ocrx_word' id='word_1_315' title='bbox 535 1509 638 1541; x_wconf 85' lang='lat' dir='ltr'>factio</span> <span class='ocrx_word' id='word_1_316' title='bbox 663 1506 795 1540; x_wconf 81' lang='lat' dir='ltr'>Ariana</span> <span class='ocrx_word' id='word_1_317' title='bbox 821 1508 863 1540; x_wconf 90' lang='lat' dir='ltr'>ad</span> <span class='ocrx_word' id='word_1_318' title='bbox 890 1507 1071 1550; x_wconf 91' lang='lat' dir='ltr'>publicum</span> <span class='ocrx_word' id='word_1_319' title='bbox 1097 1519 1183 1539; x_wconf 88' lang='lat' dir='ltr'>con-</span> 
     </span>
    </p>
   </div>
   <div class='ocr_carea' id='block_1_14' title="bbox 1082 2070 1211 2105">
    <p class='ocr_par' dir='ltr' id='par_1_23' title="bbox 1082 2070 1211 2105">
     <span class='ocr_line' id='line_1_51' title="bbox 1082 2070 1211 2105; baseline 0 -1"><span class='ocrx_word' id='word_1_320' title='bbox 1082 2070 1131 2105; x_wconf 90' lang='lat' dir='ltr'>lta</span> <span class='ocrx_word' id='word_1_321' title='bbox 1150 2078 1183 2105; x_wconf 87' lang='lat' dir='ltr'>et</span> <span class='ocrx_word' id='word_1_322' title='bbox 1209 2078 1211 2095; x_wconf 67' lang='lat'>=&#39;</span> 
     </span>
    </p>
   </div>
   <div class='ocr_carea' id='block_1_15' title="bbox 1209 2387 1875 2432">
    <p class='ocr_par' dir='ltr' id='par_1_24' title="bbox 1209 2387 1875 2432">
     <span class='ocr_line' id='line_1_52' title="bbox 1209 2387 1875 2432; baseline 0.003 -10"><span class='ocrx_word' id='word_1_323' title='bbox 1209 2406 1211 2432; x_wconf 69' lang='lat'>,3</span> <span class='ocrx_word' id='word_1_324' title='bbox 1237 2390 1405 2423; x_wconf 88' lang='lat' dir='ltr'>minimus</span> <span class='ocrx_word' id='word_1_325' title='bbox 1430 2396 1514 2422; x_wconf 88' lang='lat' dir='ltr'>natu</span> <span class='ocrx_word' id='word_1_326' title='bbox 1537 2387 1721 2423; x_wconf 84' lang='lat' dir='ltr'>Orientem</span> <span class='ocrx_word' id='word_1_327' title='bbox 1753 2390 1875 2424; x_wconf 87' lang='lat' dir='ltr'>tenuit.</span> 
     </span>
    </p>
   </div>
   <div class='ocr_carea' id='block_1_16' title="bbox 1209 2490 1445 2533">
    <p class='ocr_par' dir='ltr' id='par_1_25' title="bbox 1209 2490 1445 2533">
     <span class='ocr_line' id='line_1_53' title="bbox 1209 2490 1445 2533; baseline -0.017 -8"><span class='ocrx_word' id='word_1_328' title='bbox 1209 2515 1212 2525; x_wconf 85' lang='lat'>.</span> <span class='ocrx_word' id='word_1_329' title='bbox 1238 2490 1369 2533; x_wconf 88' lang='lat' dir='ltr'>potitus</span> <span class='ocrx_word' id='word_1_330' title='bbox 1384 2499 1445 2525; x_wconf 85' lang='lat' dir='ltr'>est.</span> 
     </span>
    </p>
   </div>
   <div class='ocr_carea' id='block_1_17' title="bbox 2124 105 2197 140">
    <p class='ocr_par' dir='ltr' id='par_1_26' title="bbox 2124 105 2197 140">
     <span class='ocr_line' id='line_1_54' title="bbox 2124 105 2197 140; baseline 0 0"><span class='ocrx_word' id='word_1_331' title='bbox 2124 105 2197 140; x_wconf 88' lang='lat'>980</span> 
     </span>
    </p>
   </div>
   <div class='ocr_carea' id='block_1_18' title="bbox 1226 186 2204 632">
    <p class='ocr_par' dir='ltr' id='par_1_27' title="bbox 1226 186 2204 632">
     <span class='ocr_line' id='line_1_55' title="bbox 1329 186 2199 228; baseline 0.005 -9"><span class='ocrx_word' id='word_1_332' title='bbox 1329 186 1411 220; x_wconf 85' lang='lat' dir='ltr'>Fuit</span> <span class='ocrx_word' id='word_1_333' title='bbox 1432 187 1543 222; x_wconf 87' lang='lat' dir='ltr'>iustus</span> <span class='ocrx_word' id='word_1_334' title='bbox 1569 195 1601 222; x_wconf 87' lang='lat' dir='ltr'>et</span> <span class='ocrx_word' id='word_1_335' title='bbox 1617 200 1775 228; x_wconf 86' lang='lat' dir='ltr'>severus,</span> <span class='ocrx_word' id='word_1_336' title='bbox 1803 190 1861 223; x_wconf 88' lang='lat' dir='ltr'>sed</span> <span class='ocrx_word' id='word_1_337' title='bbox 1885 190 2092 225; x_wconf 83' lang='lat' dir='ltr'>domesticas</span> <span class='ocrx_word' id='word_1_338' title='bbox 2113 191 2199 225; x_wconf 84' lang='lat' dir='ltr'>duas</span> 
     </span>
     <span class='ocr_line' id='line_1_56' title="bbox 1226 238 2199 284; baseline 0.001 -12"><span class='ocrx_word' id='word_1_339' title='bbox 1226 238 1439 272; x_wconf 83' lang='lat' dir='ltr'>calamitates</span> <span class='ocrx_word' id='word_1_340' title='bbox 1462 238 1616 281; x_wconf 87' lang='lat' dir='ltr'>insigues</span> <span class='ocrx_word' id='word_1_341' title='bbox 1639 238 1778 273; x_wconf 87' lang='lat' dir='ltr'>habuit:</span> <span class='ocrx_word' id='word_1_342' title='bbox 1813 240 1943 273; x_wconf 87' lang='lat' dir='ltr'>Filium</span> <span class='ocrx_word' id='word_1_343' title='bbox 1967 248 2199 284; x_wconf 76' lang='lat' dir='ltr'>praestantem</span> 
     </span>
     <span class='ocr_line' id='line_1_57' title="bbox 1227 284 2201 334; baseline 0.002 -13"><span class='ocrx_word' id='word_1_344' title='bbox 1227 289 1341 321; x_wconf 83' lang='lat' dir='ltr'>virum</span> <span class='ocrx_word' id='word_1_345' title='bbox 1361 284 1544 334; x_wconf 81' lang='lat' dir='ltr'>Crispum,</span> <span class='ocrx_word' id='word_1_346' title='bbox 1572 296 1694 322; x_wconf 86' lang='lat' dir='ltr'>natum</span> <span class='ocrx_word' id='word_1_347' title='bbox 1711 302 1750 323; x_wconf 88' lang='lat' dir='ltr'>ex</span> <span class='ocrx_word' id='word_1_348' title='bbox 1770 291 1882 334; x_wconf 90' lang='lat' dir='ltr'>prima</span> <span class='ocrx_word' id='word_1_349' title='bbox 1901 290 2048 333; x_wconf 84' lang='lat' dir='ltr'>coniuge</span> <span class='ocrx_word' id='word_1_350' title='bbox 2062 290 2201 323; x_wconf 87' lang='lat' dir='ltr'>Miner-</span> 
     </span>
     <span class='ocr_line' id='line_1_58' title="bbox 1228 338 2201 383; baseline 0.003 -13"><span class='ocrx_word' id='word_1_351' title='bbox 1228 340 1329 378; x_wconf 74' lang='lat' dir='ltr'>vina,</span> <span class='ocrx_word' id='word_1_352' title='bbox 1372 350 1475 383; x_wconf 91' lang='lat' dir='ltr'>quem</span> <span class='ocrx_word' id='word_1_353' title='bbox 1507 339 1576 371; x_wconf 85' lang='lat' dir='ltr'>iam</span> <span class='ocrx_word' id='word_1_354' title='bbox 1601 338 1782 373; x_wconf 86' lang='lat' dir='ltr'>Caesarem</span> <span class='ocrx_word' id='word_1_355' title='bbox 1815 340 2074 380; x_wconf 85' lang='lat' dir='ltr'>nominaverat,</span> <span class='ocrx_word' id='word_1_356' title='bbox 2115 341 2201 373; x_wconf 80' lang='lat' dir='ltr'>salso</span> 
     </span>
     <span class='ocr_line' id='line_1_59' title="bbox 1229 389 2202 428; baseline 0.001 -6"><span class='ocrx_word' id='word_1_357' title='bbox 1229 395 1423 422; x_wconf 87' lang='lat' dir='ltr'>accusatum</span> <span class='ocrx_word' id='word_1_358' title='bbox 1448 400 1466 423; x_wconf 85' lang='lat' dir='ltr'>a</span> <span class='ocrx_word' id='word_1_359' title='bbox 1491 401 1657 428; x_wconf 83' lang='lat' dir='ltr'>noverca,</span> <span class='ocrx_word' id='word_1_360' title='bbox 1699 390 1847 423; x_wconf 79' lang='lat' dir='ltr'>interfici</span> <span class='ocrx_word' id='word_1_361' title='bbox 1873 391 1984 424; x_wconf 88' lang='lat' dir='ltr'>iussit.</span> <span class='ocrx_word' id='word_1_362' title='bbox 2035 389 2117 423; x_wconf 88' lang='lat' dir='ltr'>Fuit</span> <span class='ocrx_word' id='word_1_363' title='bbox 2140 402 2202 423; x_wconf 91' lang='lat' dir='ltr'>au-</span> 
     </span>
     <span class='ocr_line' id='line_1_60' title="bbox 1232 436 2203 480; baseline -0.001 -8"><span class='ocrx_word' id='word_1_364' title='bbox 1232 446 1300 472; x_wconf 89' lang='lat' dir='ltr'>tem</span> <span class='ocrx_word' id='word_1_365' title='bbox 1329 450 1478 472; x_wconf 82' lang='lat' dir='ltr'>noverca</span> <span class='ocrx_word' id='word_1_366' title='bbox 1495 436 1642 472; x_wconf 71' lang='lat' dir='ltr'>Fausta</span> <span class='ocrx_word' id='word_1_367' title='bbox 1657 467 1666 480; x_wconf 93' lang='lat'>,</span> <span class='ocrx_word' id='word_1_368' title='bbox 1698 440 1769 472; x_wconf 87' lang='lat' dir='ltr'>filia</span> <span class='ocrx_word' id='word_1_369' title='bbox 1793 439 2002 473; x_wconf 84' lang='lat' dir='ltr'>Maximiani</span> <span class='ocrx_word' id='word_1_370' title='bbox 2025 438 2203 477; x_wconf 88' lang='lat' dir='ltr'>Herculei,</span> 
     </span>
     <span class='ocr_line' id='line_1_61' title="bbox 1232 490 2204 535; baseline 0.003 -14"><span class='ocrx_word' id='word_1_371' title='bbox 1232 500 1320 534; x_wconf 84' lang='lat' dir='ltr'>quae</span> <span class='ocrx_word' id='word_1_372' title='bbox 1349 490 1391 521; x_wconf 89' lang='lat' dir='ltr'>ad</span> <span class='ocrx_word' id='word_1_373' title='bbox 1416 500 1495 522; x_wconf 90' lang='lat' dir='ltr'>suos</span> <span class='ocrx_word' id='word_1_374' title='bbox 1520 490 1610 523; x_wconf 87' lang='lat' dir='ltr'>filios</span> <span class='ocrx_word' id='word_1_375' title='bbox 1630 490 1811 524; x_wconf 82' lang='lat' dir='ltr'>transferri</span> <span class='ocrx_word' id='word_1_376' title='bbox 1841 490 2027 535; x_wconf 90' lang='lat' dir='ltr'>imperium</span> <span class='ocrx_word' id='word_1_377' title='bbox 2052 490 2204 524; x_wconf 89' lang='lat' dir='ltr'>volebat.</span> 
     </span>
     <span class='ocr_line' id='line_1_62' title="bbox 1232 538 2204 584; baseline 0 -12"><span class='ocrx_word' id='word_1_378' title='bbox 1232 539 1356 572; x_wconf 88' lang='lat' dir='ltr'>Postea</span> <span class='ocrx_word' id='word_1_379' title='bbox 1373 538 1627 574; x_wconf 85' lang='lat' dir='ltr'>Constantinus</span> <span class='ocrx_word' id='word_1_380' title='bbox 1651 538 1867 584; x_wconf 86' lang='lat' dir='ltr'>deprehensa</span> <span class='ocrx_word' id='word_1_381' title='bbox 1884 540 2057 573; x_wconf 89' lang='lat' dir='ltr'>calumnia</span> <span class='ocrx_word' id='word_1_382' title='bbox 2073 547 2104 574; x_wconf 87' lang='lat' dir='ltr'>et</span> <span class='ocrx_word' id='word_1_383' title='bbox 2121 552 2204 573; x_wconf 91' lang='lat' dir='ltr'>con-</span> 
     </span>
     <span class='ocr_line' id='line_1_63' title="bbox 1234 589 1786 632; baseline 0.002 -10"><span class='ocrx_word' id='word_1_384' title='bbox 1234 590 1347 632; x_wconf 88' lang='lat' dir='ltr'>iugem</span> <span class='ocrx_word' id='word_1_385' title='bbox 1366 589 1528 624; x_wconf 85' lang='lat' dir='ltr'>Faustam</span> <span class='ocrx_word' id='word_1_386' title='bbox 1546 590 1644 623; x_wconf 87' lang='lat' dir='ltr'>iussit</span> <span class='ocrx_word' id='word_1_387' title='bbox 1659 591 1786 624; x_wconf 88' lang='lat' dir='ltr'>necari.</span> 
     </span>
    </p>
   </div>
   <div class='ocr_carea' id='block_1_19' title="bbox 1207 646 2213 1702">
    <p class='ocr_par' dir='ltr' id='par_1_28' title="bbox 1207 646 2209 1096">
     <span class='ocr_line' id='line_1_64' title="bbox 1336 646 2206 683; baseline -0.001 -2"><span class='ocrx_word' id='word_1_388' title='bbox 1336 646 1407 681; x_wconf 89' lang='lat' dir='ltr'>Nec</span> <span class='ocrx_word' id='word_1_389' title='bbox 1434 655 1569 682; x_wconf 87' lang='lat' dir='ltr'>tantum</span> <span class='ocrx_word' id='word_1_390' title='bbox 1595 646 1649 681; x_wconf 89' lang='lat' dir='ltr'>his</span> <span class='ocrx_word' id='word_1_391' title='bbox 1665 649 1863 683; x_wconf 86' lang='lat' dir='ltr'>domesticis</span> <span class='ocrx_word' id='word_1_392' title='bbox 1881 648 2135 681; x_wconf 88' lang='lat' dir='ltr'>calamitatibus</span> <span class='ocrx_word' id='word_1_393' title='bbox 2154 659 2206 681; x_wconf 86' lang='lat' dir='ltr'>se·-</span> 
     </span>
     <span class='ocr_line' id='line_1_65' title="bbox 1235 697 2206 733; baseline 0.001 -3"><span class='ocrx_word' id='word_1_394' title='bbox 1235 704 1355 731; x_wconf 90' lang='lat' dir='ltr'>nectus</span> <span class='ocrx_word' id='word_1_395' title='bbox 1370 697 1591 732; x_wconf 89' lang='lat' dir='ltr'>Constantini</span> <span class='ocrx_word' id='word_1_396' title='bbox 1609 699 1746 732; x_wconf 87' lang='lat' dir='ltr'>adflicta</span> <span class='ocrx_word' id='word_1_397' title='bbox 1763 707 1829 733; x_wconf 91' lang='lat' dir='ltr'>est:</span> <span class='ocrx_word' id='word_1_398' title='bbox 1858 699 1917 732; x_wconf 89' lang='lat' dir='ltr'>sed</span> <span class='ocrx_word' id='word_1_399' title='bbox 1945 698 2085 732; x_wconf 89' lang='lat' dir='ltr'>accessit</span> <span class='ocrx_word' id='word_1_400' title='bbox 2106 698 2206 731; x_wconf 90' lang='lat' dir='ltr'>etiam</span> 
     </span>
     <span class='ocr_line' id='line_1_66' title="bbox 1237 747 2206 795; baseline -0.002 -13"><span class='ocrx_word' id='word_1_401' title='bbox 1237 748 1465 782; x_wconf 87' lang='lat' dir='ltr'>consiliorum</span> <span class='ocrx_word' id='word_1_402' title='bbox 1488 749 1740 789; x_wconf 86' lang='lat' dir='ltr'>inconstantia,</span> <span class='ocrx_word' id='word_1_403' title='bbox 1767 761 1854 795; x_wconf 90' lang='lat' dir='ltr'>quae</span> <span class='ocrx_word' id='word_1_404' title='bbox 1870 747 2206 782; x_wconf 84' lang='lat' dir='ltr'>auxitEcclesiarum</span> 
     </span>
     <span class='ocr_line' id='line_1_67' title="bbox 1236 797 2206 833; baseline -0.001 -1"><span class='ocrx_word' id='word_1_405' title='bbox 1236 799 1439 832; x_wconf 88' lang='lat' dir='ltr'>discordias.</span> <span class='ocrx_word' id='word_1_406' title='bbox 1492 798 1616 832; x_wconf 87' lang='lat' dir='ltr'>Arium</span> <span class='ocrx_word' id='word_1_407' title='bbox 1632 800 1826 833; x_wconf 84' lang='lat' dir='ltr'>exulantem</span> <span class='ocrx_word' id='word_1_408' title='bbox 1845 799 2031 833; x_wconf 87' lang='lat' dir='ltr'>revocavit.</span> <span class='ocrx_word' id='word_1_409' title='bbox 2076 797 2206 832; x_wconf 87' lang='lat' dir='ltr'>Contra</span> 
     </span>
     <span class='ocr_line' id='line_1_68' title="bbox 1236 847 2208 883; baseline 0 -2"><span class='ocrx_word' id='word_1_410' title='bbox 1236 861 1318 882; x_wconf 75' lang='lat' dir='ltr'>vero</span> <span class='ocrx_word' id='word_1_411' title='bbox 1337 847 1568 882; x_wconf 83' lang='lat' dir='ltr'>Athanasium</span> <span class='ocrx_word' id='word_1_412' title='bbox 1588 850 1624 882; x_wconf 88' lang='lat' dir='ltr'>in</span> <span class='ocrx_word' id='word_1_413' title='bbox 1642 850 1785 883; x_wconf 88' lang='lat' dir='ltr'>exilium</span> <span class='ocrx_word' id='word_1_414' title='bbox 1808 850 1902 882; x_wconf 89' lang='lat' dir='ltr'>misit</span> <span class='ocrx_word' id='word_1_415' title='bbox 1918 850 1954 882; x_wconf 90' lang='lat' dir='ltr'>in</span> <span class='ocrx_word' id='word_1_416' title='bbox 1976 849 2099 882; x_wconf 87' lang='lat' dir='ltr'>urbem</span> <span class='ocrx_word' id='word_1_417' title='bbox 2118 848 2208 881; x_wconf 87' lang='lat' dir='ltr'>Tre·</span> 
     </span>
     <span class='ocr_line' id='line_1_69' title="bbox 1237 898 2209 943; baseline 0.001 -13"><span class='ocrx_word' id='word_1_418' title='bbox 1237 900 1405 934; x_wconf 84' lang='lat' dir='ltr'>virorum.</span> <span class='ocrx_word' id='word_1_419' title='bbox 1455 898 1531 932; x_wconf 77' lang='lat' dir='ltr'>Etsi</span> <span class='ocrx_word' id='word_1_420' title='bbox 1555 901 1660 943; x_wconf 86' lang='lat' dir='ltr'>igitur</span> <span class='ocrx_word' id='word_1_421' title='bbox 1676 901 1904 933; x_wconf 87' lang='lat' dir='ltr'>fundamenta</span> <span class='ocrx_word' id='word_1_422' title='bbox 1918 899 2124 933; x_wconf 82' lang='lat' dir='ltr'>concordiae</span> <span class='ocrx_word' id='word_1_423' title='bbox 2142 898 2209 931; x_wconf 84' lang='lat' dir='ltr'>Ec-</span> 
     </span>
     <span class='ocr_line' id='line_1_70' title="bbox 1209 949 2209 994; baseline -0.001 -12"><span class='ocrx_word' id='word_1_424' title='bbox 1209 950 1211 994; x_wconf 65' lang='grc' dir='ltr'><em>ζ</em></span> <span class='ocrx_word' id='word_1_425' title='bbox 1237 949 1419 982; x_wconf 82' lang='lat' dir='ltr'>elesiarum</span> <span class='ocrx_word' id='word_1_426' title='bbox 1446 950 1481 981; x_wconf 90' lang='lat' dir='ltr'>in</span> <span class='ocrx_word' id='word_1_427' title='bbox 1506 950 1649 994; x_wconf 75' lang='lat' dir='ltr'>Synodo</span> <span class='ocrx_word' id='word_1_428' title='bbox 1675 950 1806 983; x_wconf 77' lang='lat' dir='ltr'>Nicena</span> <span class='ocrx_word' id='word_1_429' title='bbox 1836 951 1979 988; x_wconf 89' lang='lat' dir='ltr'>iecerat,</span> <span class='ocrx_word' id='word_1_430' title='bbox 2008 956 2039 982; x_wconf 88' lang='lat' dir='ltr'>et</span> <span class='ocrx_word' id='word_1_431' title='bbox 2061 949 2209 982; x_wconf 88' lang='lat' dir='ltr'>maxime</span> 
     </span>
     <span class='ocr_line' id='line_1_71' title="bbox 1207 997 2208 1044; baseline 0.001 -14"><span class='ocrx_word' id='word_1_432' title='bbox 1207 997 1212 1037; x_wconf 56' lang='grc' dir='ltr'>ζ</span> <span class='ocrx_word' id='word_1_433' title='bbox 1237 999 1397 1042; x_wconf 82' lang='lat' dir='ltr'>cupiebat</span> <span class='ocrx_word' id='word_1_434' title='bbox 1412 998 1601 1032; x_wconf 81' lang='lat' dir='ltr'>Ecclesiam</span> <span class='ocrx_word' id='word_1_435' title='bbox 1622 1001 1820 1044; x_wconf 86' lang='lat' dir='ltr'>relinquere</span> <span class='ocrx_word' id='word_1_436' title='bbox 1837 1000 2077 1044; x_wconf 86' lang='lat' dir='ltr'>tranquillam,</span> <span class='ocrx_word' id='word_1_437' title='bbox 2093 1005 2208 1033; x_wconf 80' lang='lat' dir='ltr'>tamen</span> 
     </span>
     <span class='ocr_line' id='line_1_72' title="bbox 1208 1048 2208 1096; baseline 0.002 -17"><span class='ocrx_word' id='word_1_438' title='bbox 1208 1090 1210 1096; x_wconf 23' lang='grc' dir='ltr'><strong>Α</strong></span> <span class='ocrx_word' id='word_1_439' title='bbox 1239 1049 1273 1079; x_wconf 90' lang='lat' dir='ltr'>id</span> <span class='ocrx_word' id='word_1_440' title='bbox 1300 1059 1372 1079; x_wconf 89' lang='lat' dir='ltr'>non</span> <span class='ocrx_word' id='word_1_441' title='bbox 1396 1048 1561 1090; x_wconf 85' lang='lat' dir='ltr'>perfecit,</span> <span class='ocrx_word' id='word_1_442' title='bbox 1588 1051 1645 1081; x_wconf 91' lang='lat' dir='ltr'>sed</span> <span class='ocrx_word' id='word_1_443' title='bbox 1671 1057 1854 1083; x_wconf 82' lang='lat' dir='ltr'>creverunt</span> <span class='ocrx_word' id='word_1_444' title='bbox 1875 1050 2070 1083; x_wconf 88' lang='lat' dir='ltr'>discordiae</span> <span class='ocrx_word' id='word_1_445' title='bbox 2085 1049 2208 1081; x_wconf 90' lang='lat' dir='ltr'>diabo-</span> 
     </span>
    </p>

    <p class='ocr_par' dir='ltr' id='par_1_29' title="bbox 1208 1097 2210 1242">
     <span class='ocr_line' id='line_1_73' title="bbox 1237 1097 2210 1143; baseline 0.001 -13"><span class='ocrx_word' id='word_1_446' title='bbox 1237 1098 1353 1130; x_wconf 92' lang='lat' dir='ltr'>lorum</span> <span class='ocrx_word' id='word_1_447' title='bbox 1378 1097 1580 1138; x_wconf 84' lang='lat' dir='ltr'>fraudibus,</span> <span class='ocrx_word' id='word_1_448' title='bbox 1616 1099 1676 1142; x_wconf 91' lang='lat' dir='ltr'>qui</span> <span class='ocrx_word' id='word_1_449' title='bbox 1702 1110 1829 1141; x_wconf 87' lang='lat' dir='ltr'>organa</span> <span class='ocrx_word' id='word_1_450' title='bbox 1855 1097 2055 1132; x_wconf 89' lang='lat' dir='ltr'>habuerunt</span> <span class='ocrx_word' id='word_1_451' title='bbox 2077 1099 2210 1143; x_wconf 86' lang='lat' dir='ltr'>aliquot</span> 
     </span>
     <span class='ocr_line' id='line_1_74' title="bbox 1208 1146 2210 1193; baseline 0.002 -15"><span class='ocrx_word' id='word_1_452' title='bbox 1208 1146 1210 1152; x_wconf 81' lang='grc'><em>’</em></span> <span class='ocrx_word' id='word_1_453' title='bbox 1237 1146 1428 1190; x_wconf 84' lang='lat' dir='ltr'>Episcopos</span> <span class='ocrx_word' id='word_1_454' title='bbox 1452 1154 1483 1180; x_wconf 88' lang='lat' dir='ltr'>et</span> <span class='ocrx_word' id='word_1_455' title='bbox 1514 1146 1762 1192; x_wconf 87' lang='lat' dir='ltr'>sycophantas,</span> <span class='ocrx_word' id='word_1_456' title='bbox 1788 1149 1848 1193; x_wconf 85' lang='lat' dir='ltr'>qui</span> <span class='ocrx_word' id='word_1_457' title='bbox 1873 1148 2032 1182; x_wconf 86' lang='lat' dir='ltr'>Siuoniis</span> <span class='ocrx_word' id='word_1_458' title='bbox 2056 1149 2210 1182; x_wconf 85' lang='lat' dir='ltr'>artificiis</span> 
     </span>
     <span class='ocr_line' id='line_1_75' title="bbox 1209 1198 1861 1242; baseline 0.005 -13"><span class='ocrx_word' id='word_1_459' title='bbox 1209 1214 1210 1217; x_wconf 64' lang='lat'><em>=</em></span> <span class='ocrx_word' id='word_1_460' title='bbox 1237 1208 1355 1230; x_wconf 90' lang='lat' dir='ltr'>senem</span> <span class='ocrx_word' id='word_1_461' title='bbox 1376 1198 1621 1241; x_wconf 87' lang='lat' dir='ltr'>imperatorem</span> <span class='ocrx_word' id='word_1_462' title='bbox 1638 1199 1861 1242; x_wconf 83' lang='lat' dir='ltr'>deceperunt.</span> 
     </span>
    </p>

    <p class='ocr_par' dir='ltr' id='par_1_30' title="bbox 1208 1254 2213 1702">
     <span class='ocr_line' id='line_1_76' title="bbox 1339 1254 2211 1300; baseline 0.001 -13"><span class='ocrx_word' id='word_1_463' title='bbox 1339 1254 1409 1288; x_wconf 88' lang='lat' dir='ltr'>Nec</span> <span class='ocrx_word' id='word_1_464' title='bbox 1425 1255 1563 1300; x_wconf 89' lang='lat' dir='ltr'>imperii</span> <span class='ocrx_word' id='word_1_465' title='bbox 1579 1268 1645 1300; x_wconf 87' lang='lat' dir='ltr'>pax</span> <span class='ocrx_word' id='word_1_466' title='bbox 1658 1263 1797 1290; x_wconf 89' lang='lat' dir='ltr'>mortuo</span> <span class='ocrx_word' id='word_1_467' title='bbox 1807 1255 2039 1290; x_wconf 89' lang='lat' dir='ltr'>Constantino</span> <span class='ocrx_word' id='word_1_468' title='bbox 2051 1256 2118 1290; x_wconf 84' lang='lat' dir='ltr'>fuit</span> <span class='ocrx_word' id='word_1_469' title='bbox 2133 1256 2211 1289; x_wconf 90' lang='lat' dir='ltr'>diu-</span> 
     </span>
     <span class='ocr_line' id='line_1_77' title="bbox 1237 1304 2211 1350; baseline 0 -11"><span class='ocrx_word' id='word_1_470' title='bbox 1237 1312 1359 1339; x_wconf 86' lang='lat' dir='ltr'>turna:</span> <span class='ocrx_word' id='word_1_471' title='bbox 1386 1304 1457 1338; x_wconf 88' lang='lat' dir='ltr'>Nec</span> <span class='ocrx_word' id='word_1_472' title='bbox 1481 1307 1663 1350; x_wconf 86' lang='lat' dir='ltr'>posteritas</span> <span class='ocrx_word' id='word_1_473' title='bbox 1683 1307 1756 1340; x_wconf 90' lang='lat' dir='ltr'>eius</span> <span class='ocrx_word' id='word_1_474' title='bbox 1781 1307 1884 1340; x_wconf 84' lang='lat' dir='ltr'>foelix</span> <span class='ocrx_word' id='word_1_475' title='bbox 1904 1307 1980 1342; x_wconf 88' lang='lat' dir='ltr'>fuit.</span> <span class='ocrx_word' id='word_1_476' title='bbox 2032 1306 2120 1340; x_wconf 85' lang='lat' dir='ltr'>Nam</span> <span class='ocrx_word' id='word_1_477' title='bbox 2139 1307 2211 1339; x_wconf 82' lang='lat' dir='ltr'>fra-</span> 
     </span>
     <span class='ocr_line' id='line_1_78' title="bbox 1209 1352 2212 1399; baseline 0.001 -11"><span class='ocrx_word' id='word_1_478' title='bbox 1209 1352 1211 1399; x_wconf 50' lang='lat'><em>]</em></span> <span class='ocrx_word' id='word_1_479' title='bbox 1237 1362 1308 1388; x_wconf 90' lang='lat' dir='ltr'>tres</span> <span class='ocrx_word' id='word_1_480' title='bbox 1335 1355 1401 1399; x_wconf 90' lang='lat' dir='ltr'>ipsi</span> <span class='ocrx_word' id='word_1_481' title='bbox 1425 1356 1516 1390; x_wconf 86' lang='lat' dir='ltr'>inter</span> <span class='ocrx_word' id='word_1_482' title='bbox 1537 1368 1609 1390; x_wconf 87' lang='lat' dir='ltr'>sese</span> <span class='ocrx_word' id='word_1_483' title='bbox 1633 1357 1856 1392; x_wconf 87' lang='lat' dir='ltr'>dimicarunt.</span> <span class='ocrx_word' id='word_1_484' title='bbox 1918 1358 2017 1390; x_wconf 88' lang='lat' dir='ltr'>Adeo</span> <span class='ocrx_word' id='word_1_485' title='bbox 2041 1357 2138 1390; x_wconf 78' lang='lat' dir='ltr'>nulla</span> <span class='ocrx_word' id='word_1_486' title='bbox 2162 1363 2212 1389; x_wconf 87' lang='lat' dir='ltr'>est</span> 
     </span>
     <span class='ocr_line' id='line_1_79' title="bbox 1209 1401 2211 1450; baseline 0.001 -12"><span class='ocrx_word' id='word_1_487' title='bbox 1209 1401 1211 1406; x_wconf 51' lang='lat'><strong><em>⁴</em></strong></span> <span class='ocrx_word' id='word_1_488' title='bbox 1237 1407 1466 1450; x_wconf 86' lang='lat' dir='ltr'>quantumvis</span> <span class='ocrx_word' id='word_1_489' title='bbox 1485 1419 1607 1450; x_wconf 84' lang='lat' dir='ltr'>magna</span> <span class='ocrx_word' id='word_1_490' title='bbox 1625 1408 1795 1441; x_wconf 84' lang='lat' dir='ltr'>foelicitas</span> <span class='ocrx_word' id='word_1_491' title='bbox 1812 1408 1847 1440; x_wconf 92' lang='lat' dir='ltr'>in</span> <span class='ocrx_word' id='word_1_492' title='bbox 1865 1405 1929 1441; x_wconf 89' lang='lat' dir='ltr'>hac</span> <span class='ocrx_word' id='word_1_493' title='bbox 1947 1407 2033 1447; x_wconf 87' lang='lat' dir='ltr'>vita,</span> <span class='ocrx_word' id='word_1_494' title='bbox 2061 1407 2116 1440; x_wconf 91' lang='lat' dir='ltr'>cui</span> <span class='ocrx_word' id='word_1_495' title='bbox 2140 1418 2211 1439; x_wconf 93' lang='lat' dir='ltr'>non</span> 
     </span>
     <span class='ocr_line' id='line_1_80' title="bbox 1209 1446 2212 1502; baseline 0 -14"><span class='ocrx_word' id='word_1_496' title='bbox 1209 1446 1210 1475; x_wconf 49' lang='lat' dir='ltr'>l</span> <span class='ocrx_word' id='word_1_497' title='bbox 1237 1456 1369 1489; x_wconf 90' lang='lat' dir='ltr'>multae</span> <span class='ocrx_word' id='word_1_498' title='bbox 1402 1457 1615 1491; x_wconf 83' lang='lat' dir='ltr'>calamitates</span> <span class='ocrx_word' id='word_1_499' title='bbox 1649 1458 1871 1491; x_wconf 88' lang='lat' dir='ltr'>misceantur.</span> <span class='ocrx_word' id='word_1_500' title='bbox 1924 1457 2084 1502; x_wconf 87' lang='lat' dir='ltr'>Suntque</span> <span class='ocrx_word' id='word_1_501' title='bbox 2107 1457 2212 1498; x_wconf 88' lang='lat' dir='ltr'>digna</span> 
     </span>
     <span class='ocr_line' id='line_1_81' title="bbox 1239 1504 2211 1552; baseline 0.002 -15"><span class='ocrx_word' id='word_1_502' title='bbox 1239 1506 1521 1540; x_wconf 86' lang='lat' dir='ltr'>consideratione</span> <span class='ocrx_word' id='word_1_503' title='bbox 1544 1509 1648 1540; x_wconf 86' lang='lat' dir='ltr'>verba</span> <span class='ocrx_word' id='word_1_504' title='bbox 1671 1507 1842 1541; x_wconf 84' lang='lat' dir='ltr'>Herodoti</span> <span class='ocrx_word' id='word_1_505' title='bbox 1865 1508 1901 1539; x_wconf 91' lang='lat' dir='ltr'>in</span> <span class='ocrx_word' id='word_1_506' title='bbox 1920 1507 2120 1552; x_wconf 83' lang='lat' dir='ltr'>Polymnia:</span> <span class='ocrx_word' id='word_1_507' title='bbox 2150 1504 2211 1539; x_wconf 66' lang='lat' dir='ltr'>E?-</span> 
     </span>
     <span class='ocr_line' id='line_1_82' title="bbox 1236 1553 2211 1602; baseline 0 -13"><span class='ocrx_word' id='word_1_508' title='bbox 1236 1568 1297 1589; x_wconf 70' lang='lat' dir='ltr'>rac</span> <span class='ocrx_word' id='word_1_509' title='bbox 1321 1553 1361 1589; x_wconf 67' lang='grc' dir='ltr'>δὲ</span> <span class='ocrx_word' id='word_1_510' title='bbox 1385 1555 1528 1601; x_wconf 70' lang='grc' dir='ltr'><em>θνητὸν</em></span> <span class='ocrx_word' id='word_1_511' title='bbox 1549 1555 1703 1601; x_wconf 72' lang='grc' dir='ltr'><em>οὐδένα,</em></span> <span class='ocrx_word' id='word_1_512' title='bbox 1737 1556 1820 1591; x_wconf 73' lang='grc' dir='ltr'>οὐδ’</span> <span class='ocrx_word' id='word_1_513' title='bbox 1850 1557 1995 1597; x_wconf 69' lang='grc' dir='ltr'>ἔσεθαι,</span> <span class='ocrx_word' id='word_1_514' title='bbox 2023 1559 2075 1602; x_wconf 78' lang='grc' dir='ltr'>τῷ</span> <span class='ocrx_word' id='word_1_515' title='bbox 2096 1555 2211 1590; x_wconf 71' lang='grc' dir='ltr'><em>κακὸν</em></span> 
     </span>
     <span class='ocr_line' id='line_1_83' title="bbox 1238 1603 2212 1653; baseline 0.001 -15"><span class='ocrx_word' id='word_1_516' title='bbox 1238 1605 1275 1644; x_wconf 75' lang='grc' dir='ltr'>ἐξ</span> <span class='ocrx_word' id='word_1_517' title='bbox 1297 1604 1410 1651; x_wconf 66' lang='grc' dir='ltr'><em>ἀρχῆς</em></span> <span class='ocrx_word' id='word_1_518' title='bbox 1429 1606 1613 1653; x_wconf 69' lang='grc' dir='ltr'>γινομένῳ</span> <span class='ocrx_word' id='word_1_519' title='bbox 1639 1606 1682 1641; x_wconf 80' lang='grc' dir='ltr'>οὐ</span> <span class='ocrx_word' id='word_1_520' title='bbox 1707 1605 1932 1652; x_wconf 71' lang='grc' dir='ltr'><em>συνεμίχθῃι</em></span> <span class='ocrx_word' id='word_1_521' title='bbox 1956 1607 2031 1644; x_wconf 78' lang='grc' dir='ltr'><em>τοῖς</em></span> <span class='ocrx_word' id='word_1_522' title='bbox 2053 1603 2092 1640; x_wconf 65' lang='grc' dir='ltr'>δὲ</span> <span class='ocrx_word' id='word_1_523' title='bbox 2109 1605 2212 1652; x_wconf 72' lang='grc' dir='ltr'><em>μεγί-</em></span> 
     </span>
     <span class='ocr_line' id='line_1_84' title="bbox 1237 1655 2213 1702; baseline 0.003 -15"><span class='ocrx_word' id='word_1_524' title='bbox 1237 1666 1333 1693; x_wconf 79' lang='grc' dir='ltr'>στοις</span> <span class='ocrx_word' id='word_1_525' title='bbox 1354 1655 1520 1702; x_wconf 70' lang='grc' dir='ltr'><em>μέγιστα,</em></span> <span class='ocrx_word' id='word_1_526' title='bbox 1576 1657 1726 1690; x_wconf 90' lang='lat' dir='ltr'>Mouent</span> <span class='ocrx_word' id='word_1_527' title='bbox 1748 1664 1863 1690; x_wconf 89' lang='lat' dir='ltr'>autem</span> <span class='ocrx_word' id='word_1_528' title='bbox 1889 1657 1970 1689; x_wconf 90' lang='lat' dir='ltr'>talia</span> <span class='ocrx_word' id='word_1_529' title='bbox 1995 1657 2151 1699; x_wconf 87' lang='lat' dir='ltr'>exempla</span> <span class='ocrx_word' id='word_1_530' title='bbox 2175 1664 2213 1690; x_wconf 91' lang='lat' dir='ltr'>ut</span> 
     </span>
    </p>
   </div>
   <div class='ocr_carea' id='block_1_20' title="bbox 1208 1703 2212 1746">
    <p class='ocr_par' dir='ltr' id='par_1_31' title="bbox 1208 1703 2212 1746">
     <span class='ocr_line' id='line_1_85' title="bbox 1208 1703 2212 1746; baseline 0.004 -11"><span class='ocrx_word' id='word_1_531' title='bbox 1208 1737 1210 1743; x_wconf 27' lang='lat' dir='ltr'>s</span> <span class='ocrx_word' id='word_1_532' title='bbox 1237 1704 1345 1736; x_wconf 89' lang='lat' dir='ltr'>simus</span> <span class='ocrx_word' id='word_1_533' title='bbox 1369 1707 1535 1745; x_wconf 88' lang='lat' dir='ltr'>modesti,</span> <span class='ocrx_word' id='word_1_534' title='bbox 1563 1708 1774 1739; x_wconf 87' lang='lat' dir='ltr'>retineamus</span> <span class='ocrx_word' id='word_1_535' title='bbox 1799 1707 1958 1739; x_wconf 89' lang='lat' dir='ltr'>timorem</span> <span class='ocrx_word' id='word_1_536' title='bbox 1975 1703 2057 1746; x_wconf 85' lang='lat' dir='ltr'>Dei,</span> <span class='ocrx_word' id='word_1_537' title='bbox 2085 1713 2118 1739; x_wconf 91' lang='lat' dir='ltr'>et</span> <span class='ocrx_word' id='word_1_538' title='bbox 2140 1718 2212 1739; x_wconf 88' lang='lat' dir='ltr'>non</span> 
     </span>
    </p>
   </div>
   <div class='ocr_carea' id='block_1_21' title="bbox 1237 1756 2211 1849">
    <p class='ocr_par' dir='ltr' id='par_1_32' title="bbox 1237 1756 2211 1849">
     <span class='ocr_line' id='line_1_86' title="bbox 1238 1756 2211 1799; baseline 0.004 -14"><span class='ocrx_word' id='word_1_539' title='bbox 1238 1766 1437 1787; x_wconf 88' lang='lat' dir='ltr'>moveamus</span> <span class='ocrx_word' id='word_1_540' title='bbox 1462 1767 1533 1787; x_wconf 90' lang='lat' dir='ltr'>non</span> <span class='ocrx_word' id='word_1_541' title='bbox 1556 1757 1768 1795; x_wconf 84' lang='lat' dir='ltr'>necessaria,</span> <span class='ocrx_word' id='word_1_542' title='bbox 1797 1763 1829 1789; x_wconf 93' lang='lat' dir='ltr'>et</span> <span class='ocrx_word' id='word_1_543' title='bbox 1852 1756 2032 1789; x_wconf 86' lang='lat' dir='ltr'>ardentius</span> <span class='ocrx_word' id='word_1_544' title='bbox 2056 1763 2211 1799; x_wconf 87' lang='lat' dir='ltr'>petamus</span> 
     </span>
     <span class='ocr_line' id='line_1_87' title="bbox 1237 1801 1753 1849; baseline 0.012 -14"><span class='ocrx_word' id='word_1_545' title='bbox 1237 1815 1301 1836; x_wconf 92' lang='lat' dir='ltr'>nos</span> <span class='ocrx_word' id='word_1_546' title='bbox 1319 1816 1336 1836; x_wconf 92' lang='lat' dir='ltr'>a</span> <span class='ocrx_word' id='word_1_547' title='bbox 1356 1801 1440 1836; x_wconf 86' lang='lat' dir='ltr'>Deo</span> <span class='ocrx_word' id='word_1_548' title='bbox 1460 1805 1532 1848; x_wconf 82' lang='lat' dir='ltr'>regi</span> <span class='ocrx_word' id='word_1_549' title='bbox 1558 1812 1589 1838; x_wconf 86' lang='lat' dir='ltr'>et</span> <span class='ocrx_word' id='word_1_550' title='bbox 1608 1807 1753 1849; x_wconf 83' lang='lat' dir='ltr'>protegi.</span> 
     </span>
    </p>
   </div>
   <div class='ocr_carea' id='block_1_22' title="bbox 1288 1901 2212 1988">
    <p class='ocr_par' dir='ltr' id='par_1_33' title="bbox 1288 1901 2212 1988">
     <span class='ocr_line' id='line_1_88' title="bbox 1288 1901 2212 1950; baseline 0.003 -15"><span class='ocrx_word' id='word_1_551' title='bbox 1288 1901 1395 1936; x_wconf 89' lang='lat' dir='ltr'>Anno</span> <span class='ocrx_word' id='word_1_552' title='bbox 1433 1905 1557 1937; x_wconf 88' lang='lat' dir='ltr'>mundi</span> <span class='ocrx_word' id='word_1_553' title='bbox 1593 1913 1714 1950; x_wconf 85' lang='lat' dir='ltr'>quater</span> <span class='ocrx_word' id='word_1_554' title='bbox 1748 1906 1935 1939; x_wconf 89' lang='lat' dir='ltr'>millesimo</span> <span class='ocrx_word' id='word_1_555' title='bbox 1972 1906 2212 1939; x_wconf 85' lang='lat' dir='ltr'>trecentesimo</span> 
     </span>
     <span class='ocr_line' id='line_1_89' title="bbox 1446 1955 1557 1988; baseline 0 -1"><span class='ocrx_word' id='word_1_556' title='bbox 1446 1955 1557 1988; x_wconf 88' lang='lat' dir='ltr'>tertio.</span> 
     </span>
    </p>
   </div>
   <div class='ocr_carea' id='block_1_23' title="bbox 1287 2011 2212 2117">
    <p class='ocr_par' dir='ltr' id='par_1_34' title="bbox 1287 2011 2212 2117">
     <span class='ocr_line' id='line_1_90' title="bbox 1287 2011 2140 2058; baseline 0.004 -13"><span class='ocrx_word' id='word_1_557' title='bbox 1287 2012 1393 2045; x_wconf 90' lang='lat' dir='ltr'>Anno</span> <span class='ocrx_word' id='word_1_558' title='bbox 1410 2011 1544 2046; x_wconf 88' lang='lat' dir='ltr'>Romae</span> <span class='ocrx_word' id='word_1_559' title='bbox 1565 2013 1751 2047; x_wconf 89' lang='lat' dir='ltr'>millesimo</span> <span class='ocrx_word' id='word_1_560' title='bbox 1775 2014 1997 2056; x_wconf 84' lang='lat' dir='ltr'>nonagesimo</span> <span class='ocrx_word' id='word_1_561' title='bbox 2015 2014 2140 2058; x_wconf 84' lang='lat' dir='ltr'>primo,</span> 
     </span>
     <span class='ocr_line' id='line_1_91' title="bbox 1290 2068 2212 2117; baseline 0.003 -14"><span class='ocrx_word' id='word_1_562' title='bbox 1290 2071 1396 2104; x_wconf 89' lang='lat' dir='ltr'>Anno</span> <span class='ocrx_word' id='word_1_563' title='bbox 1406 2068 1536 2104; x_wconf 87' lang='lat' dir='ltr'>Christi</span> <span class='ocrx_word' id='word_1_564' title='bbox 1552 2072 1792 2105; x_wconf 89' lang='lat' dir='ltr'>trecentesimo</span> <span class='ocrx_word' id='word_1_565' title='bbox 1808 2072 2071 2117; x_wconf 77' lang='lat' dir='ltr'>quadragesimo</span> <span class='ocrx_word' id='word_1_566' title='bbox 2089 2073 2212 2116; x_wconf 89' lang='lat' dir='ltr'>primo.</span> 
     </span>
    </p>
   </div>
   <div class='ocr_carea' id='block_1_24' title="bbox 1236 2136 2212 2584">
    <p class='ocr_par' dir='ltr' id='par_1_35' title="bbox 1236 2136 2212 2584">
     <span class='ocr_line' id='line_1_92' title="bbox 1338 2136 2212 2182; baseline 0.001 -12"><span class='ocrx_word' id='word_1_567' title='bbox 1338 2137 1422 2170; x_wconf 90' lang='lat' dir='ltr'>Filii</span> <span class='ocrx_word' id='word_1_568' title='bbox 1447 2136 1673 2171; x_wconf 89' lang='lat' dir='ltr'>Constantini</span> <span class='ocrx_word' id='word_1_569' title='bbox 1703 2146 1942 2173; x_wconf 84' lang='lat' dir='ltr'>successerunt</span> <span class='ocrx_word' id='word_1_570' title='bbox 1978 2139 2086 2182; x_wconf 87' lang='lat' dir='ltr'>patri,</span> <span class='ocrx_word' id='word_1_571' title='bbox 2120 2139 2212 2172; x_wconf 89' lang='lat' dir='ltr'>divi-</span> 
     </span>
     <span class='ocr_line' id='line_1_93' title="bbox 1237 2172 2211 2230; baseline -0.002 -8"><span class='ocrx_word' id='word_1_572' title='bbox 1237 2189 1335 2222; x_wconf 91' lang='lat' dir='ltr'>sione</span> <span class='ocrx_word' id='word_1_573' title='bbox 1352 2188 1491 2230; x_wconf 91' lang='lat' dir='ltr'>imperii</span> <span class='ocrx_word' id='word_1_574' title='bbox 1508 2188 1544 2220; x_wconf 89' lang='lat' dir='ltr'>in</span> <span class='ocrx_word' id='word_1_575' title='bbox 1563 2195 1771 2222; x_wconf 87' lang='lat' dir='ltr'>testamento</span> <span class='ocrx_word' id='word_1_576' title='bbox 1789 2187 1855 2222; x_wconf 88' lang='lat' dir='ltr'>hoc</span> <span class='ocrx_word' id='word_1_577' title='bbox 1872 2191 1976 2222; x_wconf 93' lang='lat' dir='ltr'>modo</span> <span class='ocrx_word' id='word_1_578' title='bbox 1993 2172 2211 2222; x_wconf 77' lang='lat' dir='ltr'>facta:⁴C0n-</span> 
     </span>
     <span class='ocr_line' id='line_1_94' title="bbox 1236 2237 2212 2283; baseline 0 -11"><span class='ocrx_word' id='word_1_579' title='bbox 1236 2237 1425 2272; x_wconf 75' lang='lat' dir='ltr'>staulinus</span> <span class='ocrx_word' id='word_1_580' title='bbox 1443 2245 1528 2272; x_wconf 90' lang='lat' dir='ltr'>natu</span> <span class='ocrx_word' id='word_1_581' title='bbox 1546 2239 1717 2272; x_wconf 83' lang='lat' dir='ltr'>maximus</span> <span class='ocrx_word' id='word_1_582' title='bbox 1740 2240 1853 2273; x_wconf 89' lang='lat' dir='ltr'>tenuit</span> <span class='ocrx_word' id='word_1_583' title='bbox 1869 2238 2075 2283; x_wconf 89' lang='lat' dir='ltr'>Hispaniam</span> <span class='ocrx_word' id='word_1_584' title='bbox 2088 2266 2095 2279; x_wconf 93' lang='lat'>,</span> <span class='ocrx_word' id='word_1_585' title='bbox 2125 2238 2212 2272; x_wconf 91' lang='lat' dir='ltr'>Gal-</span> 
     </span>
     <span class='ocr_line' id='line_1_95' title="bbox 1237 2285 2212 2332; baseline 0 -10"><span class='ocrx_word' id='word_1_586' title='bbox 1237 2290 1340 2330; x_wconf 86' lang='lat' dir='ltr'>liam,</span> <span class='ocrx_word' id='word_1_587' title='bbox 1378 2288 1488 2332; x_wconf 90' lang='lat' dir='ltr'>Alpes</span> <span class='ocrx_word' id='word_1_588' title='bbox 1513 2296 1545 2322; x_wconf 87' lang='lat' dir='ltr'>et</span> <span class='ocrx_word' id='word_1_589' title='bbox 1567 2288 1808 2330; x_wconf 87' lang='lat' dir='ltr'>Britanniam,</span> <span class='ocrx_word' id='word_1_590' title='bbox 1851 2285 2037 2323; x_wconf 77' lang='lat' dir='ltr'>Constans</span> <span class='ocrx_word' id='word_1_591' title='bbox 2064 2288 2212 2330; x_wconf 86' lang='lat' dir='ltr'>Italiam,</span> 
     </span>
     <span class='ocr_line' id='line_1_96' title="bbox 1238 2335 2210 2384; baseline 0.001 -12"><span class='ocrx_word' id='word_1_592' title='bbox 1238 2340 1414 2381; x_wconf 81' lang='lat' dir='ltr'>Africam,</span> <span class='ocrx_word' id='word_1_593' title='bbox 1450 2337 1634 2372; x_wconf 89' lang='lat' dir='ltr'>Graeciam</span> <span class='ocrx_word' id='word_1_594' title='bbox 1658 2347 1692 2373; x_wconf 90' lang='lat' dir='ltr'>et</span> <span class='ocrx_word' id='word_1_595' title='bbox 1716 2339 1907 2384; x_wconf 86' lang='lat' dir='ltr'>Illyricum.</span> <span class='ocrx_word' id='word_1_596' title='bbox 1968 2335 2210 2373; x_wconf 79' lang='lat' dir='ltr'>Constantius</span> 
     </span>
     <span class='ocr_line' id='line_1_97' title="bbox 1934 2387 2209 2423; baseline 0.004 -2"><span class='ocrx_word' id='word_1_597' title='bbox 1934 2387 2002 2422; x_wconf 90' lang='lat' dir='ltr'>Hic</span> <span class='ocrx_word' id='word_1_598' title='bbox 2028 2401 2106 2423; x_wconf 90' lang='lat' dir='ltr'>cum</span> <span class='ocrx_word' id='word_1_599' title='bbox 2138 2402 2209 2422; x_wconf 92' lang='lat' dir='ltr'>non</span> 
     </span>
     <span class='ocr_line' id='line_1_98' title="bbox 1237 2437 2209 2484; baseline 0 -11"><span class='ocrx_word' id='word_1_600' title='bbox 1237 2447 1324 2473; x_wconf 83' lang='lat' dir='ltr'>esset</span> <span class='ocrx_word' id='word_1_601' title='bbox 1349 2451 1412 2484; x_wconf 91' lang='lat' dir='ltr'>par</span> <span class='ocrx_word' id='word_1_602' title='bbox 1444 2440 1583 2482; x_wconf 83' lang='lat' dir='ltr'>ingenio</span> <span class='ocrx_word' id='word_1_603' title='bbox 1615 2440 1800 2480; x_wconf 87' lang='lat' dir='ltr'>fratribus,</span> <span class='ocrx_word' id='word_1_604' title='bbox 1843 2440 1983 2473; x_wconf 87' lang='lat' dir='ltr'>tandem</span> <span class='ocrx_word' id='word_1_605' title='bbox 2006 2437 2209 2473; x_wconf 87' lang='lat' dir='ltr'>monarchia</span> 
     </span>
     <span class='ocr_line' id='line_1_99' title="bbox 1497 2488 2211 2523; baseline 0 -1"><span class='ocrx_word' id='word_1_606' title='bbox 1497 2488 1585 2523; x_wconf 90' lang='lat' dir='ltr'>Cum</span> <span class='ocrx_word' id='word_1_607' title='bbox 1603 2490 1694 2522; x_wconf 89' lang='lat' dir='ltr'>enim</span> <span class='ocrx_word' id='word_1_608' title='bbox 1714 2490 1882 2523; x_wconf 87' lang='lat' dir='ltr'>maximus</span> <span class='ocrx_word' id='word_1_609' title='bbox 1907 2497 1991 2523; x_wconf 91' lang='lat' dir='ltr'>natu</span> <span class='ocrx_word' id='word_1_610' title='bbox 2008 2488 2211 2523; x_wconf 86' lang='lat' dir='ltr'>Constanti-</span> 
     </span>
     <span class='ocr_line' id='line_1_100' title="bbox 1237 2540 2208 2584; baseline -0.001 -11"><span class='ocrx_word' id='word_1_611' title='bbox 1237 2552 1304 2573; x_wconf 89' lang='lat' dir='ltr'>nus</span> <span class='ocrx_word' id='word_1_612' title='bbox 1334 2540 1517 2584; x_wconf 90' lang='lat' dir='ltr'>superbior</span> <span class='ocrx_word' id='word_1_613' title='bbox 1549 2547 1581 2573; x_wconf 87' lang='lat' dir='ltr'>et</span> <span class='ocrx_word' id='word_1_614' title='bbox 1613 2540 1802 2583; x_wconf 88' lang='lat' dir='ltr'>inquietior</span> <span class='ocrx_word' id='word_1_615' title='bbox 1836 2547 1923 2573; x_wconf 87' lang='lat' dir='ltr'>esset</span> <span class='ocrx_word' id='word_1_616' title='bbox 1952 2540 2110 2580; x_wconf 86' lang='lat' dir='ltr'>caeteris,</span> <span class='ocrx_word' id='word_1_617' title='bbox 2137 2552 2208 2573; x_wconf 92' lang='lat' dir='ltr'>non</span> 
     </span>
    </p>
   </div>
   <div class='ocr_carea' id='block_1_25' title="bbox 1207 1876 1214 2625">
    <p class='ocr_par' dir='ltr' id='par_1_36' title="bbox 1207 1876 1214 2625">
     <span class='ocr_line' id='line_1_101' title="bbox 1207 1876 1214 2625; baseline 0 0"><span class='ocrx_word' id='word_1_618' title='bbox 1207 1876 1214 2625; x_wconf 95' lang='lat' dir='ltr'> </span> 
     </span>
    </p>
   </div>
   <div class='ocr_carea' id='block_1_26' title="bbox 210 2577 1212 2635">
    <p class='ocr_par' dir='ltr' id='par_1_37' title="bbox 210 2577 1212 2635">
     <span class='ocr_line' id='line_1_102' title="bbox 210 2577 1212 2635; baseline -0.005 -8"><span class='ocrx_word' id='word_1_619' title='bbox 210 2596 305 2627; x_wconf 84' lang='lat' dir='ltr'>sensa</span> <span class='ocrx_word' id='word_1_620' title='bbox 333 2599 383 2626; x_wconf 90' lang='lat' dir='ltr'>est</span> <span class='ocrx_word' id='word_1_621' title='bbox 399 2603 459 2635; x_wconf 88' lang='lat' dir='ltr'>per</span> <span class='ocrx_word' id='word_1_622' title='bbox 475 2590 881 2632; x_wconf 72' lang='lat' dir='ltr'>constantinopolitanos</span> <span class='ocrx_word' id='word_1_623' title='bbox 899 2590 1088 2633; x_wconf 84' lang='lat' dir='ltr'>principes,</span> <span class='ocrx_word' id='word_1_624' title='bbox 1117 2589 1185 2623; x_wconf 87' lang='lat' dir='ltr'>lta·</span> <span class='ocrx_word' id='word_1_625' title='bbox 1209 2577 1212 2602; x_wconf 66' lang='lat'>⁸</span> 
     </span>
    </p>
   </div>
   <div class='ocr_carea' id='block_1_27' title="bbox 211 2639 1161 2686">
    <p class='ocr_par' dir='ltr' id='par_1_38' title="bbox 211 2639 1161 2686">
     <span class='ocr_line' id='line_1_103' title="bbox 211 2639 1161 2686; baseline -0.004 -9"><span class='ocrx_word' id='word_1_626' title='bbox 211 2646 255 2677; x_wconf 91' lang='lat' dir='ltr'>lia</span> <span class='ocrx_word' id='word_1_627' title='bbox 276 2649 441 2686; x_wconf 88' lang='lat' dir='ltr'>occupata</span> <span class='ocrx_word' id='word_1_628' title='bbox 469 2654 485 2673; x_wconf 90' lang='lat' dir='ltr'>a</span> <span class='ocrx_word' id='word_1_629' title='bbox 506 2639 623 2673; x_wconf 86' lang='lat' dir='ltr'>Gottis</span> <span class='ocrx_word' id='word_1_630' title='bbox 641 2646 672 2672; x_wconf 91' lang='lat' dir='ltr'>et</span> <span class='ocrx_word' id='word_1_631' title='bbox 689 2640 764 2672; x_wconf 89' lang='lat' dir='ltr'>aliis</span> <span class='ocrx_word' id='word_1_632' title='bbox 781 2640 972 2682; x_wconf 82' lang='lat' dir='ltr'>peregrinis</span> <span class='ocrx_word' id='word_1_633' title='bbox 991 2641 1161 2683; x_wconf 86' lang='lat' dir='ltr'>gentibus.</span> 
     </span>
    </p>
   </div>
   <div class='ocr_carea' id='block_1_28' title="bbox 1209 2628 1803 2684">
    <p class='ocr_par' dir='ltr' id='par_1_39' title="bbox 1209 2628 1803 2684">
     <span class='ocr_line' id='line_1_104' title="bbox 1209 2628 1803 2684; baseline 0.003 -11"><span class='ocrx_word' id='word_1_634' title='bbox 1209 2628 1212 2669; x_wconf 78' lang='lat'>!</span> <span class='ocrx_word' id='word_1_635' title='bbox 1238 2641 1376 2681; x_wconf 87' lang='lat' dir='ltr'>intulit,</span> <span class='ocrx_word' id='word_1_636' title='bbox 1402 2647 1440 2673; x_wconf 90' lang='lat' dir='ltr'>ut</span> <span class='ocrx_word' id='word_1_637' title='bbox 1456 2639 1591 2673; x_wconf 89' lang='lat' dir='ltr'>ltaliam</span> <span class='ocrx_word' id='word_1_638' title='bbox 1610 2647 1803 2684; x_wconf 84' lang='lat' dir='ltr'>occuparet.</span> 
     </span>
    </p>
   </div>
   <div class='ocr_carea' id='block_1_29' title="bbox 1239 2589 2208 2633">
    <p class='ocr_par' dir='ltr' id='par_1_40' title="bbox 1239 2589 2208 2633">
     <span class='ocr_line' id='line_1_105' title="bbox 1239 2589 2208 2633; baseline -0.002 -9"><span class='ocrx_word' id='word_1_639' title='bbox 1239 2597 1426 2624; x_wconf 88' lang='lat' dir='ltr'>contentus</span> <span class='ocrx_word' id='word_1_640' title='bbox 1442 2591 1513 2623; x_wconf 90' lang='lat' dir='ltr'>suis</span> <span class='ocrx_word' id='word_1_641' title='bbox 1532 2589 1733 2633; x_wconf 87' lang='lat' dir='ltr'>provinciis,</span> <span class='ocrx_word' id='word_1_642' title='bbox 1759 2591 1859 2624; x_wconf 84' lang='lat' dir='ltr'>fratri</span> <span class='ocrx_word' id='word_1_643' title='bbox 1878 2589 2060 2624; x_wconf 88' lang='lat' dir='ltr'>Constanti</span> <span class='ocrx_word' id='word_1_644' title='bbox 2078 2590 2208 2623; x_wconf 90' lang='lat' dir='ltr'>bellum</span> 
     </span>
    </p>
   </div>
   <div class='ocr_carea' id='block_1_30' title="bbox 1856 2640 2208 2685">
    <p class='ocr_par' dir='ltr' id='par_1_41' title="bbox 1856 2640 2208 2685">
     <span class='ocr_line' id='line_1_106' title="bbox 1856 2640 2208 2685; baseline -0.009 -10"><span class='ocrx_word' id='word_1_645' title='bbox 1856 2640 1924 2675; x_wconf 85' lang='lat' dir='ltr'>Sed</span> <span class='ocrx_word' id='word_1_646' title='bbox 1941 2652 2018 2674; x_wconf 90' lang='lat' dir='ltr'>cum</span> <span class='ocrx_word' id='word_1_647' title='bbox 2036 2641 2079 2673; x_wconf 88' lang='lat' dir='ltr'>ad</span> <span class='ocrx_word' id='word_1_648' title='bbox 2096 2640 2208 2685; x_wconf 89' lang='lat' dir='ltr'>Aqui-</span> 
     </span>
    </p>
   </div>
  </div>
 </body>
</html>
