2324 2955
169 133 243 167 563

278 217 336 250 18.
371 213 532 249 Secunda
555 207 861 243 commonefactio:
889 206 1082 254 Postquam
1100 221 1159 243 co-

172 269 303 311 gitasti,
331 266 415 310 quid
435 264 591 300 invoces,
618 266 651 293 et
670 270 793 304 quem,
815 265 850 292 et
870 259 932 291 ubi
949 260 1158 303 patefactum

173 316 381 362 alloquariS,
417 313 453 345 in
472 311 542 344 illis
562 310 646 355 ipsis
670 309 962 353 patefactionibus
979 310 1084 343 etiam
1100 322 1160 344 co-

173 368 354 409 gitandum
372 370 440 404 est,
468 362 647 407 quomodo
664 360 750 393 velit
773 360 841 393 coli
858 359 972 400 Deus,
1000 366 1034 394 et
1057 372 1102 394 an
1129 368 1162 396 et

174 430 236 450 vor
256 416 338 449 velit
356 414 532 448 exaudire.
586 411 798 445 Mandatum
820 411 928 454 igitur
950 412 993 444 de
1017 411 1162 445 invoca-

173 469 269 501 tione
287 465 546 499 severissimum
562 462 626 497 tibi
644 461 846 507 preponito,
900 460 987 495 Item
1010 462 1161 506 promis-

175 529 301 550 :nones-

279 575 336 608 19.
369 572 490 606 Tertia
510 571 818 605 commonefacito:
841 570 932 605 Cum
947 583 1084 617 semper
1099 572 1162 606 ob-

177 626 306 660 strebat
337 623 585 657 accedentibus
609 624 653 656 ad
677 621 792 655 Deum
817 622 1009 665 indignitas
1033 629 1164 663 nostra,

175 687 313 711 necesse
334 675 436 707 estin
455 674 552 706 omni
571 673 790 717 precatione,
817 673 1013 706 doctrinam
1039 674 1162 718 poeni-

176 727 305 761 tentiae
324 732 356 758 et
374 724 649 757 consolationem
668 724 825 766 cogitari.
877 722 949 757 Cor
964 730 1165 768 expavescat

178 777 356 819 agnitione
381 775 502 807 iudicii
522 782 554 808 et
572 775 643 807 irae
661 773 727 807 Dei
752 775 919 807 adversus
943 780 1098 818 peccata,
1132 780 1164 807 et

178 839 297 861 rursus
314 826 467 867 erigatur
484 825 622 858 ardenti
644 824 710 857 fide
735 836 774 857 ac
798 825 923 858 fiducia
949 824 1163 862 mediatoris,

178 886 211 911 et
233 884 383 916 statuas,
423 882 455 908 te
485 881 578 909 certo
605 875 713 919 recipi
743 877 849 918 gratis
880 881 1024 920 propter
1051 875 1164 908 filium

177 929 259 968 Dei,
295 939 368 959 non
398 933 544 970 propter
570 926 750 970 propriam
778 926 983 968 dignitatem
1006 932 1066 959 aut
1089 932 1165 959 tuas

178 980 342 1017 virtutes,
369 982 427 1009 aut
444 983 521 1009 tuas
539 976 706 1011 actiones.
763 974 836 1009 Nec
863 976 957 1009 lucta
980 974 1066 1009 haec
1090 976 1164 1009 sine

180 1029 268 1062 veris
286 1027 473 1070 gemitibus
491 1025 566 1058 fieri
584 1032 708 1070 potest.
761 1025 906 1060 Necesse
924 1033 975 1060 est
991 1027 1085 1059 enim
1103 1028 1166 1059 ad—

179 1080 263 1112 ferri
283 1079 325 1111 ad
343 1076 456 1110 Deum
481 1076 748 1109 conversionem
773 1083 806 1110 et
829 1077 951 1115 fidem,
988 1089 1051 1109 nee
1075 1077 1167 1110 valet

180 1129 354 1162 invocatio
377 1127 562 1160 retinentis
587 1127 807 1171 propositum
832 1127 992 1160 violandi
1019 1127 1166 1160 manda-

180 1188 254 1212 tum
279 1177 344 1211 Dei
366 1184 489 1211 contra
521 1177 784 1210 conscientiam.
851 1176 904 1212 De
933 1175 988 1210 his
1020 1177 1164 1211 dicitnr:

180 1229 383 1263 Peccatores
401 1228 494 1262 Deus
511 1240 584 1261 non
604 1228 757 1263 exaudit.

281 1288 342 1322 20.
377 1287 445 1322 Sed
465 1288 502 1320 in
519 1288 750 1320 conversione
767 1287 920 1331 primum
937 1295 969 1321 et
986 1288 1094 1332 petito
1110 1300 1165 1321 re-

181 1339 396 1377 missionem,
424 1345 458 1370 et
475 1344 606 1370 statuas
622 1344 715 1370 certo
733 1338 798 1371 tibi
816 1349 888 1370 eam
906 1339 1043 1379 donari,
1070 1339 1165 1371 iuxta

183 1390 287 1422 illud:
317 1387 432 1421 Iustus
450 1387 516 1420 fide
533 1399 593 1420 sua
609 1386 713 1420 vivet.
747 1386 847 1422 Item:
877 1387 970 1422 Vivo
988 1400 1062 1430 ego,
1080 1389 1165 1422 dicit

180 1439 374 1479 Dominus,
407 1439 491 1471 nolo
517 1444 668 1470 mortem
692 1437 904 1481 peccatoris,
939 1438 997 1470 sed
1018 1443 1056 1470 ut
1080 1449 1164 1470 con·

182 1497 337 1524 vertatur
360 1496 392 1522 et
415 1489 520 1521 vivat.
581 1487 677 1521 Scias
702 1495 817 1521 autem
842 1494 935 1520 certo
959 1488 1166 1521 mandatum

183 1540 247 1575 Dei
266 1551 349 1579 esse,
376 1546 415 1572 ut
430 1538 656 1582 promissioni
673 1538 802 1581 gratiae
821 1539 950 1579 credas,
978 1550 1066 1582 quae
1086 1538 1165 1582 qui-

184 1592 261 1623 dem
286 1597 318 1623 et
336 1588 363 1631 ²)
390 1590 586 1622 iuramento
613 1595 645 1622 et
666 1589 835 1630 sanguine
866 1588 928 1620 filii
960 1588 1165 1621 confirmata

185 1648 244 1673 est.
296 1639 433 1673 Deinde
457 1639 541 1671 fides
566 1638 669 1671 etiam
693 1644 820 1671 statuat
843 1637 1001 1669 exaudiri
1024 1637 1165 1681 petitio—

184 1703 264 1724 nem
288 1691 462 1723 bonorum
486 1688 742 1732 corporalium,
771 1695 803 1721 ct
824 1699 1007 1732 nunqnam
1030 1688 1164 1721 irritam

184 1754 274 1782 esse,
314 1740 447 1774 etiamsi
479 1739 674 1783 corporalia
702 1739 793 1771 bona
821 1750 893 1770 non
915 1739 1036 1771 eodem
1059 1739 1165 1772 modo

185 1794 332 1831 dantur,
367 1798 400 1824 et
422 1789 517 1824 Deus
541 1790 616 1823 vult
639 1787 828 1822 Ecclesiam
854 1789 948 1821 cruci
974 1789 1166 1822 subiectam

186 1854 267 1877 esse.
319 1841 398 1875 Non
415 1848 598 1875 esttamen
623 1839 719 1872 irrita
742 1840 883 1883 petitio,
919 1840 976 1872 sed
999 1840 1053 1872 vel
1077 1840 1167 1872 libe-

186 1893 356 1926 rationem
384 1892 440 1925 vel
473 1890 728 1932 mitigationem
761 1891 941 1933 impetrat,
977 1890 1072 1923 iuxta
1105 1890 1165 1923 illa

186 1944 292 1976 dicta:
328 1942 441 1985 Prope
466 1948 515 1975 est
535 1940 710 1974 Dominus
732 1941 895 1973 omuibus
918 1940 1166 1974 invocantibus

184 2005 281 2033 eum,
307 1994 470 2026 omnibns
486 1991 732 2024 invocantibus
750 2004 829 2024 eum
850 1991 886 2023 in
910 1991 1068 2025 veritate.
1119 1990 1166 2026 Et

184 2042 309 2078 Mauh.
328 2045 403 2078 21.:
432 2041 564 2076 Omnia
584 2053 671 2087 quae
693 2043 808 2086 petitis
827 2042 862 2074 in
887 2042 1063 2086 oratione,
1092 2055 1167 2076 cre-

184 2096 302 2128 dentes
319 2094 505 2138 accipietis.

283 2154 344 2185 21.
374 2152 565 2186 Credentes
583 2152 709 2197 inquit.
745 2150 850 2184 Fides
869 2158 984 2185 autem
1003 2152 1167 2185 nomina-

185 2203 246 2236 tim
265 2204 349 2246 petit
366 2209 397 2235 et
415 2204 538 2246 accipit
558 2202 892 2237 reconciliationem.
945 2202 1013 2236 Sed
1038 2203 1079 2235 de
1104 2203 1167 2236 bo-

186 2253 241 2284 nis
274 2254 513 2296 corporalibus
548 2254 632 2297 petit
668 2253 706 2286 in
743 2264 868 2296 genere
898 2253 1167 2296 mitigationem,

186 2303 266 2347 quia
282 2304 343 2336 scit
357 2302 545 2336 Ecclesiam
563 2309 723 2348 oportere
741 2304 932 2337 subiectam
954 2315 1025 2336 esse
1044 2304 1149 2339 cruci.

286 2362 345 2396 22.
386 2360 439 2395 Sit
462 2368 576 2394 autem
603 2368 635 2394 et
659 2372 735 2405 spes
762 2361 926 2394 adiuncta
958 2361 1057 2403 fidei,
1098 2374 1165 2407 qua

187 2418 403 2456 expectemus
420 2411 473 2443 vel
491 2412 755 2450 liberationem,
782 2412 836 2444 vel
855 2412 1110 2454 mitigationem
1128 2412 1165 2445 in

188 2460 252 2496 hac
269 2462 356 2502 vita,
384 2462 487 2494 etiam
511 2475 587 2495 cum
609 2474 726 2495 morae
751 2462 933 2505 longitudo
958 2462 1166 2505 languefacit

186 2513 365 2553 animum,
399 2510 538 2545 Abacuc
555 2513 603 2546 2:
639 2512 676 2545 Si
702 2524 833 2545 moram
855 2513 992 2552 fecerit,
1026 2520 1164 2557 expecta

187 2576 282 2604 eum,
309 2563 390 2608 quia
407 2563 549 2595 veniens
564 2562 676 2596 veniet
705 2570 737 2596 et
764 2576 834 2596 non
861 2564 1022 2598 tradabit.
1076 2563 1163 2598 ltem

220 2693 245 2709 “t

221 2703 245 2722 ο]
263 2698 289 2718 cl
308 2693 430 2719 excidite
448 2697 514 2718 textu
532 2693 613 2719 Peuc.

937 116 1424 159 DISPUTATIONES

2121 121 2195 157 564

1213 203 1351 240 Iudith:
1381 203 1454 247 Qui
1469 204 1549 238 estis
1565 216 1645 246 vos,
1671 204 1734 250 qui
1750 204 1891 239 tentatis
1906 203 2020 239 Deum
2031 232 2041 248 ,
2065 207 2197 240 consti-

1215 257 1330 292 tuistis
1349 254 1424 288 Deo
1441 261 1578 299 tempus
1594 262 1657 290 etc.

1315 307 1378 341 25.
1413 303 1491 339 Etsi
1508 317 1581 338 non
1598 305 1791 340 liberamur
1807 306 1845 340 in
1863 304 1930 341 hac
1947 306 2018 340 vita
2034 313 2075 340 ut
2090 307 2197 340 velle-

1213 369 1307 398 mus,
1341 363 1458 390 tamen
1484 356 1631 390 retineri
1652 364 1791 400 oportet
1813 358 1936 397 fidem,
1963 356 2199 397 dilectionem,

1214 415 1246 441 et
1264 419 1360 451 spem
1380 407 1472 441 vitae
1487 414 1661 448 aeternae,
1683 407 1780 441 iuxta
1797 408 1931 442 dictum
1942 406 2022 441 Iob:
2050 405 2199 441 Etiamsi

1215 459 1348 492 occidet
1364 469 1434 499 me,
1461 464 1579 492 tamen
1595 458 1740 502 sperabo
1759 457 1798 490 in
1814 470 1906 493 eum.
1933 458 2066 492 Yerum
2080 465 2197 492 tamen

1216 510 1288 542 vias
1306 520 1400 542 meas
1419 520 1535 542 coram
1554 520 1595 541 eo
1619 520 1782 552 arguam,
1810 514 1843 542 et
1859 508 1933 552 ipse
1957 509 2022 542 erit
2048 509 2199 542 salvator

1217 572 1312 593 meus
1324 587 1332 600 ‚
1360 559 1431 593 Nec
1450 559 1597 605 intrabit
1614 572 1729 593 coram
1749 571 1790 592 eo
1807 559 1902 592 ullus
1919 556 2113 604 hypocrita.

1318 609 1380 646 24.
1415 609 1550 652 Quarta
1575 609 1864 644 commonefactio
1889 615 1961 650 est,
1997 615 2036 642 ut
2060 620 2114 642 res
2139 621 2199 652 pe-

1218 662 1341 695 tendas
1357 661 1567 703 cogitemus,
1592 661 1723 694 scilicet
1737 661 1831 694 hona
1847 659 2039 694 necessaria
2055 659 2201 692 univer-

1218 724 1273 745 sae
1289 711 1484 751 Ecclesiae,
1512 718 1545 745 et
1562 711 1664 745 nobis
1682 712 1866 756 privatim,
1893 717 1925 744 et
1946 710 2076 744 nostris
2097 710 2201 743 fami-

1217 763 1272 795 liis
1290 762 1485 806 spiritualia
1504 769 1536 796 et
1553 763 1757 806 corporalia,
1784 763 1866 808 quia
1875 761 1970 795 Deus
1987 761 2092 795 etiam
2107 761 2201 794 bona

1218 813 1410 856 corporalia
1426 813 1606 857 promisit,
1634 819 1667 846 et
1684 812 1760 847 vult
1781 824 1801 846 a
1823 824 1857 846 se
1881 812 1953 856 peti
1976 818 2119 856 propter
2141 808 2202 844 has

1218 870 1368 908 quatuor
1389 875 1528 905 causas,
1562 875 1712 908 quarum
1737 863 1851 907 prima
1873 870 1941 903 est,
1976 869 2016 896 ut
2035 872 2202 905 agnosca-

1219 926 1296 947 mus
1313 926 1386 947 non
1402 915 1578 947 dominari
1602 925 1719 947 casum
1744 913 1782 946 in
1805 911 1860 946 his
1881 912 2000 953 bonis,
2032 913 2092 945 sed
2118 909 2202 944 haec

1221 965 1324 997 etiam
1342 965 1489 998 consilio
1508 964 1572 998 Dei
1591 964 1775 1004 distribui,
1800 963 1891 997 utin
1907 962 2045 996 Psalmo
2063 962 2203 1001 dicitur,

1218 1021 1257 1048 ut
1274 1016 1346 1049 alat
1367 1026 1424 1048 eos
1450 1015 1486 1047 in
1510 1015 1621 1053 same,
1647 1021 1682 1048 et
1696 1013 1811 1048 Deum
1834 1025 1956 1047 eorum
1981 1012 2201 1046 conditorem

1220 1076 1303 1098 esse.
1342 1065 1506 1098 Secunda
1522 1072 1561 1098 ut
1576 1065 1660 1098 fides
1676 1071 1876 1098 exerceatur
1890 1063 2058 1108 petitione
2074 1061 2202 1095 horum

1218 1115 1406 1148 honorum.
1461 1114 1602 1155 Tertia,
1630 1122 1670 1148 ut
1690 1115 1942 1158 promissiones
1964 1113 2202 1157 corporalium

1219 1166 1395 1199 bonorum
1424 1165 1494 1199 sint
1529 1165 1884 1199 commonefactiones
1905 1165 1948 1198 de
1971 1163 2204 1208 promissione

1219 1216 1358 1259 gratiae.
1411 1217 1607 1250 Servantur
1630 1216 1725 1249 enim
1749 1226 1915 1259 corpora,
1940 1214 2112 1253 familiae,
2139 1224 2203 1257 po-

1219 1267 1331 1308 litiae,
1365 1273 1405 1300 ut
1428 1267 1613 1310 colligatur
1635 1274 1774 1301 aeterna
1791 1264 1959 1300 Ecclesia.
2012 1263 2059 1298 Et
2081 1264 2118 1296 in
2141 1275 2202 1307 pe-

1219 1317 1342 1350 titione
1384 1317 1619 1361 corporalium
1662 1318 1839 1347 honorum
1887 1327 2025 1356 semper
2067 1324 2205 1347 necesse

1219 1375 1268 1402 est
1295 1368 1495 1409 praelucere
1520 1367 1642 1404 fidem,
1681 1375 1769 1408 quae
1799 1362 1927 1406 accipit
1949 1361 2203 1396 remissionem.

1221 1416 1375 1457 Quarta,
1403 1413 1469 1448 hae
1495 1415 1590 1458 ipsae
1613 1413 1856 1458 promissionis
1880 1412 2118 1456 corporalium
2139 1412 2203 1444 bo-

1219 1478 1347 1499 norum
1373 1473 1545 1499 testantur
1569 1464 1684 1499 Deum
1718 1465 1757 1497 in
1786 1461 1851 1496 hae
1883 1463 1954 1496 vita
1982 1469 2201 1495 servaturum

1219 1527 1290 1549 esse
1312 1514 1516 1549 Ecclesiam.
1565 1515 1686 1560 ltaque
1717 1525 1790 1547 non
1813 1513 1926 1546 solum
1958 1519 2076 1545 nostra
2102 1522 2202 1544 causa

1218 1573 1399 1610 petantur,
1425 1567 1484 1599 sed
1501 1572 1534 1599 et
1549 1572 1692 1609 propter
1708 1575 1931 1597 communem
1946 1561 2122 1596 Ecclesiae
2139 1573 2201 1594 ne—

1219 1617 1424 1651 cessitatem.

1319 1665 1378 1699 25.
1418 1665 1473 1700 Sit
1498 1666 1605 1709 igitur
1628 1664 1804 1699 invocatio
1827 1675 1900 1697 non
1928 1663 2044 1696 ociosa
2065 1662 2203 1707 βαπτο-

1218 1713 1342 1763 λογία,
1369 1717 1428 1750 sed
1451 1716 1716 1750 commonefacti
1740 1714 1942 1757 ingentibus
1965 1713 2114 1746 miseriis
2138 1725 2203 1746 no-

1217 1768 1297 1799 stris
1321 1774 1476 1811 petamus
1500 1778 1554 1799 res
1578 1765 1805 1805 necessarias,
1846 1772 1878 1798 et
1911 1774 2052 1806 agamus
2075 1764 2202 1807 gratias

1217 1816 1292 1850 Deo
1310 1830 1373 1861 pro
1389 1817 1583 1858 beneficiis,
1605 1817 1695 1850 sicut
1704 1815 1836 1849 Paulus
1854 1813 1938 1848 haec
1954 1814 2098 1848 nomina
2116 1826 2200 1847 con-

1218 1868 1332 1910 iungit
1363 1864 1516 1912 δεήσεις,
1558 1864 1784 1914 προσευχὰς,
1825 1861 2014 1905 ἐντεύξεις,
2057 1864 2201 1911 εὐχαρι-

1219 1916 1330 1957 στίας.
1399 1920 1499 1961 Quae
1527 1919 1656 1963 opinor
1685 1919 1733 1952 ita
1765 1923 1856 1951 recte
1879 1915 2051 1957 discerni,
2086 1916 2156 1949 sint
2171 1915 2199 1960 ⁴)

1219 1966 1357 2014 δεήσεις
1396 1970 1675 2014 deprecationes,
1726 1975 1766 2003 ut
1799 1967 1891 2001 mala
1929 1973 2133 2000 avertantur
2158 1964 2202 2013 ⁵),

1219 2018 1421 2065 προσευχαί
1443 2027 1520 2053 vota
1545 2028 1583 2054 ut
1610 2022 1702 2054 bona
1725 2021 1872 2058 dentur,
1895 2014 2068 2056 ἐντεύξεις
2091 2017 2201 2050 inter-

1219 2071 1424 2114 pellationes
1443 2082 1504 2113 pro
1522 2071 1617 2111 aliis,
1644 2067 1857 2115 ἑυχαριστία
1882 2068 2074 2112 gratiarum
2098 2068 2200 2107 actio,

1219 2134 1307 2166 quae
1321 2128 1371 2155 est
1385 2121 1554 2154 confessio
1571 2120 1646 2155 Deo
1664 2121 1799 2161 debita,
1826 2131 1894 2164 qua
1916 2119 2050 2153 testaris
2074 2125 2105 2152 te
2127 2129 2199 2151 non

1219 2184 1318 2211 casu,
1361 2184 1433 2205 non
1458 2172 1542 2204 solis
1568 2169 1732 2206 humanis
1757 2170 1913 2205 consiliis
1936 2175 1996 2202 aut
2019 2168 2200 2212 praesidiis

1219 2229 1393 2256 servatum
1421 2234 1513 2261 esse,
1541 2224 1600 2256 sed
1618 2221 1732 2257 Deum
1756 2233 1837 2255 vere
1858 2220 1963 2254 fuisse
1984 2225 2140 2252 autorem
2168 2226 2201 2252 et

1218 2274 1488 2316 gubernatorem
1511 2274 1694 2315 beneficii,
1721 2280 1755 2307 et
1778 2270 1842 2306 hac
1868 2269 2201 2304 commemoratione

1218 2325 1332 2369 ipsum
1356 2325 1526 2366 celebras,
1553 2331 1587 2359 et
1609 2332 1643 2360 te
1668 2325 1781 2369 ipsum
1808 2324 1927 2363 doces,
1961 2321 2064 2354 valde
2089 2321 2199 2355 multa

1217 2375 1372 2409 accidere
1388 2373 1526 2409 homini
1544 2374 1797 2410 inextricabilia
1811 2370 1966 2406 humano
1982 2371 2140 2413 consilio,
2162 2372 2200 2405 in

1217 2426 1346 2471 quibus
1377 2428 1608 2471 praesentiam
1632 2425 1699 2460 Dei
1721 2432 1754 2459 et
1775 2423 1952 2457 mirandas
1974 2422 2200 2461 liberationes

1217 2477 1427 2521 experimur,
1453 2478 1547 2512 iuxta
1564 2478 1670 2511 illud:
1697 2475 1786 2509 Cum
1803 2474 1975 2507 nescimus
1989 2474 2073 2519 qnid
2092 2485 2198 2517 agen-

1216 2529 1301 2561 dum
1316 2528 1376 2569 sit,
1405 2530 1447 2562 ad
1468 2536 1500 2563 te
1516 2528 1611 2563 Deus
1628 2526 1722 2561 oculi
1740 2526 1851 2560 nostri
1875 2526 2068 2565 tolluntur,
2102 2536 2140 2558 ac
2165 2532 2197 2558 te

1250 2652 1276 2683 4)
1296 2651 1377 2676 Peuc.
1393 2649 1476 2675 edidit
1491 2653 1565 2674 sune.

1251 2695 1276 2726 5)
1296 2693 1376 2719 l‘euc.
1393 2692 1522 2718 mendose
1538 2694 1707 2716 evertantur.
