2324 2955
97 101 170 137 635

95 193 242 223 testatur
271 184 421 219 dictum:
471 181 584 218 Unica
614 182 793 217 oblatione
823 184 1080 217 consummavit

92 243 241 273 sanctos.
316 234 369 269 Ac
394 234 523 268 Paulus
551 232 678 268 Roma.
705 233 738 270 8.
767 234 967 267 nominavit
998 231 1079 278 περὶ

93 284 287 334 ἁμαρτίας,
315 286 375 321 ubi
394 283 479 318 haec
496 296 576 318 vera
594 284 758 329 Syntaxis
774 292 836 326 est,
864 285 1079 318 condemna-

91 340 145 374 vit
167 344 364 382 peccatum,
390 335 539 377 scilicet,
573 342 732 368 nostrum
758 336 795 368 in
821 348 922 369 carne
947 341 1077 373 nostra,

91 387 174 436 περὶ
197 384 397 433 ἁμαρτίας,
432 386 469 419 id
487 392 553 427 est,
580 398 642 430 per
659 383 830 427 hostiam,
857 398 946 431 quae
961 385 1078 419 nomi-

91 441 244 475 nabatur
275 435 356 483 περὶ
385 434 582 483 ἁμαρτίας.
651 435 757 478 Quod
788 443 905 470 autem
937 437 972 469 in
1002 437 1077 479 lege

91 490 260 536 quaedam
286 488 565 522 nominabantur
586 485 863 530 Propiciatoria‚
900 485 1077 520 habebant

88 543 127 575 id
153 550 285 573 nomen
309 545 624 584 proptergtypum,
664 548 729 570 nec
760 538 988 571 merebantur
1019 549 1076 570 re—

87 591 312 630 missionem,
339 591 400 623 sed
419 601 498 623 cum
522 589 571 633 pii
595 587 807 630 offerebant,
842 595 941 622 crant
965 586 1075 633 εὐχα-

85 638 241 689 ριστικά.

186 698 248 734 54.
283 698 375 733 Sunt
392 704 508 732 autem
524 697 643 730 omnia
660 704 792 732 caetera
811 699 950 743 piorum
965 697 1074 731 sacri-

86 752 164 785 ficia
195 745 451 794 εὐχαρισῖικὰ,
493 747 657 781 videlicet
682 749 801 782 omnia
823 761 928 793 opera
954 760 973 781 a
996 747 1072 782 Deo

84 802 267 841 mandata,
293 801 382 833 facta
400 800 438 831 in
456 799 533 839 fide,
559 805 597 831 ut
616 799 652 832 in
671 800 719 832 eis
730 799 804 833 Deo
822 800 972 833 offerant
987 800 1073 832 obe-

84 852 265 892 dientiam,
291 856 325 884 et
341 856 512 885 testentur
527 847 622 882 hunc
639 861 719 882 vere
737 861 807 883 esse
818 849 945 890 Deum,
967 862 1071 894 quem

83 903 132 936 sic
153 902 293 940 colunt,
328 908 361 935 et
383 901 571 934 ostendant
595 912 676 933 eum
697 900 745 933 sic
768 901 857 933 velle
881 901 961 935 coli.
1013 900 1072 934 Sic

80 952 248 987 sacrificia
265 959 347 986 sunt
365 951 502 985 castitas
519 948 664 993 Ioseph,
689 950 889 984 obedientia
899 948 1072 994 Stephani

79 1005 119 1038 in
142 1003 335 1047 supplicio,
362 1002 463 1035 labor
479 1000 581 1034 Pauli
605 1000 641 1032 in
668 1001 846 1041 docendo,
871 1002 1071 1034 beneficen-

81 1056 130 1088 tia
159 1065 266 1099 quam
292 1058 426 1086 exercet
452 1051 646 1096 Sareptana
676 1052 847 1095 praebens
875 1049 1071 1097 hospitium

78 1103 193 1140 Eliae.

183 1160 244 1199 55.
287 1161 362 1196 Hac
394 1160 647 1195 distributione
672 1161 913 1201 considerata,
955 1161 1071 1194 mani-

80 1217 207 1248 lestum
227 1219 277 1247 est
292 1210 507 1246 horrendam
524 1211 746 1256 :impietatem
772 1223 862 1252 esse,
890 1212 985 1256 quod
1003 1212 1070 1244 fin-

77 1271 165 1308 gunt
174 1263 347 1308 Papistae‚
375 1263 520 1296 Missam
539 1273 610 1295 esse
626 1262 855 1302 sacrificium,
882 1263 976 1306 quod
996 1275 1070 1295 me-

78 1322 199 1349 reatur
215 1314 457 1347 remissionem
475 1318 696 1356 peccatorum
714 1313 856 1345 facienti
874 1319 907 1346 et
922 1313 1012 1348 aliis.

180 1378 241 1415 56.
281 1378 351 1413 Nec
379 1390 451 1412 esse
477 1378 685 1411 sacrificium
709 1376 966 1423 εὐχαριστικὸν
988 1379 1071 1412 inde

79 1432 235 1475 adparet,
253 1430 334 1474 quia
354 1441 426 1462 non
444 1429 643 1462 institutum
661 1436 724 1468 est,
751 1435 789 1461 ut
805 1427 1070 1462 offerantChri-

77 1489 180 1516 stum.
249 1479 410 1523 Cumque
439 1479 565 1511 offerre
597 1479 641 1511 sit
674 1479 812 1521 ingredi
837 1480 874 1511 in
899 1479 1069 1511 Sanctum

76 1537 299 1570 sanctorum,
343 1537 376 1563 et
400 1529 559 1562 derivare
584 1528 621 1560 in
646 1539 719 1561 sese
743 1529 830 1561 iram
853 1527 942 1568 Dei,
985 1526 1069 1562 haec

75 1583 143 1628 ipsi
161 1588 297 1616 tantum
315 1580 386 1613 filio
405 1585 632 1624 competunt,
660 1590 732 1611 non
751 1579 841 1611 aliis.
878 1578 982 1612 Unde
1003 1579 1069 1621 igi-

75 1642 134 1668 tur
151 1630 236 1665 haec
252 1631 397 1664 audacia
415 1636 485 1671 est,
520 1629 616 1674 quod
640 1629 826 1663 sacrificuli
850 1629 974 1663 dicunt
996 1641 1068 1662 sese

78 1684 205 1717 offerre
238 1679 447 1715 Christum?
505 1679 629 1724 Neque
660 1676 746 1713 haec
774 1687 857 1714 sunt
890 1681 927 1713 in
958 1681 1067 1713 veteri

78 1734 213 1768 Graeco
230 1731 387 1766 Cauone.

175 1790 237 1827 57.
272 1790 344 1824 Nee
369 1789 489 1823 minor
511 1794 561 1821 est
584 1787 764 1831 impietas,
801 1789 895 1833 quod
920 1789 1067 1833 plurimi

75 1842 260 1878 sacrificuli
294 1839 426 1874 ventris
461 1850 564 1872 causa
591 1838 699 1872 ritum
726 1838 928 1878 imitantur,
963 1852 1066 1883 pror-

74 1906 132 1929 sus
156 1893 358 1937 ignorantes
383 1889 469 1936 quid
497 1896 612 1934 agant.
673 1888 780 1922 Tales
804 1889 926 1924 colunt
950 1889 1065 1924 Deum

75 1944 244 1979 Maozim.

175 2000 237 2038 58.
271 1999 367 2034 Haec
386 1998 543 2042 ingentia
565 1998 657 2032 mala
683 1999 765 2032 satis
790 1998 967 2043 deplorari
991 2011 1065 2032 non

72 2060 240 2101 possunt,
267 2050 405 2084 etiamsi
422 2056 558 2083 tantum
577 2049 811 2094 lacrymarum
829 2049 958 2091 singuli
981 2051 1064 2082 sun-

73 2109 256 2142 deremus,
283 2108 457 2147 quantum
481 2100 660 2133 undarum
686 2097 820 2133 vehunt
845 2112 971 2142 magna
996 2101 1064 2133 ssu-

74 2157 181 2191 mina.
234 2153 301 2187 Sed
320 2152 477 2185 orandus
499 2156 549 2183 est
573 2150 667 2183 filius
684 2149 767 2191 Dei,
793 2158 832 2184 ut
854 2151 929 2194 ipse
950 2151 1063 2184 deleat

74 2207 191 2245 omnia
224 2203 319 2238 idola
352 2209 385 2236 et
402 2201 483 2235 'nos
510 2202 652 2241 doceat,
694 2207 727 2234 et
751 2202 793 2234 ad
820 2213 920 2234 veros
948 2202 1062 2235 cultus

73 2257 232 2290 omnium
248 2261 388 2299 pectora
407 2253 533 2287 flectat.
581 2249 672 2284 Cum
689 2258 804 2284 autem
822 2259 958 2285 tautum
983 2252 1061 2285 ido-

74 2309 189 2341 lorum
209 2313 242 2340 et
255 2316 415 2338 errorum
431 2302 527 2336 sitin
544 2308 634 2335 secta
653 2302 839 2346 papistica,
868 2309 901 2336 et
920 2303 1060 2335 accedat

74 2358 203 2392 iniusta
221 2355 424 2393 crudelitas,
451 2353 677 2386 manifestum
703 2359 752 2385 est
770 2352 898 2397 Papam
922 2360 955 2386 et
971 2351 1059 2397 Epi-

73 2419 194 2453 scopos
212 2418 284 2440 non
310 2416 380 2438 esse
399 2403 591 2438 Ecclesiam
609 2403 693 2444 Dei,
727 2410 760 2436 et
783 2404 971 2448 scriptores
997 2404 1059 2448 qui

71 2463 277 2504 praetexunt
295 2467 423 2488 nomen
440 2453 633 2494 Ecclesiae,
662 2451 716 2486 his
734 2454 839 2487 tantis
855 2455 1058 2493 sceleribus,

68 2511 208 2550 Polum,
229 2506 370 2546 Osium,
396 2504 590 2546 Roardum,
615 2503 808 2543 Caluisium,
836 2503 1058 2549 Staphylum‚

70 2569 99 2594 et
126 2560 257 2593 similes
278 2557 439 2599 decipere
463 2556 621 2598 ignaros,
649 2563 681 2589 et
707 2552 926 2588 horribiliter
942 2555 1056 2588 Deum

70 2611 262 2644 offendere.
338 2606 510 2639 'l'euenda
536 2612 584 2639 est
610 2606 704 2638 euim
732 2607 864 2648 regula:
915 2606 954 2638 si
978 2606 1057 2650 quis

66 2663 163 2697 aliud
181 2658 414 2702 Evaugelium
442 2657 558 2698 docet,
585 2655 770 2691 anathema
787 2658 841 2693 sit.
884 2656 971 2691 Cum
990 2656 1048 2700 igi-

734 95 998 132 PIIILIPPI
1030 93 1486 134 MELANTHONIS.

1088 2091 1091 2105 l

2050 103 2121 138 634

1133 187 1192 214 tur
1209 178 1366 215 Ecclesia
1383 182 1427 215 sit
1445 189 1563 217 coetus
1586 190 1677 218 recte
1702 186 1848 228 docens,
1875 198 1954 220 vera
1973 188 2120 231 gratitu-

1133 232 1215 264 dine
1227 231 1341 264 Deum
1356 233 1590 274 celebremus,
1619 237 1714 280 quod
1731 249 1796 271 nos
1814 238 1894 271 fecit
1911 238 2001 272 cives
2018 251 2120 272 verae

1131 279 1327 323 Ecclesiae,
1355 290 1387 316 et
1408 291 1552 328 propter
1574 282 1641 319 hoc
1666 286 1789 330 ingens
1807 289 2037 330 beneficium,
2064 290 2120 334 pie

1131 333 1249 366 fovere
1265 340 1405 367 nostros
1420 343 1536 369 coetus
1552 338 1766 372 studeamus.

1318 451 1531 499 (LXVIII.)
1567 459 1928 501 Propositiones

1130 501 1175 536 de
1191 502 1321 548 quibus
1337 505 1544 549 disputavit
1554 510 1740 553 Dlayister
1751 509 2117 546 ConradusBecker

1128 555 1429 597 Brunsvicensis,
1476 563 1630 592 vocatus
1652 558 1702 592 ad
1722 559 2027 605 yubernationem
2052 565 2117 596 Ec-

1128 606 1262 639 etesiae
1278 607 1490 642 Stadenst's.
1530 608 1757 656 Il⁷iteber9c1e
1773 612 1876 644 Anno
1899 611 2009 648 1556.
2044 615 2117 647 Die

1126 657 1257 690 ultimo
1276 658 1460 701 Octobris,
1483 670 1552 703 quo
1575 659 1638 693 die
1664 665 1752 694 ante
1776 673 1892 695 annos
1916 662 1987 704 39,
2011 663 2115 697 vide-

1126 708 1215 741 licet
1240 719 1336 742 anno
1361 708 1480 751 1517,
1518 711 1760 745 Reum-endas
1782 715 1839 746 vir
1855 714 1904 747 D.
1922 715 2116 748 Martinus

1125 757 1316 792 Lutherus
1343 763 1508 804 primum
1536 760 1659 796 edidit
1682 764 1954 807 Propositiones
1981 765 2117 809 plenas

1126 808 1350 843 eruditionis
1372 816 1410 845 et
1432 814 1611 856 pietatis,
1654 812 1700 846 de
1722 816 1963 849 Poenitentia
1988 821 2115 849 contra

1125 858 1296 894 tenebras
1335 865 1566 906 papisticus,
1614 868 1650 897 et
1691 869 1823 900 contra
1860 868 2022 910 aucupia
2058 869 2115 900 in-

1477 912 1770 960 clzaelyetztic1›·u111.

1123 985 1168 1024 Iu
1186 992 1291 1026 tantis
1309 994 1578 1028 confusionibus
1595 997 1733 1038 generis
1760 995 1908 1031 humani
1937 1006 2115 1033 teneamus

1123 1040 1215 1076 hanc
1233 1055 1351 1077 veram
1371 1045 1661 1089 consolationem,
1690 1055 1784 1081 certo
1802 1049 1918 1092 colligi
1938 1058 2114 1083 aeternam

1124 1105 1142 1126 a
1161 1094 1235 1126 filio
1251 1092 1318 1127 Dei
1334 1093 1490 1129 Domino
1515 1104 1635 1130 nostro
1651 1096 1728 1131 Iesu
1745 1096 1905 1140 Christo,
1932 1101 2035 1133 etiam
2060 1101 2115 1132 iu-

1124 1150 1176 1176 ter
1199 1141 1261 1176 has
1282 1141 1471 1179 horribiles
1494 1146 1725 1191 imperiorum
1751 1150 1889 1191 ruinas,
1917 1158 1949 1185 et
1973 1151 2115 1195 quidem

1124 1194 1243 1237 colligi
1261 1207 1345 1228 voce
1360 1194 1566 1239 Evangelii,
1588 1205 1621 1231 et
1637 1211 1710 1231 non
1727 1200 1839 1233 aliter.
1892 1200 1937 1234 Et
1963 1202 2011 1234 sic
2036 1202 2112 1234 lieri

1123 1242 1301 1278 Ecclesiae
1324 1246 1567 1281 collectionem
1595 1249 1639 1281 ab
1670 1250 1746 1293 ipso
1781 1252 1854 1283 filio
1878 1251 1962 1289 Dei,
2000 1253 2113 1285 donec

1124 1295 1346 1329 resuscitabit
1366 1309 1487 1331 omnes
1509 1296 1672 1332 homines
1695 1309 1869 1342 mortuos,
1906 1302 2000 1336 iuxta
2027 1301 2112 1335 haec

1124 1346 1238 1386 dicta,
1270 1344 1443 1380 Matthaei
1466 1349 1578 1392 capite
1601 1350 1767 1383 vicesimo
1790 1359 1931 1395 quarto:
1968 1352 2025 1386 Sic
2049 1354 2114 1386 erit

1123 1397 1296 1429 adventus
1314 1397 1378 1429 filii
1396 1395 1563 1435 hominis.
1610 1399 1714 1433 'l'unc
1733 1403 1804 1434 duo
1829 1410 1931 1437 erunt
1958 1404 1994 1435 in
2017 1415 2112 1446 agro,

1123 1457 1216 1478 unus
1241 1447 1464 1488 adsumetur,
1499 1456 1531 1482 et
1557 1450 1645 1483 alter
1668 1451 1898 1496 relinquetur.
1950 1452 1998 1487 Et
2017 1453 2112 1487 Mat-

1122 1493 1216 1528 thaei
1234 1496 1377 1529 ultimo:
1412 1497 1522 1539 Ecce,
1552 1511 1614 1542 ego
1640 1502 1820 1534 vobiScurn
1844 1515 1921 1536 sum
1945 1505 2113 1538 omnibus

1122 1545 1247 1578 diebus
1264 1557 1375 1590 usque
1399 1549 1442 1580 ad
1467 1550 1805 1584 consummationem
1830 1553 1949 1586 seculi.
2005 1553 2050 1588 Et
2074 1556 2111 1587 iu

1122 1596 1207 1639 ipsis
1239 1591 1368 1630 coenae
1400 1597 1609 1633 Dominicae
1649 1602 1765 1635 verbis
1808 1603 1841 1639 1.
1864 1602 2027 1639 Corinth.
2053 1606 2112 1640 11.

1120 1646 1307 1690 promissio
1326 1646 1577 1692 comprehensa
1596 1657 1663 1684 est:
1707 1651 1784 1686 Hoc
1802 1654 1905 1687 facite
1920 1656 2031 1689 donec
2050 1667 2111 1688 ve-

1121 1697 1206 1732 niet.
1273 1697 1370 1740 Quid
1398 1706 1510 1743 potest
1534 1702 1603 1734 dici
1628 1702 1784 1744 dulcius,
1822 1717 1926 1749 quam
1950 1707 2110 1750 promitti

1119 1749 1328 1781 duraturum
1364 1761 1436 1782 esse
1470 1751 1707 1785 ministerium
1741 1752 1948 1798 Evangelii,
1998 1759 2110 1791 donec

1119 1798 1213 1831 filius
1228 1798 1293 1831 Dei
1310 1801 1522 1834 resuscitatis
1537 1804 1686 1837 mortuis
1703 1807 1864 1839 ostendet
1889 1818 1923 1839 se
1950 1807 1986 1840 in
2012 1808 2111 1841 iudi-

1119 1848 1173 1881 cio
1192 1849 1358 1883 universo
1373 1853 1491 1893 generi
1510 1850 1676 1890 humano.
1728 1854 1775 1889 Et
1791 1854 1915 1890 Esaiae
1932 1858 2110 1903 quinqua-

1118 1899 1366 1941 gesirnonono:
1410 1900 1487 1935 Hoc
1517 1903 1639 1937 foedus
1669 1917 1786 1938 meum
1817 1919 1896 1940 cum
1922 1910 1988 1949 eis,
2022 1910 2109 1943 dicit

1117 1948 1313 1991 Dominus,
1340 1950 1494 1994 Spiritus
1512 1965 1626 1995 meus,
1661 1956 1721 1999 qui
1739 1956 1841 1989 estin
1859 1964 1909 1998 te,
1945 1967 1976 1992 et
2000 1961 2106 1994 verba

1118 2011 1212 2041 mea,
1240 2012 1327 2044 quae
1346 2003 1446 2044 posui
1465 2003 1501 2035 in
1521 2016 1580 2037 ore
1595 2011 1675 2045 tuo,
1699 2018 1772 2039 non
1791 2009 1954 2041 recedent
1978 2010 2021 2042 ab
2046 2022 2106 2044 ore

1117 2057 1177 2083 tuo
1189 2077 1198 2090 ,
1225 2057 1259 2084 ct
1277 2052 1321 2084 ab
1336 2064 1396 2085 ore
1413 2054 1557 2087 seminis
1575 2055 1642 2095 tui,
1671 2062 1703 2089 et
1719 2064 1939 2100 posterorum
1963 2061 2106 2095 seminis

1117 2101 1167 2134 tui
1186 2101 1223 2133 iu
1241 2108 1439 2143 aeternum,
1467 2104 1553 2138 dicit
1571 2103 1758 2143 Dominus.

1217 2154 1252 2187 2.
1288 2151 1457 2194 Quotidie
1473 2155 1510 2188 in
1528 2156 1731 2190 recitatione
1755 2160 1924 2204 symboli,
1952 2174 2030 2195 curn
2049 2162 2105 2195 di-

1115 2202 1244 2244 cimus,
1279 2201 1395 2237 Credo
1412 2216 1485 2238 esse
1500 2204 1689 2240 Ecclesiam
1709 2216 1867 2243 sanctum
1885 2210 2104 2254 catholicam,

1115 2250 1181 2285 hac
1206 2253 1422 2301 cogitatione
1443 2257 1703 2290 confirmemur.
1747 2257 1825 2292 Etsi
1851 2270 1931 2296 sunt
1957 2275 2104 2306 magnae

1114 2304 1338 2337 confusiones
1355 2307 1492 2348 generis
1513 2305 1678 2346 humani,
1704 2315 1820 2343 tamen
1840 2319 1888 2346 est
1906 2314 2022 2358 aliqua
2037 2313 2104 2348 Dei

1112 2351 1288 2395 Ecclesia,
1330 2356 1366 2388 in
1400 2369 1468 2401 qua
1493 2357 1572 2398 fsola
1596 2365 1677 2391 suut
1702 2360 1800 2393 electi
1823 2370 1967 2407 propter
1990 2365 2102 2398 lilium

1112 2401 1279 2439 haeredes
1307 2406 1530 2440 dulcissimae
1559 2411 1825 2444 consuetudinis
1859 2426 1936 2447 cum
1967 2427 2026 2456 eo,
2063 2417 2101 2449 in

1110 2467 1178 2499 qua
1188 2454 1282 2490 Deus
1297 2457 1362 2490 erit
1375 2458 1494 2491 omnin
1511 2459 1547 2491 in
1565 2460 1740 2493 omnibus.
1771 2459 1817 2495 Et
1834 2461 1918 2497 haec
1937 2478 2016 2499 vera
2028 2465 2098 2501 Ec-

1111 2505 1231 2547 clesia,
1258 2519 1331 2540 non
1355 2519 1455 2548 casu,
1484 2511 1542 2542 sed
1567 2516 1661 2543 certo
1687 2513 1835 2546 consilio
1853 2513 1919 2548 Dei
1945 2518 2100 2552 subiecta

1110 2562 1161 2589 est
1184 2558 1278 2589 cruci
1304 2559 1564 2602 multipliciter,
1597 2560 1691 2595 iuxta
1714 2563 1865 2598 dictum:
1894 2566 1985 2600 Dedi
2011 2569 2099 2601 dile-

1109 2613 1196 2640 ctam
1227 2608 1382 2641 animam
1409 2622 1519 2644 meam
1546 2611 1581 2644 iu
1607 2623 1732 2646 manus
1761 2614 1985 2651 inimicorum
2014 2619 2099 2660 eius,

1110 2656 1276 2692 leretniae
1300 2660 1356 2695 12.
