2324 2955
159 113 228 147 971

162 204 275 230 ratore
293 195 457 230 destructi
475 195 623 227 snerant.
657 189 788 236 Estque
805 191 1031 225 intervallum
1047 192 1140 226 inter

163 247 432 280 destructionem
449 244 572 276 saetam
598 242 700 276 tertio
726 254 819 275 anno
839 240 959 275 Severi
982 243 1025 275 ad
1048 240 1139 275 hanc

164 295 469 332 instaurationem,
496 293 580 326 anni
598 299 737 326 centum
765 299 799 325 et
822 293 977 335 triginta.
1030 291 1140 325 Sunt-

165 358 230 390 que
249 346 292 377 ab
310 343 563 377 instauratione
579 345 690 376 donec
707 355 725 376 a
743 340 949 376 'Mabometo
966 349 1064 386 capta
1080 349 1140 381 est,

165 396 277 434 mille,
304 400 443 427 centum
463 401 494 427 et
512 394 703 427 octodecim
722 394 818 428 anni.
854 391 963 436 Capta
980 400 1029 426 est
1048 392 1141 425 enim

165 458 182 477 a
209 442 412 476 Mahometo
438 455 531 476 anno
556 443 764 484 millesimo,
797 442 1141 488 quadringentesimo

167 494 456 538 quinquagesimo
480 494 593 529 tertio,

265 544 357 578 Sunt
377 543 518 576 urbium
543 551 576 578 et
598 544 827 587 imperiorum
851 543 972 577 fatales
995 542 1144 587 periodi.

165 592 209 627 Et
235 595 345 628 multa
378 592 511 627 heroici
536 594 601 626 viri
623 594 757 628 faciunt
778 594 876 628 fatali
907 594 1061 638 impetu,
1102 594 1144 626 de

168 644 298 688 quihus
316 655 413 677 secus
431 644 570 677 videtur
587 644 676 679 aliis.

267 701 400 735 Verum
419 710 485 740 est,
513 702 611 735 urbis
626 701 780 742 Romae,
805 701 924 736 Italiae
949 710 981 736 et
1005 702 1145 746 imperii

167 759 294 785 statum
311 753 411 784 valde
430 753 684 794 languefactum
699 764 781 790 esse,
798 753 963 786 translata
981 759 1013 786 et
1029 752 1146 795 digni-

167 809 236 835 tate
262 809 295 835 et
322 802 498 835 translatis
524 802 665 834 familiis
696 809 728 835 et
759 803 884 845 opibus
917 815 957 835 ex
983 802 1083 835 Italia
1109 803 1144 835 in

168 850 370 886 Thraciam.
423 851 494 884 Nec
517 864 667 896 quaero,
700 864 788 896 quae
811 864 864 885 res
883 853 1031 886 moverit
1049 851 1145 886 Con-

168 902 372 936 stantinum.
425 900 502 934 Etsi
523 902 609 935 situs
628 901 789 947 Byzantii
807 903 907 935 valde
926 910 1146 947 opportunus

168 958 217 984 est
233 952 274 984 ad
292 952 484 985 tenendum
502 949 707 985 Occidentis
724 959 756 985 et
770 950 930 985 Orientis
948 953 1145 996 imperium.

167 999 214 1034 Et
247 1008 330 1034 tunc
362 1001 510 1034 assiduis
541 1002 724 1045 praesidiis
750 1002 787 1034 in
812 1013 853 1034 eo
877 1003 954 1035 loco
981 1004 1146 1035 adversus

169 1050 295 1085 Gottos
319 1058 351 1084 et
375 1051 550 1084 Sarmatas
573 1063 660 1094 opus
683 1059 774 1091 erat,
809 1063 897 1095 quae
928 1052 1069 1095 quidem
1097 1052 1146 1083 ibi

169 1101 449 1133 commodissime
474 1101 518 1132 ali
548 1107 718 1143 poterant.
778 1100 846 1133 Sed
870 1101 1042 1143 potiorem
1065 1112 1147 1133 cau—

168 1163 239 1183 sam
265 1157 380 1183 tantae
405 1150 611 1183 mutationis
637 1150 744 1183 fatum
770 1150 876 1183 fuisse
899 1151 1147 1184 existimemus.

168 1200 256 1233 Cum
276 1199 371 1233 Deus
390 1201 578 1243 puniturus
597 1207 683 1233 esset
702 1199 837 1233 ltaliam
862 1207 895 1234 et
910 1200 1061 1234 Romam
1086 1201 1147 1232 ad-

169 1258 275 1282 ventu
299 1251 562 1293 peregrinarum
586 1250 760 1292 gentium,
796 1250 894 1293 prius
919 1251 1030 1283 voluit
1063 1249 1147 1283 alibi

168 1311 281 1332 arcem
301 1300 439 1343 imperii
457 1307 487 1332 et
506 1300 747 1334 doctrinarum
765 1301 928 1333 condere.

270 1357 347 1401 Ipsa
373 1359 457 1391 urbs
475 1357 685 1403 Byzantium
710 1358 794 1391 olim
821 1370 840 1391 a
861 1357 1149 1401 Carthaginensi-

169 1409 233 1440 11115
251 1408 390 1442 condita
410 1420 482 1441 esse
497 1408 683 1449 scribitur,
715 1415 747 1441 et
768 1409 923 1441 nominis
939 1409 1149 1453 etymologia

170 1459 340 1490 concinna
360 1465 426 1491 est:
463 1456 553 1492 Beth
570 1458 685 1498 Zona,
712 1458 747 1490 id
773 1465 841 1499 est,
868 1460 994 1492 domus
1019 1471 1149 1502 caupo-

168 1520 233 1540 nae
251 1519 311 1541 seu
329 1509 535 1541 meretricis:
573 1508 664 1550 Quia
690 1515 832 1551 propter
854 1510 1048 1542 ubertatem
1073 1509 1150 1549 soli,

169 1565 200 1590 et
218 1559 284 1590 loci
302 1559 598 1602 opportunitatem
611 1559 709 1602 copia
722 1559 771 1591 ibi
784 1571 906 1602 magna
924 1566 973 1593 est
989 1560 1148 1592 omnium

171 1620 286 1640 rerum
308 1609 590 1643 necessariarum.

271 1665 527 1700 Constantinus
546 1667 744 1699 nominavit
761 1666 860 1700 Νέαν
874 1664 1038 1711 Ῥώμην,
1067 1668 1148 1711 quia

171 1716 281 1749 voluit
307 1715 368 1748 lias
393 1719 478 1749 duas
501 1717 656 1749 civitates
682 1728 788 1748 unam
817 1727 907 1755 esse,
942 1723 973 1749 et
997 1716 1088 1748 cives
1113 1716 1149 1748 in

172 1764 234 1797 liae
251 1778 339 1798 nova
358 1766 470 1800 Roma
487 1773 555 1799 tam
575 1766 647 1798 fieri
657 1765 846 1805 Consules,
873 1777 977 1810 quam
996 1777 1063 1805 eos,
1089 1766 1150 1810 qui

133 1846 137 1853 ,
172 1816 208 1846 in
235 1817 322 1847 urbe
343 1814 458 1849 Roma
489 1816 562 1848 nati
589 1822 687 1848 erant
712 1823 743 1848 et
770 1813 987 1850 habitabant.
1057 1815 1150 1849 Vicit

172 1873 285 1897 antem
317 1868 552 1905 consuetudo,
596 1873 633 1898 ut
659 1863 742 1897 haec
767 1866 852 1897 urbs
873 1865 964 1898 dicta
989 1865 1032 1899 sit
1056 1867 1150 1898 Con-

172 1913 329 1947 stantini
356 1914 467 1954 Urbs,
509 1927 597 1958 quae
632 1915 772 1959 quidem
808 1916 852 1948 ab
887 1915 1152 1955 instauratione,

171 1977 280 2008 usque
295 1967 337 1997 ad
355 1962 444 1998 hanc
462 1973 670 2007 postremam
689 1965 995 2008 expugnationem,
1024 1967 1148 1999 factam

173 2028 189 2047 a
209 2013 431 2055 Mahometo,
458 2016 561 2048 etiam
582 2015 768 2058 praecipua
786 2016 947 2049 omnium
972 2016 1151 2049 doctrina—

173 2077 248 2097 rum
266 2066 364 2097 sedes
379 2066 456 2100 fuit.

174 2167 239 2199 An
282 2167 626 2199 Constantinus
676 2165 836 2199 urbem
884 2168 1068 2200 Romam
1110 2170 1152 2199 et

175 2216 440 2250 Occidentis
465 2219 710 2260 imperium
736 2218 935 2251 Romano
962 2219 1151 2261 Episco-

480 2278 531 2311 po
558 2265 834 2300 donaverit?

275 2338 409 2373 Usitate
440 2341 643 2374 nominatur
672 2336 789 2372 Liber
818 2338 1072 2379 Decretorum,
1114 2343 1150 2374 in

176 2401 245 2433 quo
272 2395 303 2422 et
329 2397 442 2423 vetera
466 2398 499 2423 et
522 2391 671 2424 recentia
696 2391 832 2424 decreta
860 2392 991 2432 multa,
1024 2392 1148 2433 partim

177 2450 276 2479 vera,
303 2439 425 2483 partim
444 2441 683 2474 commenticia
701 2447 732 2474 et
749 2438 879 2481 notha,
906 2448 938 2474 et
958 2442 1149 2475 sententiae

177 2490 384 2532 scriptorum
417 2496 595 2523 truncatae
624 2492 826 2524 recitantur.
898 2490 939 2524 In
978 2504 1019 2525 eo
1056 2492 1149 2525 libro

177 2541 255 2572 dist.
273 2539 332 2574 96,
353 2546 441 2572 extat
467 2540 621 2572 fabulosa
640 2541 814 2579 narratio,
851 2541 887 2573 in
912 2554 980 2586 qua
1005 2542 1148 2582 fingitur

174 2589 427 2623 Constantinus
437 2588 599 2623 Romano
616 2589 788 2633 Episcopo
804 2591 983 2635 Sylvestro
999 2593 1146 2625 donasse

175 2639 455 2674 urbemRomam
502 2636 969 2685 etOccidentisimperium,
999 2642 1147 2682 ltaliam,

395 109 601 147 SCRIPTA
627 107 701 142 PH.
729 105 842 141 MEL.
868 105 935 141 AD
963 105 1089 145 HIST.
1115 104 1257 143 PROF.
1284 104 1348 140 ET
1375 101 1566 142 PHILOS.
1592 103 1908 141 SPECTANTIA.

2096 106 2170 142 972

1193 190 1365 231 Galliam,
1391 188 1620 233 Hispaniam,
1649 187 1897 231 Germaniam,
1924 197 1958 225 et
1977 191 2061 224 alias
2084 191 2169 224 vici-

1192 253 1254 275 nas
1270 240 1479 285 provincias-

1293 290 1409 323 IIuius
1438 288 1578 322 fabulae
1603 288 1766 322 refutatio
1789 288 1913 333 scripta
1936 295 1986 323 est
2010 301 2028 322 a
2053 290 2171 323 multis

1194 341 1305 375 doctis
1328 341 1423 375 viris.
1475 337 1521 373 Et
1539 336 1601 371 has
1621 339 1874 380 disputationes
1899 351 2001 373 nosse
2025 351 2065 373 eo
2090 351 2173 383 pro-

1194 393 1290 431 dest,
1316 397 1356 424 ut
1371 389 1561 423 discrimen
1577 388 1794 431 intelligatur
1813 389 1992 432 potestatis
2010 389 2173 433 politicae

1195 449 1227 475 et
1245 440 1436 474 ministerii
1461 439 1665 481 evangelici.
1718 437 1789 471 Nec
1813 439 2047 477 existimetur,
2074 438 2172 482 Apo-

1196 492 1294 525 stolis
1324 497 1382 524 aut
1412 501 1534 523 eorum
1567 488 1825 522 successoribus
1861 490 2066 523 mandatum
2101 500 2173 521 esse

1196 553 1285 575 nova
1318 540 1464 584 imperia
1499 539 1708 573 constituere
1739 545 1799 572 aut
1834 550 1940 582 regna
1978 539 2174 579 transferre,

1197 592 1284 626 sicut
1301 592 1387 625 falso
1407 590 1536 624 dicitur
1552 589 1590 621 in
1607 600 1725 622 versu:

1350 643 1435 674 Petra
1449 644 1528 672 dedit
1545 642 1634 671 Petro
1646 666 1653 680 ,
1680 641 1783 671 I‘etrus
1800 642 1932 671 diadema
1948 639 2125 681 Redolpho.

1298 690 1604 725 Considerandum
1623 696 1672 723 est
1696 689 1802 732 igitur
1822 689 1859 722 in
1883 687 2058 730 historiis,
2084 700 2174 733 quo-

1199 744 1304 775 modo
1327 741 1494 786 paulatim
1520 740 1693 773 creverint
1717 751 1800 783 opes
1822 738 2098 784 Episcoporum:
2138 745 2171 771 et

1199 793 1341 838 quando
1358 791 1565 825 accesserint
1582 790 1740 833 imperia.

1298 842 1519 879 pastoribus,
1554 848 1587 874 et
1604 840 1681 873 aliis
1696 840 1756 884 qui
1775 840 1812 872 in
1829 840 1967 884 templis
1990 845 2023 872 et
2048 835 2176 871 scholis

1200 894 1341 932 docent,
1369 893 1480 926 victus
1499 891 1657 925 debetur.
1692 889 1810 932 Quare
1827 890 1931 924 initio
1951 889 2177 923 contulerunt

1200 944 1383 987 pecuniam
1416 941 1577 975 homines
1599 941 1790 983 locupletes
1819 947 1853 974 et
1881 939 2046 979 benefici,
2082 945 2114 971 et
2133 939 2176 970 ad

1199 994 1357 1025 doctores
1383 992 1545 1030 alendos,
1572 998 1605 1024 et
1620 992 1663 1023 ad
1680 990 1852 1023 iuvandos
1869 997 2025 1033 egentes,
2052 988 2177 1031 dignos

1199 1042 1338 1084 publica
1359 1041 1604 1078 beneficentia,
1630 1040 1791 1073 videlicet
1811 1047 1969 1082 aegrotos
1992 1045 2025 1072 et
2047 1038 2175 1072 exules-

1199 1090 1274 1123 Ilae
1291 1090 1494 1122 collationes
1513 1089 1678 1122 omnibus
1700 1090 1918 1132 temporibus
1943 1088 2090 1122 usitatae
2121 1087 2176 1120 su-

1205 1147 1330 1180 erunt,
1364 1146 1395 1172 et
1418 1140 1491 1182 lege
1508 1137 1662 1171 Mosaica
1678 1139 1860 1172 ordinatae
1876 1145 1968 1173 sunt.
2020 1137 2178 1170 Fuerunt

1200 1190 1307 1232 igitur
1337 1197 1370 1223 et
1399 1189 1436 1221 in
1467 1187 1632 1222 Ecclesiis
1662 1189 1802 1231 publica
1833 1188 1984 1228 aeraria,
2022 1187 2111 1220 sicut
2141 1193 2174 1219 et

1201 1239 1442 1273 Tertullianus
1466 1237 1572 1284 slipis
1596 1238 1811 1271 mentionem
1843 1239 1942 1277 facit,
1981 1244 2014 1270 et
2043 1247 2173 1269 nomen

1200 1287 1331 1322 Missa
1358 1290 1443 1322 tales
1470 1289 1748 1322 contributiones
1773 1289 1942 1331 significat
1963 1285 2179 1320 Deuterono.

1201 1340 1387 1373 sedecimo.

1302 1389 1371 1424 Sed
1402 1387 1554 1434 imperia
1589 1400 1652 1421 nec
1684 1385 1869 1432 Apostoli,
1911 1399 1973 1421 nec
2000 1386 2179 1430 Episcopi,

1201 1452 1264 1473 nec
1276 1439 1453 1480 pastores,
1474 1451 1537 1472 nec
1546 1437 1715 1472 Praefecti
1732 1438 1876 1472 aerariis
1894 1435 2088 1471 habebant:
2116 1437 2179 1470 sed

1201 1489 1260 1530 hi,
1299 1498 1337 1524 ut
1367 1490 1428 1522 alii
1459 1489 1551 1522 cives
1578 1488 1704 1532 privati
1727 1489 1896 1533 parebant
1918 1487 2077 1532 quolibet
2100 1487 2178 1519 loco

1201 1541 1272 1573 suis
1295 1540 1557 1584 Magistratibus
1587 1539 1739 1574 armatis.
1806 1538 1877 1571 Nec
1907 1545 1988 1572 ante
2009 1537 2178 1580 Pipinum

1200 1590 1318 1624 Caroli
1336 1598 1470 1634 patrem
1486 1590 1632 1632 legimus
1649 1586 1813 1621 habuisse
1831 1587 2014 1621 Romanos
2030 1585 2179 1629 Episco-

1201 1652 1275 1684 pos.
1345 1639 1464 1673 Italiae
1488 1645 1639 1682 partem,
1673 1645 1732 1671 aut
1755 1638 1908 1670 tenuisse
1930 1636 2116 1679 imperium
2141 1637 2178 1668 in

1201 1701 1239 1721 ea
1255 1696 1362 1732 parte.
1413 1689 1481 1722 Sed
1501 1701 1580 1721 cum
1597 1688 1823 1729 Longobardi
1843 1686 1953 1729 pulsis
1973 1683 2179 1725 Hexarchss,

1202 1741 1261 1783 qui
1287 1738 1494 1772 Ravennam
1520 1745 1552 1770 et
1576 1737 1661 1769 alias
1684 1738 1853 1780 quasdam
1880 1736 1986 1768 urbes
2011 1743 2181 1776 rexerant,

1203 1801 1278 1820 eam
1304 1794 1436 1831 partem
1464 1792 1692 1830 occuparent,
1728 1793 1760 1819 et
1786 1786 1854 1819 iam
1877 1784 2014 1819 Romae
2036 1786 2180 1818 minita-

1203 1845 1344 1878 rentur,
1379 1837 1565 1870 accersitus
1591 1843 1642 1870 est
1658 1832 1814 1882 Pt'pinus
1830 1834 1950 1869 Caroli
1975 1841 2091 1879 pater,
2118 1837 2179 1880 qui

1203 1889 1367 1932 repressit
1389 1887 1663 1929 Longobardos‚
1698 1894 1732 1920 et
1752 1886 1869 1921 urbib.
1896 1897 1981 1930 quas
2000 1883 2175 1918 Hexarcbi

1203 1945 1361 1971 rexerant
1378 1938 1575 1971 libertatem
1591 1937 1753 1972 restituit.
1805 1935 1851 1970 Et
1869 1935 1951 1980 quia
1967 1946 2090 1978 magna
2109 1943 2180 1969 erat

1204 1989 1413 2021 Pontificum
1430 1987 1617 2026 autoritas,
1645 1988 1750 2020 urbes
1774 1998 1862 2032 quae
1876 1985 2013 2020 Romae
2036 1986 2178 2029 propio-

1204 2051 1257 2072 res
1274 2046 1388 2076 erant,
1417 2050 1496 2071 cum
1521 2038 1724 2070 defensione
1747 2037 1970 2080 indigebant,
1995 2036 2037 2069 ad
2055 2035 2179 2069 Ponti—

1204 2088 1282 2122 fices
1298 2088 1557 2131 confugiebant,
1584 2088 1630 2120 ita
1650 2088 1815 2131 paulatim
1832 2087 1970 2132 aliquae
1985 2086 2080 2119 velut
2096 2097 2179 2130 pro-

1203 2139 1309 2183 priae.
1362 2138 1542 2172 Romanae
1560 2138 1652 2170 sedis
1666 2139 1774 2171 factae
1790 2144 1884 2173 sunt.
1932 2136 2054 2169 Postea
2072 2136 2178 2179 igitur

1203 2186 1414 2222 Ludowicus
1434 2185 1525 2220 Pius
1549 2195 1672 2221 tenens
1697 2189 1814 2222 omnia
1840 2199 1928 2232 quae
1949 2186 2175 2229 Longobardi

1205 2246 1405 2279 tenuerant,
1432 2246 1464 2272 et
1483 2246 1604 2272 tenens
1624 2245 1773 2271 caeteras
1791 2239 1894 2271 nrbes
1916 2248 2024 2280 usque
2049 2237 2091 2268 ad
2116 2248 2176 2269 ur-

1204 2291 1280 2323 bem
1301 2289 1470 2329 Rumam,
1497 2299 1653 2331 expresse
1672 2289 1831 2322 distinxit
1849 2289 1941 2326 loca,
1968 2297 2058 2329 quae
2082 2287 2177 2319 vole-

1203 2341 1260 2373 bat
1277 2339 1473 2374 Romanam
1493 2340 1608 2372 sedem
1629 2345 1794 2384 tanquam
1813 2337 1952 2383 propria
1970 2342 2104 2374 tenere,
2133 2338 2175 2368 ab

1203 2391 1244 2423 iis
1262 2403 1349 2434 qnae
1376 2390 1487 2423 voluit
1514 2389 1652 2433 imperii
1681 2396 1810 2432 partem
1836 2399 1917 2420 esse.
1975 2385 2040 2418 llis
2065 2386 2176 2419 initiis

1203 2452 1282 2484 pars
1305 2441 1365 2473 illa
1381 2440 1516 2475 Romae
1539 2439 1684 2483 propior
1709 2439 1799 2482 cepit
1825 2450 1895 2469 essi·
1922 2437 2062 2479 propria
2081 2436 2175 2469 Pon—

1201 2492 1351 2531 tificum,
1392 2503 1463 2523 non
1486 2489 1607 2534 Pipini
1639 2496 1698 2522 aut
1720 2487 1837 2521 Caroli
1864 2487 2073 2527 donatione,
2113 2488 2171 2519 sed

1201 2541 1370 2574 Ludovici
1388 2541 1456 2575 Pii.

1299 2591 1480 2624 Praeterea
1515 2591 1649 2624 tradere
1681 2589 1868 2632 imperium
1901 2595 1949 2621 est
1978 2588 2173 2619 iuramento

1198 2642 1352 2685 obligare
1370 2643 1537 2675 Senatum
1556 2639 1757 2673 Romanuin
1784 2646 1817 2672 et
1841 2639 2031 2678 exercitus,
2056 2645 2093 2670 ut
2119 2638 2170 2669 illi
