2324 2955
172 130 218 164 35
908 124 1014 159 DEC
1026 126 1064 160 L.
1115 126 1186 160 DE

175 216 288 247 locum
313 214 349 246 iu
378 212 564 246 Academia
588 211 649 244 has
676 211 894 243 dulcissimas
919 219 1026 251 artes,
1066 224 1154 256 quae

175 265 266 308 pacis
283 272 487 297 ornamenta
504 270 600 301 sunt,
629 261 778 293 docendi
797 262 949 305 praebet.

278 314 315 347 lu
336 313 398 346 hac
416 313 623 355 cogitatione
639 324 717 344 cum
736 310 801 345 hoc
818 319 974 355 tempore
989 323 1155 352 versarer,

175 373 206 399 et
232 366 297 397 iam
324 366 452 407 primas
479 363 587 394 lineas
603 359 708 394 huius
726 360 1012 406 Chorographiae
1030 364 1154 395 ducere

174 416 356 458 cepissem,
392 425 454 446 nec
479 413 661 446 intendere
686 413 843 445 animum
870 414 906 445 in
931 413 1027 445 aliud
1047 425 1154 456 argu-

176 472 331 497 mentum
352 475 485 506 possem
498 490 507 503 ,
540 463 662 507 scripsi
680 463 783 496 etiam
803 463 936 507 aliquid
961 465 1002 495 de
1020 460 1084 496 hac
1102 475 1156 495 re—

173 516 290 557 gione,
324 515 418 558 quod
450 511 516 547 hoc
548 514 625 546 loco
652 514 777 550 recito,
817 520 849 546 et
874 520 911 546 ut
935 511 992 546 hic
1016 526 1156 558 quoque

174 565 460 608 significationem
481 565 705 608 gratitudinis
728 576 822 596 meae
841 565 1042 604 ostendam,
1069 571 1100 597 et
1119 570 1157 596 ut

173 618 216 648 ab
234 615 456 648 auditoribus
474 615 593 658 peritis
610 616 818 655 admonear,
845 615 955 647 sicubi
973 626 991 647 a
1017 615 1085 648 situ
1102 626 1157 646 re-

173 667 288 709 gionis
304 666 490 709 descriptio
507 677 582 698 mea
601 666 749 698 aberrat.

275 715 397 749 Iudico
415 723 531 749 autem
557 714 623 748 hoc
648 721 892 759 argumentum
910 721 943 747 et
958 714 1158 747 iunioribus

173 767 259 800 utile
286 778 368 799 esse.
420 765 484 799 Est
502 766 595 798 enim
622 778 700 809 pars
721 765 950 803 eruditionis,
978 776 1079 797 nosse
1098 776 1157 796 ve-

173 825 281 851 tustas
304 823 424 860 gentes
451 824 485 850 et
502 814 646 849 honesta
668 816 834 859 exempla.
884 813 930 848 Et
946 826 1070 857 magna
1087 815 1158 847 vir-

173 874 228 900 tus
251 874 320 907 est,
354 879 471 900 amare
501 867 670 910 patriam,
706 873 739 899 et
763 867 836 898 eius
867 865 1157 910 tranquillitatem

173 918 271 950 omni
298 918 411 950 osticio
437 918 539 952 tueri.
592 916 693 950 Hanc
716 917 880 950 virtutem
899 916 1057 949 accendit
1072 928 1157 948 con-

173 968 337 1001 sideratio
354 965 673 1011 pulcherrimorum
691 974 991 1006 ornamentorum,
1017 973 1159 1010 propter
1185 978 1186 984 ¹

173 1031 260 1062 quae
276 1019 388 1062 patria
408 1031 511 1063 quam
531 1025 655 1051 natura
680 1018 876 1061 diligimus,
904 1018 1005 1050 bonis
1030 1017 1159 1049 menti-

173 1070 238 1102 bus
271 1069 308 1103 fit
339 1069 448 1102 multo
482 1067 632 1102 charior.
703 1067 753 1101 Ac
780 1068 963 1111 praecipue
996 1064 1158 1099 adhunc

173 1120 276 1152 finem
294 1120 406 1152 refero
425 1117 515 1152 hanc
531 1119 725 1152 orationem
739 1146 746 1158 ‚
773 1125 811 1151 ut
830 1119 866 1150 in
885 1118 1085 1150 iunioribus
1104 1129 1159 1149 er-
1185 1131 1186 1137 ¹

173 1181 213 1213 ga
229 1171 378 1213 patriam
396 1170 505 1213 pietas
520 1170 634 1202 alatur
650 1176 682 1202 et
698 1169 936 1203 confirmetur.

274 1220 434 1254 Primum
456 1227 572 1254 autem
594 1227 632 1253 ut
656 1220 762 1252 exteri
787 1220 892 1252 situm
911 1219 998 1251 scire
1014 1218 1159 1262 possint,
1185 1218 1187 1229 ”

174 1272 317 1314 liguram
349 1279 381 1304 et
408 1277 517 1303 metas
548 1271 701 1313 regionis
731 1270 976 1302 indicabimus.
1044 1268 1158 1313 Mysia
1184 1262 1187 1301 i

173 1334 261 1365 quae
285 1322 321 1353 in
348 1321 538 1354 Germania
563 1323 630 1353 iam
655 1321 757 1353 annis
780 1321 929 1363 amplius
951 1318 1159 1360 octingentis

173 1372 220 1404 sic
242 1372 463 1411 nominatur,
491 1371 657 1413 trianguli
676 1371 784 1412 figura
809 1377 876 1409 est,
905 1370 1004 1401 cuius
1020 1370 1061 1400 ad
1081 1368 1159 1400 Me-

173 1422 298 1454 ridIem
320 1422 412 1454 basis
429 1428 479 1454 est
498 1421 620 1463 longa,
647 1421 725 1461 iuga
742 1420 917 1451 montium
935 1417 995 1461 qui
1013 1416 1159 1449 Sudetes

172 1472 400 1505 aPtolemaeo
419 1472 661 1508 nominantur,
690 1470 818 1513 quibus
835 1466 1004 1500 Boliemia
1021 1466 1160 1498 dirimi-

173 1530 231 1556 tur
248 1535 266 1555 a
286 1522 412 1567 Mysia.
474 1521 634 1564 Suntque
652 1520 687 1551 in
708 1519 869 1552 extremis
888 1518 958 1550 oris
981 1517 1072 1549 basis
1089 1517 1158 1548 dno

173 1573 323 1615 insignia
344 1572 490 1615 oppida,
517 1571 625 1603 Birna
643 1577 676 1603 et
692 1569 850 1602 Plau-en.
904 1568 1013 1601 Latus
1038 1579 1056 1599 a
1079 1565 1160 1598 Bir-

174 1636 217 1656 na
243 1624 411 1656 orientale
433 1623 507 1654 sine
532 1622 602 1654 ulla
620 1620 839 1653 dubitatione
857 1626 905 1652 est
926 1618 1037 1652 Albis.
1091 1618 1160 1650 La-

174 1681 228 1707 tus
251 1686 333 1706 vero
364 1674 406 1705 ad
441 1684 600 1705 occasum
625 1684 642 1704 a
666 1670 813 1704 Plawen
844 1677 893 1703 est
915 1669 1044 1701 fluvius
1067 1668 1160 1708 Pica,

174 1738 191 1757 a
213 1737 280 1768 quo
306 1736 466 1767 graecum
492 1735 621 1755 nomen
641 1727 691 1755 est
709 1721 788 1754 urbi
808 1720 940 1760 Cittae,
966 1720 1061 1753 unde
1080 1718 1159 1751 Pica

174 1775 339 1820 Lypsiam
366 1774 635 1817 praeterfluens,
669 1784 742 1805 non
768 1772 889 1815 procul
914 1783 932 1803 a
956 1769 1065 1803 veteri
1091 1768 1161 1801 Im-

176 1832 375 1869 peratorum
392 1837 468 1858 arce
483 1824 671 1866 Mersburg
688 1823 724 1855 in
741 1822 856 1856 Salam
874 1821 1095 1859 infunditur,
1122 1826 1161 1852 ut

175 1876 218 1910 sit
236 1888 306 1908 non
325 1876 446 1919 procul
463 1876 545 1908 inde
562 1874 729 1917 trianguli
746 1885 923 1910 cacumen,
948 1872 1009 1905 ubi
1029 1870 1108 1904 Sala
1124 1870 1160 1902 in

178 1926 297 1959 Albim
331 1926 549 1965 infunditur,
592 1925 844 1958 constituamus
873 1923 967 1956 enim
993 1920 1160 1955 historico

176 1989 274 2009 more
305 1984 470 2022 tanquam
508 1975 638 2008 limites
672 1975 878 2017 conspicuos
910 1981 943 2006 et
973 1972 1161 2006 durabiles.

175 2026 264 2060 Cum
283 2035 397 2061 autem
415 2026 725 2068 celebratissimum
744 2025 876 2057 ssumen
892 2024 936 2057 sit
946 2022 1067 2063 Albis,
1093 2034 1162 2067 qua

178 2078 214 2110 in
238 2085 334 2122 parte
363 2078 458 2111 orbis
480 2085 652 2111 terrarum
675 2076 720 2110 sit
742 2073 826 2109 haec
850 2075 945 2118 regio
963 2073 1161 2120 Mysorum,

178 2130 283 2162 exteri
305 2130 407 2162 etiam
426 2129 514 2162 scire
532 2134 690 2172 possunt.

279 2179 345 2213 Sed
365 2187 402 2213 ut
418 2179 561 2223 propius
577 2178 709 2223 aslspici
725 2177 810 2211 situs
828 2177 954 2221 possit,
976 2173 1061 2208 haec
1073 2187 1163 2220 quo-

179 2242 245 2274 que
271 2231 379 2262 addo:
413 2230 538 2274 Lypsia
558 2241 646 2274 quae
665 2240 737 2261 non
762 2227 883 2272 procul
903 2228 998 2259 abest
1018 2239 1035 2259 a
1052 2227 1163 2259 trian-

178 2281 249 2322 guli
270 2281 415 2319 vertice,
442 2282 568 2322 gradus
586 2278 691 2313 habet
717 2278 949 2321 longitudinis
965 2278 1027 2317 30,
1043 2290 1088 2311 m.
1104 2275 1163 2310 58.

178 2331 392 2365 Latitudinis
424 2343 505 2363 vero
536 2343 645 2363 unum
680 2337 710 2364 et
745 2329 1000 2375 quinquaginta
1031 2341 1076 2363 m.
1101 2327 1162 2362 44.

178 2381 273 2415 Haec
288 2383 401 2426 spacia
418 2389 450 2414 et
467 2381 576 2414 doctis
589 2381 763 2420 iudicant,
790 2381 826 2413 in
840 2392 906 2425 qua
925 2386 1022 2423 parte
1038 2380 1161 2412 mundi

180 2431 263 2466 haec
280 2434 374 2475 regio
394 2434 456 2466 sita
473 2433 526 2466 sit.

282 2484 320 2517 lu
342 2482 405 2517 boc
423 2490 536 2517 autem
556 2483 731 2523 triangulo
748 2484 788 2515 ad
810 2483 910 2515 basin
928 2488 960 2515 et
979 2482 1021 2513 ad
1042 2479 1162 2514 Albim

178 2535 447 2569 Hermunduros
464 2546 624 2577 magnam
645 2540 774 2576 partem
796 2533 966 2572 tenuisse,
995 2545 1032 2564 ex
1052 2529 1164 2565 histo-
1187 2535 1189 2562 1

177 2588 238 2619 riis
266 2587 413 2627 intelligi
439 2592 568 2628 potest,
596 2595 682 2627 quos
706 2584 810 2616 fuisse
829 2583 1076 2616 Germanicam
1100 2595 1164 2615 na-

177 2638 308 2671 tionem
334 2637 521 2681 appellatio
546 2636 695 2672 indicat,
734 2635 832 2667 cuius
857 2634 1064 2678 etymologia
1090 2646 1161 2666 non

454 2686 499 2721 Et
519 2687 638 2720 scribit
657 2685 843 2718 Cornelius
855 2684 998 2719 Tacitus
1016 2686 1052 2717 in
1071 2684 1161 2718 Her·
1187 2681 1188 2685 ¹

177 2690 320 2723 obscura
340 2696 399 2722 est.

1227 126 1265 159 M
1279 126 1292 159 l
1304 126 1328 160 S
1339 125 1367 159 N
1383 125 1395 158 l
1410 125 1450 160 A.
2136 127 2184 161 56

1207 211 1391 244 munduris
1411 210 1490 254 plus
1515 211 1620 244 fuisse
1643 212 1849 256 disciplinae
1872 212 1986 245 civilis
2000 219 2033 246 et
2049 212 2189 251 artium,

1207 273 1311 306 quam
1339 262 1431 305 apud
1454 267 1606 293 caeteros
1624 261 1838 303 Germanos,
1869 269 1996 296 etcum
2015 262 2188 296 Romanis

1206 312 1404 345 societatem
1421 323 1479 343 eos
1495 317 1527 343 et
1541 311 1679 345 foedera
1695 313 1823 345 secisse.
1866 312 1921 346 Ad
1940 324 2098 345 occasum
2114 312 2190 346 Tu-

1208 362 1303 394 bauti
1323 363 1477 400 fuerunt,
1502 362 1658 394 fortassis
1674 370 1817 406 propter
1832 364 2077 396 subterraneos
2094 363 2190 405 ignes

1208 419 1241 445 et
1258 413 1413 454 copiosas
1428 412 1509 444 ferri
1528 424 1632 444 venas
1650 411 1848 457 aTyphoeo
1866 414 1960 446 dicti.
2012 413 2067 447 Ad
2081 414 2192 447 trian-

1208 463 1281 505 guli
1304 458 1474 507 κορυφήν
1499 460 1694 495 Calucones
1718 463 1870 497 fuerunt.
1939 462 1991 496 Ac
2013 471 2052 497 ut
2080 470 2191 497 metae

1209 513 1348 555 agnosci
1369 513 1493 546 melius
1510 513 1661 556 possint,
1694 514 1785 545 addo
1804 515 1846 546 de
1862 514 2016 555 uvicinis‚
2041 520 2118 558 post
2135 526 2192 547 ca-

1209 575 1333 596 cumen
1358 563 1524 605 trianguli
1552 565 1595 596 ad
1628 562 1748 597 Albim
1781 565 1868 596 duae
1901 564 2193 598 celebratissimae

1211 620 1345 656 gentes,
1371 614 1467 646 sedes
1488 620 1687 649 tenuerunt.
1740 613 1780 646 ln
1798 615 1872 658 ripa
1894 615 2100 648 occidentali
2116 615 2193 648 sue-

1211 671 1295 696 runt
1312 664 1538 706 Longobardi
1559 676 1577 697 a
1594 664 1723 698 Saliuis
1746 666 1789 697 ad
1808 661 2054 708 Parthenopen
2072 672 2105 699 et
2121 665 2193 698 fere

1210 715 1253 747 ad
1267 714 1501 756 Brunsvigam
1524 726 1652 759 usque,
1687 716 1722 747 in
1748 715 1823 759 ripa
1849 716 2013 749 orientali
2035 715 2193 750 Senones

1210 766 1372 802 suerunt,
1404 764 1466 798 ubi
1482 777 1577 798 nunc
1596 773 1693 798 vetus
1711 763 1870 798 Marchia
1886 773 1946 799 est.

1311 814 1500 859 Postquam
1521 822 1635 849 autem
1660 815 1842 849 Romanae
1863 814 2088 850 monarchiae
2106 817 2192 850 fata-

1212 865 1254 898 lis
1271 865 1437 909 periodus
1454 865 1659 899 circumacta
1677 873 1744 904 est,
1773 873 1805 900 et
1823 866 1951 900 multae
1972 874 2091 909 gentes
2106 867 2194 900 aliae

1211 916 1289 948 aliis
1306 917 1348 948 de
1366 916 1476 949 causis
1492 928 1692 960 progressae
1710 929 1817 949 novas
1841 917 1938 949 sedes
1954 918 2194 962 quaesierunt:

1212 966 1339 999 Franci
1357 973 1388 1000 et
1400 966 1587 1009 Burguudi
1604 967 1641 999 in
1652 965 1805 1000 Galliam
1823 968 2057 1008 transierunt,
2084 965 2196 1001 Gothi

1213 1017 1247 1048 in
1267 1016 1488 1049 Pannoniam
1506 1023 1539 1050 et
1557 1016 1690 1051 Italiam
1702 1042 1710 1055 ,
1738 1016 1869 1050 Heneti
1887 1017 2052 1050 aVistula
2068 1025 2101 1052 et
2110 1017 2196 1052 Car-

1213 1064 1317 1110 patho
1335 1067 1372 1099 in
1389 1065 1617 1100 Germaniam
1629 1095 1637 1108 ,
1665 1068 1896 1101 certissimum
1916 1074 1948 1101 et
1964 1067 2120 1102 Henetos
2137 1080 2197 1101 oc—

1211 1128 1352 1161 cupasse
1370 1115 1577 1150 Bohemiam
1603 1126 1636 1152 et
1650 1117 1827 1164 Elysiam,
1855 1130 1944 1163 quae
1961 1131 2056 1153 nunc
2072 1118 2196 1153 Silesia

1212 1175 1278 1208 est,
1303 1175 1336 1201 et
1355 1168 1421 1200 alia
1443 1168 1558 1201 vicina
1582 1169 1670 1204 loca.

1311 1216 1365 1251 Eo
1392 1225 1548 1262 tempore
1572 1226 1604 1252 et
1626 1219 1765 1265 Mysos,
1796 1231 1855 1253 seu
1881 1220 2016 1253 vicinos
2039 1219 2198 1253 Heneto-

1213 1281 1290 1301 rum
1303 1295 1312 1308 ‚
1336 1280 1397 1301 seu
1416 1276 1549 1313 partem
1566 1270 1783 1308 consedisse,
1811 1271 1847 1302 iu
1866 1268 1933 1303 hoc
1950 1270 2197 1303 amoenissimo

1213 1319 1390 1361 triangulo
1422 1326 1696 1352 cousentaneum
1715 1321 1783 1358 (est.
1844 1319 2018 1352 Usitatum
2038 1327 2086 1353 est
2105 1320 2198 1352 enim

1185 1386 1187 1405 ι
1213 1370 1451 1402 coniecturam
1475 1370 1587 1402 facere
1613 1370 1656 1402 de
1673 1368 1871 1407 originibus
1889 1370 2044 1408 gentium
2065 1381 2104 1402 ex
2124 1370 2199 1402 lin—-

1212 1427 1278 1457 gua
1304 1422 1336 1448 et
1358 1415 1513 1448 nomine.
1567 1414 1713 1447 Venisse
1737 1422 1851 1448 autem
1875 1416 1912 1448 in
1935 1416 2143 1450 Bohemiam
2168 1426 2202 1452 et

1213 1466 1250 1499 in
1275 1463 1358 1498 haec
1384 1466 1457 1499 loca
1483 1466 1701 1509 peregrinam
1726 1473 1864 1508 gentem
1892 1466 2012 1509 lingua
2036 1469 2199 1502 ostendit.

1212 1515 1372 1560 Cumque
1389 1516 1520 1549 suerint
1540 1516 1634 1561 Mysi
1656 1528 1739 1559 gens
1756 1528 1880 1559 magua
1897 1517 1982 1550 etin
2000 1516 2085 1550 Asia
2102 1519 2201 1552 littus

1212 1568 1255 1599 ad
1282 1566 1569 1610 Hellespontum,
1603 1574 1635 1600 et
1665 1567 1701 1599 in
1734 1565 1876 1610 Europa
1902 1579 2064 1611 magnam
2092 1581 2202 1610 oram,

1214 1629 1301 1662 quae
1320 1629 1413 1650 nunc
1431 1624 1479 1650 est
1499 1616 1702 1657 Muldavia,
1725 1616 1857 1658 Bosna,
1883 1616 2010 1651 Rascia
2029 1625 2061 1652 et
2078 1618 2199 1654 Servia

1213 1668 1411 1708 tenuerint,
1438 1675 1471 1701 et
1485 1679 1539 1700 res
1555 1679 1696 1711 magnas
1707 1669 1893 1711 gesserint,
1919 1669 1987 1703 suit
2001 1682 2122 1703 eorum
2136 1683 2201 1703 no-

1214 1730 1294 1751 men
1311 1718 1555 1753 clarissimum.
1612 1718 1731 1761 Quare
1746 1731 1818 1752 non
1835 1719 1935 1752 facile
1949 1720 2057 1753 deleri
2075 1722 2200 1764 potuit.

1215 1769 1377 1814 Cumque
1395 1781 1567 1814 nusquam
1595 1769 1681 1803 alibi
1703 1770 1878 1815 reliquum
1905 1770 1967 1810 sit,
1993 1770 2062 1803 nisi
2080 1771 2116 1803 in
2133 1769 2201 1805 hoc

1214 1820 1410 1862 triangulo,
1445 1820 1613 1854 credibile
1639 1827 1689 1854 est
1713 1832 1824 1853 novos
1840 1821 1920 1854 illos
1939 1818 2093 1865 hospites
2109 1821 2201 1855 Ger-

1214 1870 1328 1902 manis
1344 1871 1551 1914 permixtos,
1579 1878 1611 1905 et
1626 1871 1732 1904 fuisse
1743 1871 1863 1916 Mysos
1874 1899 1883 1912 ,
1906 1878 1937 1904 et
1952 1879 2121 1906 vetustam
2139 1885 2200 1917 ap-

1215 1921 1440 1965 pellationem
1459 1923 1609 1955 retinere
1627 1923 1789 1955 voluisse.
1842 1920 1894 1955 Ac
1918 1928 1957 1955 ut
1974 1930 2075 1957 antea
2094 1924 2200 1957 vicini

1215 1972 1263 2005 eis
1295 1971 1481 2017 Tyrigetae
1511 1974 1673 2013 fuerunt,
1715 1980 1748 2006 et
1774 1973 1867 2007 ultra
1897 1971 1961 2006 hos
1991 1973 2117 2015 Sacae,
2151 1975 2199 2008 ita

1216 2023 1339 2055 eodem
1364 2030 1521 2067 tempore
1540 2031 1658 2067 gentes
1683 2025 1764 2058 illae
1780 2025 1875 2057 unde
1896 2031 1977 2058 sunt
1995 2023 2148 2068 Turingi
2167 2032 2202 2060 et

1216 2073 1389 2115 Saxones,
1424 2075 1461 2107 in
1483 2074 1611 2108 vicinia
1635 2075 1678 2108 ad
1701 2075 1819 2109 Salam
1844 2081 1877 2109 et
1902 2076 1945 2109 ad
1969 2072 2092 2109 Albim
2116 2088 2198 2110 con-

1217 2125 1392 2158 sederunt.

1316 2174 1405 2209 Cum
1423 2183 1538 2210 autem
1554 2176 1660 2210 fuerit
1676 2177 1848 2210 excellens
1863 2177 1974 2210 virtus
1989 2176 2085 2210 illius
2101 2184 2200 2211 vetu-

1216 2232 1287 2259 stae
1312 2227 1424 2269 gentis
1445 2226 1647 2272 BIysorum,
1682 2229 1786 2261 decus
1810 2228 1951 2272 aliquod
1977 2233 2045 2267 est,
2071 2226 2200 2262 abbae

1216 2284 1323 2320 stirpe
1345 2285 1439 2311 ortos
1462 2289 1543 2311 esse.
1600 2278 1743 2311 Tribuit
1770 2278 1861 2310 enim
1889 2278 2065 2311 veteribus
2088 2277 2201 2324 Mysis

1216 2326 1392 2361 Homerus
1426 2336 1492 2361 tres
1524 2329 1691 2369 virtutes,
1734 2341 1821 2373 quae
1850 2335 1931 2362 sunt
1955 2328 2139 2372 praecipue
2163 2331 2200 2363 in

1217 2376 1281 2411 hac
1305 2377 1489 2412 homiuum
1516 2380 1698 2420 societate,
1729 2386 1760 2412 et
1795 2379 1908 2412 fontes
1933 2386 2015 2413 sunt
2037 2379 2200 2415 aliarum.

1217 2430 1277 2462 Ait
1293 2430 1386 2462 enim
1414 2442 1485 2462 esse
1505 2430 1625 2476 Mysos
1643 2428 1827 2463 hominum
1852 2430 2072 2466 iustissimos.
2124 2430 2201 2465 Sci-

1216 2481 1259 2514 tis
1283 2488 1396 2513 autem
1422 2481 1568 2525 primam
1595 2492 1665 2514 esse
1688 2481 1853 2513 virtutem
1883 2481 2074 2522 iusticiam,
2110 2494 2200 2526 quae

1216 2532 1358 2576 quidem
1374 2544 1535 2575 magnam
1557 2531 1762 2571 sapientiam
1791 2538 1823 2565 et
1841 2532 1967 2564 multas
1986 2532 2071 2565 alias
2088 2532 2200 2567 virtu-

1217 2589 1266 2615 tes
1283 2583 1538 2626 complectitur.
1588 2581 1733 2614 Necesse
1758 2589 1806 2615 est
1823 2583 1915 2615 euim
1940 2583 2049 2615 iustos
2068 2583 2199 2616 intelli-

1216 2646 1294 2676 gere
1314 2634 1501 2667 ‹liscrimen
1520 2631 1748 2666 bonestorum
1765 2640 1796 2667 et
1813 2634 1987 2677 turpium,
2014 2635 2108 2678 quod
2121 2646 2199 2667 cum

1215 2685 1458 2725 considerant,
1484 2685 1615 2717 sontem
1635 2695 1705 2717 esse
1724 2683 1836 2717 Deum
1858 2691 2067 2728 agnoscunt,
2094 2691 2126 2718 et
2144 2685 2199 2717 in-
