2324 2955
192 119 266 154 899

196 215 338 249 sperans
356 201 437 235 odio
454 195 611 239 Pompeii
629 193 756 227 Iulium
774 192 849 226 fore
873 192 939 226 sibi
961 192 1172 237 aequiorem.

196 256 262 290 Sed
281 253 389 286 Iulius
414 246 576 293 praetulit
599 244 783 278 Idumeum
800 243 1024 286 Antipatrum
1038 270 1047 283 ,
1075 244 1172 277 cuius

196 302 399 348 sapientiam
433 305 466 332 et
494 297 597 329 fidem
630 294 810 339 probabat.
878 292 954 327 Etsi
987 293 1173 337 Antipater

198 354 398 387 moderatus
415 354 505 387 erat,
532 354 648 380 tamen
668 344 786 377 Iudaei
813 343 1036 388 impatienter
1060 345 1174 376 seren-

198 414 249 436 tes
283 400 509 446 peregrinum
542 396 747 432 domiuum,
798 393 950 426 subinde
987 394 1175 427 seditiones

198 457 395 485 moverunt.
446 444 631 481 Ezechiam
652 446 774 478 ducem
803 444 1048 477 seditiosorum
1074 444 1176 477 sorti-

199 513 252 536 ter
266 499 437 545 oppressit
455 497 631 535 Herodes,
658 495 713 528 cui
738 501 834 538 pater
851 494 1047 527 Galilaeam
1073 500 1175 527 tuen-

198 556 278 587 dam
296 549 610 584 commendaverat.
651 545 773 578 Postea
793 544 972 577 interfecto
991 543 1082 576 Iulio
1098 556 1176 577 cum

201 608 380 646 sperarent
398 598 531 632 inimici
553 595 730 639 Antipatri
751 606 876 627 novam
898 606 1014 627 rerum
1032 606 1177 627 conver—

200 655 332 687 sionem
346 679 354 689 ,
381 655 525 683 necatur
542 647 727 690 Antipater
744 656 878 677 veneno
895 657 912 676 a
929 642 1093 685 Malcho,
1117 645 1196 689 qui⁴

200 716 280 738 cum
312 712 457 744 regumn
491 703 668 742 appeteret
698 694 817 728 Cassio
848 694 1063 728 interfectori
1096 693 1178 727 Iulii

199 755 306 787 misso
330 752 366 784 in
386 749 524 785 Svriam
546 759 580 780 se
605 746 777 779 adiunxit.
830 745 897 778 Sed
921 743 1059 778 Cassius
1086 744 1178 778 sedi-

205 805 332 838 tiosum
351 789 531 834 hominem
549 794 732 830 Blalchum
750 794 899 827 interfici
916 795 1026 829 iussit.

302 851 425 884 Tertio
457 859 550 881 anno
580 853 655 890 post
688 845 908 879 intersectum
939 844 1067 877 Iulium
1099 856 1178 877 cum

202 917 261 938 rex
275 899 488 936 Parthorum
511 902 665 941 speraret
687 907 722 929 se
750 895 945 939 potiturum
972 906 1044 927 esse
1066 894 1179 939 Syria,

203 965 281 987 cum
307 959 339 985 et
362 950 502 984 Cassius
524 948 593 980 iam
617 952 694 991 post
726 956 879 988 pugnam
910 945 946 977 in
970 944 1179 977 Macedonia

202 1004 381 1049 periisset,
407 998 552 1032 adduxit
566 996 754 1029 exercitum
775 995 811 1027 in
829 994 978 1039 Syriam.
1034 993 1074 1027 In
1101 1001 1180 1028 tan..

203 1056 248 1087 tis
264 1049 528 1086 confusionibus
545 1046 651 1081 totius
667 1045 762 1078 orbis
780 1052 950 1078 terrarum
969 1056 1077 1076 novas
1104 1054 1181 1087 spes

204 1112 236 1137 et
263 1102 462 1144 Antigonus
492 1096 616 1134 habet,
650 1096 809 1138 impetrat
844 1094 971 1125 auxilia
1003 1105 1020 1125 a
1047 1092 1179 1125 Pacoro

204 1166 285 1197 rege
309 1149 540 1187 Parthorum,
579 1152 610 1178 et
636 1144 881 1189 lerosolymam
916 1144 952 1175 iu
976 1142 1180 1175 Pentecoste

206 1208 370 1247 occupat,
403 1201 510 1243 fitque
531 1207 695 1238 magnum
720 1194 891 1237 praelium
916 1194 1006 1225 intra
1032 1191 1179 1225 moenia.

204 1254 365 1297 Cumque
382 1247 551 1283 Phaselus
567 1253 599 1278 et
616 1245 791 1278 Hircanus
809 1245 850 1276 ad
868 1243 1038 1276 Pacorum
1059 1243 1181 1275 fraude

206 1301 349 1338 adducti
368 1305 499 1338 essent,
527 1307 585 1328 rex
599 1295 751 1327 Pacorus
775 1305 920 1336 regnum
940 1292 1086 1326 Iudaeae
1110 1299 1182 1326 tra-

205 1355 258 1388 dit
280 1350 480 1393 Antigono,
518 1352 551 1379 et
583 1345 710 1377 retinet
740 1344 895 1388 captivos
922 1342 1117 1376 Hircanum
1149 1349 1182 1375 et

204 1401 404 1437 Phaselum.
467 1395 644 1430 Hircanus
677 1400 861 1427 truncatur
893 1393 1054 1432 auribus,
1086 1392 1181 1426 etin

205 1450 355 1487 Parthos
380 1448 541 1482 mittitur.
598 1442 774 1477 *Phaselus
799 1443 1092 1476 contumeliarum
1115 1443 1182 1475 im-

205 1504 342 1548 patiens
359 1500 397 1532 in
412 1496 562 1530 vinculis
579 1495 690 1539 capite
706 1495 806 1527 alliso
822 1495 863 1527 ad
883 1494 1059 1537 parietem,
1086 1505 1182 1526 mor-

205 1562 275 1586 tem
295 1551 360 1585 sibi
379 1546 571 1582 consciscit.

308 1600 445 1634 Interea
463 1607 588 1638 magno
605 1606 684 1627 cum
702 1593 858 1637 periculo
878 1593 1027 1636 primum
1046 1593 1082 1625 in
1098 1591 1181 1625 Idu-

207 1664 319 1686 meam
336 1650 471 1692 fugiens
488 1645 646 1678 Herodes
666 1644 782 1676 evasit.
842 1642 964 1674 Postea
989 1644 1029 1674 ad
1057 1643 1179 1674 urbem

205 1703 357 1737 Romam
376 1697 534 1735 accessit,
561 1694 621 1726 ubi
643 1695 779 1725 laudata
806 1692 913 1735 patris
937 1692 1003 1723 fide
1026 1704 1105 1734 erga
1124 1691 1182 1724 lu-

208 1754 317 1790 lium,
359 1756 390 1782 et
423 1749 691 1779 commemorata
723 1743 883 1774 societate
906 1740 1075 1783 Antigoni
1102 1753 1180 1774 curn

207 1799 366 1835 Parthis,
406 1796 605 1837 Antigonus
631 1793 805 1825 iudicatur
828 1792 936 1823 hostis
962 1792 1082 1834 populi
1106 1791 1182 1825 Ro-

208 1851 322 1889 mani,
362 1855 395 1880 et
418 1846 575 1879 Herodes
601 1855 657 1875 rex
687 1842 832 1874 Iudaeae
862 1842 1069 1883 adpellatur.
1137 1839 1182 1874 Et

207 1909 363 1943 egressus
378 1910 416 1929 ex
435 1895 528 1927 curia
548 1893 682 1925 medius
700 1893 790 1924 inter
807 1891 1002 1924 Antonium
1024 1899 1055 1923 et
1074 1889 1181 1924 Octa-

205 1953 300 1983 vium
313 1973 322 1987 ‚
349 1942 856 1992 praecedentibusConsulibus
867 1941 1021 1974 Domitio
1034 1940 1182 1974 Calvino

206 2009 237 2034 et
250 1998 373 2033 Asinio
390 1995 568 2031 Pollione,
595 2000 627 2025 et
646 1992 894 2024 comitantibus
912 1992 1055 2035 reliquis
1067 1991 1183 2032 Magi-

207 2050 372 2084 stratibus
391 2053 424 2079 ct
441 2043 670 2079 Senatoribus
693 2043 728 2074 in
747 2042 960 2085 Capitolium
984 2043 1025 2074 ad
1051 2042 1182 2074 sacrifi-

207 2103 299 2133 cium
318 2096 515 2131 deducitur.
549 2093 644 2126 Haec
663 2100 735 2126 acta
754 2099 833 2124 sunt
851 2103 944 2124 auno
962 2099 1087 2136 quarto
1108 2099 1183 2134 post

207 2150 428 2183 intersectum
449 2145 597 2181 Iulium,
631 2150 710 2175 aute
734 2149 853 2174 natum
872 2140 1052 2174 Christum
1080 2142 1180 2174 trice-

208 2202 295 2232 simo
320 2198 477 2242 septimo.
549 2193 691 2226 lnitium
717 2193 809 2225 enim
837 2192 932 2234 regni
957 2191 1108 2225 Herodis
1140 2193 1183 2225 ab

206 2248 273 2282 hoc
292 2260 383 2281 anuo
403 2245 570 2284 sumitur,
597 2255 666 2287 quo
684 2255 740 2275 rex
757 2255 774 2274 a
795 2242 924 2275 Senatu
941 2241 1104 2275 Romano
1122 2244 1182 2274 ad-

207 2300 354 2342 pellatns
368 2304 427 2330 est.
479 2295 613 2328 interea
634 2293 668 2325 in
687 2292 811 2325 Iudaea
834 2300 953 2334 regnat
973 2293 1183 2335 Antigonus,

208 2358 238 2382 et
264 2360 405 2389 reguum
425 2357 534 2377 annos
558 2344 713 2388 quinque
734 2343 857 2376 tenuit.
912 2343 978 2376 Sed
1008 2344 1098 2376 inter
1122 2345 1183 2375 ad-

209 2400 307 2432 sidua
335 2397 442 2434 bella,
480 2402 511 2428 et
533 2395 621 2427 iuter
645 2401 758 2427 tantas
786 2393 996 2426 vastationes
1022 2400 1055 2426 et
1081 2401 1183 2436 petu—

209 2449 355 2482 lantiam
381 2446 551 2481 uiilitum,
591 2445 650 2488 qni
683 2456 721 2476 ex
746 2443 995 2476 crudelissimis
1022 2444 1183 2485 gentibus

209 2497 344 2533 collecti
371 2502 487 2531 eraut,
522 2493 674 2531 Iudaeis,
710 2491 867 2530 Parthis,
896 2495 1090 2532 Arabibus,
1117 2494 1183 2538 Sy-

208 2549 310 2582 riacis
342 2553 372 2578 et
405 2544 597 2581 Romanis,
636 2544 784 2575 familias
820 2545 892 2585 pias
922 2552 957 2576 ut
984 2542 1184 2584 Zachariae,

208 2597 401 2635 Simeonis,
428 2600 610 2637 parentum
631 2593 784 2627 Mariae,
813 2601 841 2625 et
862 2595 991 2627 similes
1014 2602 1183 2638 protectas

206 2658 239 2682 et
262 2654 413 2681 servatas
438 2655 508 2677 esse
537 2643 636 2675 valde
663 2644 786 2675 mirum
813 2652 872 2678 est.
943 2645 1071 2678 Verum
1101 2643 1183 2678 haec

437 110 642 151 SCRIPTA
669 109 744 143 PH.
770 106 886 143 MEL.
915 105 982 142 AD
1008 107 1135 143 HIST.
1161 106 1303 145 PROF.
1328 104 1394 142 ET
1421 105 1609 144 PHILOS.
1637 104 1954 143 SPECTANTIA.

2123 108 2198 143 900

1225 194 1337 236 imago
1355 192 1475 225 doceat
1491 203 1576 233 nos,
1600 189 1792 225 Ecclesiam
1810 190 1911 226 aDeo
1928 192 2061 237 protegi
2078 199 2109 226 et
2127 204 2198 226 ser-

1225 244 1300 277 vari
1330 243 1420 275 inter
1445 240 1633 275 horribiles
1657 243 1775 275 ruinas
1800 243 2049 287 imperiorum,
2091 243 2195 277 etiam

1225 294 1424 327 destitutam
1444 290 1606 325 humanis
1623 293 1816 335 praesidiis.

1327 342 1447 376 Rediit
1465 342 1623 375 Herodes
1641 334 1754 375 statiffi
1769 343 1807 375 -111
1825 342 1962 388 Syriam
1979 354 2056 375 cnm
2076 341 2198 376 Venti-

1227 394 1285 427 dio
1310 393 1414 426 misso
1441 394 1605 425 adversus
1620 390 1787 429 Parthos,
1820 400 1853 425 et
1876 405 2075 438 quanquam
2103 404 2199 425 acce—

1228 449 1324 488 perat
1351 450 1482 486 partem
1507 442 1686 486 copiarum
1710 454 1729 475 a
1752 442 1938 483 Ventidio,
1971 450 2086 476 tamen
2110 442 2199 475 intra

1228 493 1411 527 biennium
1445 503 1649 536 recuperare
1685 491 1931 537 lerosolymam
1967 505 2038 525 non
2073 493 2201 536 potuit.

1229 544 1364 577 Interea
1395 543 1522 576 milites
1553 543 1589 574 in
1620 549 1766 587 utraque
1794 549 1891 586 parte
1916 543 2140 575 trucidabant
2167 549 2200 575 et

1229 594 1425 638 spoliabant
1440 593 1569 626 multos
1586 592 1755 631 inermes,
1782 599 1815 626 et
1831 593 2020 625 multorum
2039 592 2203 634 coniuges

1230 652 1262 678 et
1287 645 1374 676 filias
1393 643 1594 688 rapiebant,
1621 643 1702 687 quia
1726 644 1794 676 dux
1811 641 1946 675 Herodi
1969 643 2109 675 additus
2127 641 2201 675 Silo

1230 695 1375 739 pecunia
1400 701 1584 737 corruptus
1611 700 1683 726 erat
1715 693 1759 726 ab
1783 693 1974 736 Antigono.
2042 691 2202 725 Tandem

1230 757 1307 778 cum
1326 745 1502 778 Antonius
1525 743 1675 777 venisset
1694 743 1730 775 in
1755 742 1893 788 Syriam
1918 744 2041 775 ducem
2063 741 2203 776 Sosium

1231 807 1308 828 cum
1339 796 1474 827 duabus
1506 794 1704 835 legionibus
1728 792 1863 826 Herodi
1894 793 2065 835 adiungit.
2132 791 2205 825 Has

1231 846 1347 889 copias
1380 857 1457 878 cum
1481 844 1717 877 coniunxisset
1743 842 1899 876 Herodes
1921 855 1998 876 cum
2023 854 2085 875 suo
2109 854 2205 875 exer-

1231 895 1313 934 citu,
1339 895 1590 939 lerosolymam
1608 894 1764 938 quinque
1780 893 1958 926 mensibus
1973 893 2207 931 circumsidet,

1232 951 1264 978 et
1292 945 1391 978 factis
1423 945 1558 989 aliquot
1583 944 1723 987 praeliis
1746 950 1839 977 sexto
1865 954 1982 975 mense
2006 955 2080 975 eam
2104 942 2206 986 capit,

1233 996 1354 1027 codem
1369 995 1426 1027 die
1449 1001 1481 1028 et
1505 1005 1644 1033 mense,
1672 1006 1741 1038 quo
1764 1006 1839 1026 eam
1865 999 2000 1035 ceperat
2018 992 2207 1036 Pompeius

1232 1050 1311 1076 aute
1336 1055 1446 1076 annos
1468 1051 1596 1087 septem
1621 1050 1655 1076 et
1678 1043 1813 1086 viginti.
1873 1043 2002 1085 Magna
2027 1043 2147 1075 caedes
2169 1042 2205 1074 in

1232 1095 1319 1126 urbe
1334 1094 1421 1126 facta
1439 1100 1500 1127 est.
1534 1093 1734 1135 Antigonus
1751 1092 1938 1125 abducitur
1954 1094 1997 1124 ad
2009 1092 2206 1125 Antonium

1233 1141 1458 1176 Antiochiam
1471 1170 1480 1182 ‚
1507 1149 1541 1175 et
1556 1142 1603 1174 ibi
1622 1143 1763 1175 iubente
1782 1140 1939 1174 Antonio
1956 1148 2123 1186 tanquam
2141 1140 2206 1174 ho—

1233 1194 1293 1226 stis
1311 1193 1433 1237 populi
1448 1192 1601 1226 Romani
1619 1192 1728 1225 securi
1749 1203 1929 1235 percussus
1944 1198 2005 1226 est.

1334 1242 1436 1276 Facta
1457 1243 1562 1285 igitur
1580 1249 1611 1275 et
1633 1243 1731 1285 regni
1756 1249 1789 1276 et
1809 1242 1896 1285 regii
1919 1241 2073 1274 nominis
2095 1248 2208 1275 trans-

1234 1293 1362 1326 latione
1386 1294 1427 1326 ad
1460 1293 1676 1336 peregrinam
1706 1292 1849 1335 stirpem
1884 1304 1987 1324 nemo
2019 1298 2135 1334 postea
2168 1304 2208 1324 ex

1234 1343 1341 1386 stirpe
1376 1340 1476 1375 Iuda
1513 1343 1681 1385 regnavit.
1755 1342 1941 1376 Summum
1974 1342 2208 1375 sacerdotium

1234 1394 1337 1426 etiam
1363 1394 1535 1426 dederunt
1560 1404 1656 1435 reges
1677 1393 1805 1437 quibus
1828 1392 1932 1425 libuit
1955 1398 2075 1424 contra
2098 1392 2206 1434 legem

1234 1442 1437 1476 Mosaicam.
1490 1442 1687 1476 Hircanum
1708 1443 1886 1475 revocavit
1902 1441 2060 1474 Herodes
2083 1454 2121 1474 ex
2140 1441 2207 1475 Ba-

1234 1494 1363 1538 bylone
1381 1494 1471 1526 datis
1484 1493 1690 1526 muneribus
1709 1490 2022 1535 regiParthorum‚
2050 1493 2107 1524 sed
2126 1504 2208 1536 pro-

1235 1550 1311 1586 pter
1335 1544 1593 1576 mutilationem
1615 1544 1753 1575 aurium
1781 1555 1852 1575 non
1879 1542 2029 1575 restituit
2058 1542 2087 1574 ei
2112 1554 2207 1574 sum-

1234 1606 1329 1626 mum
1352 1594 1595 1626 sacerdotium.
1655 1592 1778 1625 Postea
1801 1590 2076 1634 Octogenarium
2101 1592 2207 1624 inter-

1234 1642 1286 1675 fici
1312 1643 1422 1676 iussit.
1486 1641 1623 1676 Delevit
1649 1650 1681 1676 et
1704 1654 1878 1675 summum
1895 1641 2062 1674 Senatum
2089 1642 2209 1684 populi

1238 1691 1465 1731 ludaeorum,
1500 1693 1662 1724 videlicet
1687 1692 1903 1734 septuaginta
1930 1691 2017 1723 duos
2043 1691 2208 1730 seniores.

1234 1754 1337 1786 quem
1371 1743 1538 1775 Senatum
1573 1741 1691 1773 Iudaei
1723 1742 1953 1773 nominarunt
1982 1737 2209 1781 Sanbedrin,

1235 1793 1404 1824 vocabulo
1421 1793 1510 1824 sacto
1524 1803 1563 1823 ex
1578 1790 1711 1823 Graeca
1729 1791 1963 1834 appellatione
1979 1789 2184 1835 συνέδριον.

1335 1841 1423 1874 (jum
1446 1842 1551 1883 igitur
1571 1852 1694 1882 magna
1716 1841 1906 1874 multitudo
1930 1841 2048 1884 populi
2074 1854 2208 1875 errores

1235 1889 1503 1924 Pharisaeorum
1521 1898 1551 1923 et
1570 1890 1836 1923 Zadduceorum
1855 1892 2011 1933 amplexa
2034 1899 2139 1931 esset,
2174 1899 2208 1925 et

1236 1942 1271 1973 in
1289 1942 1443 1974 adsiduis
1459 1942 1691 1974 seditionibus
1707 1948 1740 1974 et
1757 1941 1858 1974 bellis
1874 1941 1966 1973 inter
1992 1942 2118 1985 impios
2141 1943 2208 1974 mi-

1236 1992 1311 2024 lites
1330 2000 1496 2025 cresceret
1522 1990 1767 2035 propbanitas,
1799 1999 1830 2024 et
1847 1992 1948 2024 multi
1970 1991 2015 2034 pii
2038 1992 2208 2025 interfice-

1236 2048 1376 2079 rentur,
1400 2049 1431 2076 et
1453 2043 1567 2075 studia
1586 2054 1686 2074 verae
1710 2042 1890 2074 doctrinae
1908 2042 2206 2084 extinguerentur,

1236 2105 1339 2136 qnam
1363 2093 1466 2126 suerit
1485 2093 1606 2134 exigua
1630 2105 1710 2124 vera
1728 2090 1881 2125 Ecclesia
1899 2093 2121 2134 cogitandum
2146 2099 2207 2127 est.

1236 2143 1319 2176 Fuit
1343 2150 1457 2176 tamen
1479 2144 1615 2187 aliqua,
1647 2142 1683 2174 in
1708 2154 1775 2186 qua
1799 2149 1999 2175 manserunt
2025 2143 2081 2176 lux
2108 2154 2206 2175 verae

1236 2194 1416 2226 doctrinae
1434 2194 1476 2225 de
1491 2191 1565 2226 Deo
1583 2199 1615 2226 et
1632 2194 1673 2225 de
1692 2193 1764 2225 filio
1782 2191 1866 2231 Dei,
1890 2194 1932 2225 de
1951 2193 2040 2235 lege,
2066 2193 2109 2224 de
2125 2204 2206 2235 pro-

1236 2244 1400 2276 missione
1422 2244 1572 2286 gratiae,
1602 2244 1643 2275 de
1670 2243 1760 2275 veris
1784 2243 1953 2278 cultibus,
1989 2249 2018 2273 et
2046 2254 2124 2274 vera
2143 2241 2205 2274 Dei

1237 2294 1427 2333 invocatio,
1456 2301 1488 2327 et
1512 2294 1612 2327 initia
1636 2294 1757 2327 salutis
1783 2302 1959 2331 aeternae,
1993 2293 2122 2325 scilicet
2140 2292 2208 2325 Za-

1235 2341 1390 2384 charias,
1430 2343 1608 2383 Elisabet,
1655 2343 1819 2380 Simeon,
1867 2348 2025 2385 parentes
2061 2342 2209 2382 Mariae,

1236 2393 1351 2427 Maria
1379 2394 1495 2438 virgo,
1534 2406 1633 2428 soror
1665 2394 1757 2433 eius,
1790 2400 1823 2426 et
1847 2399 1964 2426 coetus
1992 2393 2052 2437 qui
2081 2390 2206 2426 horum

1235 2445 1430 2478 doctrinam
1455 2445 1634 2489 amplexus
1655 2451 1715 2478 est.

1336 2495 1495 2529 Sciamus
1511 2502 1645 2534 autem,
1670 2493 1758 2526 illud
1775 2498 1911 2536 tempus
1930 2492 2116 2536 imaginem
2135 2503 2206 2524 esse

1236 2542 1341 2578 huius
1364 2552 1519 2579 senectae
1545 2543 1688 2582 mundi,
1722 2543 1758 2575 in
1784 2555 1850 2587 qua
1873 2543 1977 2576 etiam
2000 2542 2207 2576 universalis

1234 2596 1381 2629 mutatio
1397 2596 1533 2638 generis
1551 2592 1695 2627 humani
1711 2593 1747 2625 in
1771 2600 1957 2637 conspectu
1982 2601 2042 2628 est.
2093 2592 2208 2625 Latis-

1204 2686 1206 2688 v
1234 2646 1320 2680 sime
1343 2652 1486 2688 vagatur
1509 2644 1667 2678 doctrina
1686 2641 1944 2678 Monachorum
1964 2650 1997 2677 et
2011 2643 2143 2687 Papae,
2169 2647 2206 2674 ut
