2324 2955
110 108 182 144 449
749 101 1011 138 PIIILIPPI
1045 98 1493 137 MELANTHONIS.
2059 108 2133 145 450

205 188 269 228 35.
302 189 374 225 Lex
392 189 485 225 enim
503 187 607 224 habet
624 188 831 231 mercedem,
847 200 955 235 quare
971 188 1090 234 in·no2
1143 187 1205 222 etsi
1230 185 1297 221 hoc
1319 188 1496 222 somnium
1522 188 1657 225 indocti
1681 187 1798 227 adhuc
1816 192 1987 236 retineffi,
2016 199 2131 230 gamm

106 243 162 278 bis
180 242 340 286 impletio
362 241 447 285 legis
465 247 619 274 meretur
637 248 729 274 certa
746 241 910 285 praemia.

209 293 274 330 36.
314 292 403 328 Cum
430 291 594 325 dicimus:
635 290 718 325 Sola
750 291 819 325 fide
850 290 1090 327 iustificamur,

106 343 260 388 intelligi
276 341 342 377 hoc
370 342 473 376 debet
486 369 495 383 ‚
523 354 596 376 non
614 348 751 376 tantum
771 344 865 388 quod
883 343 969 377 fides
987 342 1090 375 initio

107 395 257 439 accipiat
288 393 531 427 remissionem
563 400 784 437 peccatorum
810 405 870 426 seu
898 398 1092 433 convertat,

107 446 167 479 sed
185 445 289 478 etiam
307 445 399 488 quod
415 444 580 488 deinceps
597 444 669 483 sola
683 443 768 478 fides
787 451 971 488 reputetur
986 456 1004 477 a
1016 442 1090 477 Deo

106 506 171 539 pro
193 494 351 536 iusticia,
376 495 513 529 tametsi
538 494 695 539 impletio
717 494 803 537 legis
827 495 1021 528 necessario
1038 506 1092 528 se-

103 545 241 590 quitur:
269 557 391 578 verum
408 543 493 579 haec
509 545 669 589 impletio
694 545 779 588 legis
797 557 870 578 non
886 552 936 580 est
953 551 1091 589 accepta

103 607 221 628 coram
237 596 327 636 Deo,
354 596 422 629 nisi
442 593 790 640 propterChristum,
814 596 876 640 qui
893 594 1091 641 apprehen-

101 645 199 680 ditur
213 645 294 682 fide.

206 696 265 732 37.

102 747 236 781 tionem
259 747 295 780 in
314 745 456 780 Christo
482 759 544 790 per
567 746 693 788 fidem,
720 754 753 781 et
778 748 896 781 sciunt
911 747 1090 792 quomodo

102 798 322 841 operandum
341 798 406 838 sit,
432 804 466 831 et
491 809 580 842 quae
605 809 710 841 opera
734 799 911 842 placeant,
938 805 972 832 et
995 797 1090 842 quod

101 846 172 881 fide
188 859 249 892 per
267 845 449 882 Christum
468 848 641 892 accipiant
657 848 830 893 Spiritum
848 855 1005 883 sanctum
1017 874 1026 889 ‚
1051 854 1091 881 ut

101 898 193 931 bene
210 899 349 942 operari
369 905 511 943 queant.

203 949 264 984 38.
305 947 347 982 In
372 960 525 983 summa:
567 947 751 982 Conclusit
766 948 948 993 Scriptura
971 948 1090 982 omnia

101 999 168 1033 sub
189 1005 385 1043 peccatum,
418 1005 458 1032 ut
485 998 672 1043 promissio
697 1011 737 1032 ex
756 998 826 1033 fide
852 1000 931 1033 lesu
954 997 1088 1034 Christi

101 1050 246 1083 daretur
268 1048 503 1083 credentibus.

199 1099 261 1135 59.
295 1098 503 1134 Aristoteles
520 1105 611 1133 recte
626 1106 659 1133 et
674 1102 865 1143 prudenter
881 1099 986 1138 dicit,
1013 1112 1089 1133 me-

102 1150 202 1183 dium
222 1151 259 1183 in
284 1151 433 1189 virtute,
460 1150 747 1185 constituendum
772 1163 843 1185 esse
861 1150 1090 1195 proportione

100 1201 308 1243 geometrica
325 1212 398 1234 non
420 1198 651 1235 arithmetica.

304 695 353 730 lta
373 694 504 730 habent
521 696 756 730 conscientiae
782 704 911 732 certam
929 695 1091 730 consola-

100 1311 240 1358 (VIII.)
280 1314 389 1349 Alia
417 1313 708 1359 disputatio:
734 1313 780 1347 de
809 1313 994 1348 antithesi
1020 1313 1091 1348 hu-

100 1374 305 1400 manarum
331 1367 572 1410 opinionum,
606 1369 643 1399 et
664 1375 771 1398 verae
803 1367 1017 1398 sententiae
1043 1364 1090 1399 de

167 1413 448 1460 iustificatione.
501 1417 715 1457 (Opp.Basi1.
745 1417 785 1449 T.
800 1416 858 1447 Ill.
883 1429 914 1456 p.
931 1418 1024 1455 304.)

100 1490 190 1531 Duo
207 1506 334 1540 genera
351 1501 434 1529 sunt
450 1506 590 1535 eorum,
616 1494 678 1538 qui
696 1493 839 1534 dicunt,
864 1492 935 1527 fide
958 1501 991 1528 et
1006 1506 1091 1538 ope-

101 1548 200 1582 ribus
216 1544 399 1580 iustificari
416 1543 590 1578 homines.

202 1597 238 1631 2.
273 1596 385 1630 Primi
401 1602 494 1636 sunt,
521 1595 594 1637 Qui
608 1593 714 1628 fidem
733 1599 870 1628 tantum
883 1593 1089 1636 intelligunt

101 1649 146 1682 de
162 1647 293 1681 noticia
310 1644 488 1687 historiae,
502 1652 536 1679 et
551 1645 731 1679 somniant
750 1642 911 1677 homines
928 1656 1090 1688 pronun-

102 1698 189 1732 ciari
213 1698 323 1731 iustos
346 1696 552 1740 simpliciter
583 1702 727 1740 propter
757 1695 940 1740 propriam
971 1695 1089 1739 digni-

99 1755 220 1785 tatem.

202 1799 239 1832 3.
280 1795 407 1831 Iubent
438 1796 533 1830 enim
564 1796 728 1830 dubitare
752 1796 1002 1840 conscientias,
1043 1809 1088 1830 an

100 1848 179 1884 Deo
195 1849 405 1894 placeamus,

205 1899 239 1934 4.
279 1898 374 1932 Ilaec
396 1897 508 1942 prima
533 1903 566 1931 et
581 1896 718 1940 vulgata
737 1896 861 1941 opinio
878 1910 972 1932 mere
987 1899 1086 1933 sana-

102 1952 210 1987 ticum
233 1949 410 1984 somnium
428 1955 490 1984 est.

203 2000 237 2037 5.
273 1998 337 2034 Est
354 2000 447 2033 enim
465 2004 616 2032 extrema
635 1997 798 2038 coecitas,
826 1999 1003 2033 somniare
1022 1998 1085 2034 ho—

102 2053 233 2087 minem
252 2050 319 2094 legi
338 2048 545 2087 satisfacere,
561 2046 740 2087 hominem
756 2048 830 2082 sine
843 2058 984 2093 peccato
1003 2063 1084 2087 esse.

102 2103 197 2138 Ilaec
214 2103 444 2136 deliramenta
462 2098 605 2133 haerent
622 2099 657 2131 in
675 2099 787 2142 primo
806 2112 943 2143 genere.

204 2153 239 2189 6,
267 2151 313 2186 Et
327 2153 418 2196 apud
439 2150 588 2184 Paulum
606 2150 690 2183 fides
711 2147 803 2184 haud
827 2153 934 2185 dubie
952 2154 1086 2196 signifi-

102 2213 157 2242 cat
180 2204 345 2238 fiduciam
368 2201 648 2239 misericordiae,
676 2212 748 2233 non
764 2208 898 2236 tautum
918 2205 1084 2238 noticiam

103 2255 282 2291 historiae.
335 2252 511 2298 Loquitur
529 2252 623 2285 enim
632 2251 762 2284 Paulus
779 2253 820 2285 de
835 2256 986 2298 quadam
1006 2257 1085 2296 fide,

104 2319 194 2353 quae
215 2313 267 2341 est
290 2310 406 2338 motus
424 2303 608 2348 pacificans
624 2303 748 2342 corda,
774 2309 806 2336 et
824 2316 912 2349 quae
930 2307 1001 2350 agit
1019 2308 1086 2341 ali-

103 2358 190 2405 quid
209 2358 244 2389 in
259 2355 448 2390 certamine
464 2351 698 2388 conscientiae
715 2360 778 2387 etc.

206 2407 240 2440 7.
267 2404 315 2441 Et
329 2403 413 2440 haec
438 2406 523 2440 fides
548 2404 697 2438 maxime
723 2411 855 2448 pugnat
875 2418 955 2440 cum
979 2409 1086 2445 dubi..

193 2470 248 2492 ne.

103 2468 190 2496 taho
207 2509 242 2545 8.
271 2506 388 2542 Facile
403 2505 577 2540 confutari
594 2512 706 2550 potest
721 2503 805 2539 haec
823 2506 936 2551 prima
953 2511 1087 2556 opinio,

106 2561 189 2607 quia
212 2565 366 2596 constat,
394 2558 570 2591 neminem
595 2557 662 2599 legi
680 2557 886 2594 satisfacere.
939 2560 1087 2598 Constat

106 2619 140 2646 et
165 2609 251 2650 hoc,
277 2609 388 2643 Paulo
412 2609 515 2641 fidem
540 2619 613 2641 esse
629 2608 792 2642 fiduciam
812 2609 1083 2649 misericordiae,

104 2662 253 2698 Constat
274 2661 355 2693 item
379 2658 635 2693 dubitationem
661 2659 805 2705 impiam
829 2671 912 2700 esse.
963 2663 1086 2712 ltaque

155 2715 332 2746 Menam-n.
359 2712 460 2745 Orien.
488 2710 662 2743 VOL.X11.

1143 240 1278 274 cordati
1297 252 1418 274 omnes
1441 241 1645 285 explodunt.

1245 291 1280 326 9.
1323 291 1455 325 Vident
1484 293 1577 325 enim
1602 293 1817 327 cordatiores
1840 295 1988 330 omnino
2017 297 2131 331 faten-

1142 342 1227 375 dum
1246 353 1336 382 esse,
1365 344 1459 387 quod
1479 343 1545 385 legi
1564 355 1667 376 nemo
1685 345 1885 385 satisfaciat,
1911 348 2007 391 quod
2027 360 2130 381 nemo

1141 392 1186 426 sit
1211 392 1287 425 sine
1319 400 1477 436 peccato,
1512 394 1632 428 vident
1655 395 1805 428 Paulum
1838 394 2046 440 prohibere,
2087 411 2131 432 ne

1141 443 1221 488 quis
1249 444 1438 486 glorietur,
1462 452 1656 487 agnoscunt
1681 446 1938 479 dubitationem
1965 456 2056 482 recte
2073 462 2129 482 re-

1141 491 1326 538 prehendi.
1379 496 1548 529 Fatentur
1565 495 1676 528 Paulo
1692 495 1795 528 fidem
1821 497 2016 539 significare
2041 500 2131 533 sidu-

1142 545 1231 578 ciam
1254 545 1525 579 misericordiae.
1581 545 1753 579 Fatentur
1777 547 1881 587 item,
1908 548 2014 591 longe
2031 558 2130 583 ante-

1141 595 1226 628 serri
1249 593 1340 628 hanc
1365 596 1528 630 fiduciam
1556 608 1628 629 non
1657 596 1773 629 solum
1807 599 2037 640 ceremoniis,
2069 602 2128 634 sed

1142 647 1245 681 etiam
1263 647 1430 690 operibus
1455 647 1660 680 moralibus.

1246 697 1304 733 10.
1338 697 1514 739 >Habenda
1531 705 1582 731 est
1598 697 1706 740 igitur
1729 697 1838 740 gratia
1861 695 1916 731 his
1931 725 1939 739 ,
1967 699 2029 743 qui
2046 697 2130 732 haec

1141 755 1368 787 monuerunt,
1393 755 1426 782 et
1441 746 1636 782 Ecclesiam
1653 755 1768 781 tamen
1786 760 1804 780 a
1822 749 1939 793 priore
1958 750 2129 792 opinione

1143 799 1221 842 plus
1242 810 1347 843 quam
1365 805 1562 832 monstrosa
1586 799 1794 832 liberarunt.

1247 850 1305 884 11.
1341 849 1409 883 Sed
1428 847 1513 882 baec
1531 850 1683 882 secunda
1701 849 1823 893 opinio
1844 850 1890 882 ita
1916 850 2034 889 docet,
2064 849 2129 883 ho-

1142 898 1255 932 mines
1274 900 1520 943 principaliter
1537 901 1647 933 iustos
1667 912 1738 933 esse
1755 901 1834 941 fide,
1862 901 1897 933 id
1915 908 1976 942 est,
2003 902 2130 935 fiducia

1141 950 1422 991 misericordiae,
1449 951 1568 983 minus
1585 951 1827 994 principaliter
1852 958 1996 995 propter
2012 953 2131 995 digni-

1141 1007 1246 1034 tatem
1265 1013 1424 1045 operum,
1440 1013 1480 1033 eo
1500 1002 1594 1046 quod
1614 1001 1682 1043 legi
1698 1013 1802 1033 nemo
1819 1002 2017 1043 satisfaciat,
2035 1003 2131 1035 ideo-

1142 1063 1209 1096 que
1225 1051 1352 1085 fiducia
1369 1051 1632 1084 misericordiae
1649 1051 1775 1084 sarciat
1793 1051 1828 1083 id
1849 1053 1942 1096 quod
1963 1054 2069 1085 deest.

1251 1111 1309 1144 12.
1354 1110 1449 1144 Haec
1482 1110 1636 1143 secunda
1672 1109 1794 1154 opinio
1825 1110 1998 1145 concinna
2023 1118 2072 1145 est
2096 1112 2131 1145 in

1141 1160 1291 1205 speciem
1303 1188 1312 1201 ,
1341 1162 1419 1194 ideo
1436 1161 1624 1204 diligenter
1642 1160 1848 1194 excutienda
1866 1168 1926 1196 est.

1248 1219 1304 1254 13.
1338 1219 1469 1253 Paulus
1487 1219 1580 1252 enim
1598 1219 1726 1252 diserte
1745 1219 1848 1252 dicit:
1878 1220 1998 1263 gratis,
2025 1221 2130 1254 item:

1141 1270 1216 1302 sine
1232 1270 1413 1313 operibns,
1443 1268 1531 1302 Item
1548 1268 1714 1313 prohibet
1728 1270 1872 1303 diserte:
1901 1282 1945 1302 ne
1963 1272 2041 1315 quis
2056 1273 2132 1314 glo—

1142 1320 1262 1352 rietur.
1324 1318 1369 1352 Et
1386 1319 1515 1352 Daniel
1539 1321 1673 1363 inquit:
1709 1331 1782 1352 non
1808 1321 1845 1352 in
1872 1320 2132 1355 iustificationi-

1143 1370 1207 1403 bus
1223 1370 1372 1409 nostris‚
1399 1370 1460 1402 sed
1478 1370 1514 1402 in
1532 1370 1774 1402 misericordia
1800 1377 1871 1404 tua.

1247 1426 1306 1460 14.
1333 1427 1495 1460 Secunda
1507 1427 1630 1470 opinio
1644 1427 1748 1461 etiam
1765 1428 1935 1473 relinquit
1950 1432 2133 1465 conscien-

1142 1477 1206 1510 tias
1224 1476 1384 1518 incertas,
1412 1478 1494 1521 quia
1512 1478 1597 1509 fides
1614 1475 1672 1510 hic
1688 1478 1792 1510 etiam
1810 1481 1937 1521 pendet
1956 1493 1996 1513 ex
2013 1482 2133 1525 digni-

1142 1533 1210 1559 tate
1233 1532 1373 1564 nostra,
1402 1534 1435 1560 et
1456 1538 1496 1559 ex
1517 1527 1636 1571 aliqua
1663 1534 1760 1570 parte
1779 1528 1875 1570 legis.
1928 1529 1999 1563 Nec
2015 1538 2131 1566 tamen

1142 1583 1255 1621 potest
1273 1576 1334 1609 ille
1350 1578 1478 1620 gradus
1496 1577 1582 1618 legis
1600 1577 1787 1620 constitui,
1815 1578 1875 1623 qui
1893 1576 1968 1613 Deo
1994 1583 2132 1616 satissa-

1142 1628 1220 1661 ciat.
1273 1627 1357 1660 Ideo
1381 1639 1455 1661 non
1482 1627 1601 1660 minus
1624 1628 1662 1661 fit
1687 1639 1741 1661 res
1765 1628 1896 1662 incerta
1921 1627 1997 1672 hic,
2025 1645 2131 1677 quam

1142 1679 1236 1711 iuxta
1253 1677 1409 1722 priorem
1438 1678 1667 1723 opinionem,
1696 1678 1802 1724 idque
1819 1681 2053 1717 conscientiae
2072 1697 2131 1717 ex-

1142 1728 1340 1773 periuntur.

1247 1777 1304 1813 15.
1345 1779 1467 1814 Tertia
1495 1787 1545 1814 est
1569 1780 1677 1823 igitur
1700 1786 1821 1814 nostra
1852 1782 2043 1822 sententia,
2086 1786 2129 1817 de

1142 1830 1340 1869 exclusiva,
1373 1831 1468 1875 quod
1494 1831 1578 1864 iusti
1603 1831 1883 1874 pronunciemur
1908 1841 2052 1877 propter
2075 1846 2131 1867 so-

1141 1882 1209 1914 lam
1229 1880 1507 1914 misericordiam
1527 1882 1564 1914 in
1583 1879 1726 1915 Christo
1751 1883 1972 1926 promissam,
1990 1892 2022 1919 et
2040 1883 2131 1919 hanc

1140 1932 1423 1964 misericordiam
1440 1938 1579 1976 oportet
1597 1933 1664 1965 fide
1686 1930 1919 1976 apprehendi.

1243 1989 1306 2025 16.
1351 1990 1584 2035 Seponendae
1610 1991 1741 2023 interea
1766 1998 1849 2024 sunt
1873 1992 2129 2036 disputationes

1140 2042 1183 2075 de
1209 2041 1321 2074 libero
1343 2042 1502 2076 arbitrio.
1555 2040 1643 2074 Nam
1672 2038 1729 2073 hic
1754 2041 1890 2083 agitur,
1918 2045 2127 2086 promissio-

1140 2105 1220 2125 nem
1245 2103 1317 2126 esse
1343 2093 1589 2132 donationem,
1623 2099 1661 2125 ut
1685 2091 1729 2124 sit
1752 2098 1864 2130 certa,
1906 2105 1980 2126 non
2014 2095 2129 2137 agitur

1141 2144 1252 2182 illud,
1280 2155 1344 2176 nos
1363 2141 1453 2176 nihil
1472 2154 1585 2186 agere,
1613 2142 1676 2176 etsi
1693 2139 1760 2175 hoc
1778 2142 1866 2176 scire
1883 2151 2041 2188 oportet,
2066 2158 2127 2180 ne-

1139 2195 1270 2227 minem
1295 2194 1362 2237 legi
1381 2195 1589 2229 satisfacere.

1244 2253 1302 2286 17.
1344 2252 1440 2286 llaec
1462 2252 1578 2285 facilia
1605 2251 1784 2284 intellectu
1802 2260 1906 2294 sunt,
1931 2254 1959 2286 si
1977 2254 2056 2299 quis
2074 2267 2127 2289 se-

1138 2305 1208 2338 mel
1226 2304 1459 2342 constituerit,
1483 2302 1594 2336 Paulo
1612 2303 1715 2335 fidem
1740 2302 1936 2346 significare
1961 2305 2126 2339 fiduciam

1139 2355 1420 2395 misericordiae,
1452 2353 1532 2398 quia
1556 2353 1682 2385 fiducia
1704 2364 1776 2386 non
1806 2361 1920 2399 potest
1944 2356 2010 2390 niti
2029 2368 2124 2390 com-

1140 2407 1296 2440 muniter
1311 2405 1386 2440 Deo
1402 2412 1435 2438 et
1450 2410 1569 2437 nostra
1592 2403 1774 2447 dignitate.

1244 2463 1304 2497 18.
1345 2462 1435 2497 Cum
1463 2461 1628 2495 meritum
1651 2461 1791 2495 tollitur
1816 2461 1918 2503 ideo,
1949 2464 2030 2508 quia
2062 2477 2125 2498 nos

1140 2512 1233 2548 nihil
1248 2526 1401 2556 agamus,
1428 2518 1570 2546 manent
1587 2512 1739 2546 incertae
1757 2513 2004 2553 conscientiae,
2019 2528 2124 2560 quae-

1141 2572 1224 2598 runt
1244 2566 1336 2597 enim
1357 2576 1453 2597 suam
1471 2563 1661 2597 novitatem
1674 2590 1683 2604 ‚
1709 2570 1741 2597 et
1756 2564 1894 2608 obrepit
1911 2565 2043 2608 opinio,
2062 2578 2124 2598 nos

1142 2615 1369 2659 pronunciari
1390 2616 1516 2654 iustos,
1543 2626 1616 2647 non
1632 2614 1714 2659 quia
1731 2615 1916 2658 promissio
1933 2616 1973 2649 sit
1992 2617 2124 2657 gratui-

1140 2674 1190 2705 ta,
1218 2668 1276 2701 scd
1295 2667 1376 2711 quia
1396 2666 1464 2700 iam
1482 2666 1639 2699 renovati
1658 2665 1781 2707 simus,
1808 2677 1988 2710 nunquam
2007 2672 2121 2700 antem

1564 2717 1613 2751 29
