2324 2955
107 117 179 153 153

102 202 167 236 No.
188 200 270 236 152.

913 214 961 233 an.
980 203 1071 233 1556.

250 318 325 358 De
353 321 491 370 capta
523 314 932 370 Constantinopoli.

171 406 203 432 In
222 406 312 431 select.
333 403 410 430 Dect.
431 404 462 430 T.
479 403 525 429 lV.
546 413 570 438 p.
588 405 631 429 161
649 414 722 438 sqq.,
756 404 882 431 Biz-hard,
901 404 931 430 T.
946 403 964 429 l.
983 413 1009 437 p.
1025 403 1084 429 632.

201 444 226 464 et
259 439 375 465 Servest.
401 438 431 464 T.
448 438 495 463 lV.
523 439 618 472 1›.147.
650 453 684 457 —
731 438 816 463 Etiam
844 439 985 471 separatim
1013 438 1083 463 edita

201 471 313 499 Witeh.
334 472 409 498 1556.
440 472 464 497 8.

99 572 226 605 Oratio
251 568 297 602 de
315 572 429 612 capta
448 568 786 611 Constrmtinopole·;
813 570 978 602 recitata
994 579 1016 601 a
1033 568 1081 602 D.

285 620 477 664 Georgia
504 619 682 651 Maiore
707 617 894 653 an.1556.

97 696 230 735 Annus
260 697 317 732 hic
346 705 396 731 est
424 698 633 731 centesimus
662 704 694 730 et
723 699 862 738 tertius,
897 705 1080 742 postquam

98 750 209 784 Turci
232 750 288 782 die
310 747 400 781 Maii
429 749 593 781 vicesimo
618 760 712 780 nono
733 747 1080 792 Constantinopolin,

98 812 169 833 non
194 800 306 833 solum
330 810 442 831 arcem
469 798 594 831 Graeci
620 799 777 842 imperii,
805 800 862 831 sed
887 799 989 832 etiarn
1016 800 1080 831 do-

97 851 288 884 ctrinarum
312 855 344 882 et
370 855 467 882 vetus
483 847 658 881 Ecclesiae
680 846 893 892 hospicium,
921 855 999 893 post
1015 849 1078 881 ob-

96 901 268 934 sidionem
286 899 422 932 dierum
442 905 592 943 quatuor
608 899 910 943 etet-quinquaginta
928 900 963 931 vi
980 911 1079 942 cepe-

95 957 195 991 runt,
220 951 308 982 facta
335 951 436 982 caede
461 949 701 982 crudelissima
727 949 965 992 imperatoris,
994 962 1079 982 con-

96 1001 203 1044 iugis,
230 1000 381 1032 filiarum
406 1005 439 1031 et
462 999 633 1041 filiorum,
661 1006 692 1031 et
717 999 951 1042 plurimarum
976 1000 1078 1032 nobi-

95 1051 182 1084 lium
198 1050 412 1083 familiarum
430 1055 463 1082 et
481 1050 612 1092 populi.
667 1048 745 1091 Qua
761 1056 856 1083 tanta
871 1051 913 1082 de
930 1062 978 1090 re,
999 1062 1076 1083 cum

93 1113 149 1134 me
167 1100 241 1133 dies
258 1099 512 1139 admonuisset,
541 1112 691 1143 cumque
709 1111 834 1142 magno
850 1112 927 1133 cum
945 1101 1078 1141 dolore,

95 1158 129 1184 et
151 1157 281 1184 veteres
304 1148 480 1183 Ecclesiae
505 1150 717 1183 calamitates
741 1157 773 1183 et
798 1157 995 1193 praesentes
1021 1152 1076 1183 in-

95 1208 230 1241 tuerer,
259 1207 292 1234 et
315 1212 396 1233 vero
422 1201 655 1244 prospicerem
680 1200 833 1241 suturas,
858 1212 931 1233 non
950 1201 1016 1234 alia
1035 1202 1076 1234 de

94 1263 131 1285 re
149 1251 264 1296 potius
281 1248 338 1283 hic
355 1250 542 1283 dicendum
562 1262 633 1283 esse
649 1251 777 1284 censui.

195 1300 284 1333 Nam
316 1306 347 1332 et
378 1300 467 1331 illud
490 1312 611 1331 verum
637 1307 705 1338 est,
740 1298 833 1332 ὅπου
858 1298 977 1345 ἀλγεῖ,
1009 1300 1080 1333 ἐκεῖ

92 1351 197 1395 χεῖρα
223 1349 304 1392 ἔχει.
357 1347 403 1380 Et
428 1349 519 1391 apud
548 1348 702 1380 iuniores
729 1359 865 1380 necesse
889 1357 938 1381 est
965 1356 1077 1381 tantas

95 1399 325 1443 imperiorum
358 1404 391 1429 et
415 1398 594 1430 Ecclesiae
619 1398 829 1430 mutationes
856 1409 957 1440 saepe
982 1411 1076 1431 com-

94 1447 299 1484 memorari,
336 1447 373 1477 in
403 1446 530 1490 quibus
558 1458 635 1477 cum
661 1458 792 1488 poenae
816 1447 983 1479 scelerum
1010 1445 1077 1479 hu-

92 1509 280 1533 manorum
306 1495 588 1539 conspiciuntur,
616 1495 725 1540 aliqui
743 1502 834 1528 certe
850 1497 1076 1528 modestiores

92 1551 182 1584 fiunt
205 1555 236 1581 et
260 1552 467 1587 moventur,
493 1557 573 1579 cura
598 1556 679 1578 suae
703 1546 825 1579 salutis
850 1552 881 1579 et
900 1544 1076 1579 Ecclesiae

92 1599 201 1643 magis
217 1597 425 1632 afficiantur.

195 1648 245 1682 Ita
263 1647 438 1681 Siracides
461 1646 559 1679 iubet
584 1646 713 1679 intueri
729 1646 879 1679 aliorum
898 1646 1075 1679 calamita-

93 1709 162 1741 tes,
188 1706 226 1733 ut
251 1697 431 1731 communi
456 1697 528 1739 lege.
552 1697 655 1729 nobis
682 1697 810 1730 similia
836 1697 978 1729 serenda
1004 1708 1075 1729 esse

95 1751 303 1794 cogitemus:
341 1747 456 1780 Hodie
473 1745 582 1787 mihi,
610 1758 683 1780 cras
701 1748 776 1780 tihi.

196 1797 522 1843 ScripsitPolybius
538 1809 573 1830 se
589 1798 736 1830 astitisse
747 1797 905 1840 Scipioni
924 1797 1074 1830 intuenti

91 1848 314 1893 Carthaginis
332 1848 534 1881 incendium
551 1860 589 1880 ac
604 1845 848 1892 lachrymanti,
877 1860 978 1892 quem
997 1861 1074 1880 cum

92 1904 356 1943 interrogasset,
384 1911 446 1932 cur
469 1895 704 1943 lachrymaret
727 1898 839 1931 victor
864 1905 959 1931 tanto
982 1899 1074 1930 bello

92 1951 267 1997 persecto‘?
319 1949 413 1982 Tum
438 1949 496 1981 ille.
520 1960 659 1990 gemens
678 1949 877 1992 respondit,
903 1960 975 1981 non
1000 1949 1075 1981 sine

93 2003 224 2046 ingenti
243 1999 545 2034 commiseratione
564 2010 598 2031 se
616 1999 827 2032 clarissimae
845 1999 960 2037 urhis,
986 2011 1074 2044 quae

94 2056 162 2088 iam
196 2062 306 2084 anuos
335 2050 572 2093 septingentos
594 2050 758 2091 stetisset,
793 2049 973 2082 interitum
998 2061 1074 2092 spe-

93 2112 184 2140 ctare
207 2112 323 2146 posse,
352 2112 415 2133 nec
435 2100 510 2133 sine
532 2111 658 2142 magno
681 2101 800 2133 dolore.
818 2101 860 2132 de
877 2101 989 2132 ruinis
1008 2100 1072 2132 im-

92 2154 271 2200 periorum
296 2157 474 2190 veterum,
508 2157 539 2183 et
565 2150 682 2183 futuro
707 2151 886 2195 aliquanto
912 2158 987 2194 post
1012 2163 1073 2184 ur-

91 2207 147 2240 bis
170 2203 305 2237 Itomae
330 2201 481 2240 excidio,
515 2207 547 2233 et
569 2201 612 2233 de
640 2201 806 2234 immensa
832 2201 1072 2234 communium

92 2264 339 2291 aerumnarum
372 2251 508 2294 generis
539 2249 686 2284 humani
713 2252 803 2285 mole
832 2252 1000 2293 cogitare,
1036 2265 1073 2285 ac

93 2305 278 2341 subiecisse
294 2300 358 2335 hos
375 2313 507 2335 versus:

169 2358 302 2396 Tempus
318 2358 371 2385 erit
388 2356 507 2396 quando
527 2357 674 2383 ruiturum
692 2361 733 2383 est
752 2354 829 2384 llion
846 2357 952 2385 altum.

173 2408 308 2447 Cumque
325 2409 412 2435 simul
433 2408 517 2435 tortis
535 2405 667 2435 l'riamus
685 2408 873 2446 populusque
889 2408 1005 2445 peribit.

94 2458 264 2491 Videmus
295 2461 430 2493 autem,
465 2461 503 2486 ut
533 2454 575 2485 de
604 2453 681 2485 aliis
710 2454 810 2486 malis
842 2466 911 2485 non
947 2454 1072 2494 diram,

93 2519 186 2541 nunc
203 2506 338 2538 Turcos
355 2516 426 2536 non
444 2501 630 2536 Thraciam
649 2510 708 2536 aut
726 2503 908 2535 (li-aeciam
930 2512 1072 2544 vastare,

94 2560 151 2591 sed
173 2566 333 2600 oppressa
353 2553 554 2592 Pannonia,
582 2554 648 2585 iam
667 2554 851 2597 aliquoties
870 2554 902 2585 iu
923 2554 1070 2586 (lei-ma—

95 2610 188 2642 niam
216 2607 385 2646 ingressos
411 2615 491 2636 esse.
546 2604 664 2645 Quare
689 2610 882 2636 metuamus
905 2615 965 2637 uos
983 2615 1069 2648 quo-

95 2672 161 2704 que
185 2664 216 2690 et
240 2655 388 2689 'l‘urcica
411 2661 441 2687 et
466 2655 533 2688 alia
558 2654 666 2696 bella,
692 2662 723 2688 ct
748 2655 938 2688 emendatis
963 2655 1069 2688 mori-

552 113 707 152 DECL.
748 113 824 150 DE
866 113 1056 150 CAPTA
1097 113 1679 153 CONSTANTINOPOLI.

2051 120 2121 155 154

1138 200 1203 232 bus
1232 211 1294 233 suo
1327 202 1474 245 quisque
1506 203 1582 236 loco
1609 203 1736 237 rectius
1764 204 1866 238 faciat
1895 216 2039 238 munera
2064 206 2117 238 sui

1139 250 1267 291 officii,
1296 256 1328 283 et
1347 252 1494 285 assiduis
1515 254 1701 295 gemitibus
1717 261 1749 288 et
1765 255 1855 288 votis
1870 262 2044 298 petamus,
2072 267 2117 287 ne

1138 300 1229 333 sinat
1245 298 1340 332 Deus
1358 298 1530 334 Ecclesias
1554 304 1680 345 deleri,
1707 311 1740 338 et
1762 305 1836 338 fieri
1863 305 1967 338 talem
1990 305 2117 338 barba—

1138 350 1224 382 riem
1250 357 1282 384 et
1306 352 1521 393 vastitatem,
1547 354 1660 397 qualis
1685 361 1732 388 est
1749 355 1786 388 in
1802 366 1928 398 magna
1946 362 2042 398 parte
2059 366 2117 397 ge-

1136 400 1231 433 neris
1252 398 1420 442 humani,
1447 414 1485 435 ac
1502 405 1705 446 praesertim
1724 417 1827 450 quam
1845 406 1912 439 late
1929 402 2117 438 Mahome-

1136 451 1202 484 tica
1218 451 1377 496 tyrannis
1396 453 1612 487 dominatur.

1237 500 1289 533 Ac
1313 502 1355 534 de
1374 501 1500 535 Turcis
1519 509 1668 545 augeant
1685 505 1786 537 nobis
1801 512 1933 539 metum
1952 506 2117 538 vaticinia

1136 551 1171 583 in
1189 549 1373 584 Ezechiele
1397 553 1438 585 de
1457 552 1536 596 Gog
1557 560 1589 586 et
1606 552 1744 595 Magog.
1794 553 1931 588 Deinde
1949 562 1982 588 et
1996 567 2118 589 recen-

1135 608 1186 635 tes
1211 602 1381 646 quaedam
1403 604 1655 646 praedictiones
1671 602 1823 638 Hiltenii
1845 605 1912 636 viri
1937 617 2008 637 non
2031 618 2118 638 con-

1136 652 1335 693 temnendi,
1362 653 1420 696 qui
1443 653 1508 687 suit
1524 653 1777 686 Franciscanus
1799 654 1836 686 in
1857 654 2001 696 collegio
2021 654 2117 687 Isen-

1135 703 1293 743 nacensi‚
1327 709 1359 736 et
1381 715 1460 736 cum
1486 704 1552 736 alia
1579 703 1768 747 praedixit,
1804 716 1892 748 quae
1917 711 2118 744 evenerunt,

1134 759 1209 786 tum
1235 759 1268 786 et
1292 750 1358 785 hoc
1383 753 1613 793 vaticinatur,
1647 765 1740 787 anno
1765 754 1951 787 millesimo
1977 765 2118 787 sexcen-

1134 804 1257 836 tesimo
1283 802 1420 837 Turcos
1450 803 1487 835 in
1512 802 1702 837 Germania
1734 810 1765 838 et
1792 804 1892 838 ltalia
1915 811 2119 847 regnaturos

1133 864 1216 889 esse.

1236 902 1274 935 Id
1301 903 1337 935 in
1361 903 1466 936 tantis
1493 915 1613 946 regum
1641 911 1673 937 et
1698 904 1898 948 principum
1923 905 2119 946 discordiis,

1133 960 1164 986 et
1201 954 1437 986 crescentibus
1476 955 1641 997 peccatis,
1690 955 1892 987 defensione
1931 956 2119 995 idolorum,

1132 1004 1330 1047 parricidiis
1350 1010 1382 1036 et
1401 1003 1479 1036 aliis
1494 1005 1684 1038 sceleribus
1701 1016 1800 1048 posse
1818 1005 1983 1046 accidere,
2010 1006 2118 1039 ratio—

1133 1054 1241 1087 cinari
1257 1054 1358 1086 facile
1374 1060 1434 1087 est.
1487 1052 1539 1087 Ac
1553 1055 1624 1088 fere
1642 1057 1774 1099 ubique
1792 1062 2007 1089 attraxerunt
2023 1054 2118 1088 Tur-

1132 1116 1189 1137 cos
1205 1104 1414 1137 domesticae
1432 1104 1627 1139 discordiae
1644 1113 1677 1140 et
1693 1105 1760 1140 alia
1777 1106 1918 1139 scelera.

1235 1204 1330 1237 Ilaec
1351 1217 1430 1238 cum
1448 1202 1503 1236 liis
1522 1204 1645 1236 diebus
1663 1206 1866 1249 cogitarem,
1893 1206 1998 1239 sImul
2016 1206 2117 1238 etiam

1132 1254 1300 1297 inquisivi
1332 1255 1504 1287 excidium
1530 1252 1769 1297 Athenarum,
1806 1268 1893 1300 quae
1925 1257 1968 1288 ab
1996 1257 2117 1288 eodem

1132 1311 1299 1347 tyranno,
1345 1305 1405 1348 qui
1436 1304 1646 1348 Byzantium
1686 1306 1818 1349 coepit,
1864 1307 1995 1339 deletae
2026 1311 2118 1339 suut.

1132 1354 1199 1385 Sed
1217 1364 1334 1384 causas
1353 1354 1467 1385 videte
1485 1354 1596 1384 divini
1617 1354 1750 1389 iudicii.

1227 1401 1455 1435 Florentinus
1468 1403 1610 1446 quidam
1623 1402 1747 1436 Nerius
1760 1404 1994 1448 principatum
2007 1402 2117 1437 Athe-

1133 1462 1257 1482 narum
1282 1453 1427 1494 adeptus
1453 1458 1543 1491 erat,
1570 1453 1599 1483 is
1621 1464 1700 1484 cum
1720 1455 1888 1491 moritur,
1912 1454 2017 1486 vidua
2037 1466 2116 1486 cum

1132 1500 1278 1542 parvulo
1306 1501 1378 1532 filio
1404 1501 1544 1540 relicta,
1584 1501 1745 1543 impetrat
1773 1504 1919 1546 pecunia
1943 1515 1961 1535 a
1987 1502 2117 1536 Maho-

1132 1556 1242 1590 meto,
1277 1557 1315 1583 ut
1348 1551 1420 1593 ipsa
1450 1550 1487 1581 in
1518 1550 1737 1592 possessione
1765 1553 1982 1596 principatus
2007 1552 2114 1586 Attici

1131 1606 1277 1632 maneat.
1329 1599 1425 1632 Ilaec
1451 1607 1567 1642 postea
1593 1602 1719 1634 exarsit
1741 1615 1859 1635 amore
1875 1601 1999 1637 Veneti
2024 1615 2116 1635 mer-

1130 1650 1273 1689 catoris,
1311 1650 1371 1695 qui
1396 1649 1555 1682 Venetiis
1578 1663 1720 1683 uxorem
1744 1650 1912 1691 habebat3
1947 1665 2025 1685 cum
2051 1650 2116 1685 hoc

1130 1700 1336 1743 paciscitur,
1363 1701 1391 1733 si
1411 1700 1603 1733 divortium
1624 1701 1726 1735 faciat
1745 1715 1822 1735 curn
1841 1714 1966 1740 uxore,
1995 1715 2029 1735 se
2049 1703 2114 1746 ipsi

1130 1757 1320 1794 nupturam
1349 1762 1439 1791 esse,
1473 1757 1506 1783 et
1537 1751 1791 1786 collocaturum
1815 1765 1893 1787 eum
1920 1752 1955 1784 in
1982 1753 2114 1797 priuci-

1130 1808 1262 1845 patum.

1232 1851 1387 1885 Venetus
1418 1852 1583 1885 incensus
1614 1854 1804 1897 cupiditate
1833 1855 1978 1887 domum
2011 1855 2113 1891 redit,

1129 1908 1161 1934 et
1180 1902 1363 1944 coniugem
1384 1914 1520 1935 veneno
1541 1903 1644 1938 tollit.
1696 1903 1820 1937 Postea
1837 1905 1927 1938 redit
1946 1902 2113 1941 Athenas,

1129 1959 1161 1985 et
1193 1953 1296 1985 ducta
1330 1952 1435 1986 vidua
1466 1953 1665 1996 principatu
1688 1955 1838 1996 potitur,
1871 1962 1901 1987 et
1927 1955 2110 1987 saeviciam

1129 2008 1263 2035 exercet
1290 2003 1325 2034 in
1351 2003 1445 2035 viros
1469 2003 1616 2037 nobiles.
1670 2001 1903 2037 Athenienses
1921 2011 2111 2048 tyrannum

1128 2053 1295 2091 aversati,
1323 2059 1486 2086 accusant
1504 2064 1582 2085 eum
1600 2054 1693 2097 apud
1713 2052 1967 2088 Mahometum.
2020 2053 2110 2087 Cum

1128 2104 1169 2135 ad
1195 2100 1288 2135 huuc
1315 2104 1487 2146 profectus
1505 2110 1608 2143 esset,
1635 2110 1673 2136 ut
1690 2115 1767 2136 eum
1784 2105 1930 2147 pecunia
1950 2104 2111 2147 placaret,

1132 2151 1353 2186 Malioinetus
1370 2166 1447 2186 eum
1465 2153 1610 2186 interfici
1630 2153 1736 2187 iubet.

1230 2203 1279 2236 lta
1297 2204 1449 2247 primum
1468 2204 1539 2246 ipse
1555 2203 1724 2236 scelerum
1740 2215 1867 2246 poenas
1884 2204 1992 2238 dedit.
2041 2204 2109 2237 Po-

1128 2260 1196 2286 stea
1213 2266 1290 2286 cum
1310 2252 1534 2287 >Mahometus
1552 2254 1649 2296 parvi
1667 2251 1826 2286 haeredis
1845 2262 1990 2296 cognato
2010 2255 2108 2298 priu-

1127 2305 1276 2347 cipatum
1305 2305 1522 2344 tradidisset,
1558 2304 1586 2335 is
1612 2303 1815 2344 mulierem,
1851 2316 1939 2348 quae
1966 2312 2108 2348 propter

1129 2355 1312 2387 libidinem
1329 2355 1440 2397 specie
1456 2353 1608 2395 coniugii
1626 2354 1858 2396 principatum
1876 2356 1916 2387 ad
1935 2354 2106 2388 Venetum

1126 2412 1314 2438 amatorem
1340 2404 1584 2442 transtulerat,
1612 2403 1780 2436 inclusam
1806 2404 1931 2437 carceri
1956 2404 2107 2448 Megaris

1128 2456 1300 2488 interficit.
1358 2454 1404 2487 lta
1425 2462 1453 2487 et
1473 2453 1600 2486 mulier
1616 2454 1788 2487 divinitus
1806 2455 1926 2497 punita
1945 2463 2005 2490 est,

1227 2505 1357 2537 llacres
1390 2511 1499 2537 matre
1529 2504 1688 2544 orbatus,
1724 2515 1802 2536 cum
1832 2505 1897 2537 sihi
1926 2518 2064 2550 quoque
2087 2520 2103 2539 a

1124 2563 1268 2595 cog-nato
1300 2555 1385 2596 eripi
1421 2554 1656 2598 principatum
1685 2554 1834 2595 videret,
1866 2564 1999 2589 accusat
2026 2569 2102 2588 eum

1124 2607 1214 2647 apud
1232 2603 1472 2637 Maliometum
1490 2605 1531 2636 de
1550 2615 1634 2636 nece
1651 2605 1782 2637 matris.
1835 2604 1979 2638 Mandat
2001 2607 2103 2648 igitur

1124 2654 1365 2693 Maliomctus‚
1396 2655 1518 2689 videns
1535 2666 1608 2690 nou
1626 2666 1696 2689 csse
1715 2655 1818 2688 tinem
1834 2656 2103 2700 parricidiorum
