2324 2955
777 663 838 718 Α)
897 662 1651 706 PROPOSI'PIONES

634 786 678 808 ex
715 772 825 809 Tomo
848 770 915 809 IV.
952 783 1031 819 opp.
1065 770 1235 808 Melanth.
1272 770 1472 818 Witeberg.
1507 782 1540 817 p.
1557 769 1784 808 435—639.

1241 1001 1447 1037 baereditas.
1502 1002 1616 1037 Simul
1638 1009 1754 1037 autem
1777 1000 1880 1034 multi
1904 1006 1986 1033 sunt
2003 999 2039 1031 in
2056 994 2123 1030 hoc
2140 996 2225 1029 visi-

1241 1055 1305 1086 bili
1332 1061 1432 1088 coetu
1455 1065 1527 1087 non
1552 1054 1681 1093 sancti,
1709 1054 1770 1098 qui
1793 1058 1910 1085 tamen
1928 1048 2143 1095 professione
2161 1047 2225 1080 do·-

1241 1104 1373 1137 ctrinae
1389 1116 1468 1137 cum
1484 1104 1611 1136 sanctis
1626 1103 1861 1136 consentiunt.

1344 1153 1406 1187 IV.
1449 1152 1530 1186 Non
1556 1153 1640 1186 ludo
1667 1152 1862 1197 praestigiis
1886 1150 2228 1194 interpretationum,

1240 1216 1303 1236 nec
1328 1203 1454 1236 misceo
1479 1203 1666 1245 religiones
1690 1203 1726 1234 in
1744 1214 1857 1235 unum
1877 1199 2003 1240 chaos,
2031 1201 2089 1233 sed
2108 1200 2145 1232 in
2161 1196 2227 1231 hac

1240 1254 1312 1286 sola
1337 1252 1494 1286 Ecclesia
1514 1251 1661 1286 Domini
1685 1253 1797 1286 nostri
1822 1250 1901 1284 Iesu
1923 1248 2054 1284 Christi
2079 1249 2227 1283 adfirmo

1239 1304 1366 1335 donari
1383 1301 1588 1336 hominibus
1605 1302 1848 1334 remissionem
1864 1307 2103 1344 peccatorum,
2125 1299 2228 1332 iusti-

199 1355 228 1389 l.
265 1347 389 1387 Multa
407 1358 488 1385 sunt
502 1351 653 1384 illustria
672 1351 870 1384 testimonia
887 1351 924 1383 in
937 1358 1074 1392 natura,
1097 1364 1185 1397 quae
1240 1352 1347 1390 ciam,
1374 1359 1406 1385 ct
1427 1352 1574 1385 salutem
1598 1358 1792 1385 aeternam:
1820 1357 1854 1384 et
1869 1349 2077 1383 sententiam
2098 1349 2135 1381 in
2154 1349 2227 1382 siu-

200 1404 391 1437 ostendunt
413 1412 484 1434 esse
499 1400 634 1440 Deum,
661 1408 693 1434 et
717 1401 831 1445 qualis
855 1401 917 1442 sit,
943 1402 986 1435 de
1007 1402 1136 1446 quibus
1153 1410 1186 1436 et
1239 1403 1329 1445 gulis
1353 1402 1533 1436 doctrinae
1553 1402 1721 1435 membris
1742 1401 1891 1434 fideliter
1914 1400 2069 1439 retineo,
2104 1399 2227 1443 quain

200 1454 328 1489 Roma.
347 1453 379 1488 1.
402 1451 550 1492 dicitur,
582 1449 630 1484 Ut
654 1451 742 1483 ordo
769 1462 957 1495 corporum
982 1453 1125 1491 mundi,
1154 1459 1187 1485 et
1240 1450 1412 1485 catholica
1440 1450 1595 1484 Ecclesia
1626 1450 1693 1484 Dei
1722 1450 1989 1492 intelliguntur,
2032 1455 2065 1481 et
2096 1450 2225 1481 damno

199 1512 358 1538 motuum
375 1501 596 1540 coelestium,
625 1501 841 1533 conservatio
860 1501 1071 1544 specierum,
1098 1508 1131 1535 et
1148 1502 1185 1534 in
1239 1513 1360 1534 omnes
1383 1502 1520 1534 furores
1539 1501 1722 1533 damnatos
1738 1499 1878 1533 iudiciis
1895 1495 2086 1531 catholicae
2102 1496 2227 1531 Eccle-

200 1553 345 1588 homine
362 1551 510 1585 noticiae
527 1550 764 1583 discernentes
780 1547 925 1583 honesta
942 1558 974 1585 et
990 1552 1124 1595 turpia,
1153 1558 1187 1585 et
1240 1552 1310 1584 siae
1333 1550 1420 1591 Dei,
1454 1550 1635 1592 videlicet,
1668 1548 1860 1589 Ethnicos,
1892 1546 2105 1592 Epicureos,
2131 1547 2226 1582 Stoi-

200 1605 329 1637 vindex
353 1601 581 1635 conscientia:
610 1601 669 1632 sed
694 1612 792 1633 mens
816 1598 1018 1634 Christiana
1042 1602 1185 1645 aspiciat
1240 1612 1315 1641 cos,
1343 1598 1572 1634 Academicos
1595 1607 1628 1634 et
1650 1600 1802 1639 similes,
1829 1599 1912 1633 item
1938 1597 2118 1637 Iudaicos,
2146 1597 2229 1631 Ma-

203 1652 448 1698 patefactiones
460 1650 543 1690 Dei,
568 1651 673 1683 factas
689 1649 725 1682 in
745 1650 929 1683 eductione
944 1652 1066 1695 populi
1080 1651 1185 1686 Israel
1239 1649 1433 1684 hometicos
1448 1677 1457 1691 ,
1505 1648 1685 1684 Ebioneos
1700 1677 1709 1691 ,
1756 1647 1986 1683 Manichaeos
2004 1675 2013 1689 ‚
2063 1646 2226 1688 Arianos,

203 1717 241 1738 ex
267 1703 445 1748 Aegypto,
474 1701 511 1733 in
535 1700 799 1733 resuscitatione
821 1707 1062 1741 mortuorum,
1089 1708 1123 1735 et
1149 1702 1185 1733 in
1239 1698 1626 1745 mswgtatoflcaztzodg,
1655 1700 1874 1744 Pelagianos,
1900 1697 2128 1738 Novatianos,
2152 1697 2227 1731 Do-

203 1755 282 1787 aliis
302 1752 502 1791 miraculis,
530 1757 563 1784 et
587 1751 623 1782 in
647 1757 717 1784 tota
739 1748 884 1784 historia
900 1751 1051 1784 Domini
1074 1752 1186 1785 nostri
1240 1752 1432 1792 natisticos,
1460 1759 1492 1784 et
1508 1752 1670 1793 magiam,
1700 1757 1731 1784 et
1749 1750 1863 1783 cultus
1878 1749 2067 1787 idolorum,
2095 1746 2226 1782 Ethni-

204 1801 432 1837 lesuChristi.
484 1800 601 1834 Habet
617 1807 650 1834 et
667 1801 723 1844 pia
735 1813 832 1833 mens
846 1812 918 1833 non
931 1803 1050 1845 ignara
1063 1802 1186 1846 poeni-
1241 1813 1316 1842 cos,
1343 1808 1375 1835 et
1400 1808 1553 1835 recentes
1576 1800 1690 1844 Papae
1712 1807 1745 1834 et
1760 1797 2033 1833 Monachorum.
2085 1796 2130 1832 Et
2149 1797 2223 1832 Deo

205 1854 334 1887 tentiae
358 1853 394 1884 in
414 1852 484 1885 suis
502 1851 803 1884 consolationibus
820 1858 910 1884 certa
928 1852 1126 1885 testimonia
1145 1854 1186 1885 de
1241 1853 1367 1895 gratias
1393 1863 1478 1895 ago,
1505 1852 1599 1896 quod
1626 1863 1680 1883 me
1706 1863 1746 1884 ex
1771 1848 1824 1883 his
1848 1850 2001 1883 tenebris
2028 1850 2165 1889 eduxit,
2192 1858 2225 1882 et

204 1903 298 1944 Deo,
323 1903 413 1936 sicut
436 1901 566 1934 Paulus
591 1901 722 1944 inquit,
750 1900 873 1936 Roma.
891 1902 940 1936 8.;
976 1901 1052 1946 lpse
1072 1903 1186 1946 Spiri-
1242 1904 1278 1935 in
1300 1914 1397 1935 suam
1423 1900 1615 1934 Ecclesiam
1641 1901 1836 1934 collocavit.
1905 1899 1957 1933 Ac
1981 1900 2146 1943 profiteor
2171 1912 2226 1931 mc

203 1962 259 1988 tus
279 1959 426 1988 testatur
447 1951 584 1995 spiritui
609 1958 749 1991 nostro,
776 1952 871 1996 quod
893 1953 1000 1985 simus
1024 1953 1086 1985 filii
1109 1952 1187 1987 Dei.
1241 1964 1311 1986 esse
1329 1952 1525 1986 membrum
1541 1950 1717 1985 Ecclesiae
1732 1950 1798 1985 Dei
1813 1957 1845 1985 et
1855 1949 2001 1984 Domini
2019 1950 2129 1983 nostri
2148 1948 2226 1982 Iesu

203 2003 250 2039 Et
271 2005 294 2038 2
311 2000 471 2037 Corinth.
493 2003 540 2036 1.:
576 2001 682 2035 Dedit
705 1999 938 2034 arrhabonem
965 2003 1126 2046 spiritum
1152 2004 1187 2035 in
1239 2001 1390 2043 Christi,
1417 2009 1450 2036 et
1474 2003 1598 2035 invoco
1619 2001 1734 2036 Deum
1758 2014 1837 2035 cum
1863 2007 1932 2034 tota
1956 1998 2112 2034 Ecclesia
2134 2007 2226 2034 recte

205 2056 310 2089 corda
332 2060 463 2087 nostra.
515 2049 561 2085 Et
584 2059 674 2084 recte
694 2050 826 2085 dictum
843 2059 892 2086 est
911 2054 954 2086 ab
973 2052 1186 2097 Augustino:
1241 2054 1429 2094 sentiente,
1455 2064 1560 2097 quam
1576 2065 1648 2085 non
1665 2052 1757 2096 fingo
1774 2053 1886 2085 ideam
1901 2050 2138 2089 Platonicam,
2167 2052 2225 2083 scd

204 2104 359 2139 Credens
377 2103 440 2137 scit
456 2113 491 2135 se
509 2102 658 2135 credere·
1212 2092 1217 2361 ι
1241 2105 1319 2138 dico
1337 2110 1472 2137 coetum
1488 2103 1662 2136 visibilem
1678 2115 1762 2143 esse,
1786 2103 1822 2135 in
1836 2115 1905 2148 quo
1918 2107 2020 2135 sonat
2032 2113 2098 2134 vox
2107 2099 2226 2133 Evan-

198 1022 561 1065 propositiones
598 1019 969 1062 complectentes
995 1022 1188 1063 praeci-

196 1083 310 1115 puos
351 1070 589 1104 Articulos
639 1067 891 1103 doctrinae
940 1070 1186 1111 coelestis,

199 1121 369 1156 traditae
406 1123 444 1154 in
478 1119 612 1154 Schola
646 1118 911 1165 Witeberyensi
939 1130 963 1153 a
990 1121 1038 1153 D.
1075 1118 1187 1154 Phi-

198 1173 324 1216 lippo
352 1169 673 1208 Melanthone,
707 1174 749 1203 ut
775 1174 897 1203 essent
924 1172 1087 1204 onateria
1111 1169 1185 1204 dis—

198 1224 440 1266 putationum
480 1224 611 1254 contra
645 1222 872 1266 praestigqias
899 1218 1113 1266 pontificias
1147 1224 1183 1254 et

519 1271 660 1305 multas
686 1275 868 1304 recentes.

307 2153 353 2187 Il.
388 2152 463 2196 Ago
480 2153 586 2196 igitur
602 2153 729 2195 gratias
744 2151 838 2191 Deo,
866 2154 958 2197 quod
977 2165 1011 2186 se
1028 2154 1189 2198 patefecit
1241 2155 1323 2197 gelii
1346 2154 1566 2198 incorrupta,
1594 2154 1692 2187 cuius
1715 2160 1833 2187 coetus
1855 2152 2053 2186 membrum
2071 2157 2122 2184 est
2141 2148 2226 2184 haec

207 2205 323 2248 generi
354 2201 508 2237 humano
540 2202 738 2236 illustribus
771 2204 1000 2246 testimoniis,
1051 2212 1083 2238 et
1113 2205 1189 2238 vult
1243 2206 1315 2249 ipsa
1339 2203 1493 2238 Ecclesia
1524 2202 1649 2237 harum
1684 2205 1886 2247 regionum,
1920 2203 1957 2235 in
1981 2201 2109 2246 quibus
2132 2201 2225 2239 vivo,

208 2254 347 2297 agnosci
365 2254 474 2285 filium
494 2253 738 2292 mediatorem,
766 2260 798 2286 et
816 2265 894 2286 vera
913 2254 980 2287 fide
997 2255 1189 2298 amplector
1242 2256 1305 2290 etsi
1322 2255 1358 2288 in
1377 2253 1440 2288 hac
1457 2267 1597 2300 quoque
1613 2266 1738 2297 magna
1756 2261 1805 2287 est
1820 2252 2014 2287 infirmitas.

208 2312 315 2338 totam
338 2304 533 2337 doctrinam
558 2303 594 2336 in
610 2301 868 2347 Prophetarum
885 2311 918 2337 et
935 2304 1188 2348 Apostolorum
1346 2305 1388 2338 V.
1432 2304 1548 2338 Homo
1580 2306 1742 2338 conditus
1766 2311 1816 2338 est
1839 2315 1858 2337 a
1882 2303 1956 2337 Deo
1978 2302 2053 2335 sine
2075 2309 2226 2346 peccato,

209 2354 310 2387 libris
340 2353 523 2393 traditam,
570 2360 602 2386 et
632 2352 922 2397 comprehensam
954 2355 990 2387 in
1019 2354 1188 2400 Symbolo
1243 2363 1275 2390 et
1307 2356 1344 2389 in
1376 2357 1550 2389 creatione
1581 2362 1725 2389 ornatus
1754 2361 1804 2388 est
1836 2353 1965 2386 illustri
1993 2353 2123 2386 noticia
2145 2351 2223 2387 Dei,

208 2403 434 2449 ApostolicO,
462 2403 594 2437 Niceno
611 2411 643 2438 et
660 2402 914 2440 Athanasiano.
1243 2414 1277 2440 et
1306 2406 1517 2440 rectitudine
1547 2405 1738 2440 voluntatis
1768 2412 1801 2438 et
1827 2403 1962 2446 cordis,
2011 2410 2223 2447 congruente

311 2452 375 2486 Ill.
412 2451 458 2486 Et
482 2453 574 2486 iuxta
593 2450 683 2487 hanc
702 2455 898 2489 doctrinam
916 2457 1019 2490 credo
1038 2467 1108 2490 esse
1125 2457 1190 2490 ali-
1243 2469 1320 2490 cum
1336 2457 1505 2501 sapientia
1520 2464 1553 2491 et
1567 2458 1745 2490 voluntate
1759 2455 1847 2495 Dei,
1874 2461 1906 2488 et
1921 2454 2080 2488 libertate
2096 2454 2223 2487 voluu—

209 2515 313 2550 quam
335 2515 452 2537 veram
469 2501 533 2535 Dei
551 2501 763 2546 Ecclesiam,
789 2518 877 2551 quae
900 2513 951 2540 est
972 2514 1089 2541 coetus
1106 2507 1190 2540 visi·
1242 2508 1322 2542 tatis
1351 2520 1424 2541 non
1454 2507 1638 2552 impedita,
1670 2505 1814 2550 fuitque}
1836 2505 2006 2549 templum
2031 2504 2114 2544 Dei,
2148 2504 2224 2547 pla-

209 2555 291 2589 bilis
311 2553 520 2597 amplectens
540 2551 790 2597 Evangetium,
819 2557 854 2589 in
880 2570 949 2602 quo
974 2565 1075 2592 coetu
1099 2558 1191 2590 filius
1215 2577 1217 2597 3
1243 2570 1323 2591 cens
1340 2557 1426 2591 Deo.
1810 2545 1814 2552 Ι

208 2605 275 2640 Dei
295 2604 467 2637 mediator
490 2610 539 2637 est
558 2603 675 2637 efficax
694 2617 753 2648 per
770 2607 1020 2647 ministerium,
1049 2615 1081 2642 et
1098 2608 1190 2640 mul-
1215 2606 1218 2636 !
1347 2609 1406 2643 Vl.
1450 2607 1597 2652 Propter
1619 2605 1701 2641 haec
1722 2608 1813 2641 dona
1838 2607 1906 2641 ‹lici
1933 2619 2010 2640 cum
2032 2604 2222 2648 Imaginem

211 2664 262 2690 tos
281 2653 600 2699 regeneratSpiritu
621 2662 758 2696 sancto,
785 2664 822 2691 ut
840 2658 907 2692 sint
925 2665 1063 2693 aeterna
1083 2659 1190 2702 ipsius
1215 2651 1216 2656 ¹
1243 2657 1305 2693 Dei
1340 2658 1468 2694 Paulus
1500 2670 1639 2702 quoquc·
1667 2664 1811 2692 testatur
1844 2656 1972 2702 Epth.
1997 2656 2047 2692 4‚:
2085 2654 2223 2688 induite
