2324 2955
111 107 185 145 537

210 189 270 228 29.
306 188 432 234 Qualis
450 194 566 224 autem
584 186 781 232 turpitudo,
810 194 941 234 quanta
959 187 1096 221 anima-

109 254 188 278 rum
214 241 407 287 pernicies,
433 247 468 275 et
494 250 600 286 quam
623 246 842 273 monstrosae
858 247 962 286 atque
976 236 1096 272 horri-

106 294 195 328 biles
218 292 386 327 libidines
409 290 505 325 hunc
527 290 684 334 coniugii
708 297 927 326 contemtum
954 296 988 324 et
1011 301 1095 334 pro-

107 342 360 390 phanationem
383 348 519 376 secutae
541 341 629 382 sint,
669 348 837 388 tanquam
861 342 936 376 veri
959 341 1094 375 fructus

109 402 143 430 et
164 394 300 440 proprii
324 393 485 434 effectus,
512 392 726 437 experientia
752 394 870 434 docet,
897 400 929 428 et
946 390 1094 426 horrent

109 445 216 480 animi
235 445 285 488 pii
302 444 357 477 vel
375 444 527 487 cogitare
542 444 598 477 vel
622 444 818 477 nominare.

204 494 263 528 30.
297 494 479 529 Praeterea
506 502 556 529 tot
587 494 742 529 crudelia
767 492 975 536 homicidia,
1011 493 1092 539 qui-

104 547 171 580 bus
197 545 456 580 interficiuntur
477 546 527 590 pii
550 544 754 580 Sacerdotes
786 553 932 591 propter
954 556 1090 579 sacrum

107 596 329 641 coniugium,
353 597 435 631 satis
454 597 558 630 etiam
575 602 776 630 monstrant
794 604 827 631 et
843 597 1003 630 indicant
1028 607 1091 628 au-

104 654 216 681 torem
241 645 347 682 huius
373 648 576 693 tyrannicae
599 647 684 690 legis
701 648 744 680 de
762 648 947 682 coelibatu.

105 710 183 731 cum
199 696 370 732 Diabolus
394 705 518 732 natura
543 698 588 732 sit
611 695 824 741 homicidia,
852 699 958 733 etiam
975 697 1090 742 parri-

104 749 204 782 cidiis
221 761 317 782 suam
336 749 444 792 legem
464 749 632 783 defendit.

203 799 262 835 31.
304 798 399 832 Haec
419 810 501 843 ergo
526 812 606 834 cum
635 800 852 844 apertissime
875 798 1091 833 conveniant

103 850 146 883 ad
166 861 311 894 regnum
331 851 563 894 pontificium,
586 848 679 884 nihil
696 852 845 884 dubium
865 858 926 891 est,
952 850 1089 884 Danie-

103 901 170 933 lem
188 908 221 935 et
238 900 388 934 Paulum
407 902 613 935 concionari
630 903 672 935 de
690 913 797 945 regno
817 902 1011 945 pontificio.

199 951 262 988 32.
290 951 409 995 Quare
428 952 578 986 sciamus
596 953 781 986 admoneri
799 964 882 991 nos,
909 964 953 985 ne
969 964 1088 985 assen-
1114 975 1116 985 ,

101 1001 232 1037 tiamur
256 1002 427 1047 impietati
444 1002 674 1044 Pontificum,
701 1003 762 1036 sed
791 1003 1026 1046 detestemur,
1055 1010 1087 1036 et
1114 1010 1116 1032 ῑ

99 1052 218 1087 animo
234 1059 339 1099 atque
356 1065 502 1097 corpore
518 1050 784 1088 abhorreamus,
832 1052 922 1086 Nam
947 1066 1015 1087 vox
1031 1053 1087 1086 di-

100 1103 183 1137 vina
200 1111 317 1138 sonat:
345 1103 470 1149 Fugite
486 1104 698 1138 idolatriam.
753 1102 801 1138 Et
815 1103 854 1137 in
874 1102 1088 1150 Apocalypsi

100 1154 227 1188 clamat
249 1155 414 1198 angelus:
441 1153 544 1189 Exite
567 1166 608 1189 ex
622 1153 821 1201 Babylone.

201 1205 263 1241 33.
301 1205 408 1249 Quod
424 1218 507 1239 vero
529 1206 584 1238 lex
602 1206 646 1238 de
661 1205 837 1239 coelibatu
856 1211 988 1248 pugnet
1007 1217 1085 1238 cum

102 1256 176 1289 iure
194 1262 357 1296 naturae,
386 1254 471 1288 hinc
484 1255 711 1289 manifestum
728 1262 798 1296 est,
825 1255 921 1300 quod
936 1255 1087 1288 coniun—

100 1306 169 1339 ctio
186 1307 293 1339 maris
311 1313 345 1340 et
359 1306 534 1339 foeminae
550 1312 601 1338 est
618 1305 705 1339 iuris
724 1305 909 1340 naturalis.

201 1355 261 1390 34.
292 1356 391 1390 Sicut
409 1363 444 1391 et
460 1355 653 1390 rectissime
671 1362 704 1390 et
721 1355 976 1400 sapientissime
988 1354 1086 1389 Iure-

101 1407 252 1441 consulti
271 1407 405 1440 dicunt.

200 1455 260 1492 35.
288 1455 516 1490 Ettestantur
526 1454 610 1490 haec
621 1457 727 1490 verba
739 1456 850 1492 Gene.
865 1458 896 1490 1.
909 1470 915 1489 :
944 1456 1087 1490 Mascu-

99 1508 172 1541 lum
206 1514 240 1541 et
261 1507 450 1540 foeminam
481 1507 611 1540 creavit
635 1517 712 1546 eos,
753 1504 820 1540 hoc
845 1513 915 1547 est,
955 1507 1087 1540 indidit

98 1558 237 1603 utrique
253 1558 347 1590 sexui
366 1564 526 1590 mutuam
545 1556 806 1590 coniunctionis
822 1556 1085 1600 appetitionem.

199 1609 259 1644 36.
294 1607 383 1642 Cum
404 1615 521 1641 autem
545 1607 600 1641 ius
616 1608 776 1642 naturale
793 1608 837 1640 sit
854 1607 1086 1646 immutabile,

100 1660 259 1705 sequitur
282 1659 336 1692 ius
362 1655 595 1691 contrahendi
621 1658 778 1702 coniugii
796 1658 903 1691 nullis
922 1655 1086 1691 humanis

101 1711 234 1753 legibus
250 1709 326 1743 tolli
346 1720 456 1752 posse,
479 1710 538 1742 sed
556 1709 722 1743 omnibus
738 1710 890 1742 liberum
908 1718 1061 1740 manere.

200 1759 261 1794 57.
288 1758 377 1792 Nam
396 1759 458 1791 ubi
475 1766 599 1791 natura
618 1769 690 1790 non
710 1758 927 1797 immutatur,
947 1769 1086 1791 necesse

99 1817 148 1845 est
162 1817 194 1844 et
208 1811 305 1843 illam
326 1808 588 1842 ordinationem
606 1819 767 1849 manere,
795 1820 900 1853 quam
917 1807 1012 1842 Deus
1029 1809 1086 1841 in-

98 1861 188 1895 didit
205 1868 361 1895 naturae.

200 1912 259 1947 38.
300 1910 482 1944 Praeterea
512 1909 673 1943 dissentit
705 1921 846 1955 qnoque
878 1908 963 1943 haec
989 1910 1043 1943 lex
1067 1922 1084 1943 a

99 1963 246 1997 decretis
273 1969 306 1996 et
332 1960 540 1995 Canonibus
567 1960 798 1993 conciliorum
827 1966 1004 2001 veterum,
1051 1968 1083 1994 et

100 2014 354 2048 consuetudine
372 2012 497 2045 veteris
516 2023 554 2044 ac
571 2008 868 2051 veraeEcclesiae‚
887 2011 974 2044 sicut
993 2012 1085 2044 clare

101 2071 271 2098 testantur
287 2062 472 2104 historiae,
501 2069 532 2096 et
548 2060 712 2095 Canones
730 2062 817 2096 iuris
836 2062 1018 2106 pontificii,
1047 2069 1084 2095 ut

100 2115 189 2151 Dist.
213 2115 273 2150 23.
296 2115 333 2149 in
359 2113 520 2148 Canone:
557 2111 622 2145 His
649 2113 766 2155 igitur.
819 2111 866 2147 Et
885 2114 920 2146 in
938 2112 1084 2146 Canone

99 2173 281 2212 sequente:
311 2164 504 2208 Quoniam.
548 2161 675 2198 Distin.
691 2163 751 2200 34.
769 2164 805 2197 in
820 2163 980 2198 Canone:
1008 2165 1085 2198 Au-

99 2218 170 2252 dite
185 2217 368 2252 carissimi.
418 2214 465 2250 Et
482 2215 594 2248 multo
610 2214 770 2258 pluribus
787 2215 882 2250 loeis.

200 2268 260 2305 59.
302 2266 425 2313 Neque
451 2266 601 2300 dubium
629 2272 695 2307 est,
724 2265 976 2310 Apostolorum
993 2273 1083 2300 tem-

101 2331 202 2364 pore,
236 2327 269 2354 et
292 2318 355 2352 diu
381 2324 459 2362 post
485 2318 523 2350 in
556 2314 692 2351 Graeca
722 2323 755 2350 et
777 2316 902 2351 Latina
925 2314 1083 2351 Ecclesia
1109 2354 1111 2368 Ι

100 2371 205 2404 fuisse
223 2370 428 2404 Sacerdotes
451 2368 606 2402 maritos.

202 2421 262 2456 40.
290 2417 416 2455 Matth.
436 2421 468 2456 8.
485 2426 603 2464 aperte
621 2417 813 2461 colligitur,
830 2417 973 2453 Petrum
985 2417 1082 2463 Apo-

98 2473 224 2506 stolum
241 2471 347 2505 suisse
363 2471 602 2514 coniugatum.

201 2522 261 2558 41.
287 2520 332 2556 Et
350 2521 385 2554 in
404 2521 501 2556 Actis
520 2519 720 2555 ostenditur
735 2517 942 2564 Philippum
960 2518 1082 2554 Evan-

101 2574 275 2616 gelistam‚
303 2579 335 2607 et
351 2572 458 2610 alios,
486 2569 650 2606 habuisse
675 2582 815 2604 uxores.

203 2623 262 2659 42.
300 2623 340 2657 ln
358 2622 504 2668 Synodo
518 2621 650 2656 Nicena
667 2622 858 2666 approbata
874 2627 923 2655 est
941 2627 1082 2655 senten-

99 2676 146 2709 tia
161 2672 374 2720 paphnutii,
401 2670 589 2718 pugnantis
604 2679 726 2708 contra
743 2672 954 2708 coelibatum
973 2679 1007 2707 et
1024 2673 1079 2707 di-

751 99 1016 137 PHILIPPI
1046 96 1504 138 MELANTHONIS.

999 645 1089 679 Nam
1116 647 1119 656 ¹

2066 104 2140 141 538

1150 184 1281 226 centis,
1309 185 1528 229 coniugalem
1545 187 1855 231 consuetudinem,
1881 188 2136 224 continentiam

1149 242 1181 270 et
1197 248 1315 269 veram
1333 237 1524 272 castitatem
1542 250 1632 278 esse,
1660 237 1825 274 Distinet.
1846 239 1905 274 31.

1250 294 1310 331 43.
1355 294 1460 330 Extat
1485 303 1517 331 et
1547 299 1725 333 decretum
1757 300 1897 333 consilii
1919 298 2136 344 Gangrensis

1149 346 1315 381 celebrati
1338 359 1432 380 anno
1457 347 1544 383 334.
1596 348 1702 392 Quod
1727 350 1818 384 clare
1842 351 1983 392 statuit,
2009 350 2135 384 coniu-

1146 397 1241 441 gium
1267 397 1495 432 Sacerdotum
1519 397 1610 432 nihil
1641 401 1782 435 differre
1807 413 1826 436 a
1849 401 2013 446 coniugio
2044 402 2134 435 alio-

1145 460 1242 490 rum,
1269 448 1434 485 Distinet.
1454 450 1514 486 28.

1247 508 1308 543 44.
1348 507 1493 543 Constat
1520 509 1625 543 etiam
1651 521 1692 542 ex
1715 506 1892 551 historiis,
1930 511 2061 545 multos
2093 523 2131 545 ex

1143 556 1328 604 Episcopis
1348 567 1380 594 et
1395 559 1645 594 Sacerdotibus
1664 560 1820 604 legitime
1837 568 1954 601 natos,
1981 562 2018 593 in
2035 574 2133 595 sum-

1116 601 1119 644 i
1143 622 1219 644 mos
1242 609 1430 645 Pontifices
1461 611 1586 645 electos
1615 623 1704 651 esse,
1740 609 1830 647 Dist.
1855 610 1917 647 56.
1942 610 1980 645 C.
2006 610 2131 646 Cema-

1143 673 1302 697 nensem.

1243 720 1304 757 45.
1346 719 1400 755 Ex
1424 722 1553 767 quibus
1577 722 1744 756 omnibus
1766 722 1949 767 perspicue
1979 728 2133 766 apparet,

1143 779 1275 806 veteres
1293 771 1457 806 Canones
1472 785 1546 806 non
1567 770 1755 817 prohibere
1773 773 1989 816 coniugium.

1114 824 1118 910 Ι
1246 830 1304 866 46.
1340 831 1409 865 Sed
1428 832 1513 864 novi
1530 830 1709 873 Canones,
1736 832 1797 877 qui
1815 844 1888 865 non
1908 838 1990 866 sunt
2006 831 2043 863 in
2063 829 2131 875 Sy-

1114 881 1246 934 lnodis
1283 883 1438 922 conditi,
1479 883 1538 916 sed
1575 883 1713 927 privato
1747 883 1895 916 consilio
1918 881 2131 916 Pontificum

1114 938 1116 965 J
1141 933 1242 973 facti,
1277 939 1399 966 autore
1423 931 1599 972 Diabolo,
1644 941 1676 968 et
1700 931 1897 980 prohibent
1922 930 2131 966 contrahere

1114 987 1116 1006 ἱ
1141 984 1388 1025 matrimonia,
1415 990 1449 1016 et
1466 991 1644 1018 contracta
1667 985 1887 1025 dissolvunt,
1918 990 2039 1017 contra
2066 995 2130 1016 au·

1113 1050 1116 1063 z
1141 1035 1320 1068 toritatem
1337 1034 1586 1079 Synodorum,
1621 1044 1743 1070 contra
1768 1042 1933 1069 naturam
1953 1041 1985 1068 et
2008 1040 2131 1067 contra

1141 1085 1348 1118 mandatum
1374 1082 1453 1118 Dei.

1242 1141 1303 1179 47.
1331 1141 1416 1183 Iam,
1444 1154 1585 1188 quaeso,
1611 1143 1730 1176 animo
1750 1144 2000 1188 perpendatur,
2024 1154 2129 1188 quam

1142 1193 1248 1237 impie
1276 1200 1310 1227 et
1335 1194 1499 1227 scelerate
1522 1194 1656 1228 faciunt
1680 1194 1733 1227 illi
1758 1195 1989 1239 impurissimi
2013 1191 2130 1227 homi-

1141 1255 1221 1283 nes,
1256 1244 1316 1288 qui
1347 1242 1515 1277 honestos
1548 1251 1579 1277 et
1609 1245 1766 1278 eruditos
1796 1246 2053 1285 adolescentes,
2089 1256 2131 1276 ex

1141 1292 1354 1327 Christianis
1386 1294 1637 1328 Sacerdotibus
1665 1302 1699 1328 et
1728 1294 1915 1338 Evangelii
1946 1295 2129 1333 ministris,

1141 1344 1179 1376 in
1203 1344 1359 1387 legitimo
1384 1351 1461 1378 toro
1487 1352 1608 1385 natos,
1634 1346 1777 1389 publico
1799 1346 2019 1386 testimonio,
2046 1356 2130 1389 spu-

1141 1395 1213 1428 rios
1229 1406 1302 1428 esse
1319 1395 1622 1439 impudentissime
1639 1397 1816 1437 adserunt,
1840 1403 1872 1430 et
1888 1396 2130 1440 pronunciant

1140 1446 1318 1488 indignos,
1341 1447 1401 1490 qui
1420 1447 1462 1479 ad
1480 1444 1625 1479 honesta
1644 1447 1788 1480 artificia
1804 1448 2045 1487 admittantur,
2069 1452 2130 1479 aut

1140 1496 1269 1539 quihus
1288 1493 1452 1536 honores,
1475 1497 1547 1529 sive
1563 1497 1775 1539 dignitatum
1792 1504 1826 1531 et
1843 1498 2016 1540 graduum
2033 1495 2129 1530 tituli

1140 1546 1383 1579 decernantur.

1244 1603 1302 1638 48.
1336 1602 1382 1638 Et
1400 1605 1495 1650 quod
1511 1605 1620 1648 magis
1638 1605 1882 1639 detestandum
1899 1613 1968 1648 est,
1994 1613 2027 1639 et
2044 1603 2129 1639 hor-

1111 1647 1114 1697 ς’
1139 1655 1253 1688 ribilis
1283 1655 1383 1688 furor
1407 1663 1474 1694 est,
1510 1656 1563 1688 illi
1591 1656 1658 1698 ipsi
1684 1662 1752 1689 tam
1792 1656 1940 1699 insignis
1971 1656 2127 1700 coniugii

1111 1706 1114 1758 1
1140 1710 1384 1745 contemtores,
1401 1703 1517 1738 hostes
1535 1712 1567 1739 et
1584 1706 1781 1749 proditores
1800 1705 1915 1752 (quod
1932 1706 2027 1741 Deus
2044 1719 2127 1751 pro-

1140 1755 1285 1788 nunciat
1311 1762 1469 1789 sanctum
1496 1767 1579 1790 esse.
1633 1754 1679 1789 Et
1696 1754 1859 1791 Christus
1883 1758 2008 1802 ipsein
2029 1757 2126 1791 Cana

1141 1804 1339 1847 Galilaeae,
1364 1818 1425 1840 sua
1443 1807 1638 1850 praesentia
1658 1813 1689 1841 et
1708 1808 1923 1849 testimonio,
1948 1809 2126 1853 praeclare

1140 1857 1280 1891 ornavit
1317 1857 1411 1890 edito
1447 1857 1578 1900 insigni
1612 1857 1804 1905 miraculo)
1838 1860 2016 1894 manifesti
2045 1865 2127 1892 sunt

1139 1914 1345 1941 scortatores
1363 1908 1468 1941 variis
1487 1908 1698 1942 libidinibus
1716 1910 1843 1953 polluti
1861 1917 1893 1944 et
1914 1910 2125 1955 coinquina-

1139 1959 1184 1997 ti,
1213 1958 1358 1991 iudicati
1380 1966 1412 1993 et
1429 1959 1598 1992 damnati.

1243 2008 1303 2043 49.
1340 2008 1499 2042 Primum
1525 2009 1601 2042 iure
1620 2009 1742 2042 divino
1760 2010 1804 2043 ad
1819 2008 1904 2044 Ebr.
1926 2010 2002 2046 13.:
2035 2009 2125 2044 For-

1139 2061 1314 2093 nicatores
1347 2067 1378 2094 et
1414 2060 1592 2094 adulteros
1627 2060 1799 2095 iudicabit
1833 2060 1940 2095 Deus.
1994 2062 2025 2095 1.
2053 2060 2124 2095 Co-

1138 2108 1249 2144 rinth.
1268 2112 1319 2146 6.:
1348 2109 1429 2144 Non
1452 2111 1591 2151 erretis,
1619 2123 1733 2156 neque
1757 2118 1983 2151 scortatores,
2010 2123 2124 2157 neque

1137 2162 1308 2200 adulteri,
1336 2173 1450 2207 neque
1474 2161 1664 2203 idolatrae,
1692 2174 1805 2208 neque
1829 2162 1953 2196 molles
1978 2168 2042 2197 etc.
2066 2174 2123 2196 re-

1138 2213 1198 2257 gni
1214 2211 1281 2246 Dei
1300 2210 1550 2247 haereditatem
1569 2213 1751 2257 accipient.

1239 2261 1299 2298 50.
1341 2263 1524 2304 Secundo,
1565 2264 1641 2297 iure
1671 2263 1836 2299 naturali.
1896 2262 1983 2297 Nam
2017 2274 2123 2306 supra

1137 2323 1314 2350 ostensum
1340 2321 1410 2355 est,
1437 2325 1542 2357 vagos
1561 2314 1768 2348 concubitus
1794 2321 1825 2348 et
1851 2314 2017 2347 libidines
2038 2326 2123 2358 pro-

1137 2366 1288 2410 digiosas
1306 2377 1463 2410 pugnare
1480 2377 1558 2398 cum
1576 2363 1731 2398 hominis
1748 2371 1885 2400 natura.
1937 2364 2044 2400 Rom.
2063 2365 2096 2400 1.

1235 2415 1296 2451 51.
1325 2416 1468 2456 Tertio,
1496 2417 1597 2449 etiam
1616 2416 1692 2449 iure
1707 2415 1905 2460 pontificio,
1930 2424 1969 2451 ut
1992 2422 2122 2450 testan-

1136 2475 1193 2502 tur
1206 2469 1312 2501 verha
1331 2465 1523 2500 Alexandri
1542 2467 1578 2500 in
1596 2465 1756 2501 Canone:
1785 2466 1930 2502 Praeter
1944 2465 2029 2508 hoc,
2057 2465 2121 2500 Di—

1136 2520 1252 2554 stinet.
1269 2519 1328 2553 32.

1233 2568 1295 2605 52.
1322 2566 1367 2603 Et
1389 2566 1478 2602 Dist.
1496 2568 1556 2603 81.
1585 2567 1780 2613 Gregorius
1802 2569 1980 2604 interdicit
2009 2568 2118 2601 sorni-

1134 2621 1311 2655 catoribus
1346 2619 1549 2653 sacrificulis
1578 2619 1772 2663 ingressum
1803 2621 1841 2653 in
1872 2620 2059 2664 templum,
2087 2625 2118 2650 et

1105 2698 1108 2717 ,
1135 2672 1313 2706 interdicit
1339 2671 1505 2705 omnibus
1520 2668 1749 2713 Christianis,
1776 2672 1961 2706 autoritate
1976 2668 2040 2703 Dei
2057 2680 2118 2713 pa—
