2324 2955
113 107 188 148 485

214 194 248 228 3.
287 191 359 228 Sed
377 191 460 238 quia
483 197 626 226 econtra
651 197 771 225 extant
787 191 892 225 etiam
909 189 1104 224 commina-

114 246 250 287 tiones,
276 255 366 290 quae
387 243 605 287 significant,
632 242 670 275 in
687 240 846 276 Ecclesia
872 247 1103 285 regnaturum

113 307 186 330 esse
211 292 470 329 Antichristum
500 299 530 327 et
560 292 688 337 impios
711 293 899 330 Doctores,
935 291 1014 325 ideo
1040 302 1104 324 ne-

113 358 206 380 cesse
229 353 280 380 est
304 346 348 378 de
371 343 533 378 doctrina
556 344 594 377 in
618 344 807 378 consilium
821 340 1007 384 adhibere,
1031 353 1104 375 non

114 404 252 432 tantum
271 395 433 438 vulgares
457 395 646 439 opiniones
671 395 709 428 in
726 393 903 434 Ecclesia,
929 394 988 427 sed
1007 393 1105 426 aliud

113 447 282 493 quiddam
299 445 450 489 certius,
479 457 617 480 necesse
636 452 737 480 estet
761 444 959 479 discernere
980 442 1105 478 Eccle—

111 497 199 530 siam
215 508 334 530 veram
354 508 373 530 a
398 497 487 531 ficta.

215 553 251 589 4.
289 554 493 589 Plurimum
514 555 621 599 igitur
637 554 745 588 refert
760 551 827 588 hoc
846 561 984 592 tenere,
1013 564 1105 586 sem-

111 617 175 651 per
196 605 234 639 in
258 608 392 639 mundo
416 607 506 640 duos
529 617 602 639 esse
624 606 775 650 populos
803 605 865 652 qui
886 605 979 639 inter
999 615 1035 637 se
1061 603 1105 636 de

110 655 288 691 Ecclesiae
306 656 409 690 titulo
435 657 621 691 dimicant.

215 715 252 751 5.
295 713 398 748 Alter
422 715 575 759 populus
602 726 684 748 vere
709 721 758 749 est
783 712 949 748 Ecclesia.
1002 710 1105 746 Alter

112 777 243 800 nomen
261 763 438 799 Ecclesiae
454 766 523 800 sibi
543 772 703 810 arrogat,
731 777 811 802 curn
828 765 940 810 reipsa
967 775 1042 797 non
1059 763 1105 796 sit

111 827 239 861 corpus
260 813 406 850 Christi.

213 872 250 907 6.
292 872 392 908 Ficta
407 871 564 909 Ecclesia
591 874 697 908 etiam
721 874 894 919 gloriatur
916 884 951 907 se
974 870 1104 906 habere

112 924 262 958 verbum
279 923 367 966 Dei,
393 932 426 960 et
450 926 595 971 quidem
619 926 721 958 docet
745 926 877 968 legem,
905 922 1011 958 habet
1029 922 1106 956 cul-

115 982 193 1015 tus,
229 972 336 1009 habet
366 977 628 1020 praerogativas
659 976 807 1016 multas,
844 975 1106 1020 antiquitatem,

112 1025 303 1064 miracula,
336 1033 476 1071 patrum
497 1026 665 1070 exempla.
718 1025 814 1059 Haec
838 1027 959 1059 omnia
986 1026 1106 1059 detor-

112 1083 198 1122 quet
214 1076 259 1110 ad
273 1088 328 1115 se,
355 1077 445 1111 sicut
459 1077 565 1111 etiam
583 1076 834 1121 promissiones
858 1078 902 1110 ad
926 1089 961 1110 se
986 1077 1105 1109 detor—-

116 1133 212 1172 quet.
271 1126 389 1161 Habet
411 1134 446 1161 et
471 1127 619 1171 gloriam
644 1140 682 1160 ac
714 1138 882 1171 regnum,
915 1128 1022 1172 idque
1050 1137 1106 1159 re-

117 1188 227 1222 guum
245 1178 437 1212 arbitratur
455 1190 490 1211 se
510 1185 672 1222 oportere
686 1178 886 1213 defendere.
927 1177 1010 1210 Ideo
1027 1187 1106 1220 per-

114 1228 276 1273 sequitur
316 1240 435 1262 veram
472 1226 690 1270 Ecclesiam,
730 1235 899 1274 tanquam
940 1227 1106 1272 impiam,

115 1276 357 1323 blasphemam
375 1286 409 1312 et
425 1279 637 1313 seditiosam.

219 1336 253 1371 7.
295 1335 453 1371 Econtra
477 1348 559 1370 vera
581 1335 738 1371 Ecclesia
763 1333 870 1370 habet
893 1348 970 1370 suas
995 1342 1107 1376 notas,

117 1389 220 1422 docet
234 1387 328 1421 enim
347 1399 420 1420 non
436 1394 570 1421 tantum
582 1386 722 1431 Legem,
738 1389 797 1421 sed
815 1395 848 1421 et
857 1385 1106 1430 Evangelium.

117 1436 324 1477 Caeterum,
350 1449 465 1482 neque
487 1449 635 1480 regnum
659 1435 785 1479 habet,
821 1450 935 1482 neque
958 1437 1107 1480 gloriam

118 1499 236 1521 coram
252 1488 386 1521 mundo
398 1514 408 1528 ,
433 1488 491 1520 sed
512 1493 561 1520 est
577 1494 697 1530 operta
714 1487 840 1520 formis
857 1487 981 1527 crucis,
1008 1486 1109 1519 audit

116 1535 339 1582 blasphema,
366 1538 550 1578 seditiosa,
577 1537 712 1582 patitur
737 1537 1029 1582 persecutionem.

221 1607 255 1641 8.
281 1604 380 1640 Sicut
402 1602 457 1640 his
480 1605 593 1640 titulis
607 1601 788 1639 Christum
806 1616 979 1650 synagoga
1000 1615 1108 1637 orna-

117 1658 191 1692 bat:
220 1656 268 1690 ita
283 1657 438 1690 mundus
453 1663 623 1700 perpetuo
639 1656 683 1689 de
700 1667 781 1689 vera
790 1653 946 1690 Ecclesia
963 1655 1107 1691 iudicat.

223 1722 258 1758 9.
292 1722 374 1756 ldeo
391 1730 424 1757 et
437 1721 569 1756 Paulus
586 1722 652 1762 ait,
678 1720 869 1766 Apostolos
889 1720 1010 1756 haberi
1028 1729 1107 1756 tan-

122 1786 228 1821 quam
242 1770 473 1819 καθάρματα
489 1780 522 1806 et
538 1769 787 1817 περιψήματα.
823 1773 956 1807 Notum
977 1780 1027 1807 est
1044 1786 1106 1806 au-

121 1834 213 1867 tem,
260 1822 314 1858 his
357 1823 473 1857 verbis
513 1823 701 1865 significari
746 1835 800 1856 res
830 1825 1039 1858 execrabiles
1073 1830 1107 1857 et

120 1878 324 1916 damnatas,
359 1875 489 1921 quibus
512 1873 625 1918 pollui
650 1880 722 1908 tota
746 1886 863 1909 rerum
888 1882 1013 1910 natura
1041 1887 1107 1920 pu—

119 1935 225 1962 tatur.

227 1984 285 2019 10.
326 1982 478 2018 Difficile
505 1990 556 2017 est
583 1990 698 2017 autem
722 1984 894 2018 sustinere
912 1984 993 2018 talia
1011 1983 1109 2017 iudi-

122 2036 193 2075 cia,
220 2048 293 2069 non
310 2036 425 2069 solum
441 2035 528 2068 foris
545 2046 662 2068 coram
681 2036 826 2076 mundo,
852 2037 911 2069 sed
926 2036 1030 2069 etiam
1047 2037 1109 2068 de-

122 2087 311 2122 bilitantur
334 2086 510 2119 interdum
535 2086 645 2119 animi
669 2083 723 2119 his
753 2087 913 2128 iudiciis,
940 2094 978 2119 ut
1003 2086 1110 2119 dubi-

124 2145 218 2179 tent,
245 2144 363 2171 utrum
379 2137 452 2171 Deo
479 2138 610 2180 placeat
634 2134 699 2170 hoc
716 2148 826 2180 genus
844 2138 1044 2177 doctrinae,
1072 2137 1110 2170 in
1135 2149 1136 2154 ¹

125 2190 220 2238 quod
239 2187 334 2222 Deus
351 2188 521 2232 permittit
537 2194 668 2221 tantam
686 2189 836 2222 exerceri
854 2189 1046 2222 saevitiam.

231 2248 288 2284 11.
330 2245 483 2291 Oportet
508 2247 616 2289 igitur
640 2247 728 2280 bene
743 2248 900 2282 munitos
917 2260 989 2281 esse
1005 2246 1113 2282 Chri-

127 2299 261 2333 stianos
283 2299 450 2334 adversus
474 2295 537 2331 hos
561 2296 704 2331 Diaboli
731 2298 902 2344 impetus,
936 2312 980 2332 ne
1009 2299 1114 2332 fidem

130 2350 222 2384 inter
243 2347 328 2384 haec
348 2349 511 2383 scandala
530 2349 711 2383 abiiciant.

235 2418 291 2452 12.
319 2417 395 2451 Imo
412 2429 493 2451 vere
507 2417 635 2461 gratias
654 2425 758 2460 agant
773 2417 860 2457 Deo,
887 2419 981 2463 quod
999 2418 1116 2452 absint

130 2469 174 2503 ab
191 2468 385 2513 impiorum
410 2477 530 2513 coetu,
560 2480 624 2502 nec
643 2469 807 2504 intersint
826 2470 869 2502 iis
889 2470 1065 2502 sacrificiis
1083 2477 1116 2504 et

131 2519 304 2560 cultibus,
333 2531 420 2563 quos
435 2518 530 2554 Deus
553 2526 700 2554 testatur
724 2532 759 2554 se
783 2520 1003 2561 abominari,
1029 2521 1119 2555 sicut

760 102 1020 141 PHILIPPI
1056 98 1500 140 MELANTHONIS.

2078 109 2153 148 486

1261 187 1317 223 13.
1349 185 1395 222 Et
1418 189 1555 232 erigant
1570 200 1606 223 se
1631 187 1686 223 his
1703 191 2027 233 consolationibus,
2050 200 2146 240 quod

1158 247 1305 279 regnum
1323 236 1455 272 Christi
1480 252 1553 273 non
1578 240 1623 274 sit
1646 248 1788 276 externa
1816 245 1988 288 quaedam
2010 246 2145 289 politia,

1157 298 1218 320 seu
1242 299 1389 331 regnum
1414 291 1557 330 mundi,
1591 293 1652 325 sed
1684 294 1780 339 quod
1810 305 1892 328 vera
1912 292 2070 331 Ecclesia
2099 298 2144 333 sit

1155 337 1310 372 subiecta
1326 339 1434 376 cruci.

1261 396 1320 431 14.
1364 396 1471 441 Quod
1495 399 1538 433 de
1554 397 1713 435 Ecclesia
1741 409 1902 447 oporteat
1927 403 2077 440 iudicari
2103 419 2143 442 ex

1154 447 1263 481 verbo
1280 446 1357 481 Dei.

1261 503 1320 540 15.
1364 505 1470 550 Quod
1495 508 1544 542 ibi
1561 509 1703 543 demum
1720 522 1802 545 vera
1820 513 1864 547 sit
1880 511 2056 558 Ecclesia,
2081 517 2143 550 ubi

1155 563 1206 591 est
1222 568 1310 600 pura
1326 555 1511 602 Evangelii
1528 561 1701 595 doctrina.

1259 615 1317 650 16.
1361 616 1468 659 Quod
1498 626 1658 663 oporteat
1689 621 1799 665 magis
1830 622 1926 656 credi
1948 622 2143 669 Evangelio

1153 678 1260 712 quam
1284 665 1475 702 Ecclesiae.

1258 726 1318 760 17.
1368 727 1475 769 Quod
1503 726 1726 771 Augustinus
1747 730 1812 764 ait:
1848 729 2045 777 Evangelio
2070 747 2143 770 non

1154 777 1332 810 crederem
1345 803 1355 817 ,
1381 778 1450 810 nisi
1469 790 1523 811 me
1539 776 1731 813 catholicae
1748 779 1925 816 Ecclesiae
1941 796 2146 820 commove-

1155 834 1208 861 ret
1226 827 1406 861 autoritas.
1459 827 1554 862 Haec
1572 831 1678 863 verba
1695 844 1767 865 non
1787 830 1854 867 hoc
1878 835 2021 876 volunt,
2047 839 2145 881 quod

1154 877 1333 912 Ecclesiae
1350 879 1520 912 autoritas
1536 880 1650 913 maior
1667 881 1729 922 sit,
1755 895 1860 928 quam
1877 883 2066 930 Evangelii
2082 899 2144 921 seu

1154 929 1378 972 Scripturae,
1411 936 1471 963 aut
1492 932 1587 975 quod
1603 929 1760 966 Ecclesia
1782 936 1892 979 possit
1908 934 2143 981 Evangelium

1154 979 1308 1015 abolere.

1263 1038 1320 1071 18.
1362 1036 1431 1071 Sed
1456 1050 1535 1071 cum
1559 1039 1645 1073 fides
1667 1041 1817 1076 affirmet
1832 1043 1967 1089 aliquid
1991 1048 2076 1082 certi
2102 1050 2144 1082 de

1156 1089 1339 1122 voluntate
1353 1086 1438 1127 Dei,
1467 1101 1605 1123 necesse
1628 1098 1699 1131 cst,
1728 1104 1804 1125 eam
1829 1106 1903 1127 non
1927 1097 1971 1130 ab
1988 1095 2144 1134 humana

1155 1140 1342 1174 autoritate
1359 1140 1529 1184 pendere,
1557 1141 1647 1175 sicut
1667 1148 1700 1176 et
1718 1140 1842 1179 lohan.
1866 1145 1999 1192 inquit:
2027 1147 2143 1183 Deum

1155 1202 1260 1224 nemo
1280 1189 1369 1223 vidit
1386 1202 1563 1235 unquam,
1600 1191 1811 1236 Unigenitus
1829 1195 1933 1238 filius,
1962 1199 2023 1244 qui
2039 1207 2089 1234 est
2107 1201 2144 1234 in

1155 1241 1236 1274 sinu
1264 1240 1393 1285 patris,
1420 1241 1481 1274 ille
1506 1244 1696 1280 enarravit.

1262 1299 1326 1333 19.
1366 1297 1524 1333 Ecclesia
1548 1307 1687 1334 tantum
1708 1309 1854 1337 testatur
1876 1302 1968 1339 hanc
1993 1309 2144 1352 scriptu-

1158 1361 1233 1383 ram
1255 1349 1429 1382 divinitus
1451 1357 1628 1394 acceptam
1646 1362 1737 1392 esse,
1763 1353 1852 1388 sicut
1870 1358 2021 1392 nuncius
2039 1366 2144 1394 testa-

1156 1407 1215 1434 tur
1229 1411 1264 1433 se
1280 1401 1447 1433 mandata
1465 1401 1602 1433 domini
1625 1403 1789 1445 perferre.

1258 1457 1320 1493 20.
1357 1457 1464 1491 Fides
1480 1458 1607 1502 igitur,
1634 1473 1724 1505 quae
1741 1462 1889 1498 affirmat
1906 1466 1949 1499 de
1964 1467 2145 1502 voluntate

1156 1507 1242 1547 Dei,
1270 1508 1399 1551 pendet
1415 1520 1455 1540 ex
1473 1508 1553 1552 ipso
1572 1511 1679 1543 verbo
1696 1509 1782 1552 Dei,
1809 1514 1945 1549 etiamsi
1962 1519 2004 1550 ad
2025 1520 2146 1562 cogui-

1159 1559 1296 1592 tionem
1312 1557 1412 1591 verbi
1429 1558 1601 1593 invitatur
1618 1558 1796 1596 Ecclesiae
1816 1565 2029 1602 testimonio.

1259 1625 1319 1659 21.
1361 1624 1461 1660 Sicut
1485 1626 1589 1659 iudex
1613 1639 1686 1661 non
1708 1631 1819 1665 credit
1834 1634 2050 1677 narrationi,
2077 1637 2145 1670 nisi

1159 1683 1305 1721 propter
1327 1682 1448 1717 testes,
1474 1689 1538 1710 nec
1563 1684 1680 1712 tamen
1706 1682 1883 1726 sequitur,
1920 1687 2015 1729 quod
2043 1694 2146 1721 testes

1158 1734 1296 1761 mutare
1312 1727 1551 1761 narrationem
1576 1730 1720 1772 possint.
1776 1731 1877 1767 Item:
1907 1733 2046 1770 Nuncio
2068 1749 2143 1772 cre—

1159 1778 1296 1819 dimus,
1323 1790 1386 1811 nec
1403 1778 1581 1824 sequitur,
1610 1783 1704 1826 quod
1722 1785 1874 1818 nuncius
1897 1794 2031 1822 mutare
2046 1800 2146 1823 man-

1159 1830 1240 1862 data
1255 1836 1376 1873 possa.

1260 1890 1321 1945 22.
1357 1888 1407 1922 Ita
1422 1887 1600 1923 Ecclesiae
1616 1892 1792 1926 credimus
1807 1900 1974 1940 tanquam
1992 1900 2069 1933 testi
2087 1908 2147 1934 aut

1160 1951 1305 1972 nuncio.

1263 1998 1324 2032 23.
1361 1997 1463 2032 Valet
1481 2006 1597 2033 tamen
1617 1999 1809 2044 Augustini
1827 2006 2001 2039 sententia
2019 2009 2145 2042 adver-

1161 2061 1220 2084 sus
1245 2047 1451 2084 haereticos.
1504 2051 1595 2084 Cum
1618 2053 1713 2085 enim
1740 2065 1878 2087 necesse
1894 2056 1938 2090 sit
1953 2057 2059 2091 fuisse
2079 2059 2146 2092 ali·

1163 2113 1268 2146 qnam
1295 2099 1506 2142 Ecclesiam,
1540 2114 1579 2135 ac
1604 2115 1725 2136 verum
1750 2103 1815 2138 Dei
1839 2107 2026 2150 populum,
2053 2117 2147 2143 recte

1164 2152 1397 2196 repudiantur
1413 2153 1594 2194 dogmata,
1621 2166 1711 2198 quae
1726 2167 1839 2200 neque
1857 2158 2060 2202 scripturae,
2084 2172 2147 2193 no-

1164 2215 1232 2249 que
1249 2203 1355 2236 ullius
1372 2201 1549 2237 Ecclesiae
1565 2205 1764 2238 testimonia
1783 2204 1931 2249 habent,
1958 2209 2048 2244 sicut
2066 2210 2146 2244 Ma-

1165 2252 1304 2288 nichaei
1327 2254 1612 2296 excogitaverunt
1641 2268 1749 2289 novas
1772 2249 2021 2301 revelationes,
2057 2262 2147 2295 reie-

1165 2306 1229 2340 ctis
1254 2305 1360 2338 sacris
1384 2305 1495 2338 libris.
1549 2305 1603 2338 lbi
1628 2313 1719 2339 recte
1743 2309 1876 2351 opponi
1894 2318 2006 2353 potest
2022 2309 2147 2346 Eccle—

1166 2358 1235 2390 siae
1254 2356 1505 2390 testimonium.
1540 2355 1685 2398 Necesse
1700 2364 1750 2391 est
1763 2358 1857 2392 enim
1877 2368 1979 2395 antea
1995 2363 2147 2397 extitisse

1167 2406 1379 2448 Ecclesiam,
1406 2419 1513 2451 quare
1538 2419 1676 2441 necesse
1700 2416 1751 2443 est
1766 2416 1798 2443 et
1815 2412 1960 2445 verbum
1978 2411 2045 2447 Dei
2063 2415 2151 2449 exti-

1168 2460 1260 2493 tisse.

1267 2516 1329 2552 24.
1366 2515 1416 2550 lta
1434 2518 1654 2560 Augustinus
1671 2530 1735 2563 pro
1751 2520 1923 2565 scriptura
1940 2523 2065 2566 allegat
2081 2523 2151 2558 Ee-

132 2568 293 2604 Christus
322 2570 387 2603 ait:
416 2569 496 2603 Non
520 2571 686 2615 recipiam
710 2571 897 2606 libationes
924 2583 1046 2604 eorum
1075 2572 1119 2604 de
1170 2569 1294 2603 clesiae
1311 2569 1563 2604 testimonium.
1598 2568 1681 2603 ldeo
1698 2583 1771 2604 non
1786 2580 1867 2606 suut
1883 2574 2019 2607 serendi
2037 2572 2153 2608 homi—

133 2621 385 2668 sanguinibuS,
422 2632 485 2655 nec
506 2633 640 2656 memor
671 2634 730 2657 cro
756 2622 911 2658 nominis
934 2634 1056 2656 eorum
1081 2623 1119 2655 in
1145 2634 1146 2637 ¹
1172 2631 1233 2654 nes
1250 2619 1402 2659 indocti,
1427 2619 1488 2664 qui
1505 2622 1715 2666 detorquent
1735 2623 1769 2656 id
1784 2623 1917 2657 dictum
1934 2632 2054 2659 contra
2071 2626 2155 2659 scri—

134 2671 237 2705 labiis
255 2672 350 2706 meis.

1178 2678 1299 2716 pturae
1317 2671 1550 2705 autoritatem.

1470 2718 1551 2755 31*
