2324 2955
202 130 275 164 303

205 213 396 248 maioribus
412 210 533 243 rebus,
559 218 636 238 cuin
660 203 801 248 quidem
828 203 1060 235 astutissimus
1079 203 1187 246 signi-

205 266 257 297 fer
284 263 382 295 istius
408 255 587 292 tribunicii
613 254 760 297 agminis
784 254 886 293 sciat,
920 253 1024 285 nobis
1040 255 1190 286 coniun-

208 316 322 347 ctione
352 319 438 352 opus
469 318 539 339 esse
569 307 733 338 adversus
763 315 965 336 communes
991 301 1125 343 hostes,
1159 310 1191 336 et

209 375 279 396 esse
302 361 385 393 alias
408 357 583 400 graviores
606 354 880 394 controversias,
916 355 958 386 de
984 354 1110 397 quihus
1127 365 1191 386 nos
1216 350 1218 366 ¹

209 412 343 456 placide
369 409 562 441 deliberare
583 407 782 449 oportebat,
810 411 848 437 ut
874 405 1019 448 posteris
1037 405 1193 437 testimo-
1217 424 1219 435 2

210 464 267 495 nia
291 473 362 493 non
388 458 549 499 ambigua
571 457 861 500 relinqueremus.
917 456 985 487 Sed
1013 452 1074 487 llos
1092 455 1193 487 dolo-

210 524 264 546 res
291 509 425 544 Pastori
456 508 560 541 etiam
594 506 745 551 precatio
779 512 813 538 et
846 506 937 538 bona
973 516 1048 548 spes
1084 506 1193 537 lenie-

211 568 312 601 haut,
342 573 379 593 ac
410 570 510 602 saepe
541 558 672 591 dictum
703 556 832 589 Psalmi
860 557 1052 599 repetebat:
1089 555 1194 588 Com-

212 612 339 646 menda
375 609 449 643 Deo
481 609 570 641 viam
607 616 719 647 tuam,
762 613 796 639 et
831 618 928 650 spera
959 607 994 638 in
1028 618 1125 643 eum,
1164 612 1196 639 et

212 664 285 708 ipse
310 661 420 695 faciet.

314 711 392 745 Non
418 721 505 754 opus
527 715 577 741 est
601 709 643 740 de
671 707 858 740 domestica
884 706 957 739 eius
974 707 1043 739 vita
1063 705 1197 749 prolixe

213 765 346 802 dicere,
382 773 470 805 quae
503 759 568 792 nisi
598 759 718 791 suisset
741 756 1003 794 honestissima,
1035 764 1074 790 ut
1097 763 1197 789 antea

213 814 303 853 dixi,
328 824 399 844 non
425 811 545 843 suisset
570 817 710 842 vocatus
725 809 767 840 ad
794 806 967 840 Ecclesias
983 808 1198 840 constituen-

214 866 274 896 das
299 875 317 895 a
344 868 394 895 tot
411 860 628 904 sapientibus
645 866 677 892 et
701 859 767 902 piis
782 858 1005 902 Principibus
1023 865 1054 891 et
1071 858 1199 901 guber-

216 913 409 946 natoribus,
462 910 539 943 Hoc
556 910 681 942 addam
701 910 744 941 de
761 908 896 943 Gradu.

315 962 405 996 Cum
428 963 521 995 iuxta
539 958 747 993 Academiae
765 960 1052 992 consuetudinem
1071 957 1200 1001 Caspa-

215 1026 294 1048 rum
311 1013 538 1056 Crucigerum
561 1017 737 1054 oporteret
759 1017 872 1053 petere
897 1012 1043 1053 gradum
1070 1008 1200 1041 Docto-

216 1077 312 1104 rum,
347 1071 379 1096 et
405 1063 553 1107 inclytae
582 1061 680 1094 urbis
706 1060 930 1102 Ilamburgae
954 1060 1103 1092 Senatus
1134 1057 1201 1090 huc

217 1115 367 1147 misisset
397 1111 644 1147 Reverendum
679 1110 792 1142 virum
824 1109 990 1143 Ioannem
1014 1109 1203 1152 Aepinum‚

218 1172 256 1199 ut
279 1172 312 1198 et
336 1164 407 1207 ipse
432 1163 579 1205 gradum
606 1168 756 1205 peteret,
784 1162 902 1193 aderat
920 1158 976 1193 hic
992 1159 1070 1192 Dux
1093 1159 1202 1192 Saxo—

220 1217 298 1249 niae
315 1213 456 1248 Elector
479 1212 626 1246 loannes
644 1211 843 1244 Fridericus
867 1223 943 1243 cum
968 1210 1201 1242 illustrissima

219 1267 386 1307 coniuge,
415 1264 475 1307 qui
501 1274 579 1294 cum
604 1262 793 1293 audivisset
818 1261 1058 1292 testimonium
1085 1260 1202 1300 publi-

219 1328 297 1349 cum
315 1314 465 1356 Casparo
495 1319 527 1344 et
551 1310 690 1353 Aepino
710 1310 938 1342 tribuendum
963 1319 1054 1345 esse,
1082 1307 1205 1345 voluit,

220 1372 259 1398 ut
281 1363 335 1397 liis
351 1363 474 1396 Pastor
498 1367 617 1393 noster
633 1360 900 1401 adiungeretur,
929 1365 961 1390 et
983 1357 1138 1396 addidit,
1170 1367 1205 1387 se

220 1423 253 1448 et
281 1414 552 1458 disputationem
595 1417 627 1443 et
666 1410 967 1442 renunciationem
1001 1407 1205 1440 auditurum

221 1477 292 1499 esse
304 1490 312 1503 ,
338 1472 371 1497 et
389 1464 585 1496 levaturum
602 1471 660 1493 eos
676 1467 827 1503 sumptu.
872 1457 948 1492 Etsi
966 1458 1087 1491 Pastor
1103 1469 1206 1489 excu-

222 1517 393 1550 sationem
412 1518 568 1546 senectae
583 1511 777 1548 adferebat,
805 1516 920 1542 tamen
939 1509 1019 1552 quia
1038 1519 1206 1539 verecun-

223 1567 302 1599 dius
326 1571 398 1597 erat
415 1564 450 1594 in
472 1573 509 1593 re
527 1560 588 1593 tali
606 1572 677 1592 non
695 1560 756 1591 diu
773 1559 957 1601 refragari,
989 1558 1054 1598 ait,
1084 1569 1118 1589 se
1138 1557 1207 1589 ob-

222 1621 496 1658 temperaturum
521 1622 604 1644 esse.
657 1610 831 1642 Postridie
856 1609 953 1642 venit
983 1610 1024 1641 ad
1050 1608 1208 1651 disputa-

225 1668 357 1700 tionem
386 1664 552 1705 Princeps
585 1673 662 1693 cum
688 1659 884 1703 praecipuis
911 1658 1141 1697 consiliariis,
1177 1664 1209 1689 et

225 1717 379 1750 studiose
411 1713 508 1746 audit
539 1709 705 1750 Lutheri,
748 1710 947 1752 Crucigeri,
989 1709 1144 1741 Pastoris
1177 1714 1209 1740 et

226 1766 355 1810 Aepini
373 1763 637 1808 responsiones,
663 1763 705 1794 de
721 1761 876 1798 iusticia,
904 1762 947 1792 de
966 1758 1139 1797 Ecclesia,
1167 1759 1210 1791 de

227 1816 429 1850 discrimine
455 1813 640 1846 ministerii
668 1812 858 1854 evangelici
887 1819 918 1844 et
946 1810 1123 1854 potestatis
1149 1821 1211 1853 po-

228 1868 361 1904 liticae,
400 1866 437 1898 in
469 1877 536 1909 qua
569 1863 714 1896 materia
746 1863 873 1895 diserte
898 1861 1010 1894 voluit
1034 1860 1212 1904 explicari,

229 1930 308 1957 cur,
339 1929 417 1950 cum
440 1916 576 1948 violans
604 1913 767 1958 politicae
791 1913 970 1956 potestatis
993 1913 1104 1944 edicta
1134 1923 1211 1955 pec-

227 1975 299 2008 cet,
332 1979 403 2000 non
426 1966 528 1999 etiam
554 1970 670 2008 peccet
692 1964 830 1996 violans
854 1963 1117 1996 ecclesiasticam
1142 1968 1213 1995 tra-

227 2019 397 2053 ditionem
419 2017 542 2049 factam
568 2027 585 2047 a
612 2015 668 2057 pio
691 2013 846 2048 Pastore.
900 2013 1051 2058 Fuitque
1076 2013 1107 2045 ei
1134 2024 1214 2056 per-

227 2077 322 2113 grata
348 2067 460 2101 nostri
485 2066 636 2099 Pastoris
659 2065 788 2104 oratio,
823 2064 883 2109 qui
908 2064 1063 2106 dicebat,
1098 2074 1213 2096 arma-

228 2128 297 2153 tam
314 2131 386 2152 esse
407 2123 611 2162 potestatem
631 2116 809 2159 politicam
835 2115 1021 2148 autoritate
1038 2113 1214 2147 condendi

230 2171 388 2214 proprias
416 2169 524 2211 leges,
552 2178 624 2199 non
649 2172 844 2210 pugnantes
865 2177 942 2198 cum
961 2164 1155 2208 Decalogo,
1183 2171 1214 2197 et

231 2223 272 2253 de
288 2219 342 2253 his
359 2220 526 2253 traditum
544 2225 594 2250 est
609 2216 1110 2259 severissimumpraeceptum.
1146 2214 1214 2247 Ne-

232 2282 322 2304 cesse
340 2279 389 2303 est
405 2269 548 2302 obedire
566 2274 708 2312 propter
726 2266 988 2306 conscientiam,
1015 2267 1074 2298 sed
1092 2265 1215 2298 Pasto-

232 2321 328 2354 ribus
352 2332 509 2364 expresse
541 2316 723 2363 prohiberi
755 2318 905 2350 condere
931 2316 1091 2361 proprias
1114 2316 1216 2358 leges.

232 2370 290 2405 Sic
317 2371 408 2403 enim
433 2370 575 2403 dicitur:
611 2368 720 2402 Nemo
747 2380 808 2400 vos
834 2374 954 2411 arguat
973 2367 1010 2399 in
1027 2367 1125 2407 cibo,
1152 2379 1215 2411 po-

232 2429 271 2455 tu
288 2428 374 2460 etc.,
407 2434 468 2453 nec
490 2431 588 2464 posse
613 2417 704 2452 hanc
727 2419 924 2452 libertatem
947 2418 1054 2451 ullius
1082 2424 1216 2450 creatu-

233 2484 291 2505 rae
308 2472 492 2504 autoritate
509 2470 594 2504 tolli.
647 2468 695 2503 Et
709 2477 748 2503 ut
763 2470 798 2502 in
814 2469 1026 2513 amplissima
1040 2469 1215 2513 quaestio-

233 2535 276 2555 ne
309 2522 419 2555 multa
461 2523 502 2553 de.
538 2520 706 2563 dignitate
741 2521 902 2564 politicae
938 2519 1136 2564 potestatis,
1184 2526 1217 2551 et

234 2572 423 2613 evangelici
446 2570 630 2603 tniuisterii
653 2571 743 2603 dicta
772 2578 864 2604 sunt.

333 2622 506 2665 Quaerela
529 2621 632 2654 etiam
651 2621 775 2662 {addita
803 2629 871 2660 est,
899 2621 1028 2665 inlqua
1049 2619 1216 2651 narraba—

231 2681 306 2713 tur,
352 2673 420 2707 cito
455 2673 490 2705 in
520 2670 710 2705 Ecclesiam
750 2671 927 2716 irrepsisse
961 2669 1216 2715 superstitiosas

782 116 939 153 DECL.
972 116 1045 151 DE
1082 117 1218 151 VITA
1254 115 1641 152 BUGENHAGU.

2151 123 2223 156 304

1241 203 1444 247 opinione8‚
1481 214 1568 245 quae
1600 202 1761 236 finxerint
1791 200 1943 236 humana
1969 207 2127 240 exercitia
2154 220 2226 240 esse

1243 253 1386 286 eximios
1420 252 1549 291 cultus,
1583 265 1671 297 quae
1701 260 1783 286 tunc
1816 265 1954 298 quoque
1988 267 2004 287 a
2030 258 2226 291 sanioribus

1244 310 1375 337 taxatae
1401 309 1498 341 sunt,
1525 309 1563 334 ut
1586 301 1798 336 Athanasius
1822 305 2084 348 superstitiones
2111 319 2226 350 repre-

1246 353 1378 391 hendit,
1408 352 1586 396 inquiens:
1616 351 1729 387 καλὸν
1745 352 1765 398 ἡ
1783 354 1949 399 Ἄσκησις
1965 354 2046 399 μετ’
2066 354 2227 400 ἀληθοῦς

1245 399 1416 451 γνώσεως
1439 400 1500 436 καὶ
1525 400 1735 446 συμμεξίας.
1788 403 1875 438 Vult
1902 406 2050 448 intelligi
2069 408 2227 441 exercitia

1247 466 1319 487 non
1341 465 1412 486 esse
1438 453 1629 494 iusticiam,
1657 460 1716 487 aut
1740 454 1871 496 cultus,
1897 463 1929 488 et
1956 457 2031 489 vult
2053 458 2228 490 moderata

1248 516 1328 538 esse.
1390 502 1485 536 Haec
1515 516 1594 537 cum
1619 504 1773 547 exposita
1803 512 1932 546 essent,
1966 506 2131 550 Princeps
2160 509 2231 551 ipse

1248 554 1450 597 gravissime
1466 554 1572 592 dixit,
1600 566 1635 587 se
1651 553 1725 587 Deo
1749 555 1875 597 gratias
1893 567 2009 598 agere,
2036 559 2127 602 quod
2149 556 2231 591 baec

1249 605 1452 638 discrimina
1474 605 1653 649 perspicue
1676 606 1711 637 in
1729 603 1892 638 Ecclesiis
1916 607 2044 639 nostris
2062 608 2232 642 illustrata

1250 663 1382 695 extent,
1416 662 1445 687 et
1470 653 1535 687 Dei
1561 656 1752 699 praesentia
1779 656 1813 687 in
1831 663 1980 701 utroque
2003 658 2111 700 gradu
2135 671 2151 690 a
2169 659 2234 702 piis

1251 713 1456 749 agnoscatur
1482 712 1515 739 et
1541 706 1744 738 celebretur.
1799 706 1984 740 Manifesta
2011 708 2102 740 enim
2132 709 2231 742 testi-

1253 757 1367 789 monia
1387 758 1428 788 de
1445 756 1537 795 Deo,
1565 763 1597 789 et
1614 758 1655 788 de
1681 757 1900 800 providentia
1917 765 1999 791 sunt
2026 758 2098 802 ipsa
2127 760 2176 792 lex
2199 759 2233 791 in

1252 807 1428 840 mentibus
1453 804 1635 839 hominum
1659 806 1795 847 lucens,
1824 816 1855 840 et
1878 809 2034 841 miranda
2052 821 2235 842 conserva-

1253 858 1300 891 tio
1325 857 1496 890 societatis
1534 855 1707 889 humanae
1740 857 1775 889 in
1808 866 1875 891 tam
1903 856 2088 892 horrendis
2111 861 2235 892 consu-

1254 909 1429 945 sionibus,
1458 915 1489 941 et
1514 908 1741 951 imperiorum
1761 908 1964 942 constitutio
1992 909 2026 941 in
2047 911 2151 943 tantis
2170 911 2236 942 im-

1254 958 1472 1002 pedimentis,
1543 959 1637 1000 Quid
1675 959 1766 991 enim
1801 959 1998 991 mirabilius
2026 967 2091 999 est,
2133 972 2236 1005 qnam

1256 1009 1405 1042 Romam
1433 1009 1522 1041 inter
1547 1009 1689 1041 adsidua
1715 1009 1903 1042 tribunicia
1934 1011 2122 1043 certamina
2148 1017 2238 1043 stare

1257 1071 1365 1103 posse.
1419 1058 1528 1091 Bonis
1554 1060 1638 1091 x‘iris
1657 1061 1699 1091 ad
1727 1060 1960 1103 posteritatem
1985 1060 2124 1094 virtutis
2143 1061 2238 1094 testi-

1255 1110 1415 1142 monium
1442 1116 1509 1146 est,
1546 1121 1623 1141 cum
1651 1122 1668 1142 a
1686 1110 1788 1142 bonis
1805 1110 2030 1154 Principibus
2055 1117 2239 1151 ornantur,

1257 1161 1340 1204 ipsis
1369 1172 1449 1192 vero
1476 1158 1700 1203 Principibus
1730 1161 1841 1193 multo
1868 1161 1976 1203 magis
2005 1159 2239 1194 honorificum

1257 1217 1325 1249 est,
1350 1210 1544 1251 intelligere
1569 1217 1601 1242 et
1626 1222 1741 1243 amare
1759 1211 1952 1249 doctrinas,
1981 1219 2012 1245 et
2032 1224 2149 1245 earum
2168 1219 2240 1245 stu-

1259 1258 1314 1289 dia
1332 1257 1478 1289 excitare
1494 1263 1526 1288 et
1543 1257 1673 1289 iuvare.

1360 1306 1441 1338 Fuit
1458 1312 1571 1337 autem
1590 1312 1622 1338 et
1641 1313 1834 1349 postremus
1857 1309 1947 1340 vitae
1965 1308 2115 1341 Pastoris
2133 1311 2244 1342 nostri

1259 1363 1353 1389 actus
1366 1354 1429 1388 Dei
1450 1356 1616 1388 beneficio
1634 1356 1799 1399 placidus.
1841 1356 1929 1390 Cum
1947 1359 1992 1391 ita
2010 1360 2244 1401 languefactae

1260 1413 1372 1439 essent
1391 1406 1481 1438 vires
1502 1413 1675 1449 postremo
1698 1419 1809 1446 anno,
1835 1415 1873 1441 ut
1896 1410 2128 1442 concionandi
2146 1411 2244 1443 labo-

1261 1469 1332 1489 rem
1360 1457 1531 1489 sustinere
1556 1468 1627 1489 non
1657 1465 1787 1499 posset,
1820 1458 1916 1490 venit
1942 1466 2056 1490 tamen
2088 1461 2244 1503 quotidie

1262 1507 1298 1538 iu
1316 1507 1503 1549 templum,
1531 1513 1563 1539 et
1584 1506 1638 1549 pia
1658 1508 1853 1549 precatione
1869 1505 2078 1546 Ecclesiam,
2118 1517 2150 1542 et
2174 1522 2244 1542 sese

1262 1563 1293 1589 et
1320 1568 1383 1589 nos
1400 1555 1475 1588 Deo
1502 1557 1786 1591 commendabat:
1823 1558 1983 1591 veniebat
2001 1559 2165 1592 etiarnzad
2183 1572 2245 1593 ne-

1262 1608 1423 1639 cessarias
1448 1607 1728 1640 deliberationes.
1785 1607 1944 1640 Tandem
1977 1621 2094 1641 mense
2117 1609 2246 1653 Aprili,

1262 1658 1473 1690 decumbens
1498 1657 1572 1689 sine
1590 1670 1715 1699 magno
1742 1659 1915 1698 cruciatu,
1950 1660 2107 1703 quotidie
2126 1672 2246 1704 preca-

1264 1708 1375 1741 tiones
1392 1708 1563 1750 repetivit.

1366 1757 1475 1801 Saepe
1493 1758 1595 1790 etiam
1616 1758 1768 1791 suaviter
1786 1770 1863 1791 cum
1883 1759 2004 1793 amicis
2019 1762 2060 1792 de
2079 1772 2138 1805 spe
2155 1763 2247 1794 salu-

1266 1809 1309 1842 tis
1326 1816 1501 1845 aeternae,
1530 1815 1561 1841 et
1578 1809 1620 1841 de
1636 1809 1836 1852 posteritate
1853 1810 2046 1844 collocutus
2069 1818 2130 1846 est.
2184 1811 2245 1844 Vi-

1266 1871 1327 1902 gor
1344 1859 1468 1891 mentis
1484 1860 1569 1891 adeo
1585 1859 1648 1891 suit
1668 1859 1816 1902 integer,
1842 1867 1881 1893 ut
1897 1861 2037 1894 octiduo
2057 1869 2136 1895 ante
2154 1875 2247 1895 mor-

1267 1918 1333 1943 tem
1362 1909 1549 1943 Doctorem
1580 1909 1830 1942 Tilemannum
1854 1908 2069 1944 Heshusium
2094 1912 2248 1958 Heydel-

1267 1962 1368 2003 berga
1396 1962 1599 1993 redeuntem
1628 1973 1706 1993 mox
1733 1969 1952 2003 agnosceret,
1980 1970 2011 1996 et
2040 1963 2149 1996 laetus
2170 1975 2247 2005 gra—

1268 2012 1438 2045 tularetur
1453 2010 1484 2043 ei
1510 2011 1679 2050 reditum,
1706 2018 1738 2044 et
1762 2012 2012 2050 sciscitaretur,
2040 2025 2083 2046 an
2105 2014 2141 2046 in
2161 2014 2249 2047 Aca-

1269 2062 1418 2094 demiam
1435 2060 1775 2106 Heydelbergensem
1796 2063 2006 2105 migraturus
2028 2071 2132 2103 esset,
2159 2071 2191 2097 et
2219 2067 2247 2097 ei

1269 2114 1379 2146 fausta
1411 2119 1620 2156 precaretur.
1688 2112 1808 2147 Postea
1836 2114 1890 2146 die
1920 2114 2082 2147 vicesimo
2105 2113 2249 2158 Aprilis,

1269 2176 1347 2197 cum
1380 2174 1415 2196 se
1449 2163 1605 2207 quotidie
1634 2163 1705 2196 filio
1733 2162 1799 2196 Dei
1834 2162 1988 2197 Domino
2022 2171 2141 2197 nostro
2172 2164 2247 2198 Iesu

1268 2212 1410 2247 Christo
1443 2214 1738 2252 commendasset,
1781 2215 1915 2259 placide
1946 2227 1984 2247 ex
2016 2212 2079 2246 hac
2112 2217 2249 2249 mortali

1270 2265 1338 2298 vita
1363 2264 1517 2297 decessit.

1368 2314 1439 2348 Nec
1456 2315 1691 2349 dubitandum
1710 2321 1774 2354 est,
1799 2326 1871 2347 esse
1887 2326 1964 2346 eum
1990 2315 2025 2347 in
2044 2328 2189 2349 numero
2209 2318 2251 2349 il-

1269 2366 1405 2404 lorum,
1432 2366 1474 2398 de
1492 2366 1620 2410 quibus
1633 2365 1797 2408 scriptum
1814 2372 1877 2398 est:
1902 2364 1997 2397 Beati
2017 2368 2163 2405 mortui,
2192 2368 2250 2412 qui

1270 2417 1307 2448 in
1324 2415 1478 2449 Domino
1496 2417 1708 2450 moriuntur.
1761 2414 1950 2457 Quaerelas
1968 2416 2073 2459 igitur
2089 2418 2252 2450 funebres

1270 2467 1417 2506 omitto,
1453 2479 1491 2500 ac
1513 2467 1628 2511 potius
1654 2478 1715 2499 oro
1747 2465 1857 2499 filium
1883 2464 1966 2506 Dei,
2001 2469 2177 2500 sedentem
2208 2469 2251 2500 ad

1270 2519 1427 2551 dextram
1451 2518 1583 2551 aeterni
1608 2516 1732 2561 patriS‚
1758 2528 1796 2549 ac
1819 2517 1911 2549 dona
1937 2518 2077 2551 dantem
2100 2515 2254 2551 homini-

1270 2569 1354 2608 bus,
1388 2567 1548 2601 Pastores
1583 2574 1615 2600 et
1646 2565 1833 2606 Doctores,
1870 2574 1908 2601 ut
1932 2579 2053 2601 rursus
2076 2566 2252 2602 Ecclesiae

1271 2626 1408 2653 nostrae
1426 2618 1604 2652 Pastorem
1621 2616 1750 2651 tribuat
1771 2618 1977 2657 salutarem,
2004 2625 2036 2652 et
2052 2631 2116 2653 nos
2132 2631 2252 2653 ornnes

1271 2669 1459 2703 clementer
1479 2669 1660 2712 gubernet.
