2324 2955
178 109 250 144 819

180 194 297 239 paucis
332 192 420 225 aliis.
481 188 560 230 Quo
590 197 667 218 cum
696 183 960 228 Epaminondas
991 183 1151 223 venisset,

179 244 344 278 acerrima
370 249 484 282 pugna
509 236 667 279 repulsus
690 241 750 268 est.
813 233 880 266 Hic
906 244 1026 266 rursus
1049 234 1151 273 senis,

178 292 328 336 Agesilai
348 290 475 321 virtute
497 285 605 330 patria
629 291 762 317 servata
788 292 856 323 est,
884 295 956 316 nou
979 290 1017 316 nt
1037 290 1150 326 antea,

179 345 251 376 sine
275 340 416 384 praelio.
471 336 600 369 Scribit
625 335 718 367 enim
736 331 956 377 Xenophon,
983 334 1152 366 divinitus

178 394 305 425 sactum
330 400 420 427 esse,
453 394 490 419 ut
509 385 690 425 Thebani,
722 384 781 428 qui
805 391 902 416 antea
921 383 1153 416 Lacedaemo-

179 442 256 475 nios
276 440 449 477 vicerant,
474 443 506 470 et
525 436 637 478 ignem
655 436 835 478 spirabant
858 432 930 478 (bis
956 434 1050 465 enim
1075 446 1153 466 ver-

180 492 233 524 bis
250 491 376 523 utitur:
412 489 485 528 πῦρ
502 484 687 526 Τινὲοντες)
706 496 800 516 nunc
820 492 888 517 tam
909 484 1026 527 paucis
1045 495 1154 516 cesse-

179 542 261 575 rint.
314 539 403 572 Nam
418 535 652 570 Archidamus
671 534 895 577 paucissimos
913 546 951 566 ex
968 536 1053 566 urbe
1071 535 1151 566 edu-

180 602 273 631 cens,
301 601 378 622 cnm
396 587 619 620 interfecisset
638 583 970 629 aliquotThebanos
991 585 1024 616 in
1045 584 1156 627 prima

182 642 272 679 acie,
299 646 433 674 tantum
451 637 596 680 reliquis
614 643 783 668 terrorem
810 635 975 674 incussit,
1004 641 1041 666 ut
1060 634 1158 676 fuge-

181 698 270 726 rent.
323 689 421 722 Adeo
440 699 502 719 nec
522 688 683 718 fortunae
697 697 760 717 nec
779 685 905 716 virium
923 683 1158 727 magnitudini

183 740 427 775 confidendum
462 743 531 775 est,
572 737 629 768 sed
663 735 888 777 cogitandum
922 741 972 766 est
1008 735 1159 767 dictum:

182 790 341 824 Yictoria
363 801 382 820 a
402 785 567 819 Domino
590 792 649 818 est.
711 784 863 828 Uterque
891 790 1005 816 autem
1031 785 1100 817 dux
1123 784 1161 816 in

181 841 314 874 maiore
331 837 562 871 admiratione
587 835 673 875 suit,
697 835 784 867 alter
808 841 951 878 propter
974 834 1161 867 consilium

183 889 438 934 oppugnandae
458 886 573 923 urbis,
600 885 686 918 alter
703 891 846 928 propter
870 884 1082 918 celeritatem
1106 896 1163 917 re-

183 942 277 974 ditus
300 946 331 971 et
347 937 586 970 defensionem
607 935 752 979 patriae.

283 989 473 1030 Regressus
489 992 603 1018 autem
622 984 905 1027 Epaminondas,
933 984 994 1016 etsi
1013 984 1164 1023 videbat,

184 1053 219 1074 se
249 1051 321 1072 non
351 1039 424 1070 sine
456 1035 609 1078 periculo
640 1034 888 1066 dimicaturum
920 1045 1008 1073 esse,
1048 1029 1192 1098 tamen*

185 1091 268 1135 quia
301 1087 527 1132 pugnandum
559 1095 629 1116 esse
662 1090 845 1122 statuerat,
888 1095 960 1114 non
994 1083 1116 1125 procul
1147 1094 1193 1134 a¹

183 1139 366 1175 {Mantinea
384 1143 491 1169 castra
508 1135 608 1166 locat.
662 1132 713 1165 lbi
732 1133 887 1165 intentus
903 1133 939 1164 in
956 1133 1165 1169 occasiones,
1189 1138 1193 1158 ὃ

183 1191 326 1224 adortus
345 1194 394 1220 est
413 1185 526 1219 hostes
550 1189 687 1227 praeter
707 1183 862 1226 ipsorum
883 1183 1085 1226 opinionem
1099 1209 1107 1222 ‚
1135 1189 1166 1214 et
1190 1169 1196 1213 l

184 1247 258 1274 arte
277 1239 383 1271 aciem
404 1237 449 1269 ita
468 1233 649 1273 instruxit,
681 1239 720 1265 ut
745 1233 853 1265 robur
877 1230 1014 1265 hostilis
1037 1232 1167 1265 exerci-

184 1297 240 1324 tus
258 1289 411 1333 pelleret.
462 1283 514 1318 Eo
534 1285 569 1316 in
589 1284 663 1315 loco
679 1295 757 1315 cum
777 1283 848 1326 ipse
864 1283 1034 1326 praelium
1053 1283 1169 1322 cieret,

186 1348 219 1374 et
245 1340 363 1372 cedere
388 1335 501 1369 hostes
527 1340 680 1375 cogeret,
714 1334 842 1365 vulnus
869 1333 1004 1376 accipit.
1075 1331 1167 1374 Quia
1192 1325 1195 1359 l

185 1397 300 1424 autem
330 1393 470 1430 propter
494 1384 622 1416 vulnus
654 1382 751 1415 ducis
777 1382 905 1414 milites
935 1394 1008 1414 non
1031 1382 1166 1426 sequuti
1193 1393 1196 1429 t

185 1447 267 1474 sunt
284 1437 418 1471 bostem
436 1436 612 1467 cedentem
625 1460 633 1472 ,
659 1433 775 1464 minus
794 1443 921 1475 magna
937 1440 1064 1473 strages
1082 1433 1169 1464 facta
1194 1437 1195 1441 ’

187 1498 247 1524 est.
300 1485 564 1531 Epaminondas
583 1483 702 1515 vivens
718 1483 846 1515 relatus
870 1482 906 1514 in
934 1489 1060 1520 castra,
1097 1494 1169 1514 non

186 1541 284 1585 prius
302 1536 472 1581 spiculum
498 1547 536 1566 ex
560 1533 704 1566 vulnere
729 1533 830 1565 evelli
854 1533 1030 1576 permisit,
1065 1544 1169 1576 quam
1192 1538 1196 1551 ¹

187 1586 431 1630 interrogavit,
457 1585 526 1617 utri
546 1584 718 1617 vicissent.
757 1581 916 1626 Cumque
934 1583 1082 1615 victores
1099 1594 1170 1615 esse
1194 1582 1197 1596 ¹

188 1638 378 1673 Thebanos
396 1636 586 1670 diceretur,
613 1633 746 1675 spiculo
765 1633 883 1664 evulso
903 1634 1035 1673 pau-{39
1052 1640 1170 1672 gram,

186 1691 263 1723 lans
283 1687 416 1732 placide
434 1691 592 1717 mortuus
617 1689 676 1716 est.
729 1680 797 1713 Hic
824 1687 874 1713 est
898 1681 1007 1713 exitus
1025 1678 1170 1722 Epami·
1194 1695 1196 1701 ν

189 1740 346 1775 nondae,
375 1735 434 1780 qui
456 1745 527 1767 non
552 1732 663 1765 solum
687 1737 828 1774 propter
849 1730 1041 1768 iusticiam,
1068 1730 1170 1762 sorti-

188 1790 367 1826 tndinem‚
397 1783 602 1818 modestiam
627 1789 658 1814 et
686 1782 788 1813 fidem
815 1791 893 1823 erga
917 1781 1046 1812 amicos
1069 1780 1169 1812 valde

191 1840 368 1872 laudatur:
403 1836 460 1868 sed
489 1834 591 1867 etiam
617 1831 697 1876 quia
721 1831 899 1863 doctrinas
922 1842 940 1863 a
958 1829 1085 1874 Lyside
1100 1829 1167 1874 Py-

188 1887 366 1931 thagorico
386 1884 525 1923 didicit,
553 1893 701 1926 quarum
727 1881 850 1913 studiis
872 1880 908 1912 in
933 1880 1006 1912 eius
1031 1886 1169 1923 pectore
1193 1913 1195 1926 <

187 1939 295 1982 magis
311 1936 534 1969 confirmatus
550 1939 598 1966 est
615 1943 712 1964 amor
729 1931 884 1963 iusticiae
902 1937 933 1963 et
943 1930 1143 1964 modestiae.
1191 1927 1196 1969 l

288 1986 376 2021 Cum
394 1992 508 2018 autem
527 1989 604 2025 post
618 1980 885 2025 Epaminondae
908 1987 1055 2013 mortem
1081 1981 1169 2013 utri-

187 2050 254 2084 que
274 2049 308 2070 se
324 2049 387 2082 pro
405 2034 596 2067 victoribus
613 2038 789 2075 gererent,
817 2027 991 2063 Thebani
1005 2037 1037 2063 et
1053 2028 1170 2076 Spar-

189 2088 285 2126 tani,
327 2097 435 2131 eaque
460 2097 499 2117 ex
523 2095 558 2116 re
583 2082 709 2126 passim
734 2081 816 2113 novi
841 2088 955 2114 motus
979 2081 1168 2120 orirentur,

188 2139 304 2183 inquit
318 2133 518 2179 Xenophon
536 2134 571 2166 in
587 2133 654 2165 fine
677 2143 757 2164 suae
781 2129 960 2164 historiae:
1003 2130 1169 2164 Confusio

189 2196 220 2222 et
240 2186 457 2231 perturbatio
481 2184 592 2216 maior
611 2183 678 2215 fuit
704 2181 739 2214 in
763 2179 908 2214 Graecia
934 2188 1007 2223 post
1026 2179 1171 2223 Epami-
1194 2206 1197 2209 s

188 2239 323 2271 nondae
341 2247 509 2280 pugnam,
536 2245 639 2278 quam
655 2232 721 2265 fuit
735 2238 824 2266 ante.
878 2230 981 2264 Tales
998 2231 1171 2264 bellorum

190 2289 301 2321 exitus
318 2298 416 2330 saepe
436 2291 534 2323 sunt,
563 2290 598 2316 ut
621 2280 688 2314 hoc
713 2281 882 2314 decennio
906 2281 1058 2314 vidimus
1079 2282 1168 2314 bella

190 2350 229 2371 ex
254 2337 354 2370 bellis
380 2342 457 2368 nata
480 2345 569 2373 esse,
596 2333 683 2365 sicut
698 2331 873 2364 Pindarus
896 2331 1026 2376 inquit:
1054 2330 1170 2364 Facile

190 2395 240 2420 est
272 2387 382 2419 cuivis
415 2395 554 2417 movere
588 2383 728 2422 urbem,
774 2383 831 2414 sed
867 2382 904 2413 in
938 2382 1169 2426 tranquillum

189 2439 309 2471 sistere
332 2436 405 2468 sine
429 2433 503 2467 Dei
525 2433 653 2466 auxilio
679 2444 781 2464 nemo
806 2438 926 2476 potest.
980 2431 1169 2476 Praecipua
1195 2427 1197 2463 l

188 2495 304 2521 tamen
328 2485 395 2518 t'uit
419 2491 501 2517 tunc
525 2483 678 2526 potentia
706 2480 978 2521 Thebanorum,
1013 2483 1074 2526 qui
1098 2494 1169 2514 non

190 2538 300 2570 multo
323 2542 401 2579 post
416 2532 682 2577 Epaminondae
704 2540 851 2565 mortem
872 2539 991 2565 contra
1009 2530 1170 2565 Phocen-

189 2599 258 2628 ses,
286 2586 346 2632 qui
372 2584 542 2627 templum
568 2580 778 2625 Delphicum
805 2583 1059 2626 spoliaverant,
1096 2583 1171 2615 bel·
1195 2593 1198 2601 ¹

189 2639 262 2671 lum
292 2641 495 2674 moverunt,
537 2629 761 2676 Olympiadis
792 2633 998 2666 centesimae
1029 2633 1171 2678 quintae

424 104 629 142 SCRIPTA
657 102 731 135 1³11.
759 99 873 134 MEL.
903 98 968 133 AD
995 99 1122 134 IIIST.
1148 98 1291 135 PROF.
1317 97 1381 132 ET
1410 98 1598 135 PHILOS.
1627 97 1943 136 SPECTANTIA.

1194 1668 1195 1672 ¹
1220 1657 1369 1696 signium
1389 1663 1577 1687 eventuum
1595 1663 1814 1689 annotamus.

2115 101 2188 135 820

1205 196 1298 217 anno
1326 188 1469 226 quarto,
1511 184 1603 227 quod
1636 185 1840 217 nominatur
1870 183 2003 218 bellum
2035 197 2192 222 sacrum,

1206 234 1303 267 cuins
1320 244 1420 275 saepe
1437 232 1472 264 fn
1491 234 1621 265 mentio
1637 235 1672 266 in
1685 234 1905 267 Oratoribus.
1956 235 2112 269 Pertinet
2130 247 2193 268 au-

1207 292 1272 316 tom
1293 280 1437 315 historia
1457 283 1538 314 belli
1559 284 1644 315 sacri
1662 286 1702 316 ad
1716 283 1808 317 Ochi
1829 292 1997 328 tempora,
2020 292 2057 317 ut
2077 292 2194 328 postea

1208 334 1334 367 dicam.
1395 331 1496 365 Nunc
1523 333 1675 366 breviter
1698 335 1770 366 eius
1796 335 2012 368 mentionem
2038 335 2120 372 feci,
2157 342 2197 368 ut

1208 383 1312 417 series
1330 381 1544 415 Graecorum
1565 383 1736 416 bellorum
1751 385 1887 418 facilius
1904 391 2018 418 mente
2037 395 2196 427 compre-

1209 432 1314 466 hendi
1341 434 1469 476 possit,
1496 440 1528 466 et
1552 434 1806 472 consideretur,
1833 435 1937 467 semel
1963 435 2064 468 motis
2088 434 2198 477 impe-

1211 485 1289 523 riis,
1321 494 1393 514 nou
1418 483 1518 515 facile
1546 495 1582 515 ea
1609 484 1721 516 sedari
1743 495 1851 527 posse.
1910 483 2029 527 Captis
2047 482 2199 517 Athenis

1211 540 1355 578 sequuta
1381 539 1428 565 est
1453 534 1689 576 recuperatio,
1731 546 1834 578 quam
1868 534 2078 567 adiuverunt
2101 532 2198 567 The-

1211 585 1305 616 bani.
1384 582 1470 615 lnde
1496 583 1660 618 Spartani
1684 582 1876 617 Thebanos
1904 584 2036 622 adorti,
2079 594 2200 616 rursus

1212 634 1404 667 amiserunt
1421 633 1618 677 imperium.
1671 633 1793 668 Postea
1811 635 1848 667 in
1870 634 1963 667 bello
1992 645 2087 666 sacro
2104 631 2200 666 The-

1212 685 1295 717 bani
1321 690 1536 717 attraxerunt
1560 683 1784 718 Macedones.
1838 684 2032 729 Aliquanto
2056 690 2135 728 post
2157 683 2201 716 ab

1214 734 1415 767 Alexandro
1436 731 1580 766 Thebae
1604 735 1764 768 funditus
1790 735 1922 768 deletae
1939 741 2037 772 sunt,
2066 740 2099 767 et
2116 731 2201 766 hor-

1215 785 1334 817 ribiles
1353 796 1484 828 poenae
1503 796 1564 827 per
1589 796 1711 817 omnes
1732 784 1899 818 Graeciae
1925 784 2073 829 populos
2099 795 2202 825 vaga-

1215 841 1267 868 tae
1291 842 1392 875 sunt,
1418 847 1456 867 ac
1484 834 1589 866 simul
1615 836 1764 868 extincta
1791 842 1840 868 est
1865 836 1995 880 ubique
2016 841 2114 867 vetus
2138 835 2202 866 do-

1216 885 1326 917 ctrina
1357 896 1396 917 ac
1429 885 1634 928 disciplina,
1687 893 1719 918 et
1753 892 1920 929 perpetua
1951 885 2135 918 latrocinia
2165 883 2203 916 in

1217 933 1364 966 Graecia
1391 935 1545 968 suerunt.
1606 934 1678 967 Has
1702 936 1823 967 ruinas
1848 935 2003 977 gentium
2029 934 2204 967 intuentes

1189 1018 1192 1028 ,
1216 984 1405 1025 cogitemus
1431 985 1473 1016 de
1498 983 1609 1016 causis
1637 991 1669 1016 et
1696 985 1871 1017 similibus
1892 984 2052 1017 omnium
2069 990 2206 1027 tempo-

1217 1045 1293 1065 rum
1311 1034 1476 1073 miseriis,
1500 1041 1532 1066 et
1549 1041 1720 1076 petamus,
1747 1041 1785 1067 ut
1805 1035 1898 1067 filius
1917 1033 1981 1067 Dei
1999 1034 2043 1067 sit
2060 1034 2205 1065 umbra-

1190 1115 1193 1123 ,
1218 1082 1335 1114 culum
1345 1081 1522 1115 Ecclesiae
1539 1094 1629 1122 suae,
1651 1084 1740 1117 sicut
1755 1085 1839 1118 texit
1858 1085 1895 1116 in
1905 1083 2062 1129 Aegypto
2081 1084 2204 1116 domos

1219 1132 1387 1174 sanguine
1406 1133 1486 1175 agni
1503 1144 1716 1176 conspersas.

1534 1233 1622 1266 Res
1647 1234 1889 1268 Romanae.

1321 1305 1427 1340 Anno
1446 1306 1489 1339 ab
1505 1307 1591 1340 urbe
1609 1306 1723 1342 Roma
1743 1309 1882 1341 condita
1909 1310 2150 1341 trecentesimo
2175 1315 2207 1342 et

1193 1380 1195 1383 -
1220 1357 1430 1399 sexagesimo
1447 1357 1570 1400 quinto
1592 1357 1675 1389 urbs
1691 1355 1805 1390 Roma
1822 1369 1839 1390 a
1857 1356 1970 1390 Gallis
1987 1365 2084 1402 capta
2103 1365 2135 1391 et
2153 1358 2207 1391 in-

1220 1418 1319 1439 censa
1338 1413 1401 1446 est,
1432 1403 1644 1451 Olympiade
1661 1408 1886 1450 nonagesima
1903 1420 2014 1449 nona,
2040 1416 2207 1451 regnante

1221 1457 1257 1489 in
1289 1456 1407 1489 Persia
1431 1454 1622 1490 Artaxerxe
1646 1457 1857 1498 Mnemone,
1907 1470 2000 1491 anno
2037 1459 2204 1501 vigesimo

1193 1530 1196 1537 .
1220 1513 1297 1551 post
1318 1504 1598 1550 captasAthenas
1618 1519 1635 1540 a
1652 1506 1834 1552 Lysandro
1846 1532 1855 1546 ‚
1883 1515 1921 1541 ut
1938 1508 2105 1553 Polybius
2121 1509 2206 1541 scri-

1221 1557 1282 1590 bit.
1344 1557 1481 1599 Integra
1506 1569 1588 1590 vero
1613 1555 1757 1590 historia
1780 1558 1870 1601 apud
1897 1558 2036 1592 Livium
2061 1559 2206 1601 legatur,

1220 1614 1259 1640 ut
1285 1618 1339 1640 res
1353 1606 1536 1640 Romanae
1564 1607 1661 1639 aliae.
1716 1606 1783 1639 Hic
1806 1614 1964 1652 tempora
1988 1614 2124 1641 tantum
2149 1609 2207 1641 in-

1868 1657 1937 1691 Sed
1957 1658 2036 1702 quia
2055 1658 2114 1690 illa
2125 1657 2206 1691 Cel-

1219 1711 1331 1737 tarum
1359 1705 1532 1748 expeditio
1566 1706 1602 1737 in
1630 1705 1764 1738 ltaliam
1795 1718 1868 1739 non
1901 1707 2018 1740 brevis
2049 1707 2133 1747 suit,
2175 1715 2208 1742 et

1219 1766 1423 1796 magnarum
1457 1756 1690 1788 mutationum
1718 1762 1750 1788 et
1774 1757 1966 1790 multorum
1994 1757 2205 1801 praeliorum

1219 1816 1320 1836 causa
1352 1804 1436 1841 suit,
1479 1805 1613 1848 aliquid
1646 1812 1678 1838 et
1702 1807 1745 1838 de
1775 1813 1875 1849 gente
1903 1813 1935 1840 et
1958 1807 2000 1840 de
2027 1807 2206 1840 occasione

1219 1854 1449 1898 expeditionis
1472 1855 1609 1887 addam.

1321 1911 1464 1944 Yeteres
1475 1911 1600 1944 Graeci
1618 1912 1794 1954 regionem
1812 1914 1852 1946 ad
1868 1912 1974 1958 Alpes
1991 1915 2102 1957 sitam,
2130 1929 2208 1950 ver-

1220 1974 1275 1995 sus
1285 1960 1466 1995 Oceanum
1481 1962 1795 2006 Septentrionalem
1814 1971 1845 1997 et
1856 1962 2120 1999 Occidentalem
2135 1979 2206 2000 uno

1220 2013 1362 2045 nomine
1385 2012 1552 2046 Celticam
1586 2014 1834 2054 nominarunt,
1876 2015 2055 2057 videlicet,
2098 2024 2204 2050 totam

1221 2074 1317 2096 oram
1334 2063 1378 2095 ab
1395 2062 1537 2095 Oceano
1557 2061 1780 2098 Occidentali
1797 2065 1838 2097 ad
1855 2063 2067 2111 Harcyniam
2085 2078 2204 2112 usque.

1219 2112 1356 2146 Deinde
1383 2113 1426 2146 ab
1450 2112 1626 2158 Harcynia
1659 2126 1777 2147 versus
1797 2113 1981 2149 Orientem
2009 2129 2079 2149 uno
2105 2129 2206 2150 voca-

1220 2164 1302 2196 bulo
1323 2163 1512 2197 Sarmatias
1537 2165 1780 2205 nominarunt,
1821 2165 1885 2198 etsi
1910 2167 2040 2199 vicinas
2071 2167 2205 2211 aliquas

1196 2239 1197 2243 ,
1221 2213 1371 2257 Alpibus
1394 2214 1633 2257 distinguunt,
1671 2222 1710 2249 ut
1733 2214 1856 2256 Boios,
1897 2215 2043 2249 Noricos
2068 2223 2100 2249 et
2120 2217 2203 2249 inde

1221 2263 1409 2302 Paeonios,
1439 2263 1570 2309 Mysos.
1625 2264 2091 2310 lnquitigiturHerodotuS,
2117 2267 2204 2299 oriri

1222 2313 1347 2347 Istrum
1369 2314 1404 2346 in
1422 2313 1528 2347 Celtis
1546 2322 1577 2348 et
1594 2314 1746 2360 Pyrene,
1771 2316 1864 2360 quod
1882 2313 1985 2348 hodie
2000 2317 2203 2351 nominatur

1221 2364 1269 2406 taff
1282 2368 1334 2399 bet
1349 2365 1443 2406 Qar.
1472 2372 1504 2398 et
1522 2365 1686 2398 dirimere
1702 2367 1863 2398 mediam.

1322 2431 1458 2465 Nomen
1476 2444 1556 2464 vero
1575 2430 1706 2469 Κίλτος
1721 2437 1769 2464 est
1785 2442 1802 2463 a
1827 2432 1995 2477 γαλάτης.
2027 2464 2029 2466 .
2049 2431 2096 2467 Et
2118 2434 2203 2466 scri-

1195 2489 1197 2511 ?
1221 2482 1271 2515 bit
1288 2483 1464 2526 Apianus,
1491 2494 1525 2515 se
1544 2480 1633 2514 nibil
1650 2483 1691 2514 de
1709 2481 1842 2523 origine
1862 2483 2015 2516 nominis
2037 2491 2096 2517 aut
2119 2495 2203 2526 gen-

1222 2533 1265 2565 tis
1288 2532 1511 2565 verisimilius
1534 2531 1718 2574 reperisse,
1746 2543 1847 2575 quam
1875 2530 1959 2572 hoc,
1987 2534 2078 2579 quod
2096 2533 2202 2578 Poly-

1222 2580 1349 2626 phemo
1383 2582 1419 2614 in
1444 2582 1565 2615 Sicilia
1597 2582 1666 2613 duo
1699 2581 1767 2614 sint
1794 2588 1871 2614 nata
1895 2583 1956 2615 filii
1982 2595 2021 2616 ex
2047 2582 2201 2623 Galatea,

1194 2653 1197 2679 ,¹
1221 2644 1370 2676 qnorum
1388 2632 1487 2666 alteri
1505 2631 1609 2664 suerit
1625 2642 1751 2664 nomen
1769 2629 1945 2677 γαλάτης,
1978 2633 2079 2668 alteri
2103 2633 2199 2667 mv-
