2324 2955
111 106 182 145 185

110 192 174 226 lioc
188 203 293 236 opere
318 192 491 233 instituit,
519 198 553 224 et
576 191 612 223 in
632 189 698 224 hoc
717 193 871 225 secundo
889 192 998 229 libro,
1028 190 1087 235 qui

109 255 191 276 vero
217 243 324 276 totius
347 243 461 286 operis
488 242 622 286 primus
645 249 712 276 est:
757 242 855 288 (nam
881 255 983 287 quem
1015 242 1088 285 ipse

109 294 264 338 primum
290 294 442 333 vocavit,
469 299 605 326 tantum
638 300 687 326 est
715 294 818 326 index
842 301 875 327 et
902 293 1088 335 catalogus,
1113 307 1114 315 ¹

108 356 227 378 recens
245 345 465 387 singulorum
483 343 655 377 librorum
672 351 704 377 et
718 345 869 388 capitum
887 355 1039 377 summas
1056 349 1089 375 et

572 104 726 142 DECL.
761 104 836 140 DE
873 103 1011 140 VITA
1047 103 1119 139 ET
1156 103 1430 141 SCRIPTIS
1468 105 1661 142 PLINII.

1112 319 1114 371 l

107 396 340 438 argumenta).
372 394 412 427 ln
427 391 492 427 boc
508 396 661 428 secundo
681 396 771 428 libro
791 396 946 440 inquam,
963 394 1086 427 mundi
1113 404 1114 408 ¹

107 446 213 479 totius
238 445 384 483 molem,
412 457 559 489 corpora
584 446 775 489 simplicia,
805 447 941 478 coelum
965 453 998 478 et
1016 446 1087 477 ele-

107 502 223 528 menta
248 496 430 535 describit,
459 504 491 529 et
514 509 601 541 quae
628 497 671 529 sit
696 497 804 537 figura
830 498 999 535 mundus,
1026 497 1087 527 de-
1113 513 1114 517 =

105 546 227 590 pingit,
248 553 280 579 et
296 547 410 587 docet,
428 559 515 591 quos
530 554 562 580 et
579 559 683 590 quam
704 547 819 579 varios
834 548 987 580 incessus
1006 547 1087 578 stel—
1112 561 1114 593 j

106 598 157 630 lae
183 603 338 630 errantes
362 598 534 637 habeant,
569 597 732 630 indicatis
763 598 980 641 singularum
1004 609 1086 640 pro-

105 648 322 690 prietatibuS.

206 698 345 731 Deinde
375 698 629 731 elementorum
671 699 794 731 seriem
838 705 1009 737 recenset,

104 750 277 792 primum,
305 761 394 793 quae
419 749 456 781 in
477 750 556 781 a'e're
573 749 764 794 gignantur
781 749 938 782 Meteora
959 749 1087 781 additis

104 798 316 840 historiolis‚
336 800 399 833 ubi
423 806 455 832 et
478 802 620 844 quando
644 813 715 833 non
741 801 815 832 sine
834 800 1086 843 significatione

102 852 304 883 futurorum
340 857 531 883 eventuum
567 852 636 884 sint
671 851 856 884 inusitatae
891 851 1021 894 species
1049 851 1085 882 in

101 902 181 934 ae're
201 901 305 934 visae.

202 951 325 985 Postea
349 958 478 992 terrae,
506 964 675 996 aquarum
693 979 702 992 ‚
729 959 763 986 et
781 952 872 995 ignis
891 952 1087 996 proprieta-

101 1010 151 1035 tes
166 1029 174 1041 ,
203 1003 371 1035 miracula
389 1010 422 1035 et
442 1003 555 1034 varias
574 1003 786 1035 mutationes
802 1004 963 1046 exponit,
991 1010 1023 1035 et
1048 1003 1084 1034 in

101 1054 169 1085 fine
196 1053 298 1091 libri,
327 1053 434 1086 totius
449 1053 579 1085 terreni
598 1054 692 1095 globi
719 1066 919 1086 mensuram
945 1053 1085 1086 iudicat.

100 1103 196 1136 Haec
221 1111 271 1137 est
299 1114 435 1136 summa
461 1111 493 1136 et
521 1112 770 1146 argumentum
800 1102 906 1137 huius
939 1105 1083 1136 secundi

100 1155 202 1194 libri,
231 1162 267 1188 ut
290 1154 506 1187 brevissimis
540 1153 837 1198 comprehendam
861 1163 894 1188 et
918 1162 1085 1198 repetam,

101 1205 290 1248 descriptio
309 1217 427 1237 earum
449 1205 601 1248 partium
628 1206 772 1246 mundi,
800 1219 888 1251 quae
910 1206 1087 1249 simplices

1054 705 1114 730 et*

100 1263 289 1296 vocantur,
316 1253 383 1288 hoc
398 1262 466 1296 est,
494 1256 581 1288 coeli
600 1263 633 1288 et
657 1257 931 1294 elementorum,
959 1257 1087 1300 quilius
1113 1257 1114 1295 j

101 1306 262 1348 adiungit
291 1306 445 1348 primum
480 1306 668 1337 mixtorum
705 1318 893 1348 corporum
929 1308 1115 1347 gradum,;

101 1369 190 1401 quae
215 1355 357 1388 caeteris
382 1355 657 1396 imperfectiora,
683 1366 701 1387 a
725 1357 821 1395 loco,
848 1356 970 1398 inquo
990 1357 1088 1394 fiunt,

100 1406 258 1440 Meteora
282 1404 435 1436 diximus
457 1405 584 1438 vocari.

200 1454 373 1488 Absoluta
409 1454 478 1485 iam
514 1454 664 1486 maxima
701 1461 732 1486 et
769 1454 955 1496 praecipua
992 1461 1115 1496 parte;

99 1505 248 1543 mundi,
274 1504 371 1537 coelo
397 1509 430 1536 et
454 1503 652 1544 elementis,
680 1511 713 1537 et
741 1504 942 1547 imperfecte
960 1504 1088 1542 mixtis,

103 1556 171 1591 hoc
188 1563 256 1596 est,
285 1554 449 1587 meteoris
461 1581 469 1594 ,
499 1555 661 1594 restabat,
688 1561 727 1587 ut
744 1557 786 1587 de
803 1554 945 1587 caeteris
960 1554 1088 1586 mixto·
1114 1553 1115 1556 ’

99 1621 178 1642 rum
203 1617 389 1650 corporum
414 1604 583 1647 gradibus
609 1605 740 1638 diceret
757 1605 913 1644 Plinius,
941 1604 1086 1648 quaein

98 1657 279 1693 elementis
295 1669 333 1689 ac
354 1656 539 1699 praecipue
558 1662 648 1688 terra
666 1663 699 1688 et
716 1669 804 1701 aqua
827 1657 970 1698 degunt.
1017 1655 1084 1688 Sed

98 1711 180 1756 quia
204 1707 310 1741 semel
326 1714 375 1740 est
395 1707 524 1740 terreni
550 1706 644 1748 globi
663 1707 821 1740 instituta
841 1705 1029 1749 descriptio
1055 1713 1088 1738 et

99 1771 262 1795 mensura
288 1757 325 1790 in
350 1755 415 1790 hoc
446 1758 600 1790 secundo
630 1758 740 1798 libro,
777 1764 848 1790 erat
880 1755 945 1790 boc
968 1756 1087 1789 Plinio

99 1812 204 1847 etiarn
223 1810 446 1847 addendum,
475 1814 514 1841 ut
536 1808 753 1852 superficiem
773 1816 884 1842 terrae
901 1815 933 1840 et
959 1808 1087 1850 ampli-
1114 1845 1115 1854 ἵ

97 1863 257 1898 tudinem
287 1860 394 1892 maris
428 1858 634 1902 explicaret,
681 1872 770 1904 quae
810 1860 981 1891 elementa
1016 1860 1086 1890 duo

97 1926 208 1948 unum
229 1912 373 1956 globum
394 1910 624 1950 constituunt,
647 1917 679 1943 et
695 1912 809 1943 sedem
828 1910 993 1943 omnibus
1011 1921 1088 1941 cae-

97 1966 181 1999 teris
204 1963 394 1996 mixtorum
423 1961 611 2003 generibus
638 1962 826 2004 praebent,
862 1960 944 1993 Ideo
968 1960 1086 1992 distri-

97 2016 238 2049 buenda
270 2013 337 2046 fuit
371 2019 462 2045 terra
496 2024 651 2052 summa,
689 2025 778 2057 quae
801 2013 846 2045 ab
873 2010 1087 2044 animalibus

99 2066 286 2104 incolitur,
319 2070 352 2096 et
377 2063 494 2095 omnis
523 2062 661 2104 generis
692 2064 829 2106 plantas
861 2063 1013 2106 profert,
1050 2062 1085 2093 in

97 2125 208 2152 certas
230 2114 409 2157 regiones,
436 2120 469 2146 et
491 2113 709 2156 singularum
738 2114 825 2148 situs
841 2122 873 2146 et
888 2113 1086 2156 amplitudo

97 2167 298 2203 iudicanda.
360 2163 461 2197 Hanc
497 2164 592 2196 orbis
628 2162 775 2198 habitati
814 2164 1085 2207 descriptionem

96 2215 365 2265 geographicam
391 2215 542 2248 absolvit
564 2214 703 2249 Plinius
728 2223 881 2260 quatuor
905 2215 1005 2247 libris
1033 2226 1086 2246 se-

96 2270 287 2317 quentibus
311 2264 406 2300 hunc
431 2266 644 2304 secundum,
672 2266 759 2299 etin
788 2267 927 2300 duobus
947 2266 1086 2310 primis,

96 2320 165 2356 hoc
187 2327 256 2361 est,
288 2317 393 2351 tertio
419 2323 452 2350 et
481 2323 628 2361 quarto,
664 2315 863 2361 Europam,
899 2317 935 2349 in
961 2316 1085 2362 quinto

98 2372 253 2407 Africam
267 2397 276 2410 ,
304 2369 340 2402 in
357 2374 453 2401 sexto
471 2367 593 2401 Asiam
612 2368 735 2411 pingit.
776 2367 824 2401 lta
842 2369 911 2401 iam
929 2374 1086 2401 extructo

96 2422 195 2470 quasi
224 2419 407 2454 domicilio
431 2419 617 2459 universo,
645 2416 711 2451 boc
743 2426 810 2459 est,
837 2420 934 2452 coelo
961 2425 994 2451 et
1014 2419 1084 2450 ele-

97 2473 245 2518 mentis,
272 2483 360 2516 quae
380 2468 574 2514 hospitium
599 2470 769 2514 praebent
796 2470 900 2503 rebus
928 2469 1085 2508 caeteris,

98 2522 371 2569 incipitPlinius
389 2522 562 2564 explicare
578 2521 796 2566 reliquorum
814 2521 1002 2554 mixtorum
1023 2532 1086 2553 na-

97 2585 211 2616 tutas,
238 2585 390 2620 quorum
406 2573 559 2606 diximus
576 2569 692 2605 adhuc
708 2579 837 2605 restare
861 2578 1014 2616 quatuor
1028 2582 1087 2613 ge-

97 2639 199 2667 nera,
238 2625 416 2664 videlicet,
459 2622 604 2669 ἄψυχα,
642 2621 744 2669 φυτὰ
786 2623 940 2666 plantas,
989 2619 1086 2664 ζιῦα,

98 2678 236 2725 ἄλογα,
264 2683 296 2710 et
312 2674 508 2710 hominem.
560 2674 630 2708 Sed
655 2681 789 2709 mutato
813 2674 959 2712 ordine,
986 2673 1085 2706 insti-

2052 106 2122 141 186

1144 189 1209 221 tuit
1234 190 1388 233 primum
1421 193 1687 236 explicationem
1721 193 1961 226 nobilissimae
1987 200 2019 226 et
2042 205 2120 236 per-

1141 240 1348 273 fectissimae
1364 249 1528 283 naturae,
1556 243 1723 277 Hominis
1740 244 1920 282 videlicet,
1956 245 1993 276 in
2020 244 2120 277 cuius

1141 291 1376 333 descriptione
1410 295 1584 328 consumit
1616 302 1728 329 totum
1759 296 1946 339 septimum
1978 295 2120 334 librum,

1142 341 1289 374 lectione
1311 343 1566 384 dignissimum.

1241 391 1378 425 Deinde
1393 395 1540 437 explicat
1554 404 1694 430 naturas
1711 397 1916 429 animalium
1935 397 2121 429 brutorum

1141 449 1292 487 quatuor
1310 444 1409 476 libris
1425 448 1650 489 sequentibus
1675 448 1875 490 septimum:
1906 444 1971 479 boc
1997 446 2123 479 videli-

1141 501 1193 525 cet
1212 501 1347 526 servato
1371 497 1505 536 ordine,
1533 498 1623 529 utin
1643 503 1763 529 octavo
1789 498 1881 530 libro
1907 509 2121 529 commemo-

1141 552 1192 577 ret
1208 545 1373 577 animalia
1395 547 1586 587 terrestria,
1616 548 1652 579 in
1670 559 1765 579 nono
1792 548 1976 591 aquatilia,
2004 548 2040 579 in
2060 548 2121 579 de-

1141 595 1233 627 cimo
1261 596 1435 637 volatilia,
1470 599 1506 630 in
1540 597 1729 630 undecimo
1760 611 1818 637 ea,
1853 610 1941 642 quae
1966 597 2119 640 ἔντομα,

1140 647 1249 677 latine
1270 646 1418 687 insecta,
1443 649 1684 683 nominantur.

1242 696 1564 737 RestantPlantae,
1593 710 1743 743 quarum
1760 711 1836 731 cum
1859 708 1983 740 magna
2003 697 2046 729 sit
2063 708 2122 728 va-

1140 747 1261 787 rietas,
1289 751 1465 782 consumit
1489 750 1524 781 in
1549 751 1668 782 earu'm
1696 748 1959 782 enumeratione
1986 754 2062 780 octo
2080 747 2123 778 li-

1139 798 1238 836 bros,
1268 811 1285 831 a
1306 800 1513 832 duodecimo
1531 812 1642 844 usque
1658 801 1701 832 ad
1721 800 1933 832 vicesimum.
1986 797 2124 831 Deinde

1140 855 1179 881 ut
1199 849 1404 892 diligentius
1425 858 1593 884 monstret
1607 851 1709 883 etiam
1727 851 1880 883 occultas
1904 850 2011 885 vires,
2040 859 2125 893 quas

1141 900 1279 942 plantae
1302 898 1454 941 habent,
1489 914 1506 934 a
1535 902 1702 944 vigesimo
1729 902 1819 934 libro
1843 912 1952 945 usque
1985 900 2027 932 ad
2060 898 2121 932 28.

1139 956 1218 982 octo
1243 952 1484 984 voluminibus
1506 953 1642 996 quami-it
1666 953 1938 990 medicamenta,
1974 962 2062 995 quae
2085 961 2125 981 ex

1141 1000 1270 1043 plantis
1304 1003 1428 1035 confici
1462 1010 1631 1046 possunt,
1674 1005 1717 1035 ad
1752 1003 1979 1046 depellendos
2013 1007 2124 1033 certos

1141 1053 1285 1084 morbos
1302 1059 1335 1085 et
1355 1053 1441 1085 vicia
1465 1054 1633 1096 corporis,

1242 1102 1417 1145 Adiungit.
1441 1105 1569 1137 deinde
1600 1105 1687 1137 alios
1712 1103 1743 1135 Υ
1770 1105 1896 1143 libros,
1932 1103 1967 1134 in
1998 1101 2126 1146 quibus

1140 1155 1293 1186 remedia
1314 1155 1466 1195 indicat,
1495 1168 1582 1198 quae
1597 1168 1636 1187 ex
1651 1156 1841 1188 animalum
1861 1154 2018 1198 partibus
2036 1152 2127 1185 sumi

1141 1212 1303 1247 possunt,
1332 1206 1438 1249 idque
1457 1206 1525 1248 agit
1546 1218 1656 1250 usque
1684 1207 1726 1238 ad
1754 1206 1882 1238 librum
1913 1204 2126 1238 tricesimum

1140 1255 1303 1294 tertium,
1338 1257 1399 1288 ubi
1434 1256 1501 1288 iam
1532 1258 1711 1299 explicatis
1746 1257 1912 1288 omnibus
1936 1255 2126 1287 mixtorum

1140 1306 1327 1346 gradibus,
1355 1318 1426 1337 uno
1459 1314 1619 1349 excepto,
1647 1308 1801 1351 reliquos
1830 1306 1857 1338 Υ
1884 1307 1993 1338 libros
2016 1315 2125 1348 usque

1140 1356 1181 1386 ad
1202 1355 1306 1387 tinem
1324 1356 1458 1397 operis,
1486 1357 1661 1388 consumit
1687 1358 1722 1388 in
1747 1357 1982 1399 descriptione
2007 1366 2125 1387 earum

1142 1416 1259 1436 rerum
1287 1405 1497 1445 mixtarum,
1539 1419 1627 1450 quae
1649 1407 1745 1438 omni
1772 1407 1914 1450 quidem
1945 1406 2034 1445 vita,
2066 1405 2125 1436 sed

1141 1465 1214 1485 non
1231 1454 1303 1485 suis
1319 1455 1556 1496 peculiaribus
1574 1457 1709 1488 viribus
1727 1463 1858 1496 carent,
1891 1463 1929 1488 ut
1948 1463 2029 1488 sunt
2047 1453 2126 1488 Me-

1114 1499 1115 1535 ]
1141 1503 1235 1541 talla,
1255 1503 1403 1546 Lapides
1422 1512 1453 1537 et
1472 1503 1641 1538 Gemmae
1661 1513 1693 1538 et
1712 1518 1831 1539 earum
1849 1519 1989 1550 quoque
2007 1518 2123 1538 rerum

1141 1553 1374 1596 multiplicem
1392 1566 1493 1586 usum
1513 1568 1550 1586 ac
1570 1554 1768 1603 izsae‘pyezag,
1798 1568 1883 1600 quas
1908 1557 1945 1588 in
1972 1556 2125 1588 medica-

1142 1604 1239 1637 tione
1258 1606 1460 1636 morborum
1481 1603 1631 1645 liabent,
1661 1607 1766 1639 simul
1785 1607 1927 1640 iudicat.

1246 1653 1341 1687 Ilaec
1358 1663 1406 1688 est
1426 1668 1561 1688 summa
1579 1663 1612 1689 et
1629 1655 1685 1689 hic
1706 1658 1793 1689 ordo
1816 1658 1988 1690 librorum
2008 1657 2044 1688 in
2061 1654 2127 1688 hoc

1142 1704 1308 1738 Pliniano
1328 1718 1450 1749 opere,
1479 1719 1548 1751 quo
1567 1708 1673 1741 totius
1693 1709 1816 1740 mundi
1834 1708 2067 1747 domicilium,
2095 1713 2128 1739 et

1141 1763 1259 1799 postea
1279 1768 1332 1788 res
1353 1757 1387 1789 in
1405 1758 1467 1789 illo
1484 1764 1684 1799 contentae,
1712 1759 1897 1791 artificiose
1916 1766 1947 1792 et
1967 1758 2128 1791 luculen-

1141 1814 1193 1839 ter
1214 1808 1407 1850 descriptae
1424 1815 1519 1848 sunt,
1541 1811 1634 1853 quod
1653 1822 1741 1870 opps
1760 1811 1915 1853 profecto
1933 1816 1967 1843 et
1986 1815 2129 1852 propter

1114 1860 1115 1867 ¹
1142 1870 1257 1890 rerum
1278 1870 1316 1890 ac
1336 1856 1581 1899 historiartmi,
1610 1873 1695 1905 quas
1714 1862 1882 1899 continet,
1911 1859 2128 1895 varietatem,

1142 1916 1173 1941 et
1191 1916 1332 1951 propter
1357 1911 1608 1943 vocabulorum
1635 1912 1840 1944 immensam
1868 1912 2025 1954 copiam,
2053 1922 2129 1942 ma-

1140 1959 1419 2001 gnifaciendum,
1452 1967 1484 1993 et
1510 1961 1681 2003 singulari
1707 1974 1788 1994 cura
1813 1975 1851 1995 ac
1869 1961 2051 2004 diligentia
2069 1954 2127 1992 co-

1141 2012 1381 2053 gnoscendum
1399 2019 1448 2043 est
1466 2012 1516 2051 ei,
1546 2012 1605 2055 qui
1625 2024 1697 2044 non
1715 2024 1858 2055 prorsus
1886 2012 2045 2044 omnium
2072 2022 2127 2043 re-

1141 2073 1218 2093 rum
1238 2060 1381 2103 ignarus
1401 2069 1433 2095 et
1451 2063 1567 2094 infans
1584 2074 1655 2095 esse
1673 2062 1776 2097 volet.
1831 2060 1883 2095 Ae
1906 2074 1985 2094 vere
2014 2067 2127 2105 potest

1141 2110 1207 2144 boc
1224 2112 1390 2144 volumen
1408 2113 1576 2156 appellari
1596 2111 1817 2150 Thesaurus,
1844 2126 1917 2145 non
1935 2125 2051 2145 rerum
2071 2123 2129 2144 so—

1140 2163 1213 2195 lum
1230 2162 1333 2205 longa
1353 2164 1566 2206 experientia
1584 2165 1858 2200 observatarum,
1877 2171 1909 2197 et
1928 2164 2130 2206 cognitione

1140 2214 1350 2255 dignarum,
1393 2227 1513 2247 verum
1543 2215 1646 2247 etiam
1675 2215 1814 2256 linguae
1840 2214 1997 2248 Latinae.
2051 2213 2128 2246 Nisi

1140 2265 1232 2298 enim
1259 2264 1397 2298 Plinius
1420 2266 1520 2298 nobis
1542 2277 1659 2297 rerum
1692 2271 1743 2298 tot
1768 2265 2022 2309 appellationes
2045 2264 2127 2296 reli—

1141 2316 1292 2360 quisset,
1319 2317 1363 2348 ‹le
1385 2317 1504 2349 inultis
1528 2316 1731 2348 necessariis
1748 2316 1907 2359 partibus
1925 2315 2015 2349 vitae
2033 2328 2128 2348 corn-

1140 2367 1259 2399 munis
1279 2367 1376 2411 loqui
1396 2366 1520 2400 Latine
1545 2379 1616 2398 non
1638 2378 1824 2410 possemus.

1243 2418 1311 2450 Sed
1332 2430 1401 2449 non
1421 2425 1470 2451 est
1488 2415 1592 2450 buius
1609 2417 1674 2449 loci
1692 2424 1750 2450 aut
1769 2417 1935 2458 instituti,
1951 2429 2129 2450 commen-

1142 2469 1322 2501 dationem
1348 2469 1454 2502 totius
1477 2469 1594 2511 operis
1619 2465 1676 2500 bic
1700 2481 1912 2513 proponere.
1973 2468 2127 2502 Sufficiat

1141 2520 1265 2552 seriem
1284 2520 1454 2552 librorum
1473 2527 1505 2553 et
1529 2519 1750 2561 singulorum
1775 2525 2022 2563 argumentum
2042 2530 2127 2560 pau-

1141 2571 1189 2604 cis
1215 2571 1404 2608 iudieasse,
1450 2578 1487 2603 ut
1519 2571 1562 2602 ad
1588 2582 1691 2614 quam
1721 2577 1854 2614 partem
1872 2566 2129 2612 Philosophiae

1141 2621 1264 2654 referri
1301 2622 1427 2654 debeat
1465 2619 1531 2654 boc
1566 2621 1757 2665 scriptum,
1804 2619 1951 2662 intelligi
1994 2619 2130 2651 facilius

1141 2679 1263 2716 possit.
