2324 2955
111 107 186 143 929
667 104 696 139 Ι.

117 192 267 225 deletam
292 200 364 223 esse
389 188 549 234 politiam
574 187 769 234 Iudaicam,
809 199 842 228 et
866 192 980 228 Deum
1003 195 1100 228 nolle

117 253 192 275 eam
209 240 360 276 restitui.

218 290 314 324 Haec
334 290 475 324 Iudaica
501 286 646 325 historia
668 290 707 326 in
731 293 803 327 vita
818 292 971 328 Adriani
995 306 1096 339 prae-

115 342 217 386 cipue
234 342 339 384 digna
355 346 405 374 est
419 340 712 379 consideratione.
759 343 799 377 In
818 345 894 389 ipso
909 358 990 379 vero
1007 357 1095 391 quae

115 392 321 436 magnitudo
355 390 507 434 ingenii,
559 393 786 436 cruditionis,
836 396 1030 430 industriae
1062 402 1095 429 et

115 442 254 476 consilii
269 441 392 480 fuerit,
420 441 554 485 legatur
570 445 663 487 apud
681 445 779 478 alios.
820 445 945 480 Studia
962 446 1094 480 doctri-

113 503 241 526 narum
266 492 440 525 intellexit
467 499 500 526 et
525 494 676 529 ornavit.
728 494 895 530 Removit
912 509 930 530 a
947 509 1092 530 munere

114 542 264 576 docendi
282 554 405 587 parurn
424 543 587 584 idoneos,
614 544 703 577 datis
719 546 907 588 alimentis,
934 554 966 582 et
982 548 1091 591 magis

112 592 260 626 idoneos
273 592 448 637 praefecit.
498 591 654 628 Certavit
674 607 751 628 cum
769 597 879 631 doctis
895 598 1089 631 ‘scribendo

111 649 146 676 et
162 643 387 688 disputando.
441 641 643 685 Quotannis
660 646 726 678 sibi
746 648 884 692 scripsit
899 647 972 691 ipse
989 660 1088 693 prae·
1113 680 1114 684 ,

110 693 282 727 dictiones
296 693 565 735 astronomicas,
592 697 773 739 respondit
790 705 822 731 et
838 698 955 742 inepte
970 698 1088 733 iocan-
1113 712 1114 717 ¹

110 743 216 780 tibus,
270 743 425 786 Quidam
441 742 549 777 Poeta
569 757 688 779 versus
705 747 734 780 ei
753 745 974 782 exhibuerat:

313 795 378 836 Ego
399 799 470 826 nolo
490 796 594 827 Caesar
612 810 682 836 esse,

312 846 478 876 Ambulare
495 860 546 887 per
561 848 731 887 Britannos,

312 896 468 938 Scythicas
482 901 544 938 pati
561 903 691 939 pruinas.

107 943 200 978 Huic
217 956 298 978 mox
313 946 504 990 respondit,
529 947 694 980 deridens
711 947 786 981 eius
804 947 961 993 cynicam
978 948 1085 981 simu·
1111 966 1113 986 χ

1111 1033 1113 1044 Ι
1140 1005 1325 1042 ceperunt.

1111 1045 1113 1056 ,

108 994 295 1028 lationem:

306 1046 371 1087 Ego
388 1050 460 1077 nolo
476 1046 582 1078 Florus
597 1059 671 1086 esse,

304 1097 471 1127 Ambulare
487 1110 538 1137 per
556 1100 700 1136 tabernas,

306 1146 438 1178 Latitare
454 1160 505 1188 per
524 1151 663 1188 popinas,

308 1198 425 1229 Culices
442 1201 503 1238 pati
522 1200 675 1229 rotundos.

106 1244 305 1280 Moriturus
323 1246 573 1290 pronunciavit
589 1244 652 1279 hos
671 1258 810 1280 versus:

310 1299 458 1329 Animula
473 1302 580 1338 vagula
598 1300 748 1336 blandula,

309 1350 426 1389 Hospes
442 1361 601 1390 comesque
616 1353 760 1389 corporis,

313 1399 401 1438 Quae
416 1412 496 1430 nunc
511 1402 605 1430 abibis
619 1404 650 1430 in
668 1404 732 1430 loca
745 1400 760 1429 Ξ)

308 1449 456 1481 Pallidula
468 1475 475 1489 ,
502 1452 614 1491 rigida,
642 1452 765 1492 nudula,

302 1501 365 1532 Nec
382 1508 414 1531 ut
431 1504 507 1531 soles
523 1503 605 1531 dabis
622 1505 715 1531 iocos.

104 1547 201 1581 Talis
230 1554 281 1582 est
313 1550 454 1594 querela
484 1556 518 1582 et
545 1549 720 1582 dubitatio
744 1548 779 1581 in
806 1549 985 1582 mentibus
1009 1560 1081 1581 non

100 1598 315 1632 confirmatis
332 1599 409 1632 luce
428 1599 609 1632 doctrinae
625 1597 862 1632 Christianae.
916 1598 1082 1632 Mortuus

100 1656 151 1683 est
172 1660 267 1682 anno
292 1649 414 1682 aetatis
437 1660 519 1682 suae
534 1649 595 1685 63.
656 1647 747 1682 Ossa
771 1649 912 1682 condita
937 1656 1020 1682 sunt
1044 1649 1081 1681 in

97 1699 190 1732 mole
207 1697 376 1739 Adriani,
402 1711 491 1743 quae
518 1711 612 1733 nunc
628 1698 765 1734 Romae
788 1705 837 1733 est
853 1696 937 1732 Arx
960 1698 1085 1732 sancti

99 1746 248 1794 Angeli.

148 1846 256 1883 Anno
296 1848 422 1882 mundi
462 1855 586 1894 quater
628 1848 818 1881 millesimo
831 1875 841 1888 ‚
889 1849 1079 1882 centesimo

303 1899 429 1943 primo.

147 1948 400 1984 AnnoRomae
416 1948 706 1992 octingentesimo
723 1948 958 1991 octuagesimo
975 1961 1081 1982 nono,

147 2000 255 2035 Anno
271 1997 405 2035 Christi
420 1999 609 2033 centesimo
628 1999 803 2033 tricesimo
819 2011 926 2033 nono.

379 2076 646 2109 Antoninus
673 2076 798 2110 Pius.

198 2149 409 2185 Antoninus
420 2146 508 2183 Pius
525 2151 710 2193 adoptatus
726 2150 769 2182 ab
787 2147 946 2182 Adriano
965 2149 1078 2183 tenuit

98 2203 286 2249 imperium
318 2213 430 2234 annos
465 2200 588 2243 viginti
622 2206 701 2234 tres.
778 2199 883 2233 Solus
915 2200 1075 2233 omnium

96 2254 296 2299 principum
316 2252 390 2284 sine
406 2251 500 2284 civili
517 2250 689 2294 sanguine
711 2250 789 2284 suit.
840 2249 991 2283 Senatus
1013 2262 1076 2283 au-

95 2304 272 2338 toritatem
296 2302 440 2346 plurimi
465 2301 555 2335 secit.
617 2299 657 2333 ln
684 2300 873 2334 iudicando
899 2299 1074 2333 Iuriscon-

95 2355 204 2388 sultos
223 2351 404 2393 adhibuit,
433 2352 644 2396 Ulpianum,
671 2350 879 2384 Marcellum
896 2358 929 2384 et
940 2350 1074 2384 labole-

94 2417 193 2440 num.
245 2403 427 2447 Stipendia
446 2403 624 2436 literarum
644 2408 677 2434 et
687 2399 937 2445 Philosophiae
953 2402 1074 2434 docto-

93 2457 192 2489 ribus
208 2455 313 2488 etiam
334 2454 369 2486 in
388 2453 579 2497 provinciis
596 2452 742 2485 attribui
759 2452 952 2486 constituit.
1002 2451 1073 2485 Ne-

91 2506 180 2540 mini
204 2506 337 2538 bellum
362 2504 500 2545 intulit,
532 2504 589 2536 sed
618 2503 804 2536 inferentes
827 2502 1007 2546 repressit,
1033 2514 1071 2536 ac

93 2558 130 2590 in
157 2556 329 2589 limitibus
355 2554 563 2587 nominatim
589 2554 794 2586 scribuntur
818 2553 963 2596 repressi
985 2551 1071 2586 Daci

91 2605 250 2641 etAlani.
287 2606 397 2648 Saepe
416 2604 577 2648 repetivit
593 2604 931 2647 dicturuScipiouis:
960 2602 1070 2637 Malle

88 2669 124 2692 se
142 2669 251 2691 uuum
270 2656 380 2690 civem
397 2666 552 2696 servare,
584 2667 687 2700 quam
713 2654 809 2687 mille
833 2652 948 2687 hostes
974 2654 1065 2687 occi-

750 104 1042 144 CHRONICON
1069 106 1318 148 CARIONIS.
1370 111 1496 149 PARS
1525 113 1571 152 Il.

2062 124 2136 160 950

1150 195 1243 229 dere.
1289 195 1413 231 Facete
1431 199 1523 233 dicta
1539 201 1641 234 etiam
1660 202 1795 246 placide
1815 205 1906 241 tulit.
1954 205 2134 250 Ingressus

1150 244 1186 277 in
1212 246 1356 280 domum
1385 250 1488 282 amici
1514 262 1591 284 cum
1618 252 1667 285 ibi
1696 254 1836 289 vidisset
1868 254 2133 302 porphyreticas

1148 296 1348 338 columnas,
1376 298 1607 343 interrogavit
1625 304 1719 336 unde
1737 306 1862 339 allatae
1879 308 2015 341 essent?
2057 307 2131 343 Re-

1147 348 1290 389 spondit
1307 350 1572 392 paterfamilias:
1602 351 1643 385 In
1663 355 1775 387 aliena
1794 357 1899 390 domo
1924 359 2070 391 surdum
2098 366 2132 393 et

1145 404 1282 431 mutum
1301 410 1372 432 esse
1390 401 1499 441 decet,
1528 401 1560 434 id
1580 409 1641 443 est,
1667 404 1738 438 Nec
1756 405 1900 440 fabellas
1918 409 2131 450 efferentem,

1146 458 1210 480 nec
1248 449 1386 482 curiose
1421 451 1653 486 sciscitantem
1684 455 1816 497 aliena,
1866 470 1929 492 nec
1962 466 2128 503 petacem.

1142 495 1342 532 Delectatus
1361 507 1409 533 est
1434 501 1626 544 imperator
1650 502 1713 537 hac
1736 506 1909 542 libertate.
1964 509 2128 544 Mortuus

1143 554 1192 581 est
1209 560 1304 583 anno
1323 551 1445 585 aetatis
1462 562 1543 585 suae
1565 556 1831 597 septuagesimo.

1277 667 1329 700 M.
1357 667 1627 702 Antoninus
1655 669 1981 717 Philosophus.

1242 745 1305 783 AI.
1318 746 1490 783 Aurelius
1501 748 1711 785 Antoninus
1722 750 1974 801 Philosophus
1992 766 2126 790 succes-

1139 796 1183 830 sit
1200 795 1383 832 Antonino
1402 800 1485 841 Pio,
1511 802 1653 836 volente
1668 802 1810 838 Senatu.
1865 805 1997 840 Tenuit
2013 807 2125 851 impe-

1142 847 1233 880 rium
1252 861 1363 882 annos
1380 851 1499 883 decem
1517 858 1550 884 et
1565 865 1710 894 novem,
1737 855 1813 887 dies
1826 856 2002 892 undecim.
2051 857 2125 890 lni-

1139 898 1188 931 tio
1207 898 1347 942 imperii
1366 901 1532 943 collegam
1550 903 1631 935 fecit
1647 904 1786 937 fratrem
1806 902 1854 938 L.
1872 903 2022 941 Verum.
2073 906 2124 941 Ae

1140 948 1293 991 primum
1322 956 1404 983 tunc
1426 962 1568 993 regnare
1586 950 1657 985 duo
1675 951 1837 999 Augusti
1858 957 1933 1001 pari
1952 964 2121 1001 potestate

1241 1048 1433 1083 Sciendum
1450 1058 1501 1084 est
1518 1057 1653 1094 autem,
1689 1065 1761 1086 non
1787 1055 1893 1088 fuisse
1917 1068 1975 1089 eos
1997 1065 2123 1090 natura

1138 1098 1282 1139 fratres,
1317 1101 1376 1133 sed
1401 1101 1600 1145 adoptione.
1660 1101 1707 1137 Et
1730 1111 1769 1138 ut
1793 1105 1947 1139 discerni
1970 1107 2125 1141 familiae

1138 1149 1293 1192 possint,
1343 1151 1524 1184 sciendum
1563 1159 1615 1186 est
1652 1154 1696 1187 ab
1726 1153 1887 1190 Adriano
1918 1158 2121 1201 adoptatum

1137 1199 1243 1232 fuisse
1275 1200 1379 1233 initio
1405 1200 1547 1235 Aelium
1574 1201 1727 1245 Verum,
1766 1217 1836 1250 quo
1868 1214 2008 1241 mortuo
2043 1215 2122 1241 ante

1136 1248 1270 1292 ipsum,
1297 1251 1425 1284 deinde
1449 1253 1630 1296 adoptavit
1649 1252 1872 1290 Antoninum
1890 1257 2007 1291 Pium.

1138 1297 1266 1332 Aelius
1282 1298 1413 1337 Verus.
1449 1300 1660 1336 Antoninus
1687 1301 1779 1338 Pius
1811 1308 1991 1351 adoptavit
2022 1307 2122 1341 Mar-

1287 1348 1294 1396 }
1451 1365 1530 1385 cum
1571 1352 1796 1388 Antoninum
1849 1355 2122 1402 Philosophum,

1138 1396 1185 1432 L.
1199 1397 1330 1438 Verus,
1343 1413 1406 1433 na-
1445 1409 1568 1436 natum
1601 1416 1639 1436 ex
1672 1405 1778 1438 fratre
1801 1408 1920 1440 uxoris
1943 1406 2120 1442 Antonini

1159 1456 1214 1483 tus
1231 1463 1270 1483 ex
1287 1450 1390 1484 Aelio
1444 1452 1520 1491 Pii,
1574 1454 1736 1489 videlicet
1775 1468 1814 1489 ex
1854 1455 1976 1492 Aimio
2013 1458 2120 1495 Vero,

1230 1500 1335 1534 Vero.
1439 1501 1727 1547 AdoptavitPius
1744 1513 1776 1540 et
1787 1506 1827 1542 L.
1838 1507 1983 1550 Verum,
2006 1509 2117 1542 filium

1446 1551 1539 1586 Aelii
1556 1554 1651 1589 Veri.

1236 1600 1360 1634 Mores
1389 1603 1602 1646 collegarum
1634 1605 1819 1640 dissimiles
1856 1609 2013 1643 fuerunt.
2080 1608 2120 1642 L.

1135 1649 1249 1683 Verus
1268 1652 1509 1695 voluptatibus
1526 1656 1665 1688 deditus
1684 1656 1768 1697 suit,
1796 1660 1854 1691 sed
1873 1658 1986 1692 Marci
2007 1660 2119 1693 virtus

1133 1700 1218 1733 texit
1256 1700 1340 1733 vitia
1371 1701 1494 1743 Lucii,
1540 1711 1573 1737 et
1608 1707 1849 1740 moderatione
1878 1720 1916 1741 ac
1950 1710 2118 1752 patientia

1134 1749 1248 1782 Marci
1267 1752 1455 1785 concordia
1472 1760 1605 1787 retenta
1623 1762 1687 1796 est,
1714 1757 1802 1790 sicut
1819 1758 1912 1792 inter
1929 1760 2118 1793 dissimiles

1133 1812 1207 1833 non
1241 1808 1353 1844 potest
1384 1803 1528 1836 retineri
1561 1806 1767 1845 concordia,
1801 1808 1869 1841 nisi
1894 1809 2039 1844 alterius
2063 1822 2118 1844 sa—

1133 1850 1264 1893 pientia
1281 1858 1313 1884 et
1330 1859 1426 1886 sanet
1444 1861 1476 1887 et
1494 1854 1581 1888 serat
1596 1857 1819 1891 deteriorem.

1235 1900 1334 1934 Mota
1351 1909 1384 1935 et
1407 1914 1561 1947 repressa
1583 1913 1633 1939 est
1657 1908 1802 1941 saevicia
1829 1910 1995 1943 adversus
2011 1907 2117 1943 Chri-

1132 1950 1264 1983 stianos
1282 1951 1394 1984 Marci
1412 1959 1588 1998 tempore,
1623 1962 1661 1989 nt
1687 1964 1803 2000 postea
1826 1959 1959 2000 dicam,
1994 1962 2052 1993 sed
2079 1961 2116 1992 in

1132 2000 1299 2034 omuibus
1339 2002 1418 2035 aliis
1457 2005 1615 2047 partibus
1645 2008 1909 2049 gubernationis
1953 2010 2117 2054 princeps

1131 2051 1285 2094 optimus
1310 2052 1396 2096 fuit,
1433 2055 1589 2097 sapiens,
1624 2056 1753 2098 iustus,
1782 2061 1980 2101 modestus,
2007 2061 2115 2094 bene·

1131 2101 1232 2142 ticus,
1259 2113 1380 2136 amaus
1397 2111 1429 2138 et
1447 2104 1646 2149 intelligens
1663 2109 1917 2146 doctrinarum.
1970 2110 2040 2144 Nec
2059 2112 2114 2144 in-

1131 2151 1303 2185 foeliciter
1331 2155 1434 2196 gessit
1466 2156 1566 2189 bella.
1629 2156 1736 2192 Extat
1768 2160 1842 2193 eius
1872 2161 2026 2194 laudatio
2056 2162 2112 2194 in—

1129 2201 1254 2243 signis,
1283 2210 1315 2236 et
1334 2204 1438 2247 digua
1456 2207 1622 2240 memoria
1645 2210 1736 2251 apud
1756 2208 1925 2252 Dionem,
1954 2209 2008 2244 his
2033 2224 2112 2245 ver-

1129 2252 1197 2284 bis:
1240 2251 1364 2296 dumos
1385 2252 1446 2288 διὰ
1472 2253 1624 2290 πάντων
1649 2257 1806 2305 ἑγέιέΊοι
1839 2259 1900 2294 καὶ
1925 2261 1964 2296 ἕν
1986 2259 2109 2297 οὖδὲιί

1126 2300 1301 2348 ἠλλιιόθη.
1351 2303 1514 2352 Ἀγαθὸς
1535 2304 1574 2339 (Ῡέ
1600 2303 1665 2352 ἦν,
1692 2307 1754 2343 καὶ
1779 2309 1890 2346 omna
1913 2311 2108 2357 προςποίη-

1125 2365 1191 2386 τον
1203 2351 1297 2398 εἶχεν
1311 2352 1517 2399 [locandam
1533 2354 1572 2390 δὲ
1587 2356 1647 2391 καὶ
1667 2356 1736 2393 ὑπὸ
1746 2359 1911 2401 παιδείας
1920 2360 2109 2409 ὠφελήθη,

1125 2403 1217 2437 Sunt
1249 2412 1364 2437 autem
1391 2407 1480 2439 duae
1502 2408 1657 2450 egregiae
1682 2410 1829 2445 virtutes
1854 2413 1890 2445 in
1916 2415 2051 2456 magnis
2076 2422 2108 2447 et

1125 2452 1160 2485 iu
1197 2456 1330 2498 parvis:
1384 2458 1580 2490 constantia
1616 2459 1651 2491 in
1687 2462 1903 2503 perferendis
1941 2465 2108 2502 adversis,

1123 2516 1210 2548 quae
1240 2506 1329 2538 serre
1355 2508 1544 2540 necessaria
1567 2520 1668 2542 eausa
1697 2518 1767 2551 est,
1805 2520 1838 2546 et
1865 2514 2104 2548 misericordia

1122 2566 1200 2597 erga
1218 2555 1328 2594 cives,
1363 2557 1424 2589 ubi
1444 2559 1541 2591 decet
1562 2558 1664 2592 leniri
1681 2563 1921 2605 asperitatem,
1954 2572 2009 2605 ut,
2035 2564 2103 2609 Cy-

1120 2616 1198 2645 rus,
1224 2605 1343 2649 Scipio
1364 2607 1505 2641 sueruut
1523 2609 1612 2642 firmi
1631 2612 1796 2647 adversus
1814 2612 1928 2647 hostes
1951 2616 2101 2658 pertina-

1119 2666 1192 2699 ces,
1232 2656 1475 2692 misericordes
1505 2671 1583 2702 erga
1612 2662 1790 2704 cedentes,
1830 2665 1923 2698 iuxta
1950 2665 2101 2698 dictum.-
