2324 2955
183 106 256 142 635

952 89 1438 128 DISPUTATIONES

2127 96 2208 133 636

288 190 322 225 3.
357 186 432 223 Etsi
448 191 562 218 autem
581 180 712 226 species
726 176 902 212 Ecclesiae
919 177 1172 212 valdermoesta
1195 183 1203 220 t
1224 180 1327 213 ssatus
1345 178 1485 211 divinos
1500 177 1575 211 fieri
1591 177 1667 213 sine
1683 191 1766 213 voce
1785 187 1818 215 et
1835 180 2042 225 cogitatione
2062 182 2211 227 scriptae

191 251 260 281 est,
291 250 406 275 tamen
431 243 464 268 ct
489 242 714 279 quaeramus,
741 241 829 274 quae
854 229 898 262 sit
922 226 1078 262 Ecclesia
1095 228 1174 268 Dei,

194 303 226 327 et
243 292 303 326 ubi
326 290 389 328 sit,
424 293 458 320 et
480 285 629 319 sciamus
653 293 725 314 esse
752 281 932 314 immotam
957 279 1173 313 voluntatem

193 344 281 381 Dei,
306 347 344 373 ut
363 337 491 380 singuli
514 345 578 367 nos
599 333 636 366 in
662 343 738 365 eam
761 330 870 364 simili
894 330 1116 364 invocatione
1142 336 1175 364 et

193 390 410 425 consessione
433 386 670 423 includamus,
696 389 728 415 et
751 393 826 414 eam
850 381 1056 422 diligamus,
1081 382 1176 414 iuxta

193 444 348 476 dictum:
374 439 507 480 ltogate
526 446 614 480 quae
631 434 674 467 ad
692 443 809 476 pacem
827 438 909 464 sunt
926 430 1126 466 Ierusalem.

295 490 331 525 4.
362 488 449 521 Vult
463 487 557 521 Deus
578 483 732 528 conspici
758 489 789 515 et
814 481 972 515 exaudiri
986 480 1178 515 Ecclesiam

196 545 232 576 in
250 552 374 585 genere
391 537 546 572 humano
559 562 567 578 ,
596 536 683 568 sicut
700 533 867 576 scriptum
885 539 951 565 est:
980 531 1022 565 In
1038 545 1178 565 omnem

193 602 324 627 terram
357 590 463 624 exivit
495 598 601 620 sonus
628 597 764 619 eorum.
822 582 869 617 Et
897 583 1042 616 tradidit
1071 583 1180 626 signa,

197 656 259 688 per
273 654 360 688 quae
376 639 516 683 agnosci
532 643 655 682 potest,
679 647 768 680 quae
784 641 865 667 sunt
882 634 961 677 tria,
985 646 1051 667 vox
1062 632 1181 667 Evan-

197 694 280 735 gelii
305 693 528 734 incorrupta,
564 687 741 730 legitimus
764 696 847 718 usus
863 684 1183 724 sacramentorum,

197 752 231 778 et
259 741 460 777 obedientia
483 739 600 772 debita
622 736 829 770 ministerio.
898 733 981 768 Ideo
1007 735 1182 767 visibilem

195 793 390 828 Ecclesiam
408 792 445 823 in
465 788 529 822 hac
546 789 616 821 vita
633 788 680 820 sic
699 787 898 821 definimus.
955 783 1111 818 Ecclesia
1129 784 1183 817 vi—

198 845 310 877 sibilis
326 849 377 876 est
389 847 506 874 coetus
517 837 801 882 amplectentium
817 837 1056 879 incorruptam
1065 834 1185 868 Evan-

198 895 280 936 gelii
299 893 513 930 doctrinam,
540 897 574 923 et
590 887 723 921 habens
740 887 934 929 legitimum
949 898 1050 919 usum
1061 886 1185 920 Sacra-

197 936 414 983 mentorum,
436 942 473 974 in
490 952 558 985 quo
577 946 676 972 coetu
692 938 784 970 filius
793 937 858 970 Dei
875 948 935 980 per
950 936 1185 969 ministerium

199 993 387 1037 Evangelii
405 999 498 1026 certo
521 996 571 1023 est
593 989 730 1028 efficax,
757 995 790 1021 et
815 987 852 1019 in
877 987 997 1020 multis
1019 987 1186 1020 noticiam

201 1045 336 1079 aeterni
367 1043 475 1087 patris
504 1039 682 1080 accendit,
723 1038 782 1082 qui
807 1038 956 1071 credunt
984 1048 1019 1069 se
1045 1043 1187 1080 propter

200 1097 313 1129 filium
332 1093 461 1137 recipi,
496 1099 529 1125 et
547 1102 604 1123 eos
620 1089 809 1122 sanctificat
827 1087 962 1130 Spiritu
980 1098 1041 1119 suo
1059 1093 1189 1125 sancto,

203 1154 237 1180 et
261 1153 378 1180 tamen
403 1149 484 1176 sunt
508 1142 545 1174 in
573 1141 694 1173 eodem
718 1143 818 1171 coetu
843 1137 947 1170 multi
968 1148 1041 1168 non
1068 1136 1189 1175 sancti,

201 1197 261 1229 sed
288 1197 330 1228 de
354 1194 515 1227 doctrina
540 1189 808 1224 consentientes.
875 1186 934 1221 Sic
965 1188 1008 1219 de
1031 1184 1188 1220 Ecclesia

203 1246 361 1291 loquitur
379 1244 554 1277 Dominus
573 1242 609 1273 in
628 1237 933 1278 similitudinibus,
959 1235 1088 1272 Matth.
1108 1237 1164 1270 13.

305 1295 341 1330 5.
384 1293 459 1327 Hac
483 1291 688 1325 definitione
715 1288 929 1328 confirmati,
965 1288 1095 1320 scimus
1124 1287 1191 1319 im-

203 1346 370 1392 possibile
393 1355 463 1377 esse
478 1340 752 1375 Mahometicam
773 1338 961 1371 colluviem
981 1349 1052 1370 esse
1069 1335 1192 1370 Eccle-

203 1398 290 1431 siam
308 1395 394 1436 Dei,
416 1403 619 1437 quanquam
642 1397 676 1423 et
696 1400 822 1431 magna
847 1395 917 1428 est,
940 1394 973 1420 et
1000 1385 1106 1421 habet
1128 1400 1192 1430 po-

201 1447 396 1481 tentissima
418 1443 574 1487 imperia.
629 1439 722 1482 Quia
738 1438 955 1482 impossibile
971 1444 1021 1471 est
1036 1450 1108 1471 esse
1123 1436 1192 1470 Ec-

205 1497 347 1532 clesiam
362 1494 429 1529 Dei
452 1505 528 1533 eos,
564 1491 625 1536 qui
648 1492 802 1523 fatentur
826 1501 861 1521 se
877 1486 1134 1530 Prophetarum
1160 1494 1193 1520 et

206 1547 460 1591 Apostolorum
482 1544 592 1576 libros
616 1552 679 1573 nec
705 1541 836 1581 legere,
871 1550 935 1570 nec
960 1539 1128 1581 probare,
1160 1543 1193 1570 ct

206 1599 322 1643 palam
339 1594 559 1629 contendunt
578 1592 616 1624 in
632 1589 698 1623 hoc
716 1587 824 1622 lesu
837 1613 845 1627 ‚
879 1588 941 1632 qui
960 1588 1192 1632 lerosolymae

208 1647 392 1682 crucifixus
409 1651 458 1678 est
475 1651 508 1677 et
526 1655 566 1676 ex
581 1647 693 1675 morte
711 1639 855 1679 revixit,
880 1644 1017 1671 tantum
1035 1650 1106 1670 esse
1129 1649 1192 1669 na-

206 1707 322 1732 turam
337 1695 546 1734 humanam,
573 1699 606 1726 et
628 1691 764 1728 rident,
789 1696 958 1734 tanquam
973 1689 1128 1726 fabulas,
1156 1699 1193 1720 ea

208 1761 297 1794 quae
312 1747 554 1784 adfirmamus,
582 1744 624 1775 de
646 1752 795 1786 persona
821 1740 925 1772 missa
941 1740 984 1771 ad
1001 1737 1193 1772 Ecclesiam

206 1801 251 1833 ab
268 1798 388 1837 initio,
417 1796 502 1829 item
527 1796 569 1827 de
592 1791 707 1826 hostia
728 1803 792 1835 pro
808 1801 935 1834 genere
950 1787 1127 1829 humano,
1161 1794 1194 1821 et

209 1852 252 1882 «le
270 1847 405 1882 iusticia
425 1845 517 1880 fidei.

311 1899 344 1934 6.
378 1895 425 1930 Et
440 1892 654 1938 impossibile
673 1898 722 1925 est
745 1902 817 1924 esse
841 1890 999 1923 membra
1016 1886 1194 1922 Ecclesiae

208 1949 276 1984 Dei
300 1949 387 1982 alios
412 1945 572 1979 similiter
597 1942 869 1976 contumeliosos
893 1941 1059 1973 adversus
1082 1939 1194 1972 filium

207 2000 275 2035 Dei
285 2004 304 2040 ,¹
332 1998 452 2043 quales
473 1994 577 2028 multi
599 1999 632 2026 et
656 1999 738 2026 sunt
762 1998 795 2025 et
819 1998 944 2031 erunt,
972 1996 1013 2024 ut
1030 1988 1194 2024 Servetus

209 2058 243 2085 et
267 2050 392 2083 Petrus
418 2046 559 2091 Conyza
583 2043 776 2083 Lituanus,
816 2042 899 2087 quia
928 2040 1098 2085 scriptum
1128 2046 1194 2073 est:

209 2101 282 2143 Qui
299 2112 372 2133 non
388 2097 539 2131 honorat
559 2095 691 2134 filium,
718 2105 790 2126 non
807 2090 959 2125 honorat
978 2097 1124 2135 patrem.

310 2150 344 2185 7.
379 2149 498 2182 Maior
520 2143 726 2179 Thammeri
747 2143 862 2176 rabies
888 2148 956 2183 est,
983 2141 1045 2186 qui
1064 2152 1194 2174 nomen

211 2201 272 2233 filii
295 2200 362 2235 Dei
393 2206 426 2232 et
450 2197 603 2241 Spiritus
621 2194 732 2227 sancti
754 2193 981 2227 transformat
1002 2192 1040 2224 in
1063 2192 1194 2234 allego—

211 2253 298 2291 rias,
324 2250 469 2294 perinde
492 2259 530 2280 ac
553 2246 581 2278 si
600 2244 746 2278 Hesiodi
772 2242 997 2286 theogoniam
1021 2242 1195 2294 interpre-

212 2308 360 2338 taretur,
400 2307 431 2333 et
460 2298 541 2331 facit
563 2296 776 2338 religionum
809 2293 1051 2331 confusiones,
1095 2292 1195 2336 quasi

211 2358 330 2393 gentes
346 2351 485 2393 ignarae
496 2346 679 2388 Evangelii
691 2372 700 2386 ,
727 2356 862 2388 semper
882 2350 914 2376 et
930 2343 1062 2376 fuerint
1077 2349 1109 2376 et
1127 2342 1197 2375 sint

210 2401 367 2435 Ecclesia
391 2400 474 2438 Dei,
498 2397 580 2442 quia
603 2394 783 2429 Christum
808 2394 946 2432 norint,
974 2393 1011 2426 id
1037 2399 1105 2433 est,
1131 2393 1198 2425 ali-

212 2464 317 2496 quam
332 2449 484 2483 habeant
506 2448 590 2490 legis
613 2446 791 2481 noticiam.
841 2444 944 2477 Hanc
967 2443 1061 2476 enim
1087 2443 1198 2476 inter-

211 2508 367 2546 pretatur
383 2511 454 2532 esse
469 2496 667 2535 Christum,
695 2495 899 2540 sapientiam
915 2494 994 2529 Dei.

313 2552 348 2586 8.
404 2549 540 2582 Interea
574 2554 609 2580 et
643 2545 942 2580 Stenckefeldiani
976 2540 1200 2586 blasphemas

211 2602 404 2637 cantilenas
426 2600 554 2635 edunt,
585 2598 622 2628 in
646 2597 774 2641 quibus
796 2603 834 2630 ut
856 2596 970 2629 furiae
993 2594 1199 2634 diabolicae,

210 2659 338 2686 canunt
350 2679 359 2693 ‚
386 2648 477 2684 nihil
494 2658 582 2692 opus
598 2658 668 2680 esse
685 2647 879 2680 ministerio
897 2644 1116 2689 evangelico,
1137 2644 1199 2677 ad-

1226 229 1421 264 doctrinae.

1328 287 1363 322 9.
1400 286 1471 321 Nec
1489 288 1647 322 membra
1672 296 1754 324 sunt
1778 288 1954 324 Ecclesiae
1970 288 2035 323 Dei
2052 290 2212 335 Papistae

1227 338 1453 383 pertinaciter
1468 339 1694 373 defendentes
1712 341 1817 382 idola,
1845 354 1997 387 quorum
2012 342 2114 374 multi
2128 354 2212 375 con-

1229 397 1281 424 tra
1315 389 1564 422 conscientiam
1598 397 1817 425 assentantur
1849 392 2070 436 potentibus,
2108 393 2213 426 multi

1230 440 1388 473 fascinati
1405 451 1466 473 sua
1485 440 1675 484 sapientia,
1703 442 1831 476 nolunt
1851 443 2072 476 considerare
2095 443 2213 475 mani-

1230 492 1314 524 festa
1338 491 1536 523 testimonia
1562 491 1682 524 divina
1708 492 1745 524 in
1770 493 1907 536 scriptis
1939 491 2152 537 propheticis
2182 500 2216 526 et

1232 541 1431 584 apostolicis
1466 542 1604 576 tradita.
1669 540 1717 575 Et
1748 543 1815 576 sibi
1845 550 2041 587 praetextus
2069 544 2217 586 fingunt,

1234 594 1356 625 dicunt
1388 592 1515 636 scripta
1542 590 1742 636 prophetica
1775 600 1808 627 et
1842 594 2032 637 apostolica
2052 594 2216 636 ambigua

1234 656 1323 683 esse,
1363 643 1569 676 sumendam
1597 643 1922 687 interpretationem
1957 656 1997 677 ex
2032 643 2219 677 autoritate

1235 693 1462 733 Pontificum,
1505 700 1544 726 ut
1577 693 1614 726 in
1645 694 1786 727 iudiciis
1818 695 2001 735 civilibus,
2039 694 2135 737 regia
2161 694 2217 727 vel

1236 744 1407 788 praetoria
1424 744 1591 778 autoritas
1608 751 1658 777 est
1670 744 1839 789 interpres
1857 746 1982 788 legum.

1340 812 1397 845 10.
1425 810 1594 844 Tenenda
1610 818 1660 845 est
1676 812 1813 854 regula:
1841 811 1878 846 Si
1896 813 1974 857 quis
1993 812 2087 845 alind
2099 810 2219 846 Evan-

1239 862 1367 905 gelinm
1386 863 1505 901 docet,
1533 860 1717 895 anathema
1733 863 1791 896 sit.
1830 861 1920 896 Cum
1940 862 2217 907 igiturPapistae

1239 913 1368 945 multos
1383 924 1528 955 magnos
1549 924 1684 946 errores
1709 921 1831 947 contra
1853 914 2037 946 manifesta
2062 914 2220 947 testimo-

1239 963 1296 995 nia
1314 962 1498 1005 Evangelii
1524 970 1557 996 et
1583 963 1823 1008 symbolorum
1851 965 2060 1004 defendant,
2084 975 2221 997 necesse

1241 1020 1288 1046 est
1310 1014 1353 1045 ab
1369 1013 1417 1046 eis
1436 1013 1619 1047 dissentire
1638 1021 1669 1046 et
1685 1014 1872 1047 discedere.
1926 1014 1998 1056 Qui
2022 1014 2091 1047 sint
2107 1021 2224 1048 antem

1241 1075 1374 1095 errores
1399 1063 1578 1106 papistici,
1605 1064 1775 1096 consessio
1795 1064 1991 1098 communis
2013 1061 2138 1098 harum
2153 1063 2223 1097 Ec-

1241 1113 1423 1145 clesiarum
1442 1114 1614 1151 ostendit,
1640 1115 1682 1145 ad
1702 1126 1807 1157 quam
1830 1126 1894 1146 nos
1916 1114 2115 1154 referimus,
2142 1115 2226 1158 quia

1242 1169 1353 1195 totum
1372 1174 1499 1205 corpus
1517 1162 1696 1195 doctrinae
1717 1164 1901 1206 complecti
1918 1165 2081 1197 docentes
2102 1164 2139 1196 in
2156 1162 2226 1197 Ec—

1243 1213 1345 1245 clesia
1364 1220 1510 1256 oportet.
1547 1212 1619 1245 Nec
1635 1213 1716 1246 satis
1733 1220 1783 1247 est
1797 1226 1979 1257 excerpere
1995 1226 2106 1247 unum
2123 1220 2227 1259 atque

1243 1264 1391 1296 alterum
1415 1263 1633 1304 membrum,
1659 1265 1753 1308 quod
1772 1264 2009 1307 plausibiliter
2024 1264 2229 1307 exagitetur,

1244 1320 1277 1347 et
1310 1314 1347 1345 in
1378 1314 1539 1353 caeteris,
1575 1320 1685 1346 astute
1720 1314 1895 1347 occultare
1925 1315 2154 1355 sententiam,
2188 1322 2228 1348 ut

1244 1364 1433 1398 Stancarus
1458 1371 1490 1397 et
1512 1364 1614 1397 multi
1640 1376 1782 1396 errones
1809 1364 1955 1400 faciunt.
2021 1364 2138 1398 Facile
2166 1372 2228 1404 est,

1244 1415 1360 1458 inquit
1376 1413 1636 1452 Nazianzenus,
1662 1412 1938 1458 reprehendere,
1964 1416 2023 1447 sed
2050 1421 2141 1448 recta
2163 1416 2227 1448 do-

1245 1477 1321 1497 cere
1338 1465 1498 1505 difficile,
1524 1465 1610 1497 sicut
1621 1463 1875 1497 Demosthenes
1894 1465 2029 1509 inquit:
2057 1464 2226 1509 ἐπιτιμᾶν

1245 1513 1381 1552 παντὸς
1399 1512 1492 1555 ἐστὶ,
1518 1511 1786 1559 σιῃιιβουλεύειν
1801 1511 1841 1548 δὲ
1858 1513 1901 1548 οὐ
1917 1512 2065 1552 παντὸς.

1349 1581 1406 1614 11.
1436 1580 1635 1623 Utrumque
1652 1581 1727 1613 vult
1745 1579 1876 1614 Paulus
1899 1582 2080 1613 doctorem
2105 1581 2229 1620 facere,

1244 1638 1282 1663 ut
1309 1632 1349 1663 ad
1376 1630 1498 1663 Titum
1523 1631 1658 1663 scribit:
1701 1628 1924 1675 ἃντίχεσθαι
1948 1633 2014 1664 τοῦ
2042 1629 2137 1664 κατὰ
2159 1630 2228 1676 τὴν

1245 1679 1404 1725 ὃιδαχῂν
1431 1683 1562 1715 πιστοῦ
1589 1677 1720 1727 λόγου,
1759 1679 1821 1713 καὶ
1854 1679 1941 1718 τοὺς
1973 1679 2230 1728 ἀντιλέγοντας

1246 1731 1414 1778 ἐλέγχειν.
1466 1730 1704 1764 Adfirmamus
1725 1729 1832 1772 igitur
1847 1743 1912 1764 nos
1928 1732 1971 1763 de
1988 1737 2063 1765 toto
2086 1743 2230 1775 corpore

1247 1782 1427 1815 doctrinae
1450 1780 1613 1824 amplecti
1636 1780 1762 1823 scripta
1787 1779 1993 1826 prophetica
2026 1788 2060 1815 et
2089 1789 2229 1825 aposto—

1247 1832 1330 1873 lica,
1356 1839 1388 1865 et
1404 1832 1546 1876 quidem
1565 1831 1602 1863 in
1620 1842 1657 1864 ea
1676 1832 1866 1873 sententia,
1901 1844 1990 1877 quae
2009 1831 2046 1864 in
2062 1833 2232 1877 symbolis

1248 1893 1406 1926 expressa
1424 1888 1494 1922 est,
1528 1888 1560 1915 et
1583 1893 1671 1926 quae
1696 1881 1864 1916 recitatur
1883 1882 1920 1915 in
1942 1883 2122 1915 communi
2145 1895 2230 1916 con-

1245 1933 1396 1965 fessione
1413 1932 1505 1966 edita
1521 1943 1600 1965 cum
1626 1932 1943 1976 subscriptionibus
1970 1933 2172 1966 docentium
2193 1933 2231 1966 in

1246 1981 1311 2016 hac
1328 1981 1483 2016 Ecclesia
1503 1988 1535 2016 et
1551 1981 1694 2024 vicinis,
1721 1988 1755 2016 et
1773 1983 1966 2017 contrarias
1983 1989 2089 2017 sectas
2105 1990 2138 2017 et
2153 1984 2230 2028 opi-

1247 2044 1371 2067 mones
1387 2044 1574 2066 rencimus.

1352 2092 1409 2125 12.
1441 2090 1521 2124 Non
1539 2097 1590 2124 est
1611 2091 1752 2137 alligata
1767 2088 1926 2124 Ecclesia
1947 2092 1990 2124 ad
2014 2092 2230 2126 ordinariam

1247 2141 1510 2175 Successionem
1534 2139 1813 2187 Episcoporum‚
1839 2142 1899 2174 sed
1922 2142 1966 2175 ad
1987 2140 2232 2185 Evangelium.

1248 2192 1302 2226 Ibi
1319 2199 1369 2226 est
1384 2190 1540 2225 Ecclesia
1559 2191 1643 2233 Dei,
1668 2193 1731 2226 uhi
1747 2204 1813 2226 vox
1831 2189 2016 2234 Evangelii
2041 2198 2090 2226 est
2113 2192 2231 2226 incor-

1248 2250 1364 2286 rupta,
1379 2243 1474 2275 iuxta
1491 2243 1642 2276 dictum:
1671 2240 1768 2276 Oves
1784 2254 1880 2275 meae
1898 2254 2018 2275 vocem
2038 2253 2150 2276 meam
2167 2255 2231 2277 au-

1249 2294 1362 2327 diunt.
1410 2291 1457 2326 Et
1482 2293 1665 2326 manifeste
1697 2293 1827 2326 dicitur
1858 2298 1979 2325 contra
2009 2291 2233 2337 blasphemos

1248 2344 1413 2376 iactantes
1435 2343 1655 2377 ordinarium
1679 2342 1949 2377 successionem:
1978 2341 2050 2375 Vos
2073 2355 2112 2376 ex
2135 2351 2232 2388 patre

1248 2393 1402 2428 Diabolo
1419 2394 1511 2429 estis.
1558 2393 1769 2438 Quanquam
1787 2404 1915 2424 nomen
1936 2393 2136 2427 ordinariae
2155 2406 2234 2428 suc-

1250 2444 1417 2477 cessionis
1434 2442 1526 2477 nihil
1543 2451 1604 2484 est,
1619 2444 1693 2487 ¹nisi
1710 2444 1832 2487 σχῆμα
1849 2439 1972 2489 λόγου,
1991 2456 2070 2477 cum
2086 2445 2232 2488 collegia

1251 2496 1321 2528 sint
1335 2496 1409 2528 sine
1428 2495 1582 2540 antiquis
1598 2493 1848 2531 monumentis,
1875 2494 1950 2526 sine
1964 2494 2087 2527 studiis
2101 2496 2233 2528 doctri-

1250 2558 1315 2578 nae
1331 2552 1364 2579 et
1380 2545 1525 2589 pietatis,
1548 2545 1622 2578 sine
1641 2543 1793 2586 legitima
1811 2543 1990 2585 electione,
2009 2545 2138 2578 similia
2153 2557 2234 2579 cen-

1253 2603 1433 2629 taurorum
1459 2594 1678 2628 exercitibus.
1729 2593 1881 2627 Basilius
1903 2595 1968 2634 ait‚
2001 2606 2036 2627 se
2061 2593 2236 2628 Ecclesias

1224 2676 1227 2690 ÷
1253 2646 1455 2690 praecipuas
1481 2645 1626 2682 adiisse,
1667 2651 1706 2677 ut
1728 2644 1928 2678 testimonia
1953 2652 1986 2679 et
2007 2651 2232 2679 monumenta
