2324 2955
69 105 137 141 121

65 198 161 222 meae
178 186 309 230 patriae
324 184 416 219 Salis
433 181 547 218 fontes
572 183 757 227 praebuit,
785 189 818 216 et
841 182 910 215 iam
935 192 1047 214 annos

65 237 302 281 septingentos
327 235 375 269 ibi
399 241 532 275 servat,
559 245 708 278 eumque
727 245 789 266 oro
805 239 880 266 toto
898 238 1046 274 pectore,

64 294 104 321 ut
121 287 283 330 deinceps
301 286 350 319 ibi
368 292 401 318 et
418 285 613 318 ubertatem
635 284 763 317 terreni
784 283 864 316 salis
888 279 942 315 his
965 283 1046 315 fon-

64 337 178 377 tibus,
204 343 237 370 et
251 336 356 369 salem
375 335 557 368 coelestem
580 334 720 367 divinae
737 334 918 370 doctrinae
941 333 1045 365 nobis

63 387 243 430 largiatur.

163 435 375 479 Priusquam
392 441 509 468 autem
525 434 568 467 de
585 434 665 467 salis
684 440 809 466 natura
832 434 945 466 dicam
957 459 966 472 ‚
1001 432 1045 464 de

62 491 230 519 vetustate
264 485 417 517 sontium
452 497 560 528 pauca
593 483 886 517 commemorabo.
954 481 1043 515 Nam

61 536 276 569 diuturnitas
302 534 407 567 etiam
433 534 604 574 ostendit,
644 531 708 566 hos
732 534 846 567 sontes
869 532 935 566 Dei
957 543 1044 576 opus

64 597 147 620 esse.
445 583 464 599 ⁸

162 634 326 678 Legimus
356 634 483 678 scripta
511 633 616 676 digna
642 633 726 674 fide,
768 645 856 678 quae
888 638 1044 672 narrant,

61 682 242 718 Othonem
260 684 415 717 Primum
435 681 498 716 hos
513 684 627 717 fontes
645 684 726 716 salis
742 684 941 717 attribuisse
954 680 1043 727 Epi-

60 747 164 778 scopo
184 733 487 776 Meideburgensi,
521 746 588 778 qua
606 734 643 766 in
662 745 699 766 re
719 741 753 767 et
769 735 895 778 pietas,
928 739 962 766 et
986 745 1042 766 sa-

59 785 191 834 pientia
223 783 456 817 laudatissimi
486 782 663 828 Principis
695 784 919 828 conspicitur.
994 783 1043 817 Ut

59 834 153 867 enim
182 835 397 874 ostenderet,
441 845 476 866 se
501 834 619 874 fateri,
659 832 722 866 hos
748 835 861 867 fontes
883 844 955 866 esse
975 833 1041 867 Dei

60 885 213 924 donum,
257 884 429 927 primitias
453 884 535 917 inde
558 884 773 916 consecravit
794 884 891 927 Deo,
929 884 978 916 sic
1002 890 1042 916 ut

59 934 264 978 prodessent
281 935 323 967 ad
341 934 642 968 conservationem
669 934 860 977 evangelici
881 934 1041 967 ministe-

58 984 103 1016 rii
124 984 160 1016 in
180 981 243 1016 hac
261 984 401 1017 vicinia.

160 1032 296 1066 Deinde
315 1031 418 1066 huius
436 1034 575 1066 consilii
592 1040 623 1067 et
639 1031 723 1067 haec
741 1046 841 1067 causa
860 1034 937 1069 suit.
978 1033 1041 1067 Sa-

58 1083 153 1116 linae
176 1083 356 1126 publicum
381 1084 514 1116 bonum
543 1091 642 1124 sunt,
680 1091 714 1117 et
738 1085 928 1118 multarum
956 1095 1041 1127 gen-

57 1133 145 1167 tium
165 1145 266 1166 causa
289 1135 548 1167 conservandae
570 1140 663 1167 sunt.
717 1133 764 1168 Ut
790 1134 898 1178 igitur
920 1145 1041 1178 parce-

57 1189 155 1215 retur
172 1180 227 1215 his
244 1184 402 1217 sontibus
419 1184 455 1216 in
475 1184 595 1224 bellis,
622 1184 782 1218 attribuit
798 1182 1040 1219 eosEcclesiiS.

58 1232 152 1274 Quia
182 1239 265 1266 tunc
297 1234 439 1278 quidem
467 1232 699 1267 Germanicae
728 1235 841 1277 gentis
865 1233 979 1268 adhuc
1001 1246 1039 1267 ea

56 1282 226 1316 modestia
245 1283 328 1323 fuit,
352 1290 390 1316 ut
406 1283 510 1317 etiam
531 1284 567 1316 in
586 1284 689 1317 bellis
712 1285 903 1318 abstineret
926 1285 971 1317 ab
998 1284 1040 1315 iis

58 1333 182 1371 rebus,
216 1344 304 1375 quae
328 1330 492 1363 Ecclesiis
517 1338 735 1364 consecratae
761 1339 869 1365 erant.
925 1332 1039 1373 Quem

57 1381 163 1413 fuisse
180 1391 321 1419 ,morem
346 1380 545 1419 vetustatis,
589 1387 620 1413 et
646 1393 684 1412 ex
710 1379 866 1414 Homero
889 1381 1039 1422 intelligi

58 1435 189 1473 potest,
216 1429 276 1472 qui
301 1428 440 1467 scribit,
467 1429 655 1461 exercitum
673 1427 847 1461 Graecum
873 1430 1038 1471 pestilen—

57 1480 102 1512 tia
119 1477 281 1522 punitum
300 1489 382 1517 esse,
401 1484 542 1520 propter
560 1484 692 1521 raptam
705 1477 903 1511 Sacerdotis
920 1478 1038 1512 filiam.

55 1526 103 1562 Et
124 1529 215 1571 apud
241 1525 451 1571 Sophoclem
475 1526 643 1560 Hercules
674 1527 734 1560 dat
762 1528 926 1560 mandata
950 1525 1037 1559 Phi—

56 1579 200 1611 loctetae
217 1584 251 1610 et
268 1574 422 1622 Pyrrho,
445 1588 489 1609 ne
512 1578 641 1620 templa
667 1577 813 1611 violent.
866 1577 918 1611 Ac
935 1576 1039 1609 Toti-

56 1629 106 1661 las
131 1639 188 1682 r·ex
215 1626 404 1661 Gottbicus
421 1626 555 1661 Romae
579 1625 861 1661 Christianorum
888 1627 1038 1671 templis,

56 1685 90 1712 et
105 1678 255 1722 populo,
280 1678 341 1722 qui
360 1677 395 1710 in
414 1689 450 1709 ea
467 1678 689 1720 confugerat,
716 1679 883 1721 pepercit.
923 1677 1038 1718 Nunc,

56 1736 95 1762 ut
121 1729 158 1760 in
185 1728 262 1760 aliis
287 1727 407 1761 multis
428 1728 550 1769 rebus,
584 1727 764 1762 barbaries
787 1735 820 1762 ct
844 1728 1038 1773 petulantia

56 1778 169 1812 maior
185 1784 246 1812 est.

157 1826 338 1860 Credibile
367 1833 417 1860 est
449 1833 582 1866 autem,
610 1833 643 1860 et
671 1834 750 1861 ante
773 1825 953 1862 Othonem
979 1828 1039 1860 diu

57 1877 118 1911 has
143 1878 270 1910 salinas
294 1876 419 1916 fuisse,
444 1877 525 1921 quia
550 1878 693 1911 nomina
718 1879 927 1919 ostendunt,
954 1879 1040 1911 duas

57 1929 106 1961 ibi
129 1935 263 1971 gentes,
292 1926 540 1960 Germanicam
566 1933 598 1960 et
615 1926 788 1962 Henetam
815 1929 851 1961 in
873 1929 949 1973 ripa
972 1929 1040 1961 ssu—

59 1979 163 2011 minis
181 1978 282 2011 Salac
302 1975 493 2017 habitasse,
521 1989 598 2009 cum
618 1979 758 2023 quidem
777 1977 934 2012 Othonis
950 1986 1038 2012 tem-

59 2040 142 2072 pore
176 2028 272 2060 nulla
311 2027 357 2060 ibi
392 2028 504 2070 gentis
537 2026 692 2061 Henetae
726 2030 881 2073 potentia
922 2029 1037 2063 fuerit.

56 2077 230 2112 Existimo
256 2078 359 2109 etiam
387 2076 447 2121 lias
473 2078 564 2121 ipsas
595 2090 665 2111 esse
692 2079 848 2120 Salinas,
889 2091 1038 2124 quarum

55 2128 270 2161 mentionem
303 2127 384 2160 sacit
407 2127 594 2160 Cornelius
619 2127 777 2170 Tacitus,
819 2130 881 2174 qui
911 2130 1041 2171 scribit,

56 2178 239 2210 dimicasse
257 2178 347 2209 iuter
361 2189 395 2210 se
411 2178 453 2209 de
470 2178 627 2211 sontibus
650 2180 730 2212 salis
756 2180 874 2214 Cattos
897 2187 929 2213 et
947 2178 1041 2214 Che-

59 2239 189 2263 ruscos.
255 2226 326 2260 Nec
350 2228 497 2260 dubium
531 2235 598 2268 est,
637 2227 832 2264 Cheruscos
854 2230 1040 2264 Hercinios

58 2289 141 2311 esse.
200 2276 255 2311 Ad
280 2276 400 2311 Cattos
426 2285 541 2311 autem
567 2279 773 2322 pertinuisse
799 2293 896 2314 oram
924 2282 1041 2324 proxi-

56 2340 148 2360 mam
165 2328 301 2372 sylvae,
330 2328 411 2361 inde
426 2340 537 2373 usque
555 2329 598 2363 ab
615 2328 755 2363 Isenaco
774 2333 816 2364 ad
841 2332 953 2375 ripam
972 2332 1040 2365 ssu-

56 2378 164 2410 minis
186 2376 356 2413 Unstroti.

161 2426 262 2460 llanc
294 2429 662 2462 commemorationem
692 2430 734 2462 de
768 2431 974 2475 antiquitate
999 2443 1039 2463 eo

55 2478 194 2517 addidi,
229 2477 310 2521 quia
335 2478 547 2512 diuturnitas
564 2480 667 2513 etiam
687 2486 848 2520 testatur,
876 2482 960 2514 tales
980 2492 1040 2513 ve-

55 2539 117 2560 nas
147 2539 165 2560 a
190 2525 264 2559 Deo
297 2533 330 2560 et
361 2528 518 2561 conditas
548 2541 639 2570 esse,
681 2537 713 2563 et
745 2531 887 2564 servari.
947 2530 1037 2563 Nam

53 2576 185 2610 etiamsi
211 2577 289 2621 quis
314 2578 524 2620 disputabit,
566 2578 771 2612 Cornelium
799 2579 960 2613 Tacitum
994 2581 1037 2613 de

54 2627 132 2660 aliis
159 2627 316 2660 sontibus
340 2628 454 2671 loqui,
496 2635 611 2662 tamen
649 2631 781 2663 vicinos
806 2631 952 2673 intelligi
976 2643 1037 2664 nc-

622 96 780 135 DECL.
812 96 886 132 DE
918 93 1151 132 SALINIS
1188 90 1514 129 SAXONICIS.

2008 95 2078 129 122

1097 189 1189 211 cesse
1205 184 1266 211 est.
1318 176 1364 211 Et
1379 178 1507 211 fluvius
1524 175 1604 210 Sala
1621 186 1750 208 nomen
1766 171 1870 209 habet
1888 187 1906 208 a
1923 175 2010 216 sale,
2038 184 2077 210 ut

1098 228 1134 261 in
1160 227 1245 261 Asia
1267 228 1488 261 notissimum
1512 227 1644 259 flumen
1667 224 1796 271 Halys,
1833 225 1933 258 cuius
1963 226 2076 270 ripam

1095 291 1178 322 gens
1195 278 1330 311 Heneta
1348 278 1450 311 etiam
1475 278 1651 322 quondam
1674 276 1806 315 tenuit,
1832 282 1871 308 ut
1889 276 2077 319 Argonau-

1097 330 1154 363 tici
1171 328 1337 363 carminis
1353 328 1501 370 scriptor
1517 334 1645 362 narrat.

1198 380 1320 422 Itaque
1336 378 1424 421 grati
1440 377 1651 410 celebremus
1660 375 1726 409 Dei
1744 376 1960 417 beneficium,
1979 376 2074 421 quod

1096 437 1147 463 tot
1177 429 1302 462 seculis
1334 440 1372 461 ex
1404 426 1457 460 his
1485 428 1613 460 nostris
1637 427 1793 459 sontibus
1817 438 1961 469 magnae
1984 426 2076 471 parti

1097 479 1308 513 Germaniae
1331 479 1437 511 salem
1462 478 1618 519 largitur.
1674 474 1863 508 Gratitudo
1885 477 1987 509 etiam
2013 487 2075 519 pa-

1094 531 1180 564 triae
1197 541 1294 562 meae
1312 535 1344 561 et
1363 528 1497 561 civibus
1514 527 1678 563 debetur,
1707 526 1767 569 qui
1785 525 1918 567 legibus
1937 527 2076 558 munie-

1095 588 1178 615 runt
1201 578 1264 612 has
1289 579 1433 618 salinas,
1469 585 1501 611 et
1525 582 1694 621 quantum
1720 579 1882 617 pOSSunt,
1908 576 2075 608 aedificiis

1095 638 1128 665 et
1143 642 1266 672 magna
1285 630 1484 662 assiduitate
1503 637 1687 671 operarum
1703 630 1858 658 tuentur.

1197 680 1291 713 Haec
1319 680 1431 712 officia
1466 690 1544 711 cum
1580 676 1716 720 prosint
1750 674 1869 707 multis
1905 674 2076 715 gentibus,

1095 732 1250 776 profecto
1277 730 1399 762 iniusti
1424 735 1523 767 sunt,
1565 727 1625 770 qui
1655 725 1753 758 urbis
1784 723 2073 768 tranquillitatem

1095 783 1256 818 turbant,
1284 787 1315 813 et
1334 790 1458 813 nocere
1474 777 1610 810 civibus
1626 776 1783 818 cupiunt.

1196 831 1265 864 Sed
1285 831 1378 863 dicat
1398 828 1541 872 aliquis:
1571 826 1666 868 Quid
1694 832 1874 868 tantopere
1897 821 2075 866 praedicas

1094 880 1160 915 hoc
1177 881 1383 914 beneficium
1404 880 1439 911 in
1463 890 1499 910 re
1522 877 1598 916 vili,
1627 883 1659 908 et
1682 888 1747 920 qua
1772 886 1888 907 carcre
1913 871 2074 905 homines

1094 932 1264 976 possunt?
1328 929 1420 962 Num
1460 930 1537 960 ideo
1574 926 1675 958 nobis
1708 925 1940 968 Hesperidum
1980 920 2074 954 horti

1094 980 1362 1025 magnifaciendi
1383 986 1482 1017 sunt,
1510 984 1568 1010 aut
1585 976 1737 1008 adeundi
1757 987 1816 1018 per
1827 974 1965 1018 Syrtes,
1991 971 2073 1016 quia

1094 1031 1262 1076 silphium
1281 1030 1452 1072 gignunt?
1487 1026 1557 1060 Aut
1574 1028 1650 1058 ideo
1669 1026 1814 1069 petenda
1827 1024 1970 1062 Arabia,
1992 1022 2072 1065 quia

1093 1081 1174 1116 thus
1195 1081 1322 1124 gignit,
1352 1091 1430 1112 cum
1448 1076 1503 1111 his
1523 1078 1624 1110 rebus
1642 1088 1757 1108 carere.
1772 1073 1968 1118 possimus?

1195 1131 1334 1173 Ingrata
1362 1136 1411 1162 est
1435 1127 1590 1161 bumana
1616 1133 1739 1159 natura
1761 1124 1857 1164 Deo,
1891 1133 1980 1167 quae
2010 1131 2075 1160 res,

1093 1194 1178 1228 quas
1196 1181 1310 1214 voluit
1326 1180 1421 1213 Deus
1440 1190 1511 1212 esse
1537 1187 1759 1215 communeS,
1786 1175 1869 1219 quia
1893 1179 1974 1206 sunt
1998 1182 2074 1203 rna·

1091 1234 1183 1266 xime
1216 1231 1447 1269 necessariae,
1485 1235 1670 1272 propterea
1705 1226 1799 1270 quod
1832 1231 1913 1257 sunt
1941 1221 2076 1260 obviae,

1091 1283 1233 1315 viliores
1257 1293 1329 1313 esse
1350 1286 1474 1314 censet.
1532 1277 1676 1311 Rectius
1698 1275 1892 1313 Pindarus,
1928 1273 1987 1317 qui
2011 1271 2072 1304 ait:

1091 1332 1243 1375 ἄριστον
1276 1328 1391 1371 ὕδωρ.
1459 1328 1675 1369 Sapientiam
1715 1333 1747 1358 et
1785 1325 1976 1357 bonitatem
2006 1320 2073 1353 Dei

1091 1388 1317 1422 agnoscamus
1337 1377 1374 1408 in
1397 1374 1460 1408 hac
1487 1376 1559 1418 ipsa
1581 1375 1705 1407 mundi
1729 1372 1949 1409 oeconomia,
1978 1371 2072 1415 quod

1091 1441 1144 1460 res
1162 1427 1311 1459 maxime
1330 1426 1539 1458 necessarias
1562 1424 1690 1467 passim
1713 1423 1834 1455 obvias
1856 1433 1927 1455 esse
1950 1421 2072 1453 voluit.

1089 1477 1243 1510 Naturae
1266 1474 1512 1518 praestantiam
1529 1474 1652 1514 etiam,
1681 1479 1851 1517 quantum
1876 1481 2072 1515 possumus,

1089 1526 1361 1560 consideremus.

1192 1575 1261 1608 Sed
1277 1587 1297 1607 0
1315 1585 1386 1606 rem
1405 1573 1577 1605 miseram.
1632 1571 1798 1605 Fruimur
1814 1570 1991 1603 beneficiis
2007 1567 2072 1602 Dei

1090 1624 1421 1663 innumerabilibus,
1453 1630 1485 1655 et
1502 1623 1603 1655 multi
1624 1634 1685 1654 nec
1702 1633 1817 1654 rerum
1837 1621 1989 1663 ipsarum
2010 1631 2072 1651 na-

1090 1684 1185 1710 turas
1217 1675 1408 1718 aspiciunt,
1444 1685 1507 1705 nec
1538 1680 1691 1706 autorem
1726 1677 1910 1715 quaerunt.
1977 1668 2073 1702 Haec

1090 1726 1228 1769 ignavia
1253 1724 1454 1757 detestanda
1479 1730 1538 1758 est.
1605 1721 1727 1764 Caligo
1751 1733 1832 1753 vero
1859 1721 1985 1752 mentis
2012 1720 2072 1751 de-

1090 1776 1260 1820 ploranda
1285 1781 1353 1815 est,
1380 1774 1474 1818 quod
1503 1773 1606 1806 etiam
1630 1784 1707 1805 cum
1731 1778 1891 1804 naturam
1920 1769 2073 1813 inquiri-

1090 1838 1185 1866 mus,
1216 1833 1334 1858 tamen
1359 1825 1413 1856 vix
1439 1823 1581 1867 procul,
1613 1829 1651 1856 ut
1673 1822 1815 1855 urbium
1841 1820 1963 1864 procul
1989 1831 2074 1852 con-

1091 1883 1286 1921 spectarum
1305 1875 1504 1914 cacumina,
1526 1873 1724 1915 aspicimus.
1768 1871 1838 1904 Nec
1855 1878 1971 1904 tamen
1989 1867 2074 1902 haec

1090 1928 1163 1971 ipsa
1181 1925 1363 1968 diligentia
1384 1925 1499 1958 inanis
1516 1930 1577 1958 est.

1191 1975 1406 2009 blonstravit
1421 1975 1620 2012 rudimenta
1640 1974 1810 2017 quaedam
1819 1970 1926 2012 Deus,
1957 1977 1990 2004 et
2007 1971 2071 2003 ali—

1094 2039 1179 2073 quas
1195 2037 1267 2059 esse
1285 2032 1394 2059 certas
1413 2024 1560 2058 noticias
1578 2023 1707 2062 voluit,
1736 2029 1775 2055 ut
1798 2032 1943 2064 operum
1962 2028 1993 2054 et
2014 2032 2072 2054 or-

1090 2079 1184 2112 dinis
1200 2076 1350 2120 aspectio
1370 2073 1658 2108 commonel'actio
1676 2079 1761 2105 esset
1777 2072 1819 2103 de
1838 2077 1971 2104 autore.

1191 2126 1362 2161 Condidit
1387 2124 1482 2158 Deus
1507 2130 1657 2169 quatuor
1685 2123 1796 2166 prima
1829 2132 1992 2164 corpora,
2033 2132 2072 2153 ex

1091 2179 1219 2224 quibus
1238 2177 1333 2210 nasci
1351 2176 1458 2208 mixta
1481 2175 1613 2214 voluit,
1642 2180 1674 2206 et
1699 2171 1939 2205 admirabilem
1964 2177 2072 2203 mate-

1090 2230 1162 2262 riae
1178 2227 1379 2261 varietatem
1398 2225 1538 2258 inclusit
1562 2230 1713 2269 quatuor
1735 2221 1977 2267 qualitatibus:
2005 2219 2072 2253 Ca-

1091 2280 1181 2319 lido,
1217 2278 1365 2320 frigido,
1404 2273 1549 2308 humido
1571 2280 1600 2306 et
1625 2273 1725 2307 sicco.
1793 2270 1987 2304 Credamus
2018 2281 2071 2302 sa-

1091 2329 1221 2373 pientia
1237 2326 1323 2368 Dei,
1349 2325 1433 2359 haec
1451 2336 1563 2368 neque
1578 2323 1701 2361 stulte,
1729 2332 1842 2366 neque
1860 2328 1988 2353 temere
2012 2332 2069 2352 co-

1091 2380 1195 2422 gitata
1212 2389 1301 2418 esse,
1328 2384 1361 2410 et
1383 2387 1436 2408 res
1453 2375 1543 2418 ipsas
1560 2372 1865 2413 magnifaciatnuS,
1892 2371 1972 2414 quia
1990 2379 2069 2402 suut

1090 2441 1193 2473 opera
1202 2427 1279 2463 Dei.
1331 2425 1461 2459 Causas
1478 2436 1559 2456 vero
1577 2423 1714 2456 consilii
1735 2421 1970 2454 salwicatiouis
1988 2427 2071 2453 tunc

1091 2489 1284 2518 cernemus,
1311 2488 1388 2510 cum
1408 2476 1443 2507 in
1461 2481 1533 2507 tota
1549 2474 1752 2506 aeternitate
1772 2472 1882 2503 ideam
1902 2470 2016 2514 operis
2035 2471 2070 2501 iu

1089 2530 1160 2562 filio
1179 2528 1244 2563 Dei
1264 2538 1379 2560 coram
1401 2524 1626 2558 intuebimur.

1191 2579 1331 2612 Poterat
1349 2576 1442 2609 Deus
1460 2574 1564 2607 talem
1589 2573 1741 2606 condere
1766 2576 1926 2603 naturam
1955 2568 2069 2601 homi-

1089 2642 1172 2664 num
1185 2656 1193 2669 ,
1221 2639 1309 2673 quae
1326 2626 1459 2660 viveret
1476 2625 1552 2659 sine
1566 2624 1756 2662 alimento,
1784 2627 1841 2654 aut
1870 2626 2068 2664 pasceretur
